4072 6174
94 383 239 453 1061

1276 361 1886 433 EPISTOLARUM
1932 361 2270 428 CLASSIS
2312 360 2366 426 Ι.

3389 351 3548 416 1062

97 591 186 644 tus
225 583 287 638 ut
331 579 532 648 homo,
580 575 912 633 humiliavit
957 571 1344 644 semetipsum
1384 570 1578 626 factus
1609 567 1753 624 obe-
1785 551 1843 614 Ᾱ
1871 563 2044 634 coelo,
2081 561 2240 634 quod
2272 557 2479 615 detulit
2523 555 2700 614 nobis
2745 555 2979 648 consilii
3007 551 3544 648 Lmag‘nihAngelus

101 675 256 732 diens
286 685 480 742 usque
511 667 586 722 ad
614 669 862 721 mortem
895 663 1179 735 (Philipp.
1214 680 1274 730 ιι,
1308 662 1362 730 Ἳ,
1396 660 1498 730 8)?
1530 682 1552 707 ιτ
1588 657 1758 712 Deni-

103 778 204 836 que
233 775 442 816 omnes
475 773 580 828 per
611 754 1005 811 obedientiam
1024 751 1334 806 liberavit:
1368 772 1388 797 α
1414 749 1578 804 Sicut
1599 746 1755 802 enim

103 868 197 924 per
221 845 681 904 inobedientiam
711 844 888 898 unius
920 841 1178 896 hominis
1209 841 1555 910 peccatores
1587 851 1756 891 cons-

102 939 238 995 tituti
288 940 428 992 sunt
474 934 731 1006 plurimi,
784 934 860 986 ita
904 934 959 984 et
997 945 1103 1000 per
1140 931 1318 984 unius
1359 925 1755 982 obedientiam

99 1027 235 1101 justi
283 1024 718 1081 constituentur
766 1020 931 1074 multi
983 1020 1169 1088 (Rom.
1215 1035 1277 1086 v,
1309 1018 1418 1087 19).
1458 1037 1480 1066 ι
1517 1015 1578 1070 Si
1611 1029 1755 1085 ergo

105 1119 191 1172 ille
237 1113 544 1182 obediens,
594 1111 885 1180 accipiant
935 1107 1284 1163 obedientiae
1325 1104 1754 1177 magisterium,

107 1207 193 1261 cui
221 1220 328 1258 nos
361 1202 748 1267 inhaeremus,
782 1199 1048 1252 dicentes
1079 1197 1154 1250 iis
1185 1195 1285 1266 qui
1316 1194 1492 1249 nobis
1524 1193 1596 1247 de
1643 1194 1756 1244 im-

107 1295 358 1365 peratore
388 1290 672 1344 invidiam
705 1287 928 1341 faciunt
951 1301 963 1340 :
989 1285 1288 1340 Solvimus
1311 1299 1444 1354 quas
1473 1283 1612 1336 sunt
1639 1279 1759 1334 Cae-

109 1382 248 1438 saris
275 1379 521 1447 Cmsari,
574 1380 631 1432 et
679 1392 813 1448 quae
863 1377 1002 1429 sunt
1047 1373 1153 1428 Dei
1184 1374 1306 1427 Deo
1339 1371 1576 1441 (Matth.
1609 1386 1755 1438 xxn,

109 1471 210 1539 21).
241 1469 548 1523 Tributum
575 1465 833 1520 Caesaris
857 1466 968 1533 est,
995 1479 1114 1518 non
1136 1463 1388 1534 negatur
1407 1460 1518 1531 (23,
1543 1460 1755 1530 quaest.

106 1557 156 1628 8,
189 1574 239 1612 c.
274 1555 652 1624 Conventior,
685 1553 716 1626 ἕ
765 1552 1090 1622 Tributum)
1127 1567 1140 1606 :
1178 1550 1449 1605 Ecclesia
1492 1548 1598 1602 Dei
1645 1548 1756 1616 est,

111 1646 325 1702 Caesari
354 1647 548 1715 utique
579 1660 699 1698 non
731 1643 904 1698 debet
936 1640 1148 1710 addici,
1197 1640 1334 1711 quia
1363 1637 1468 1710 jus
1499 1635 1757 1691 Caesaris

109 1751 240 1790 esse
266 1749 382 1790 non
413 1734 608 1803 potest
637 1731 744 1786 Dei
773 1730 1073 1802 templum.

171 1823 255 1878 36.
286 1822 452 1888 Quod
487 1837 622 1876 cum
654 1818 1104 1874 honorificentia
1141 1814 1514 1887 imperatoris
1546 1813 1766 1868 dictum

109 1928 264 1967 nemo
315 1913 514 1982 potest
563 1925 804 1981 negare.
857 1906 1008 1971 Quid
1057 1906 1211 1960 enim
1252 1901 1762 1969 honorificentius,

112 2017 268 2072 quam
296 2003 363 2054 ut
393 1999 713 2070 imperator
760 1996 1049 2050 Ecclesia:
1102 1993 1260 2048 filius
1305 2008 1443 2047 esse
1492 1991 1766 2045 dicatur?

112 2088 261 2154 Quod
290 2104 427 2144 cum
459 2087 692 2156 dicitur,
726 2086 854 2139 sine
885 2086 1092 2155 pecato
1125 2083 1359 2150 dicitur,
1395 2096 1528 2135 cum
1577 2078 1767 2150 gratia

117 2177 329 2232 dicitur.
367 2177 691 2246 Imperator
738 2174 894 2230 enim
937 2173 1090 2226 intra
1121 2170 1472 2239 Ecclesiam,
1507 2184 1626 2223 non
1658 2183 1763 2221 su-

111 2281 204 2334 pra
231 2265 563 2319 Ecclesiam
586 2266 679 2319 est
703 2279 716 2333 ;
749 2263 942 2318 bonus
965 2261 1080 2331 (82)
1106 2261 1260 2314 enim
1283 2259 1600 2328 imperator
1615 2272 1770 2328 quaa-

111 2353 175 2406 rit
201 2354 486 2408 auxilium
517 2353 828 2420 Ecclesiae,
864 2367 982 2405 non
1013 2349 1251 2404 refutat.
1295 2348 1440 2401 Haec
1471 2348 1534 2400 ut
1572 2345 1768 2400 humi-

110 2441 228 2496 liter
268 2443 550 2510 dicimus,
601 2443 678 2495 ita
724 2443 1069 2495 constanter
1118 2437 1494 2508 exponimus.
1527 2435 1646 2490 Sed
1675 2433 1768 2488 in-

117 2531 302 2585 cendia
363 2531 569 2602 aliqui,
634 2530 914 2601 gladium,
963 2526 1429 2598 deportationem
1473 2524 1770 2579 minantur

113 2620 230 2687 (83).
264 2619 596 2674 Didicimus
628 2618 850 2672 Christi
882 2617 1108 2672 servuli
1136 2632 1253 2670 non
1282 2617 1509 2670 timere.
1543 2614 1678 2668 Non
1707 2613 1772 2666 ti-

111 2708 397 2785 mentibus
454 2723 754 2778 nunquam
811 2711 905 2761 est
961 2705 1165 2777 gravis
1224 2707 1436 2759 terror.
1500 2703 1769 2773 Denique

114 2797 388 2868 scriptum
423 2801 516 2852 est
546 2812 558 2852 :
598 2819 619 2843 ιι
655 2795 898 2868 Sagittae
929 2794 1239 2849 infantium
1268 2793 1439 2848 factm
1472 2795 1610 2848 sunt
1639 2791 1768 2862 pla-

111 2903 191 2956 gae
218 2901 431 2941 eorum
465 2885 652 2956 (Psal.
686 2901 846 2954 Lxm,
880 2884 954 2954 8).
994 2905 1016 2931 υ

180 2975 320 3039 874
348 2975 451 3030 3'7.
487 2974 642 3029 Satis
676 2975 858 3046 igitur
878 2971 1202 3044 propositis
1225 2985 1583 3042 responsum
1607 2970 1771 3026 vide-

113 3058 212 3116 tur.
242 3063 424 3118 Nunc
456 3063 590 3117 illos
621 3063 947 3133 interrogo,
998 3061 1155 3132 quod
1201 3059 1471 3116 Salvator
1513 3061 1770 3114 interro-

113 3152 253 3222 gavit
277 3169 289 3208 :
318 3176 340 3200 σε
368 3153 748 3222 Baptismum
769 3150 1018 3206 Joannis
1041 3150 1112 3204 de
1138 3149 1288 3204 coelo
1319 3152 1431 3218 est,
1465 3165 1540 3203 an
1571 3164 1646 3202 ex
1666 3147 1771 3202 ho-

111 3241 349 3297 minibus
382 3241 558 3312 (Luc.
592 3256 694 3307 xx,
727 3240 825 3309 4)?
859 3261 880 3288 υ
926 3239 996 3292 Et
1024 3254 1140 3293 non
1172 3241 1487 3308 potuerunt
1516 3253 1771 3308 respon-

112 3328 234 3385 dere
263 3331 314 3386 ei
337 3329 565 3386 Judaei.
591 3329 654 3383 Si
675 3329 1034 3398 baptismum
1057 3327 1304 3382 Joannis
1327 3342 1444 3382 non
1466 3325 1773 3381 solverunt

115 3419 306 3490 Judaei,
339 3419 686 3475 Auxentius
738 3417 915 3471 solvit
958 3417 1314 3487 baptismum
1345 3415 1610 3470 Christi?
1637 3414 1769 3472 Non

121 3508 259 3563 enim
292 3509 454 3564 istud
509 3524 584 3562 ex
632 3506 973 3562 hominibus
1004 3508 1096 3560 est
1123 3505 1480 3575 baptismum
1507 3549 1521 3576 ,
1562 3506 1667 3560 sed
1699 3506 1770 3560 de

183 3667 286 3737 (8'2)
323 3666 551 3723 Omnes
601 3667 763 3736 edit.,
821 3690 844 3714 u
897 3666 1219 3736 Imperator
1265 3667 1422 3720 enim
1463 3664 1700 3736 bonus;
1743 3688 1766 3713 ιι

122 3752 309 3794 omnes
340 3756 496 3793 mss.
530 3740 802 3793 omittunt
829 3738 1038 3807 bands,
1072 3737 1208 3792 licet
1235 3737 1294 3791 in
1325 3739 1596 3808 sequenti
1627 3752 1772 3792 sen-

122 3811 283 3882 tentia
313 3811 540 3882 ubique
573 3810 879 3882 habeatur.

185 3881 287 3951 ('83)
330 3879 674 3952 Deportatio
723 3881 1126 3936 saevissimum
1171 3879 1387 3952 exsilii
1416 3895 1610 3952 genus
1658 3883 1769 3951 est,

122 3951 210 4004 ubi
238 3951 518 4006 nimirum
549 3953 685 4022 quis
714 3952 775 4006 in
804 3955 1024 4006 remota
1056 3951 1251 4006 insula
1279 3951 1616 4022 includitur.

186 4023 290 4096 (81)
319 4020 835 4096 Augustinuslib.
865 4023 944 4096 de
981 4023 1236 4096 (ﬁgeres,
1287 4039 1416 4093 cap.
1451 4020 1519 4076 49
1552 4038 1564 4077 :
1602 4043 1624 4096 ᾳ
1660 4023 1774 4096 Re-

123 4090 384 4163 haptiZari
417 4090 680 4165 quoque,
715 4095 922 4165 inquit,
954 4095 1026 4148 ab
1059 4094 1174 4161 his,
1211 4090 1232 4142 ai
1267 4090 1770 4164 nempe'Ai-ianis,

128 4186 146 4208 ε
179 4166 504 4220 catholicos
536 4166 828 4229 novimus,
873 4168 1068 4219 utrum
1116 4181 1235 4218 non
1282 4165 1606 4218 catholicos
1640 4181 1776 4218 nes-

127 4234 224 4288 cio.
260 4261 280 4284 ι
313 4236 650 4308 Gregorius
683 4237 854 4290 etiam
887 4236 1105 4308 Turon,
1137 4239 1399 4308 tempore
1440 4236 1776 4291 Vandalicm

125 4307 549 4374 persecutionis
581 4308 851 4361 iteratum
880 4307 954 4360 ab
984 4307 1222 4360 Arianis
1261 4307 1616 4376 baptismum
1650 4311 1776 4361 tes-

127 4379 263 4448 tatur
290 4379 392 4433 lib.
428 4396 496 4447 ιι,
531 4394 658 4448 cap.
705 4378 766 4432 11
819 4380 875 4431 et
920 4378 1078 4431 alibi.
1117 4378 1260 4432 Vide
1291 4379 1463 4432 etiam
1515 4378 1778 4433 Alexan-

129 4445 280 4518 drum
307 4445 555 4504 dissert.
586 4445 675 4517 29,
710 4453 847 4504 tom.
883 4465 1004 4518 vm,
1037 4449 1195 4503 Hist.
1234 4449 1400 4504 Eccl.

190 4517 292 4590 (85)
323 4521 560 4591 Scripta
573 4590 576 4591 ν
589 4535 741 4574 anno
773 4519 896 4575 386.

189 4591 321 4657 (86)
352 4590 627 4646 Sic’edit.
662 4594 775 4645 vet.
811 4607 900 4645 ac.
935 4607 1107 4658 mss.,
1142 4591 1259 4645 nisi
1289 4591 1446 4662 quod
1477 4591 1535 4645 in
1566 4591 1778 4646 horum

131 4662 412 4734 nonnullis
436 4678 548 4734 pro
571 4668 741 4734 atque
764 4662 948 4716 oculis
964 4663 1180 4734 legitur
1195 4668 1368 4734 atque
1386 4663 1622 4731 osculis,
1645 4663 1778 4716 voci

132 4729 308 4786 frater
337 4729 577 4787 additur
601 4729 977 4803 Ambrosius,
1002 4729 1058 4788 et
1085 4733 1216 4787 loco
1247 4729 1412 4787 verbi
1429 4729 1777 4804 praeterire,

131 4805 349 4879 ponitur
380 4806 441 4879 in
474 4820 594 4879 uno
617 4805 1090 4879 prietermittere
1113 4808 1203 4879 :a_t
1235 4804 1404 4879 Rom.
1426 4805 1575 4879 edit.
1597 4807 1780 4879 totum

131 4871 180 4924 id
207 4874 438 4929 reﬁnxit
469 4876 532 4929 in
564 4871 714 4929 hanc
746 4875 993 4928 formam
1029 4892 1041 4929 :
1099 4897 1120 4920 ια
1159 4874 1517 4928 Ambrosius
1550 4875 1782 4944 episco-

132 4956 230 5007 pus
286 4947 649 5000 Marcellinae
705 4946 898 5000 sorori
944 4963 955 5000 :
1007 4945 1292 5010 Quoniam
1349 4945 1496 4999 nihil
1551 4962 1777 5016 eorum,

136 5027 250 5090 qua:
275 5017 375 5090 hic
406 5021 466 5072 te
499 5017 1079 5090 absentegeruntur,
1093 5017 1469 5090 sanctitatem
1500 5019 1656 5070 tuam
1687 5032 1781 5070 ee-

135 5082 239 5139 lare
271 5085 460 5156 soleo,
501 5089 658 5142 scias
691 5082 884 5156 etiam,
910 5082 1293 5141 dilectissima
1325 5105 1517 5156 soror,
1552 5093 1662 5142 etc.
1702 5112 1722 5134 ι»

139 5222 149 5232 .
196 5157 299 5232 (8'1)
335 5161 513 5214 Rom.
547 5160 681 5232 edit.
716 5159 863 5232 sola,
919 5180 939 5205 «
976 5159 1247 5232 dedicare
1292 5159 1570 5232 vellem...
1619 5158 1783 5212 Sicut

137 5228 187 5278 in
217 5228 478 5283 Romana
531 5231 618 5284 sic
664 5230 973 5284 basilicam
1020 5230 1259 5284 dedices
1296 5246 1307 5283 :
1349 5252 1369 5277 ιι
1407 5231 1465 5282 in
1498 5230 1607 5282 hac
1639 5244 1782 5283 vero

141 5301 381 5372 secunda
425 5303 592 5370 parte
631 5301 861 5354 variant
894 5301 1177 5372 vet.7edit.
1215 5305 1270 5353 et
1302 5316 1447 5353 mss.
1484 5300 1598 5372 Ubi
1628 5300 1784 5354 enim

141 5365 238 5441 illa:
284 5365 676 5441 eum—paucis
722 5388 893 5440 mss.,
948 5394 968 5417 α
1005 5371 1103 5426 Sic
1135 5371 1197 5424 in
1229 5372 1491 5425 Romana
1538 5371 1784 5426 basilica

142 5436 402 5510 dedices;
442 5436 602 5496 {alii
631 5459 778 5497 mss.
815 5436 1095 5497 exhibent
1121 5442 1350 5512 partim,
1391 5463 1412 5491 ι
1448 5442 1545 5496 Sic
1576 5443 1634 5496 in
1669 5444 1785 5496 Ro-

145 5523 351 5584 manam
382 5513 714 5584 basilicam,
754 5536 775 5562 ιι
827 5514 1058 5584 partim,
1113 5533 1135 5562 α
1176 5513 1410 5567 Siccine
1463 5514 1784 5568 Romanam

145 5575 430 5664 basilicam
463 5575 745 5664 dedicas;
784 5608 806 5632 η
829 5575 953 5638 ’8111
993 5575 1262 5664 demum,_
1299 5607 1320 5631 α
1357 5585 1784 5664 sic_et__Roma-

145 5663 257 5706 nam
304 5656 426 5724 (aut
473 5655 629 5726 sicut
675 5656 1040 5726 Romanam),
1093 5655 1399 5710 basilicam
1431 5655 1716 5712 dedices:
1760 5680 1782 5704 η

147 5734 258 5790 quae
285 5726 529 5796 quidem
557 5724 728 5781 lectio
749 5727 982 5782 videtur
1001 5724 1261 5781 Omnium
1278 5726 1608 5796 potissima.
1633 5727 1786 5782 Sen-

149 5805 238 5890 sus
265 5799 458 5864 autem
487 5800 600 5877 est,
633 5814 768 5865 cum
797 5797 1151 5865 Ambrosius
1179 5797 1496 5883 ecclesiam
1516 5797 1787 5880 dedicas-

1874 653 2012 721 (Isa.
2047 670 2126 721 ix,
2159 651 2235 722 6),
2274 653 2335 703 ut
2359 648 2762 720 justificemur
2804 647 2946 700 Deo.
2997 643 3115 699 Cur
3158 643 3340 715 igitur
3368 641 3545 696 reba-

1875 741 2182 814 ptizandos
2215 737 2546 793 Auxentius
2579 735 2785 790 ﬁdeles
2816 734 3071 805 populos
3102 735 3264 803 putat
3285 730 3422 802 (84),
3446 730 3548 783 ba-

1872 831 2122 902 ptizatos
2148 830 2209 882 in
2236 827 2472 882 nomine
2495 825 2798 879 Trinitatis
2821 840 2836 893 ;
2862 840 2992 878 cum
3019 821 3340 892 Apostolus
3363 820 3545 873 dicat:

1881 942 1903 968 α
1942 920 2072 974 Una
2106 917 2278 987 ﬁdes,
2325 931 2506 970 unum
2549 914 2844 984 baptisma
2893 912 3139 982 (Eplies.
3177 926 3256 980 IV,
3290 909 3344 977 5)
3382 924 3393 962 :
3433 929 3454 954 ››
3490 909 3548 962 et

1878 1024 1945 1064 se
1975 1008 2280 1062 hominum
2313 1005 2467 1059 dicat
2496 1003 2905 1056 adversarium
2936 1015 3104 1068 esse,
3139 1014 3257 1054 non
3286 996 3546 1065 Christi;

1882 1112 2017 1151 cum
2061 1094 2379 1151 consilium
2422 1093 2529 1146 Dei
2559 1094 2802 1161 spernat
2833 1091 2994 1156 (Luc.
3030 1106 3129 1158 vn,
3166 1088 3279 1157 30),
3313 1089 3369 1142 et
3401 1100 3546 1140 con-

1877 1185 2112 1240 demnet
2160 1182 2540 1253 baptismum,
2588 1180 2745 1251 quod
2777 1178 3052 1233 Christus
3085 1176 3259 1232 nobis
3291 1175 3364 1230 ad
3393 1173 3550 1230 redi-

1878 1274 2092 1330 menda
2122 1276 2327 1328 nostra
2355 1273 2596 1342 peccata
2627 1267 2884 1324 donavit.

2346 1375 2714 1431 EPISTOLA
2751 1375 2910 1429 xxn
2951 1371 3084 1444 (85).

1878 1469 2231 1525 Inventione
2263 1482 2570 1537 corporum
2607 1464 2891 1537 Gervasii
2920 1460 3550 1537 ac_Pro_t_a_sii_marty-

1946 1557 2078 1596 rum
2103 1532 2391 1606 nuntiata,
2417 1536 2612 1590 refert
2633 1551 2701 1590 se
2731 1536 2806 1590 ad
2829 1533 3100 1606 populum
3135 1533 3238 1606 illa
3275 1532 3509 1606 dixisse
3531 1550 3549 1586 :

1953 1611 2146 1666 Cwlos
2175 1625 2311 1664 esse
2348 1603 2670 1678 martyres,
2715 1603 2869 1678 sicut
2902 1603 2965 1678 et
3000 1603 3293 1678 apostolos
3333 1623 3350 1657 :
3393 1604 3550 1678 diem

1951 1695 2172 1754 quoque
2188 1680 2378 1754 fuisse
2396 1674 2630 1731 illorum
2644 1674 3078 1754 confessionem
3098 1695 3114 1729 :
3135 1675 3370 1754 eosdem
3389 1691 3421 1726 ιι
3445 1674 3552 1728 Do-

1947 1745 2107 1806 mino
2128 1749 2489 1813 humiliatos,
2515 1764 2584 1802 ac
2617 1747 2836 1802 deinde
2867 1748 3188 1800 suscitatos
3227 1745 3302 1799 de
3341 1751 3549 1804 terra:

1949 1824 2125 1894 idque
2147 1837 2347 1894 eorum
2370 1818 3057 1894 resurrectionemesse,
3093 1833 3218 1870 cum
3257 1821 3340 1870 tot
3376 1816 3552 1894 mira-

1951 1886 2078 1948 cula
2103 1892 2334 1964 operati
2363 1891 2526 1964 sint;
2569 1888 2911 1964 gratiaspl)
2945 1894 3168 1941 tantum
3197 1886 3549 1964 praeside

1949 1966 2075 2020 Deo
2114 1956 2334 2034 egisse,
2377 1956 2638 2034 illudque
2671 1959 3075 2034 amplificasse
3103 1975 3182 2012 ex
3197 1956 3394 2029 gestis
3420 1956 3551 2011 Eli-

1949 2036 2059 2090 saei
2071 2055 2087 2090 :
2115 2031 2348 2088 tandem
2373 2031 2759 2102 reliquiarum
2781 2031 3265 2102 descriptionem,
3290 2045 3358 2082 ac
3385 2034 3550 2102 tran-

1950 2105 2228 2161 slationis
2243 2102 2456 2158 consili
2463 2099 2551 2154 uin
2568 2100 2842 2172 populari
2857 2099 3068 2170 plausu
3083 2105 3351 2170 excepta.
3387 2099 3548 2152 Sub-

1937 2175 2484 2250 jungit_sequentis
2515 2173 2639 2250 diei
2665 2186 3038 2250 sermonem,‘
3060 2187 3186 2242 quo,
3216 2174 3548 2250 memorata

1954 2241 2386 2302 Cat'holieoi'um
2436 2243 2677 2310 laetitia,
2736 2241 3130 2295 invidentiam
3185 2241 3547 2294 Arianorum

1952 2317 2304 2390 exagitavit,
2329 2314 2650 2390 ostgndens
2671 2312 2951 2390 eos,_du_m
2976 2312 3246 2366 evidenti
3261 2310 3550 2390 miraculo

1949 2381 2126 2445 [idem
2145 2381 2384 2458 negant,
2400 2385 2735 2439 Judaeorum
2752 2383 3158 2458 similes_esse,
3175 2387 3348 2458 atque
3365 2381 3548 2437 aliter

1951 2453 2417 2530 crederefquam
2451 2461 2755 2530 martyres
2791 2454 3221 2530 crediderunt:
3246 2453 3379 2508 dum
3407 2468 3549 2508 vero

1959 2524 2313 2586 Trinitatem
2337 2524 2821 2600 quamdaimones
2839 2524 3293 2600 confitebantur,
3320 2540 3432 2580 non
3454 2540 3549 2596 ag-

1951 2613 2290 2670 noscerent,
2317 2596 2469 2671 ipsis
2487 2598 2796 2652 deemoniis
2813 2611 2948 2651 esse
2958 2596 3222 2667 pejores.

1879 2709 2146 2766 Dominae
2178 2705 2370 2763 sorori
2405 2705 2540 2760 vitm
2569 2707 2746 2830 atfqute
2777 2702 2972 2758 oculis
2997 2701 3129 2773 (86)
3158 2701 3548 2772 praeferendas

2638 2791 2700 2830 ra
2729 2791 2812 2830 er.

2638 2791 2812 2830 rater.

1954 2890 2004 2944 1.
2039 2886 2185 2954 Quia
2214 2885 2360 2941 nihil
2391 2884 2759 2940 sanctitatem
2774 2884 2934 2937 tuam
2964 2880 3130 2937 soleo
3163 2896 3367 2937 eorum
3397 2897 3548 2952 prm-

1880 2979 2080 3046 terire,
2116 2992 2249 3048 quae
2277 2974 2375 3029 hic
2422 2977 2478 3028 te
2527 2975 2816 3046 geruntur
2863 2971 3149 3041 absente;
3182 2971 3344 3026 scias
3373 2973 3550 3026 etiam

1884 3069 2126 3123 sanctos
2157 3067 2448 3134 martyres
2479 3078 2512 3116 a
2540 3060 2715 3116 nobis
2747 3064 3037 3131 repertos.
3091 3060 3242 3114 Nam
3273 3076 3406 3114 cum
3435 3075 3550 3132 ego

1881 3156 2193 3211 basilicam
2224 3153 2599 3208 dedieassem
2627 3148 2760 3221 (8'7),
2796 3150 2960 3204 multi
2989 3153 3267 3220 tanquam
3296 3165 3414 3203 uno
3447 3165 3551 3204 ore

1883 3242 2258 3314 interpellare
2310 3243 2614 3310 coeperunt
2656 3239 2922 3292 dicentes
2959 3253 2971 3292 :
3021 3237 3185 3292 Sicut
3225 3238 3550 3292 Romanam

1882 3333 2189 3388 basilicam
2213 3330 2474 3386 dedices.
2502 3327 2843 3398 Respondi:
2870 3325 3126 3396 Faciam,
3151 3325 3204 3380 si
3225 3329 3546 3397 martyrum

1883 3421 2167 3493 reliquias
2221 3421 2524 3474 invenero.
2568 3417 2892 3488 Statimque
2924 3415 3108 3471 subiit
3136 3415 3316 3470 veluti
3348 3414 3552 3487 cujus-

1886 3510 2020 3566 dam
2051 3509 2229 3564 ardor
2257 3506 2542 3579 praesagii
2568 3503 2704 3577 (88).

1885 3673 1996 3740 set,
2030 3686 2140 3726 nec
2168 3671 2362 3740 tamen
2391 3664 2674 3740 reliquias
2692 3665 2842 3740 inea
2862 3663 3247 3740 condidisset,
3268 3667 3549 3738 populum

1884 3737 2030 3796 illud
2059 3757 2220 3812 aegre
2251 3737 2539 3794 ferentem
2567 3737 2936 3812 eiilagitasse
2967 3741 3163 3812 utne
3195 3737 3551 3812 hanc’etiam

1886 3809 2299 3868 caaremoniam
2331 3809 2820 3881 pratermitteret,
2841 3825 3016 3880 quam
3044 3809 3105 3881 in
3130 3809 3410 3864 Romamn
3441 3810 3552 3864 ba-

1887 3885 2077 3940 silicae
2107 3879 2556 3937 consecratione
2577 3897 2695 3935 non
2714 3879 3014 3935 omiserat.
3047 3879 3284 3934 Samuel
3317 3882 3548 3937 Petitus

1886 3955 1989 4010 lib.
2024 3972 2084 4008 ιιι
2119 3953 2372 4008 Observ.
2408 3969 2459 4007 c.
2492 3953 2546 4021 8,
2579 3952 2660 4006 ait
2692 3951 3010 4007 nonnullos
3040 3967 3116 4006 ex
3145 3951 3258 4006 hoc
3279 3952 3411 4007 loco
3433 3953 3550 4008 duo

1888 4027 2172 4098 colligere
2207 4041 2220 4079 :
2252 4025 2505 4098 primum
2536 4023 2726 4098 fuisse
2759 4023 3429 4098 MediolaniRomanam
3452 4039 3550 4098 re-

1887 4094 2148 4171 gionem,
2181 4096 2634 4171 unde_Romana
2665 4094 2914 4171 basilica
2943 4095 3252 4171 nominata
3272 4095 3384 4171 sit;
3417 4095 3552 4171 alte-

1888 4165 2020 4224 rum
2037 4165 2179 4248 eam
2205 4166 2536 4248 basilicam,
2557 4167 2629 4220 de
2653 4165 3218 4248 cujusdedicatione
3239 4166 3334 4248 hic
3356 4167 3554 4248 agitur

1888 4240 2152 4295 eamdem
2171 4253 2308 4294 esse
2326 4254 2394 4292 ac
2413 4239 2756 4292 Romanam.
2774 4236 3099 4308 Utrumque
3117 4240 3382 4291 evertere
3395 4236 3552 4292 idem

1887 4310 2252 4383 aggreditur.
2288 4308 2360 4362 Et
2389 4308 2716 4383 secundum
2735 4307 2982 4383 quidem
3012 4323 3119 4383 per
3146 4323 3232 4383 se_
3261 4308 3552 4383 caducum

1889 4377 2019 4451 est';
2049 4395 2301 4451 namque
2329 4394 2405 4434 ex
2427 4380 2584 4451 serie
2605 4377 2828 4451 liquido
2851 4378 3190 4451 colligimus
3217 4377 3550 4448 basilicam,

1885 4454 1949 4508 in
1979 4447 2155 4524 quam
2186 4447 2527 4524 sanctorum
2550 4447 2825 4524 Cervasii
2856 4452 2913 4502 et
2943 4447 3194 4502 Protasii
3225 4463 3366 4524 oss_a
3392 4447 3552 4524 trané

1889 4518 2038 4578 slata
2081 4525 2239 4591 sunt,
2285 4520 2739 4576 Ambrosianam
2783 4534 2942 4586 esse,
2990 4534 3129 4591 cum_
3171 4533 3266 4591 ex
3305 4518 3549 4591 Paulino

1889 4588 2268 4649 manifestum
2314 4593 2393 4646 sit
2438 4593 2498 4646 in
2550 4592 2813 4646 Romana
2864 4605 3081 4659 corpus
3115 4588 3271 4643 beati
3317 4588 3553 4644 Nazarii

1805 4646 1855 4705 ο
1891 4646 2100 4720 iliié‘éé'
2123 4646 2480 4734 depositum.
2527 4661 2694 4726 Quod
2743 4676 2886 4715 vero
2917 4646 3132 4734 nomen
3167 4661 3446 4734 Romana:
3476 4675 3553 4715 ex

1891 4737 2137 4808 regione
2167 4731 2506 4808 impositum
2535 4734 2668 4808 ideo
2697 4735 2894 4808 negat,
2927 4731 3062 4801 quia
3093 4745 3210 4784 non
3242 4731 3303 4808 in
3334 4732 3550 4808 Roma:

1893 4801 2188 4861 na'fuisse
2236 4801 2468 4874 dicitur,
2503 4804 2610 4857 sed
2641 4801 3067 4874 ipsa'Romana
3096 4801 3461 4873 appellatur;
3491 4801 3554 4858 id

1895 4877 2133 4948 quidem
2164 4873 2584 4948 frigidiusest,
2616 4890 2791 4944 quam
2814 4877 2875 4927 ut
2896 4873 3244 4948 refutatione
3266 4874 3548 4946 indigeat.

1895 4943 2010 5004 Sed
2041 4963 2150 5002 nec
2180 4943 2362 5002 multo
2399 4943 2717 5000 validiores
2749 4949 2905 5012 sunt,
2941 4960 3089 5015 quas
3121 4943 3304 5015 hujus
3335 4943 3557 5002 mineu-

1894 5019 2150 5089 pationis
2179 5018 2438 5072 rationes
2468 5015 2730 5086 profert;
2763 5017 2920 5089 quod
2964 5016 3120 5089 enim
3169 5032 3297 5089 eam
3344 5016 3554 5072 basili-

1897 5087 2025 5144 cam
2057 5093 2155 5143 aut
2183 5106 2214 5142 a
2249 5089 2360 5142 ritu
2391 5089 2676 5156 Romano,
2724 5088 2823 5157 qui
2867 5087 2925 5140 in
2976 5087 3180 5141 eadem
3212 5087 3415 5142 forsan
3445 5089 3556 5144 ob-

1897 5164 2255 5228 servaretur,
2290 5163 2389 5212 aut
2418 5175 2452 5212 a
2481 5159 2676 5226 Petro,
2703 5159 2796 5211 cui
2818 5158 3082 5212 dedicata
3103 5161 3246 5227 erat,
3273 5160 3556 5214 Romanae

1896 5232 2033 5286 ﬁdei
2063 5248 2131 5285 ac
2161 5231 2326 5286 sedis
2356 5231 2544 5301 primo
2574 5233 2836 5301 parente,
2892 5230 3194 5301 Romanae,
3217 5231 3559 5300 suspicatur

1896 5302 2154 5356 traxisse
2203 5299 2436 5369 nomen,
2483 5316 2594 5355 nos
2642 5299 2778 5373 ejus
2809 5300 3136 5373 suspicioni
3173 5299 3348 5373 fidem
3378 5317 3559 5373 nega-

1897 5390 2050 5428 mus.
2105 5374 2250 5428 Cum
2296 5389 2440 5444 ergo
2489 5375 2720 5426 constet
2767 5371 2919 5444 hanc
2964 5371 3292 5425 Ecclesiam
3324 5372 3397 5425 ad
3428 5371 3558 5426 eam

1939 5449 2123 5499 ortam
2183 5461 2316 5514 quae
2378 5443 2639 5498 Romana
2696 5443 3095 5506 voeitabatur,
3132 5447 3557 5514 constructam

1926 5516 2110 5580 uisse,
2142 5511 2527 5569 verisimilius
2561 5517 2652 5568 est
2681 5515 2872 5568 eidem
2902 5530 2933 5568 e
2967 5513 3179 5566 vicinia
3222 5528 3433 5566 nomen
3479 5511 3558 5565 fa-

1899 5586 2228 5641 ctum.Vide
2262 5587 2538 5640 Herman.
2570 5585 2630 5639 in
2674 5585 2800 5639 Vita
2822 5584 3132 5638 Ambrosii
3161 5584 3262 5637 lib.
3296 5599 3374 5652 iv,
3423 5597 3553 5652 cap.

1899 5657 2340 5729 17,Al_.lghellum
2360 5658 2430 5729 in
2461 5656 2593 5729 Ital.
2629 5655 2838 5729 Sacris,
2871 5661 2928 5729 e_t
2957 5655 3127 5708 alios.

1969 5723 2488 5800 (88)'Augustinus
2519 5727 2621 5782 lib.
2654 5744 2717 5800 ιιι
2751 5723 3300 5800 Οοηΐθεε-ηρειρ-ηἶ,
3327 5723 3562 5800 has

1896 5793 2115 5878 liquias
2144 5793 2463 5860 Ambrosio
2487 5814 2603 5876 per
2637 5798 2824 5856 visum
2854 5794 3145 5858 revelatas
3165 5793 3344 5854 dicit:
3375 5797 3433 5855 et
3449 5794 3558 5880 lib,
