4072 6174
593 379 751 448 1063

2070 380 2137 445 s.
2183 361 2628 446 AMBROSII.

3830 387 3944 460 1M4

677 583 732 640 2.
763 582 916 650 Quid
943 582 1172 641 multa?
1219 583 1508 641 Dominus
1555 583 1804 658 gratiam
1833 583 1993 640 dedit
2021 599 2034 641 :
2067 569 2356 645 formi-A,
2376 581 2639 639 Jacobus
2669 583 2728 638 et
2754 581 3016 640 Joannes
3050 599 3064 640 :
3101 573 3356 660 denique
3381 585 3484 642 ﬁlii
3511 587 3736 644 tonitrui
3775 605 3944 648 nuncu-

601 672 880 728 dantibus
910 673 1084 728 etiam
1118 673 1354 730 clericis
1391 673 1556 746 jussi
1603 674 1907 730 eruderari
1951 676 2168 728 terram
2199 689 2268 729 eo

599 761 738 834 loci,
773 762 874 834 qui
895 765 1134 820 estante
1153 763 1452 819 cancellos
1475 766 1816 818 sanctorum
1845 761 2063 817 Felicis
2094 764 2268 833 atque

601 850 882 907 Naboris.
901 851 1108 908 Inveni
1127 853 1301 926 signa
1321 853 1731 909 convenientia
1755 867 1767 908 :
1793 851 2074 907 adhibitis
2095 851 2268 906 etiam

606 940 824 1012 quibus
856 957 963 1011 per
990 957 1104 996 nos
1135 959 1346 997 manus
1377 942 1732 1014 imponenda
1760 941 1931 1012 foret,
1979 941 2128 1005 875
2179 941 2268 994 sic

607 1029 800 1083 sancti
829 1032 1123 1101 martyres
1153 1031 1412 1086 eminere
1444 1033 1788 1102 coeperunt;
1819 1034 1901 1100 ut,
1935 1029 2128 1084 adhuc
2158 1045 2269 1084 no-

603 1117 700 1172 bis
732 1117 1070 1189 silentibus,
1104 1119 1465 1190 arriperetur
1494 1137 1660 1188 urna,
1685 1122 1742 1174 et
1763 1121 2130 1174 sterneretur
2143 1135 2272 1190 pro-

609 1223 684 1261 na
716 1207 790 1261 ad
818 1207 1016 1262 locum
1047 1209 1235 1263 sancti
1267 1209 1548 1279 sepulcri.
1583 1209 1921 1264 Invenimus
1949 1209 2116 1263 mirae
2145 1223 2272 1261 ma-

609 1296 938 1368 gnitudinis
968 1297 1134 1352 viros
1167 1297 1340 1368 duos,
1371 1301 1436 1354 ut
1462 1298 1663 1369 prisca
1693 1301 1837 1352 aetas
1859 1297 2104 1352 ferebat.
2119 1296 2273 1352 Ossa

609 1385 807 1440 omnia
835 1386 1088 1457 integra,
1123 1387 1436 1458 sanguinis
1464 1386 1802 1457 plurimum.
1853 1387 2074 1460 Ingens
2127 1402 2272 1441 con-

2374 675 2589 744 pantur
2617 672 2826 744 (Marc.
2859 691 2942 745 m,
2977 673 3104 746 l7);
3153 677 3211 730 et
3245 675 3378 731 ideo
3410 675 3577 748 quasi
3607 677 3795 734 coelum
3818 681 3944 736 Joan-

2375 777 2484 816 nes
2529 761 2792 817 Verbum
2840 762 2997 834 apud
3045 762 3232 819 Deum
3273 765 3421 820 vidit
3463 765 3646 836 (Joan.
3691 784 3729 837 ι,
3774 769 3943 840 1).Ipse

2376 849 2662 906 Dominus
2690 851 2873 906 Jesus
2902 853 3173 923 perpetui
3203 853 3446 910 luminis
3477 857 3604 910 erat
3633 855 3837 926 caelum,
3861 875 3942 913 cum

2376 942 2680 994 enarraret
2725 940 2834 994 Dei
2879 941 3150 1013 gloriam,
3202 941 3310 998 sed
3339 958 3473 998 eam
3501 959 3670 1014 quam
3693 959 3840 1000 nemo
3861 951 3942 1000 ante

2378 1031 2791 1098 conspexerat.
2845 1029 2916 1084 Et
2951 1029 3084 1084 ideo
3135 1031 3281 1084 dixit
3313 1047 3327 1086 :
3383 1055 3406 1079 α
3443 1031 3628 1088 Deum
3669 1047 3820 1088 nemo
3855 1036 3942 1088 vidit

2375 1132 2658 1188 unquam,
2711 1118 2829 1172 nisi
2875 1117 3219 1190 unigenitus
3269 1119 3479 1190 Filius,
3527 1121 3627 1192 qui
3669 1125 3753 1177 est
3781 1122 3829 1176 in
3861 1124 3942 1178 sinu

2375 1205 2592 1276 Patris,
2627 1205 2758 1276 ipse
2789 1207 3085 1261 enarravit
3104 1206 3297 1278 (Joan.
3323 1225 3363 1278 ι,
3397 1208 3509 1279 18).
3538 1231 3560 1258 ι»
3591 1207 3764 1280 Opera
3787 1227 3942 1283 quoque
3990 1247 3991 1256 η

2376 1309 2656 1348 manuum
2685 1294 2791 1348 Dei
2822 1293 2878 1349 si
2905 1295 3150 1367 quaeris,
3184 1297 3322 1352 audi
3350 1297 3468 1352 Job
3501 1291 3800 1356 dicentem:
3827 1323 3845 1347 ι
3869 1301 3944 1371 Spi-
3989 1325 3991 1372 ι

2377 1382 2528 1474 ritus
2557 1381 2816 1454 divinus,
2851 1384 2953 1455 qui
2981 1383 3121 1439 fecit
3161 1401 3255 1440 me
3303 1385 3462 1455 (Job.
3512 1403 3722 1454 xxxm,
3757 1388 3819 1459 4).
3858 1409 3873 1436 ι
3907 1388 3942 1443 Et

2379 1469 2512 1526 ideo
2541 1471 2834 1527 adversus
2865 1471 3086 1528 diaboli
3104 1475 3460 1530 testamenta
3481 1474 3754 1548 firmatus,
3781 1476 3942 1532 inotien-

2380 1574 2467 1614 sae
2493 1561 2817 1633 vestigium
2865 1561 3012 1626 876
3060 1563 3412 1619 constantiae
3462 1565 3732 1620 servavit.
3777 1563 3940 1621 Sedve-
3989 1553 3991 1633 i

2380 1647 2614 1703 niamus
2643 1649 2720 1704 ad
2746 1649 2996 1722 reliqua.
3989 1625 3991 1740 1

609 1489 828 1530 cursus
847 1474 1052 1546 populi
1071 1490 1180 1546 per
1199 1479 1383 1531 totum
1403 1477 1550 1531 illud
1568 1477 1834 1531 biduum.
1867 1475 2018 1540 Quid
2046 1475 2226 1530 multa
2246 1475 2274 1530 ‘?

607 1560 993 1618 Condivimus
1024 1563 1258 1636 integra
1285 1564 1359 1619 ad
1392 1565 1691 1620 ordinem:
1717 1565 2127 1619 transtulimus
2147 1579 2278 1618 ves-

598 1667 748 1723 pere
789 1651 916 1724 jam
965 1652 1344 1708 incumbente
1389 1651 1466 1708 ad
1503 1653 1814 1708 basilicam
1844 1652 2080 1708 Faustae
2111 1651 2224 1723 (89)
2259 1668 2272 1708 :

607 1741 693 1795 ibi
720 1740 947 1812 vigiliae
995 1743 1114 1796 tota
1158 1744 1354 1811 nocte,
1403 1757 1614 1797 manus
1646 1742 1964 1813 impositio.
1997 1740 2278 1812 Sequenti
2449 1735 2504 1792 6.
2559 1759 2581 1784 α
2634 1736 2798 1806 Dies,
2843 1738 3052 1811 inquit,
3104 1740 3223 1796 diei
3267 1743 3501 1798 eructat
3550 1741 3780 1798 verbum
3814 1741 3940 1812 (Psal.
3989 1735 3991 1746 ³

611 1827 705 1882 die
753 1828 1165 1884 transtulimus
1197 1845 1266 1884 ea
1297 1829 1358 1884 in
1384 1829 1714 1899 basilicam,
1763 1846 1940 1902 quam
1985 1830 2280 1901 appellant
2379 1841 2546 1895 xvm,
2569 1824 2646 1896 3).
2675 1845 2697 1876 η
2732 1825 2888 1882 Ecce
2915 1829 3044 1884 veri
3075 1828 3226 1901 dies,
3259 1846 3416 1902 quos
3447 1831 3608 1890 nulla
3635 1831 3806 1906 caligo
3827 1833 3941 1886 noctis
3990 1839 3991 1844 ‘

609 1916 1066 1972 Ambrosianam
1097 1917 1230 1989 (90).
1267 1918 1416 1972 Dum
1447 1919 1887 1990 transierimus,
1927 1933 2126 1974 caecus
2175 1933 2348 2014 sa-B
2379 1911 2711 2014 interpolat.
2727 1913 2898 2014 .Ecce
2923 1917 3059 2014 veri
3083 1917 3214 1974 dies
3243 1919 3407 1990 pleni
3439 1920 3676 1976 luminis
3704 1923 3756 1976 et
3778 1919 3941 1992 fulgoris

611 2007 785 2061 natus
817 2008 929 2062 est.
964 2005 1124 2061 Talis
1155 2006 1300 2061 mihi
1327 2007 1402 2062 ad
1429 2007 1710 2078 populum
1740 2007 1849 2064 fuit
1877 2022 2096 2062 sermo.

681 2113 736 2168 3.
769 2112 915 2168 Cum
942 2115 1060 2168 tam
1091 2111 1362 2184 effusam,
1395 2115 1630 2186 tamque
1662 2115 1982 2170 inauditam
2011 2113 2281 2170 conside-

609 2217 806 2257 rarem
848 2205 1178 2258 conventus
1222 2203 1408 2258 vestri
1468 2203 1886 2275 celebritatem,
1949 2205 2006 2258 et
2061 2203 2278 2258 divinae

611 2291 820 2364 gratiae
851 2305 1115 2362 munera,
1149 2307 1283 2363 qum
1333 2291 1396 2346 in
1438 2293 1663 2348 sanctis
1704 2292 2060 2364 martyribus
2091 2291 2278 2347 reful-

613 2382 840 2450 serunt,
872 2382 1158 2451 imparem
1203 2395 1319 2452 me,
1367 2379 1574 2451 fateor,
1619 2381 1757 2436 huic
1788 2380 2279 2453 munerijudica-

609 2469 748 2524 bam
772 2483 788 2540 ;
820 2483 930 2524 nec
949 2468 1075 2523 fieri
1096 2484 1301 2540 posse,
1319 2471 1384 2524 ut
1405 2484 1680 2525 sermone
1701 2469 2095 2540 absolverem,
2122 2469 2282 2542 quod

613 2557 718 2612 vix
745 2573 1072 2628 possumus
1102 2559 1297 2613 animo
1326 2558 1652 2630 intendere,
1686 2560 1876 2616 oculis
1895 2559 2281 2629 comprehen-

613 2648 772 2703 dere.
807 2646 925 2702 Sed
956 2647 1057 2702 ubi
1079 2649 1416 2703 sanctarum
1445 2647 1565 2720 legi
1595 2649 1773 2720 ccepit
1799 2649 1992 2704 series
2014 2648 2278 2718 Scriptu-

615 2752 835 2808 rarum,
868 2737 1120 2808 largitus
1168 2739 1260 2792 est
1306 2734 1560 2808 Spiritus
1618 2741 1884 2808 sanctus,
1917 2737 2018 2809 qui
2045 2737 2279 2792 locutus

613 2828 706 2881 est
734 2825 794 2879 in
825 2825 1152 2896 prophetis,
1185 2841 1304 2898 quo
1336 2825 1583 2898 dignum
1609 2826 1830 2898 aliquid
1860 2828 2019 2881 tanto
2049 2828 2204 2880 coetu
2225 2826 2284 2880 et

613 2913 1058 2985 exspectatione
1086 2916 1307 2986 vestra,
1341 2917 1780 2988 martyrumque
1798 2917 2138 2972 sanctorum
2161 2929 2282 2970 me-

615 3003 748 3058 ritis
777 3001 1174 3074 proferamus.

685 3091 741 3148 4.
795 3111 822 3143 ‹‹
851 3090 1019 3163 Cceli,
1066 3091 1274 3163 inquit,
1324 3095 1598 3148 enarrant
1639 3093 1888 3166 gloriam
1929 3094 2042 3149 Dei
2090 3091 2278 3165 (PsaI.

616 3196 783 3254 xvm,
814 3179 890 3253 2).
930 3203 952 3230 ιι
990 3179 1136 3236 Cum
1165 3181 1384 3253 legitur
1413 3181 1510 3237 hic
1537 3183 1826 3255 psalmus,
1847 3183 2105 3239 occurrit
2124 3181 2284 3255 quod

2381 2002 2606 2073 mterni,
2641 2003 2744 2075 qui
2771 2019 2892 2060 non
2919 2005 3326 2077 perfunctorio
3351 2024 3632 2066 sermone
3651 2010 3858 2065 verbum
3871 2009 3942 2074 Dei,

2381 2091 2490 2147 sed
2519 2091 2724 2148 intimo
2756 2093 2935 2150 corde
2965 2097 3307 2152 eructarunt
3353 2098 3420 2153 in
3465 2097 3819 2155 confessione
3841 2110 3942 2152 cons-

2381 2183 2594 2252 tantes,
2626 2182 2688 2236 in
2715 2183 2993 2254 martyrio
3021 2190 3512 2254 perseverantes.

2455 2286 2509 2341 7.
2544 2287 2716 2342 Alius
2744 2288 3012 2359 psalmus
3041 2290 3232 2346 lectus
3264 2293 3412 2349 dicit
3444 2309 3458 2349 :
3497 2315 3522 2345 α
3552 2293 3691 2360 Quis
3725 2293 3849 2348 sicut
3879 2291 3944 2345 Do-

2384 2375 2584 2432 minus
2613 2376 2774 2432 Deus
2803 2380 3027 2450 noster,
3060 2380 3160 2452 qui
3191 2380 3252 2436 in
3280 2381 3422 2438 altis
3454 2381 3690 2456 habitat,
3719 2387 3768 2438 et
3792 2379 3943 2436 humilia

2386 2465 2632 2536 respicit
2679 2465 2740 2520 in
2789 2467 2939 2522 coelo
2969 2470 3028 2522 et
3053 2468 3116 2522 in
3147 2470 3306 2525 terra
3346 2471 3542 2542 (Psal.
3575 2487 3706 2542 cxn,
3735 2472 3820 2542 5)?
3844 2493 3860 2516 -
3883 2469 3946 2522 Re-

2389 2555 2587 2625 spexit
2611 2570 2756 2610 sane
2787 2555 3030 2611 humilia
3050 2557 3234 2630 Deus,
3267 2559 3374 2632 qui
3393 2560 3644 2616 latentes
3664 2560 3765 2616 sub
3787 2555 3946 2632 ignobili

2387 2643 2610 2714 cespite
2641 2645 2924 2716 reliquias
2955 2650 3296 2703 sanctorum
3330 2652 3656 2722 martyrum
3683 2663 3794 2704 sum
3818 2644 3945 2700 Eccle—

2387 2731 2496 2786 sim
2527 2732 2830 2801 revelavit,
2880 2749 3134 2806 quorum
3174 2737 3373 2792 anima
3422 2739 3486 2794 in
3533 2739 3698 2810 coelo,
3740 2750 3902 2807 corpus
3919 2734 3949 2784 in

2385 2822 2545 2876 terra
2579 2836 2592 2878 :
2625 2823 2926 2878 suscitans
2973 2839 3008 2878 a
3053 2824 3212 2880 terra
3258 2827 3523 2899 inopem,
3576 2832 3633 2883 et
3673 2827 3737 2883 de
3777 2829 3950 2881 stercore

2387 2909 2631 2982 erigens
2659 2927 2978 2982 pauperem
3007 2913 3185 2985 (Ibid.
3216 2912 3314 2987 7);
3353 2939 3376 2966 ιι
3411 2932 3568 2989 quos
3606 2916 3802 2974 videtis
3826 2916 3870 2968 ut
3889 2924 3949 2965 eos

2351 3013 2524 3054 icum
2562 2999 2934 3071 principibus
2977 3003 3182 3074 populi
3215 3004 3312 3059 sui
3365 3006 3686 3062 collocarit.
3733 3001 3951 3068 Principes

2387 3087 2592 3158 populi
2619 3103 2771 3160 quos
2803 3089 2954 3146 alios
2999 3091 3119 3146 nisi
3165 3097 3412 3149 sanctos
3443 3097 3722 3166 martyres
3749 3090 3951 3148 aestimare-

2388 3177 2698 3248 debemus,
2749 3194 3002 3250 quorum
3039 3179 3167 3252 jam
3215 3181 3276 3237 in
3303 3199 3619 3239 numerum
3650 3183 3750 3253 (92)
3776 3181 3856 3234 diu
3874 3176 3951 3230 ante

612 3287 732 3327 non
761 3273 879 3324 tam
910 3269 1198 3325 elementa
1228 3269 1572 3341 materialia,
1597 3286 1772 3342 quam
1791 3271 2056 3326 coelestia
2076 3271 2283 3326 merita
2309 3311 2365 3380 ο
2387 3267 2684 3339 ignoranti
2708 3267 3022 3324 ’Protasius
3051 3268 3503 3344 Gervasiusque
3523 3270 3884 3344 praeferuntur,
3897 3261 3950 3334 qui

618 3359 851 3380 J!....--..A
903 3359 1024 3380 ἢ--
1074 3359 1433 3380 ..._----_.2-__._
1496 3359 1718 3380 JABA_-_-
1765 3359 2077 3380 -_S-l___.l___
2157 3360 2241 3380 tr-
2390 3356 2648 3380 -|-_:I-_
2709 3357 3066 3380 _.-_1-__2L--._
3129 3357 3454 3380 n--i-_',,,,
3524 3363 3608 3380 ιιΑ
3635 3362 3934 3380 Ἱ¹-Ι--Α-ι-Α1Ὰ

611 3359 858 3432 dignum
903 3359 1028 3415 Deo
1074 3359 1439 3430 praeconium
1489 3359 1722 3415 deferre
1765 3359 2095 3415 videantur.
2157 3360 2282 3416 Ho-
2311 3356 2654 3412 vsterilem
2709 3357 3068 3430 martyribus
3127 3357 3467 3417 Ecclesiam
3524 3362 3950 3417 Mediolanensemi

613 3448 820 3504 dierno
848 3450 1044 3502 tamen
1073 3448 1315 3504 fcrtuita
1343 3448 1594 3504 lectione
1615 3449 1800 3520 patuit
1829 3449 1930 3520 qui
1959 3448 2093 3504 coeli
2114 3464 2285 3504 enar-

613 3539 747 3594 rant
774 3537 1026 3610 gloriam
1057 3537 1184 3594 Dei.
1217 3537 1482 3608 Aspicite
1511 3537 1585 3592 ad
1617 3538 1883 3592 dextram
1917 3553 2126 3607 meam,
2179 3553 2282 3591 as-

614 3626 792 3700 picite
821 3627 897 3682 ad
927 3625 1233 3681 sinistram
1259 3627 1546 3699 reliquias
1578 3629 1996 3682 sacrosanctas
2025 3643 2038 3682 :
2089 3626 2283 3681 videte

618 3715 882 3772 caelestis
915 3715 1027 3786 (91)
1059 3715 1534 3772 conversationis
1577 3715 1764 3788 viros,
1814 3719 2076 3786 spectate
2105 3714 2285 3770 animi

616 3805 893 3860 sublimis
923 3806 1166 3874 tropaea.
1202 3805 1307 3860 Isti
1339 3807 1479 3860 sunt
1507 3805 1660 3877 coeli,
1695 3805 1797 3876 qui
1826 3806 2102 3860 enarrant
2148 3804 2283 3876 glo-

618 3893 768 3946 riam
797 3891 940 3963 Dei;
972 3891 1104 3948 haec
1135 3908 1316 3963 opera
1347 3909 1624 3948 manuum
1651 3893 1788 3966 ejus
1819 3909 1952 3966 quae
1982 3893 2286 3948 annuntiat

619 3979 1072 4036 ﬁrmamentum.
1120 3981 1257 4037 Non
1299 3982 1456 4037 enim
1501 3997 1606 4038 eos
1643 3983 1952 4039 saecularis
1981 3982 2282 4054 illecebra,

616 4069 726 4124 sed
753 4068 939 4124 divini
974 4071 1173 4140 operis
1204 4071 1416 4142 gratia,
1447 4071 1522 4125 ad
1552 4071 2288 4126 firmamentum'sacratis—

616 4157 787 4214 simae
817 4157 1121 4229 passionis
1153 4159 1384 4214 evexit:
1418 4159 1718 4231 multoque
1748 4162 1881 4214 ante
1912 4175 2144 4216 morum
2168 4159 2288 4214 vir-

616 4248 925 4320 tutumque
956 4247 1327 4303 documentis
1356 4249 1722 4303 annuntiavit
1741 4249 1802 4302 in
1818 4248 1914 4304 his
1943 4249 2288 4320 martyrium

619 4335 782 4410 quod
809 4335 1104 4394 adversus
1123 4336 1420 4393 lubricum
1441 4338 1650 4394 saeculi
1669 4337 1852 4412 hujus
1871 4337 2116 4394 stabiles
2145 4353 2285 4409 per-

620 4429 988 4482 manserunt.

691 4517 745 4572 6.
779 4515 1007 4572 Caelum
1038 4519 1164 4572 erat
1189 4515 1432 4588 Paulus,
1467 4516 1570 4590 qui
1597 4518 1712 4572 ait:
1753 4538 1774 4568 α
1800 4516 2021 4574 Nostra
2041 4532 2289 4574 conver-

629 4605 779 4662 satio
810 4605 871 4660 in
901 4605 1071 4660 caelis
1107 4608 1200 4662 est
1246 4605 1530 4679 (Philipp.
1582 4624 1664 4677 ιιι,
1715 4607 1826 4680 20).
1862 4631 1884 4656 η
1932 4605 2079 4662 Coeli
2125 4609 2292 4662 erant

627 4763 774 4822 xxxi,
803 4745 894 4804 De
935 4746 1117 4822 civit.
1151 4747 1283 4818 Dei,
1315 4765 1446 4822 cap.
1481 4750 1534 4820 8,
1568 4765 1670 4806 eas
1695 4766 1809 4822 per
1849 4751 2133 4806 visionem
2163 4765 2290 4822 ma-

625 4821 954 4894 nifestatas.
991 4821 1160 4894 Unde
1191 4821 1492 4894 colligitur
1517 4837 1636 4894 non
1665 4821 1838 4894 modo
1887 4837 1996 4892 per
2043 4821 2289 4876 interio-

627 4907 755 4945 rem
785 4891 948 4946 illum
977 4892 1237 4946 afﬂatum
1268 4891 1490 4947 de_illis
1529 4891 1907 4948 admonitum,
1938 4909 2076 4948 esse
2120 4907 2291 4947 sanc-

627 4965 750 5015 tum
778 4963 1116 5035 prmsulem,
1143 4965 1250 5018 sed
1273 4965 1445 5018 etiam
1466 4980 1572 5034 per
1591 4966 2034 5035 appar-itionem.
2069 4965 2145 5018 At
2173 4980 2293 5018 non

633 5033 827 5108 omnia
859 5033 956 5087 hic
986 5035 1302 5108 memorari
1330 5033 1978 5108 quae’contigeresatis
2007 5035 2292 5108 intelligi-

628 5106 825 5176 tur‘ex
853 5118 924 5176 eo
955 5105 1113 5174 quod
1144 5105 1480 5176 subjicitur,
1519 5105 1683 5172 Quid
1699 5107 1878 5161 multa
1901 5107 1930 5160 .9

702 5174 826 5249 (89)
847 5173 1278 5249 Omneseditn'
1294 5198 1316 5227 α
1335 5173 1719 5249 (ἰοιιόἱνὶηιιιε
1747 5179 1998 5249 integra,
2019 5177 2104 5249 ad
2137 5177 2292 5249 ordie

632 5246 1287 5319 nem‘transtiilimus':
1340 5248 1603 5318 Vespere
1643 5248 1768 5319 jam
1815 5246 2190 5303 incumbente
2221 5248 2295 5302 ad

632 5314 944 5390 basilicam
986 5316 1242 5390 Faustae.
1279 5341 1301 5368 ιι
1353 5314 1497 5384 Quae
1544 5314 1717 5374 lectio
1750 5337 1883 5374 cum
1913 5320 2289 5390 claudicaret,

636 5389 807 5462 Rom.
845 5389 983 5443 edit.
1019 5389 1277 5460 subjecit
1304 5391 1552 5445 verbum
1589 5392 1856 5446 venimus
1893 5406 1998 5462 pro
2029 5391 2290 5462 tibicine.

633 5459 853 5533 anes
903 5475 1052 5533 vero
1102 5459 1248 5533 mss.
1301 5461 1614 5516 nobiscum
1661 5459 1919 5532 iaciunt,
1971 5462 2090 5516 nisi
2137 5461 2293 5533 quod

635 5531 800 5586 Belv.
828 5531 1022 5600 habet,
1053 5531 1274 5602 vigiliae
1297 5533 1372 5587 ad
1391 5533 1658 5588 ordinem
1682 5551 1701 5599 ;
1732 5534 1840 5588 sed
1860 5531 2073 5588 melius
2097 5531 2296 5588 caéteri

635 5605 925 5677 respuunt
961 5603 1270 5677 vigiliaein
1301 5603 1520 5673 quibus
1551 5605 1628 5660 ad
1664 5605 1936 5660 ordinem
1969 5605 2126 5659 idem
2173 5605 2298 5677 sig-

634 5675 834 5730 niﬁcat
863 5690 932 5728 ac
961 5689 1074 5744 per
1097 5675 1390 5728 ordinem.

709 5745 822 5816 (90)
853 5743 1108 5816 Basilica
1157 5744 1258 5797 illa
1305 5743 1704 5800 Ambrosiam
1755 5745 2058 5801 dicebatur
2085 5761 2118 5800 a
2151 5761 2298 5802 con-

611 5809 850 5892 .ditore,
882 5817 942 5876 et
971 5815 1146 5876 etiam
1176 5829 1334 5876 nunc
1366 5816 1559 5872 sancti
1585 5816 1889 5898 Ambrosii
1914 5815 2162 5896 majoris
2191 5833 2298 5898 ap-

2383 3445 2510 3517 jam
2539 3445 2928 3516 plurimorum
2955 3450 3202 3504 matrem
3233 3449 3496 3506 ﬁliorum
3525 3438 3704 3507 laetari
3745 3441 3950 3522 passionis

2389 3535 2647 3606 pr0priae
2678 3534 2926 3590 fecerint
2955 3539 3014 3592 et
3039 3536 3227 3592 titulis
3258 3541 3317 3593 et
3345 3541 3635 3612 exemplis
3656 3541 3686 3595 ?

2462 3623 2516 3678 8.
2550 3624 2676 3679 Nec
2720 3624 2836 3680 hoc
2882 3625 3199 3682 abhorreat
3243 3643 3276 3682 a
3318 3645 3468 3684 vera
3513 3629 3626 3685 fide
3658 3646 3670 3684 :
3704 3647 3727 3680 ι
3759 3625 3868 3680 Dies
3887 3616 3950 3674 diei

2393 3715 2619 3769 eructat
2662 3713 2910 3770 verbum
2959 3715 3150 3786 (Psal.
3194 3733 3364 3790 xvm,
3417 3719 3496 3790 3),
3532 3742 3556 3769 ιι
3599 3718 3776 3774 anima
3799 3711 3948 3768 anima.

2390 3803 2510 3857 vita
2536 3802 2695 3874 vitae,
2727 3805 3090 3860 resurrectio
3120 3808 3572 3864 resurrectioni.
3603 3831 3626 3856 σ
3648 3806 3714 3862 Et
3739 3819 3838 3860 nox
3857 3793 3951 3855 not-ii

2391 3890 2610 3946 indicat
2658 3891 2968 3946 scientiam
3012 3893 3238 3966 (Ibid),
3292 3919 3314 3944 η
3369 3897 3486 3953 hoc
3534 3900 3644 3969 est,
3691 3909 3809 3950 caro
3836 3884 3950 3950 carni,

2392 3995 2644 4052 quorum
2672 3981 2877 4052 passio
2905 3997 3110 4038 veram
3135 3981 3275 4040 ﬁdei
3302 3986 3614 4042 scientiam
3650 3983 3878 4041 omnibus
3897 3976 3949 4026 in-

2393 4069 2630 4126 dicavit.
2678 4069 2860 4126 Bonm
2910 4074 3140 4143 noctes,
3170 4075 3382 4130 noctes
3410 4075 3642 4144 lucidas,
3671 4087 3788 4145 quas
3811 4062 3949 4124 habent

2395 4158 2620 4214 stellas.
2659 4179 2684 4210 α
2714 4159 2880 4214 Sicut
2911 4161 3067 4216 enim
3095 4161 3266 4216 stella
3295 4179 3330 4217 a
3363 4164 3537 4219 stella
3564 4161 3744 4218 diti'ert
3766 4161 3816 4213 in
3839 4149 3948 4209 clari-

2393 4249 2530 4318 tate,
2563 4247 2643 4302 ita
2671 4251 2728 4303 et
2756 4250 3116 4306 resurrectio
3139 4254 3508 4308 mortuorum
3525 4253 3583 4325 (Ι
3598 4252 3723 4309 Cor.
3744 4263 3827 4316 xv,
3849 4243 3948 4308 “in

2463 4337 2520 4393 9.
2552 4336 2688 4392 Non
2715 4336 3006 4394 immerito
3037 4342 3232 4396 autem
3258 4341 3528 4414 plerique
3557 4343 3701 4398 hanc
3725 4335 3949 4416 martyras

2393 4427 2896 4483 resurrectionem
2923 4429 3251 4500 appellant:
3273 4413 3478 4486 videro
3506 4433 3691 4486 tamen
3715 4413 3950 4482 utrumsibi

2396 4515 2572 4572 nobis
2603 4519 2762 4572 certe
2792 4520 3082 4590 martyres
3113 4518 3228 4590 (93)
3264 4520 3712 4576 resurrexerint.
3741 4502 3950 4583 Cognovi-

2399 4605 2530 4676 stis,
2564 4605 2682 4662 imo
2711 4604 2948 4662 vidistis
2969 4607 3087 4678 ipsi
3109 4609 3325 4664 multos
3347 4625 3381 4665 a
3402 4609 3702 4666 daemoniis
3724 4598 3950 4676 purgatos:

2395 4749 2667 4820 pellatur.
2713 4747 2898 4814 Quam
2952 4765 3096 4806 vero
3153 4751 3464 4807 basilicam
3517 4751 3734 4808 Faustae
3763 4733 3950 4820 _8l’l?,‘_’“§‘_l

2397 4803 2879 4900 Ambrosius,__ea
2910 4803 3463 4900 nupeSSfVitalﬁis—
3480 4803 3541 4878 et
3562 4803 3822 4900 agricola;

2395 4893 2746 4966 gaudet,_.{\_t
2773 4891 2874 4946 illa
2901 4894 3058 4947 unde
3087 4899 3252 4966 eruta
3286 4898 3425 4950 sunt
3471 4889 3641 4948 sacra
3677 4889 3948 4966 germanae
3990 4907 3991 4964 ξ

2400 4946 2655 5018 Ϋνοῐειεὶἰ
2677 4961 2926 5034 lipsana,
2951 4946 3143 5035 quam
3287 4946 3562 5022 Nil—boris
3577 4946 3648 5017 ac
3677 4957 3856 5035 Felicis
3878 4946 3950 5035 dif;
3990 4953 3991 5008 ἰ

2397 5017 2531 5108 gum
2571 5017 2650 5108 ait
2695 5017 3552 5108 animus,”imitamini;
3579 5034 3776 5108 mutato
3821 5017 3946 5108 Sang“:
3990 5071 3991 5080 η

2400 5084 3208 5162 nausi‘s'ci‘ngsaaiarfm
3238 5084 3540 5164 agiagi;
3578 5084 3946 5175 ognimus:

2401 5177 2473 5232 de
2503 5177 2774 5248 reliquiis
2805 5193 2938 5248 quae
2968 5179 3283 5234 Mediolani
3303 5154 3680 5234 asservantu’r
3695 5161 3899 5226 disserit,
3914 5154 3946 5207 εί

2401 5249 2808 5326 Mabillonium
2838 5248 2977 5303 Itin.
3002 5249 3134 5304 Ital.
3170 5266 3229 5320 p.
3262 5251 3347 5306 15.
3388 5322 3397 5326 _
3661 5315 3690 5326 η
3780 5302 3856 5326 ML,

2473 5321 2586 5392 (91)
2636 5319 2718 5373 Ita
2763 5335 2970 5374 omnes
3013 5303 3192 5391 mss}:
3216 5303 3436 5392 paucis
3484 5315 3740 5392 exceptiS,
3775 5303 3945 5392 μρξξνο

2409 5377 2608 5446 Videte
2636 5391 2874 5461 ponitur
2900 5392 3121 5447 videtis
3143 5377 3388 5449 :cmnes
3408 5407 3545 5446 vero
3565 5377 3708 5454 edit.,
3727 5377 3942 5435 ridetis...

2403 5468 2762 5538 spectantes,
2796 5465 2907 5518 etc.
2966 5491 2982 5538 ί
3114 5535 3130 5538 _
3621 5527 3633 5538 ο
3771 5510 3875 5538 Α,

2474 5533 2585 5604 (92)
2617 5521 2842 5608 Thuan.
2877 5533 3006 5590 cod.
3043 5535 3231 5606 solus,
3283 5560 3304 5584 α
3340 5548 3575 5608 quorum
3604 5527 3717 5608 jam
3757 5521 3941 5608 Ροηξίξξξ

2405 5593 2504 5676 diu
2536 5593 2668 5659 ante
2700 5606 2968 5676 ignorata
3002 5621 3016 5661 :
3055 5629 3078 5655 »
3111 5593 3240 5674 sed',
3275 5593 3406 5663 cuin
3433 5593 3648 5660 caeteris
3677 5593 3943 5656 mss.,P"""°

2403 5675 2704 5745 feruntur,
2734 5675 2838 5731 ubi
2869 5692 3076 5732 omnes
3106 5678 3270 5749 edit.,
3295 5677 3675 5753 proferuntur.
3869 5711 3938 5773 un.

2477 5746 2588 5773 {nim
2617 5746 2834 5773 0....--
2868 5748 2983 5773 ...1η
3039 5750 3090 5773 Αι
3122 5751 3291 5773 _--_-:
3322 5764 3440 5773 ..--
3509 5743 3721 5773 ...Ᾱοιοηι
3745 5737 3866 5773 nnnn
3927 5729 3938 5766 Ι

2476 5729 2599 5819 (93)
2617 5729 2837 5820 caries
2865 5729 3485 5820 editlfetpaaéirmssg
3500 5743 3721 5820 videro;
3735 5729 3941 5820 ,nqgnf'ﬂ

2401 5801 2586 5904 mea;
2613 5801 2646 5871 »ί
2669 5817 2844 5876 video
2874 5820 2933 5900 et
2956 5801 3435 5903 aderamus;
3452 5801 3630 5877 utrum
3651 5803 3762 5879 sibi,
3785 5809 3844 5854 an
3865 5801 3939 5850 πο·
