4072 6174
239 316 384 385 1065

1411 319 1415 324 '
1459 316 2068 393 EPISTOLARUM
2098 274 2440 392 CLASSIS
2472 318 2522 382 1.

3526 314 3685 383 1066

237 520 518 593 plurimos
569 520 776 590 etiam,
824 519 927 576 ubi
969 522 1197 574 vestem
1241 523 1578 576 sanctorum
1629 502 1973 575 manibusA
2013 519 2244 574 Domini
2278 518 2674 590 speculamur,
2722 534 2855 591 quae
2902 521 2997 574 est
3043 520 3362 590 martyrum
3404 517 3685 588 passione

240 609 629 681 contigerunt,
684 608 760 664 iis
809 609 1028 680 quibus
1076 609 1453 679 laborabant,
1504 609 1907 665 debilitatibus

239 698 541 754 absolutos
580 713 594 753 :
629 700 899 769 reparata
928 697 1143 751 vetusti
1162 699 1446 768 temporis
1471 697 1749 752 miracula
1772 697 1905 766 (94),

243 804 352 860 quo
387 803 454 842 se
486 802 593 858 per
622 786 939 842 adventum
969 786 1364 841 DominiJesu
1381 787 1571 859 gratia
1598 786 1774 841 terris
1792 802 1910 840 ma-

237 876 332 949 jor
355 876 674 947 infuderat,
709 876 919 931 umbra
949 875 1200 946 quadam
1223 879 1565 930 sanctorum
1596 890 1910 945 corporum

249 965 564 1038 plerosque
595 967 837 1020 sanatos
871 964 1136 1019 cernitis.
1170 962 1396 1029 Quanta
1427 966 1618 1020 oraria
1649 964 1762 1035 (95)
1785 963 1913 1035 jac-

249 1052 522 1109 titanturl
556 1055 772 1126 quanta
800 1052 1144 1108 indumenta
1174 1068 1357 1123 super
1391 1053 1676 1124 reliquias
1709 1068 1914 1107 sacra-

232 1143 507 1200 -tissimas
552 1132 610 1197 et
667 1143 827 1197 tactu
874 1143 1006 1212 ipso
1061 1141 1434 1197 medicabilis
1480 1139 1912 1210 reposcunturl

247 1232 509 1289 Gaudent
537 1246 746 1287 omnes
778 1232 1042 1285 extrema
1088 1230 1246 1286 linea
1295 1231 1682 1303 contingere;
1731 1232 1789 1285 et
1816 1229 1917 1301 qui

260 1321 589 1395 contigerit,
622 1318 827 1375 salvus
860 1320 992 1374 erit.

327 1411 413 1466 10.
443 1408 676 1467 Gratias
698 1407 824 1479 tibi,
857 1407 1103 1464 Domine
1133 1407 1301 1480 Jesu,
1333 1409 1491 1481 quod
1520 1408 1634 1464 hoc
1661 1411 1923 1481 tempore

259 1498 409 1555 tales
439 1497 623 1593 nobis.
646 1499 985 1552 sanctorum
1001 1478 1328 1593 martyrum
1352 1478 1607 1593 spiritus
1635 1478 1924 1593 excitasti,

253 1604 366 1660 quo
396 1585 664 1643 Ecclesia
686 1588 785 1641 tua
835 1585 1116 1656 praesidia
1170 1584 1401 1657 majora
1441 1584 1743 1640 desiderat
1787 1584 1924 1656 (96):

259 1675 632 1749 Cognoscant
661 1689 869 1730 omnes
907 1673 1117 1746 quales
1164 1689 1280 1746 ego
1329 1678 1807 1746 propugnatores
1837 1690 1929 1731 re-

250 1766 495 1838 quiram,
536 1764 639 1836 qui
685 1778 1066 1835 propugnare
1112 1762 1371 1833 possint,
1430 1762 1779 1835 impugnare
1812 1779 1930 1819 non

2015 607 2330 678 praeterita,
2374 610 2431 662 et
2462 607 2800 678 operatione
2844 623 3136 678 praesens.
3190 606 3533 677 Evasimus,
3572 606 3689 661 fra-

2014 700 2159 765 tres,
2195 712 2315 750 non
2358 697 2718 751 mediocrem
2748 696 2992 767 pudoris
3033 696 3329 750 sarcinam
3360 712 3372 750 :
3408 699 3690 767 patronos

2018 785 2406 857 habebamus,
2441 789 2498 840 et
2527 784 3321 841 nesciebamus.lnvenimus
3352 801 3535 840 unum
3555 785 3691 856 hoc,

2019 890 2136 945 quo
2166 874 2474 929 videamur
2502 879 2789 958 praestare
2813 874 3162 947 majoribus.
3182 873 3533 931 Sanctorum
3549 890 3699 929 mar.

2020 966 2214 1033 tyrum
2246 963 2670 1036 cognitionem,
2695 980 2874 1037 quam
2893 964 2981 1020 illi
3010 964 3357 1035 amiserunt,
3379 979 3493 1020 nos
3521 963 3699 1034 adep-

2022 1052 2066 1105 ti
2097 1067 2326 1106 sumus.

2096 1138 2182 1195 1‘2.
2218 1140 2521 1196 Eruuntur
2547 1142 2724 1197 nobis
2755 1142 3025 1215 reliquiae
3058 1158 3089 1198 e
3121 1143 3400 1215 sepulcro
3428 1140 3700 1216 ignobili,

2025 1229 2418 1285 ostenduntur
2449 1230 2599 1286 ccelo
2636 1234 2880 1302 tropma.
2936 1231 3237 1304 Sanguine
3284 1231 3546 1289 tumulus
3574 1246 3704 1289 ωας

2027 1318 2124 1373 det
2144 1318 2278 1390 (99),
2310 1322 2593 1390 apparent
2621 1320 2854 1376 cruoris
2883 1320 3260 1390 triumphalis
3293 1324 3470 1393 notae,
3502 1316 3699 1376 invio-

2029 1406 2162 1462 latae
2193 1407 2460 1480 reliquiae
2498 1408 2631 1464 loco
2664 1425 2775 1466 suo
2806 1412 2864 1465 et
2893 1409 3099 1465 ordine
3131 1412 3403 1482 repertae,
3435 1409 3713 1465 avulsum

2030 1495 2296 1551 humeris
2358 1500 2550 1568 caput.
2599 1498 2773 1553 Nunc
2818 1514 2999 1555 senes
3046 1500 3320 1569 repetunt
3361 1498 3617 1569 audisse,
3643 1513 3711 1554 se

2031 1584 2347 1657 aliquando
2396 1585 2609 1641 horum
2655 1590 2978 1660 martyrum
3024 1588 3301 1659 nomina,
3363 1588 3714 1660 titulumque

2032 1673 2281 1745 legisse.
2318 1672 2662 1729 Perdiderat
2690 1675 2903 1731 civitas
2936 1692 3083 1731 suos
3120 1680 3435 1748 martyres,
3469 1693 3603 1749 quae
3624 1692 3718 1731 ra-

2035 1762 2163 1833 puit
2192 1761 2441 1818 alienos.
2490 1761 2619 1817 Etsi
2664 1762 2778 1818 hoc
2819 1764 2927 1819 Dei
2958 1781 3176 1819 munus
3206 1768 3320 1836 est,
3350 1768 3545 1821 tamen
3575 1781 3718 1839 gra-

252 1853 502 1910 soleant.
537 1853 810 1942 Hosiego
841 1851 1134 1942 acquisivi
1169 1851 1298 1921 tibi,
1330 1850 1503 1942 plebs
1540 1855 1766 1922 sancta,
1825 1852 1925 1942 qui
1947 1876 2000 1942 Β
2032 1851 2173 1942 tiam
2222 1867 2398 1942 quam
2423 1851 2821 1942 temporibus
2898 1853 3217 1909 sacerdotii
3260 1854 3377 1908 mei
3434 1853 3721 1910 Dominus

249 1943 477 2015 prosint
509 1941 807 2011 omnibus,
831 1940 1052 1995 nemini
1072 1943 1342 1996 noceant.
1376 1940 1551 1996 Tales
1583 1956 1697 2014 ego
1729 1941 1924 1997 ambio
1949 1939 1991 1942 ⁷
2034 1941 2217 1996 Jesus
2256 1939 2480 2011 tribuit,
2527 1956 2749 2013 negare
2790 1956 2908 1997 non
2949 1958 3201 2012 possum
3243 1959 3254 1998 :
3298 1946 3356 1999 et
3399 1942 3537 2015 quia
3591 1945 3722 2015 ipse

262 2032 637 2102 defensores,
660 2030 809 2085 tales
837 2029 986 2094 877
1020 2029 1237 2084 milites
1269 2028 1462 2085 habeo
1493 2028 1604 2101 (9'7)
1638 2047 1649 2085 :
1676 2030 1788 2085 hoc
1819 2034 1929 2102 est,

261 2136 375 2175 non
399 2119 612 2175 saeculi
641 2118 881 2188 milites,
915 2118 1024 2173 sed
1054 2117 1271 2173 milites
1322 2117 1563 2173 Christi.
1598 2118 1832 2174 Nullam
1862 2120 1935 2175 de

257 2209 473 2265 talibus
504 2209 788 2264 invidiam
808 2208 1004 2279 timeo,
1039 2222 1291 2279 quorum
1321 2223 1438 2280 quo
1467 2207 1714 2280 majora,
1747 2224 1817 2264 eo
1838 2211 1934 2263 tu-

256 2298 401 2354 tiora
429 2296 758 2370 patrocinia
789 2299 948 2361 sunt,
1002 2296 1228 2352 Horum
1260 2297 1436 2351 etiam
1467 2296 1588 2351 illis
1629 2296 1801 2369 ipsis,
1834 2297 1938 2370 qui

254 2386 391 2441 mihi
416 2401 526 2441 eos
556 2384 841 2456 invident,
877 2388 1014 2457 opto
1061 2386 1364 2456 praesidia.
1416 2385 1668 2441 Veniant
1706 2403 1850 2458 ergo
1885 2390 1942 2442 et

259 2475 496 2530 videant
532 2474 850 2546 stipatores
881 2490 1048 2530 meos
1074 2490 1090 2545 ;
1121 2474 1340 2530 talibus
1370 2490 1464 2530 me
1511 2476 1695 2530 armis
1725 2475 1937 2542 ambiri

257 2581 374 2620 non
403 2580 559 2637 nego
594 2579 607 2619 :
647 2586 669 2613 α
704 2564 779 2617 Hi
810 2563 871 2619 in
916 2563 1216 2635 curribus,
1263 2568 1320 2619 et
1373 2563 1435 2618 hi
1476 2564 1537 2619 in
1566 2566 1739 2636 equis
1772 2581 1784 2620 :
1819 2580 1932 2620 nos

256 2656 447 2709 autem
475 2653 537 2708 in
574 2653 839 2708 nomine~
861 2651 1096 2708 Domini
1141 2653 1248 2708 Dei
1286 2654 1477 2708 nostri
1523 2654 1939 2727 magnificabi-

256 2760 387 2798 mur
412 2741 601 2814 (Psal.
622 2759 746 2812 xxx,
781 2741 859 2812 8).
896 2765 918 2790 ι»

330 2829 418 2887 11.
451 2830 738 2887 Elisaeum
756 2829 1079 2903 Scripturae
1101 2831 1318 2887 divinae
1349 2832 1543 2888 series
1576 2832 1777 2905 refert,
1803 2849 1937 2889 cum

262 2921 333 2977 ab
383 2920 650 2976 exercitu
690 2919 978 2991 Syrorum
1021 2923 1187 2976 esset
1234 2920 1554 2992 obsessus,
1601 2922 1832 2979 dixisse
1865 2924 1942 2978 ti-

262 3010 443 3066 menti
475 3008 740 3079 servulo,
773 3025 847 3064 ne
875 3009 1110 3064 timeret
1144 3025 1156 3065 :
1197 3032 1218 3057 α
1253 3009 1390 3081 quia
1422 3010 1648 3081 plures,
1675 3034 1695 3060 υ
1728 3013 1939 3092 inquit,

264 3122 285 3147 «ι
318 3115 427 3171 pro
475 3098 650 3153 nobis
697 3100 855 3168 sunt,
902 3114 1078 3170 quam
1123 3101 1330 3154 contra
1359 3114 1469 3155 nos
1501 3100 1616 3169 (ιν
1662 3097 1812 3173 Reg.
1854 3118 1944 3171 xi,

259 3190 384 3260 16);
423 3212 446 3237 ιν
481 3191 539 3243 et
560 3191 621 3242 ut
651 3186 766 3242 hoc
785 3186 1084 3258 probaret,
1107 3188 1336 3259 petisse
1359 3192 1419 3243 ut
1441 3189 1595 3244 oculi
1622 3190 1782 3246 Giezi
1803 3204 1940 3262 ape-

2036 2032 2258 2100 martyr
2295 2043 2434 2084 esse
2482 2045 2602 2086 non
2635 2045 2890 2101 mereor,
2943 2030 3055 2087 hos
3097 2031 3273 2087 vobis
3306 2035 3597 2105 martyres
3627 2048 3725 2088 ac-

2038 2133 2279 2190 qunswx.

2115 2205 2201 2261 13.
2236 2204 2568 2261 Succedant
2598 2206 2854 2263 victimae
2883 2208 3271 2279 triumphales
3302 2209 3364 2265 in
3394 2209 3589 2266 locum
3621 2210 3723 2282 (1),

2044 2296 2147 2352 ubi
2177 2294 2455 2350 Christus
2485 2294 2680 2351 hostia
2711 2300 2822 2351 est.
2873 2295 3012 2367 Sed,
3044 2297 3143 2353 ille
3180 2314 3363 2370 super
3391 2298 3593 2370 altare,
3626 2300 3729 2372 qui

2047 2401 2156 2457 pro
2189 2384 2467 2439 omnibus
2499 2400 2722 2455 passus
2754 2387 2865 2441 est.
2900 2385 3002 2440 Isti
3033 2385 3147 2441 sub
3195 2387 3387 2460 altari,
3425 2388 3529 2461 qui
3564 2388 3730 2443 illius

2047 2474 2333 2544 redempti
2367 2476 2506 2529 sunt
2540 2474 2842 2545 passione.
2869 2474 3042 2530 Hunc
3081 2491 3195 2549 ego
3213 2476 3409 2532 locum
3425 2477 3735 2549 praedesti.

2051 2578 2330 2618 naveram
2378 2562 2562 2632 mihi;
2614 2563 2860 2636 dignum
2901 2567 2994 2619 est
3035 2566 3191 2619 enim
3240 2568 3304 2621 ut
3340 2566 3425 2621 ibi
3454 2566 3605 2631 878
3632 2581 3731 2622 re-

2053 2652 2322 2724 quiescat
2351 2651 2660 2723 saeerdos,
2692 2652 2793 2707 ubi
2824 2651 3037 2709 oil'erre
3068 2657 3419 2711 consuevit:
3454 2656 3562 2711 sed
3585 2656 3733 2713 cedo

2050 2742 2243 2796 sacris
2272 2741 2533 2795 victimis
2556 2741 2859 2797 dexteram
2879 2743 3231 2815 portionem,
3255 2744 3426 2800 locus
3448 2744 3561 2800 iste
3581 2761 3731 2801 mar-

2048 2830 2283 2902 tyribus
2330 2830 2675 2885 debebatur.
2727 2832 3067 2888 Condamus
3118 2849 3264 2906 ergo
3308 2834 3594 2906 reliquias
3634 2850 3735 2890 sa-

2051 2921 2398 2975 crosanclas
2429 2923 2486 2973 et
2514 2919 2715 2992 dignis
2748 2918 2981 2976 aedibus
3009 2921 3477 2995 (2)invehamus,
3509 2927 3730 2979 totum-

2050 3024 2166 3080 que
2199 3009 2356 3063 diem
2384 3008 2500 3062 fida
2533 3008 2846 3064 devotione
2879 3010 3273 3067 celebremus.

2125 3098 2211 3152 14.
2245 3096 2610 3152 Acclamavit
2632 3099 2907 3172 populus,
2940 3103 3003 3155 ut
3033 3101 3092 3154 in
3116 3100 3489 3157 Dominicum
3520 3101 3726 3158 differ-

2053 3189 2216 3241 retur
2245 3186 2399 3240 diem
2422 3189 2742 3257 martyrum
2757 3188 3049 3259 depositio
3080 3205 3091 3244 :
3133 3190 3239 3243 sed
3256 3190 3491 3245 tandem
3522 3191 3729 3246 obten-

259 3240 545 3334 ιῖὲιῖεήιιιῖε
564 3240 893 3348 assam.
913 3240 1782 3347 ape'rt'ié,insanisse—3.123;;
1801 3240 1946 3336 vidit
1970 3240 2024 3311 ο
2046 3292 2195 3354 ,um,
2221 3279 2282 3330 ut
2313 3240 2596 3348 sequenti
2618 3240 2786 3331 ne...
2805 3240 2937 3332 die:
2972 3240 3393 3349 siquam;
3404 3240 3735 3335 nam.

259 3366 566 3439 prophetae
581 3367 880 3421 exercitus
893 3365 1264 3438 angelorum.
1291 3366 1419 3421 Nos
1456 3367 1568 3421 etsi
1604 3384 1710 3422 eos
1741 3369 1943 3426 videre

260 3472 381 3512 non
394 3470 745 3527 possumus,
760 3455 1053 3523 sentimus
1064 3457 1281 3510 tamen.
1299 3455 1480 3511 Erant
1494 3456 1680 3512 clausi
1699 3458 1798 3512 isti
1812 3475 1945 3514 ocu.

261 3545 325 3616 li,
350 3545 633 3617 quamdiu
646 3543 855 3599 obruta
878 3546 1220 3600 sanctorum
1234 3560 1483 3616 corpora
1497 3545 1940 3603 delitescebant.

269 3634 521 3705 Aperuit
548 3633 756 3689 oculos
793 3635 1036 3688 nostros
1071 3633 1380 3705 Dominus,
1417 3633 1675 3690 vidimus
1704 3638 1940 3708 auxilia,

271 3723 493 3795 quibus
525 3738 735 3778 sumus
765 3737 927 3793 saepe
960 3721 1213 3777 defensi.
1248 3722 1383 3778 Non
1411 3722 1762 3780 videbamus
1790 3724 1941 3797 haec,

271 3812 384 3868 sed
413 3811 783 3867 habebamus
810 3814 1028 3881 tamen,
1070 3810 1271 3882 Itaque
1305 3811 1738 3882 trepidantibus
1768 3814 1943 3870 nobis

267 3902 443 3975 quasi
494 3901 711 3956 dixerit
760 3900 1048 3955 Dominus
1099 3916 1110 3955 :
1163 3900 1428 3970 Aspicite
1467 3904 1722 3974 quantos
1769 3904 1944 3959 vobis

266 3993 560 4063 martyres
590 3990 853 4045 dederim
884 4005 897 4045 :
932 3989 1012 4043 ita
1039 3990 1324 4045 reseratis
1343 3990 1535 4045 oculis
1558 3991 1672 4063 (98)
1693 3992 1946 4065 gloriam

263 4133 364 4189 bis
396 4133 564 4207 certi,
600 4153 622 4207 ξ’
659 4131 897 4207 quidam
931 4154 954 4179 α
990 4132 1189 4207 centeri
1219 4134 1511 4203 martyres
1546 4157 1568 4182 η
1603 4138 1661 4189 at
1693 4136 1949 4207 reliquo-

266 4221 400 4260 rum
431 4203 651 4278 a_li_i’sic
676 4203 918 4258 Chabent
950 4220 962 4258 :
992 4223 1018 4253 «
1062 4203 1279 4258 Videre
1328 4206 1521 4278 tamen
1563 4209 1758 4278 utrum
1802 4203 1941 4278 sibi,

266 4276 573 4359 annobis,
607 4279 767 4330 certe
796 4278 1107 4345 martyres,
1133 4278 1268 4345 etc.,
1307 4298 1329 4323 η
1350 4276 1449 4330 alii
1478 4277 1711 4332 tandem
1742 4284 1804 4333 ut
1832 4276 1944 4334 nos

264 4350 771 4487 mgsnitamss.
823 4418 1027 4487 plures
1072 4416 1455 4489 potioresque
1494 4434 1505 4474 :
1549 4420 1647 4474 alii
1696 4437 1837 4477 vero
1890 4425 1945 4476 et

269 4488 673 4570 ompes’edit.,
710 4512 737 4570 ιε
769 4488 985 4570 vetusti
1020 4492 1292 4570 corporis
1330 4488 1630 4570 miracula.
1669 4515 1691 4541 ι

344 4562 460 4632 (95)
486 4560 700 4614 Oran‘a
724 4560 837 4615 hoc
869 4560 1001 4632 loco
1032 4560 1308 4614 dicuntur
1338 4562 1613 4630 sudaria;
1648 4580 1781 4617 nam
1812 4563 1947 4618 alio-

2049 3369 2121 3424 ad
2151 3365 2432 3438 populum
2463 3366 2675 3420 iterum
2697 3381 2896 3420 sermo
2928 3365 3054 3421 fuit.

2122 3459 2212 3512 15.
2263 3456 2560 3510 Hesterno
2618 3455 2865 3509 tractavi
2913 3455 3281 3511 versiculum
3331 3457 3408 3528 (3)
3462 3473 3475 3514 :
3534 3481 3556 3506 «
3591 3459 3733 3516 Dies

2053 3547 2169 3602 diei
2203 3548 2430 3601 eructat
2459 3543 2708 3599 verbum
2731 3543 2922 3616 (Psal.
2955 3561 3101 3599 xvm
3122 3587 3136 3616 ,
3170 3544 3247 3616 3),
3286 3570 3309 3594 ιι
3341 3550 3516 3617 prout
3545 3550 3734 3603 nostri

2057 3638 2264 3707 captus
2296 3634 2426 3689 tulit
2456 3633 2682 3705 ingenii
2716 3648 2729 3688 :
2770 3632 2945 3689 hodie
2993 3633 3137 3688 mihi
3185 3650 3304 3689 non
3333 3635 3529 3691 solum
3558 3651 3735 3708 supe-

2053 3724 2212 3779 riore
2240 3726 2524 3793 tempore,
2575 3721 2682 3777 sed
2725 3722 3011 3792 praesenti
3057 3738 3292 3795 quoque
3338 3723 3732 3794 prophetasse

2052 3813 2287 3868 videtur
2342 3810 2646 3881 Scriptura
2702 3810 2920 3866 divina.
2995 3811 3146 3867 Nam
3205 3828 3339 3867 cum
3393 3812 3606 3868 diebus
3663 3829 3733 3869 ac

2052 3901 2329 3958 noctibus
2392 3900 2789 3955 continuatam
2838 3899 3072 3955 videam
3133 3900 3463 3956 sanctitatis
3512 3905 3731 3958 vestrae

2054 3991 2452 4047 celebritatem
2477 4030 2492 4060 ,
2552 3989 2703 4043 istos
2750 4004 2888 4045 esse
2919 3989 3048 4045 dies
3086 3990 3419 4062 prophetici
3450 3992 3730 4047 carminis

2053 4136 2247 4189 autem
2284 4132 2386 4187 ubi
2416 4147 2624 4205 omnes
2653 4131 2791 4186 edit.
2840 4148 2908 4186 ac
2939 4132 3112 4203 pauci
3142 4149 3315 4204 mss.,
3373 4157 3395 4182 «
3452 4135 3554 4205 qui
3584 4134 3731 4189 mihi

2054 4205 2357 4274 invident;
2403 4226 2426 4253 ιι
2461 4204 2558 4256 alii
2589 4218 2803 4275 magno
2849 4219 3095 4260 numero
3134 4206 3408 4260 inserunt
3452 4204 3725 4261 voculam

2057 4291 2176 4343 eos,
2210 4276 2365 4329 haud
2387 4275 2560 4328 incon
2570 4290 2735 4345 grue.
2775 4298 2795 4321 »ι

2128 4345 2240 4416 (98)
2278 4348 2446 4400 Rom.
2481 4346 2618 4400 edit.
2650 4345 2798 4415 sola,
2836 4368 2857 4392 ‹‹
2906 4348 3188 4401 reseratis
3230 4348 3507 4402 oraculis.
3555 4371 3576 4394 ιι
3617 4347 3727 4400 Mi-

2055 4434 2168 4473 nus
2200 4418 2487 4487 apposite.

2128 4486 2247 4557 (‘99),
2278 4486 2622 4560 ’Gregorius
2670 4486 2888 4560 Turon.
2936 4488 3038 4542 lib.
3086 4506 3124 4542 ι.
3178 4489 3418 4556 Mirac.,
3459 4504 3585 4558 cap.
3634 4488 3722 4558 ~17,

2056 4577 2178 4615 rem
2212 4557 2441 4630 narrat,
2466 4575 2640 4629 quam
2671 4558 2730 4610 in
2761 4557 3138 4630 historiaSS.
3171 4560 3438 4630 Gervasii
3474 4577 3542 4613 ac
3572 4557 3726 4613 Pro-4

268 4609 961 4708 qtfi_sun_t_etia_m_oraria
983 4631 1042 4708 in
1061 4633 1533 4708 sacerdotalibus
1565 4609 1943 4690 indumentis.
1971 4609 2032 4675 D
2056 4634 2191 4708 tasii
2221 4609 2508 4708 proditam
2540 4630 2875 4708 negat,'sed
2922 4629 3035 4683 sibi
3068 4630 3146 4708 ait
3182 4629 3496 4701 cujusdam
3526 4646 3726 4683 narra-

347 4704 462 4774 (96)
512 4703 623 4777 _Hic
649 4703 978 4777 _indicatur_
1009 4703 1262 4777 Justinm
1291 4708 1562 4777 augustae
1586 4708 1944 4777 persecutio,

270 4774 772 4849 quemadmodum
802 4774 873 4849 in
895 4774 1308 4849 Admonitione
1348 4774 1483 4849 jam
1502 4776 1782 4849 diximus.
1816 4774 1948 4831 Cie;

269 4845 469 4903 ferum
496 4845 687 4900 obiter
704 4845 1101 4917 adnotandum
1122 4849 1214 4899 est
1236 4847 1585 4900 sententiam
1616 4847 1767 4901 infra
1790 4849 1949 4917 posi-

268 4929 417 4988 tam,
450 4932 661 4986 nempe
695 4916 909 4988 cTales
940 4932 1053 4988 ego
1075 4917 1269 4970 ambio
1292 4917 1709 4988 defensores,»
1740 4916 1949 4972 factum

2054 4701 2537 4774 tioneﬁcognitam
2570 4716 2581 4753 :
2616 4701 2891 4774 nimirum
2914 4716 3045 4754 cum
3068 4702 3220 4754 inter
3244 4716 3414 4774 sacra
3437 4716 3467 4754 e
3490 4716 3726 4755 camera

2056 4771 2344 4829 decidens
2374 4771 2566 4826 tabula
2614 4771 2909 4841 incapita
2955 4775 3276 4841 martyrum
3325 4772 3479 4825 illisa
3523 4776 3725 4840 esset,

2056 4846 2256 4900 tandiu
2290 4844 2653 4914 Sanguinem
2689 4839 2824 4914 inde
2853 4839 3134 4914 ﬂuxisse,
3160 4843 3353 4913 quoad
3385 4844 3580 4898 omnia
3614 4839 3729 4899 lin?-

2056 4917 2307 4972 teamina
2339 4920 2395 4968 et
2424 4912 2556 4967 vela
2599 4912 3007 4967 ecclesiastica
3056 4912 3274 4968 affatim
3321 4929 3390 4969 eo
3420 4917 3729 4988 tingcrcn-

272 4992 522 5045 Patrum
569 4987 851 5042 memoria
907 4987 1330 5059 celebriorem,
1377 5004 1512 5042 cum
1555 4987 1683 5043 eam
1729 4991 1950 5044 vexillo
2056 4990 2170 5044 tur.

273 5063 626 5133 sanctorum
651 5059 925 5133 Cervasii
945 5059 1299 5133 ac_Protasii
1321 5059 1681 5133 imaginibus
1710 5061 1956 5133 insigni-

2130 5059 2206 5129 (1)
2236 5055 2534 5130 Quidhoc
2556 5054 2695 5130 loco
2720 5056 3072 5130 expressius
3105 5057 3179 5113 ad
3209 5073 3410 5130 veram
3442 5060 3498 5112 et
3529 5076 3734 5130 corpo-

270 5137 358 5201 to,
393 5136 451 5187 et
480 5131 540 5185 in
568 5130 803 5200 publica
844 5130 1271 5201 supplicatione
1316 5131 1389 5184 ad
1436 5125 1757 5186 sedandam
1798 5125 1955 5187 lu'em
2061 5125 2249 5201 ralem
2271 5128 2492 5201 Christi
2522 5127 2579 5201 in
2624 5125 2790 5179 altari
2842 5143 3016 5183 sacro
3063 5129 3443 5201 praesentiam
3474 5125 3731 5199 proban-

272 5202 605 5259 deferendo
637 5201 886 5256 inscribi
914 5200 1158 5255 sanctus
1189 5200 1439 5256 Carolus
1456 5201 1661 5273 jussit,
1683 5207 1744 5257 ut
1775 5204 1953 5259 habe-

270 5280 373 5331 tur
395 5277 458 5328 in
489 5273 625 5343 ejus
652 5273 802 5327 Vita.

349 5344 467 5416 (9'7)
501 5342 613 5398 Pro
635 5343 864 5416 milites
876 5342 1397 5416 babeolegendum
1421 5343 1662 5415 conjicit
1684 5345 1953 5402 Latinius

275 5414 512 5472 milites
533 5431 698 5470 aveo.
732 5415 991 5469 Verbum
1025 5414 1261 5485 quidem
1290 5414 1479 5469 habeo
1516 5417 1575 5469 in
1622 5433 1771 5471 mss.
1805 5434 1957 5472 non-

277 5488 468 5544 nuliis
510 5486 696 5554 deest,
730 5486 837 5540 sed
867 5486 927 5539 in
958 5488 1139 5540 multo
1171 5486 1463 5556 pluribus,
1484 5490 1539 5540 et
1563 5488 1793 5543 cunctis
1817 5489 1956 5544 edit.

947 5573 1037 5630 uae
1068 5559 1375 5630 sequntur,
1411 5572 1619 5630 nempe
1653 5580 1676 5611 ι
1712 5559 1826 5614 hoc
1846 5565 1958 5630 est,

275 5560 598 5631 reperitur.
623 5557 707 5631 Ea
728 5572 871 5631 vero

2062 5203 2194 5257 dam
2225 5200 2340 5255 dici
2368 5198 2579 5270 possit,
2631 5213 2776 5251 sane
2821 5214 2939 5252 non
2988 5198 3282 5255 videmus.
3334 5198 3539 5255 Omnia
3571 5202 3731 5255 iliius

2063 5274 2242 5328 verba
2273 5270 2638 5343 perpendant
2667 5270 2926 5343 sectarii,
2961 5275 3017 5326 et
3047 5276 3100 5327 si
3140 5272 3281 5343 quid
3311 5272 3399 5324 eis
3430 5271 3572 5326 insit
3604 5273 3731 5324 sin-

2067 5340 2325 5400 ceritatis
2360 5340 2427 5395 ac
2455 5341 2629 5395 bona:
2661 5340 2818 5410 fidei,
2863 5357 2987 5397 rem
3019 5340 3375 5398 fatebuntur.

2137 5416 2212 5484 (2)
2245 5414 2464 5468 Omnes
2494 5412 2630 5484 edit.
2663 5427 2731 5465 ac
2752 5413 2921 5482 pauci
2953 5431 3126 5483 mss.,
3152 5438 3173 5461 «
3197 5414 3396 5484 dignis
3419 5411 3682 5467 aedibus:
3708 5432 3728 5459 ιο

2069 5483 2271 5542 contra
2304 5500 2446 5539 vero
2470 5483 2740 5557 plerique
2772 5500 2942 5557 mss.,
2982 5508 3003 5532 ‹‹
3039 5487 3239 5557 dignis
3270 5483 3536 5557 sedibus.
3577 5506 3597 5529 η

2140 5558 2218 5630 (3)
2252 5557 2395 5630 Haec
2426 5555 2627 5610 ultima
2646 5554 2795 5624 pars
2839 5554 3139 5630 ab'hujus
3190 5554 3736 5630 epistolaecorpore

278 5624 407 5689 ιιοή
453 5628 731 5686 seaculi...
781 5624 1063 5684 invidiam
1109 5624 1287 5683 timeo
1312 5669 1327 5699 ,
1361 5624 1397 5678 'u
1448 5629 1508 5684 in
1540 5624 1678 5687 odit.
1740 5624 1965 5689 omissa
2071 5624 2298 5698 avulsa,
2330 5628 2483 5683 inter
2509 5641 2820 5682 sermones
2850 5626 2909 5699 in
2933 5624 3208 5682 omnibus
3232 5624 3373 5699 edit.
3392 5625 3733 5699 collocatur,

279 5704 488 5776 erant,
532 5701 642 5759 sed
684 5715 761 5759 ex
790 5699 1068 5757 omnibus
1113 5715 1265 5760 mss.
1304 5696 1716 5761 restituuntur.
1748 5702 1966 5763 Iterum
2074 5700 2181 5761 sed
2212 5696 2388 5779 quam
2417 5700 2635 5775 inepte,
2664 5711 2850 5773 penes
2881 5697 3165 5757 lectorem
3196 5699 3326 5755 esto
3348 5696 3664 5770 judicium.

575 5871 834 5937 Pauca.
873 5870 1030 5937 XVI.

3387 5869 3461 5941 31
