3942 6168
340 302 500 371 1067

1766 302 1832 369 S.
1878 300 2371 369 AMBROSSII.

3594 306 3731 376 1%8

338 507 576 564 oracula
605 504 996 575 declararunt,
1039 505 1384 561 hesternum
1430 509 1604 578 atque
1633 506 2005 575 hodiernum,
2046 489 2097 551 Α
2132 520 2268 575 nus,
2306 520 2439 560 cum
2486 507 2544 560 et
2583 507 2925 560 muneretur
2954 505 3014 561 in
3053 519 3265 576 opere,
3308 508 3361 560 et
3399 508 3641 577 operetur
3686 509 3739 564 in

336 596 411 652 de
458 596 679 668 quibus
721 596 1229 666 opportunissime
1284 595 1502 651 dicitur
1553 611 1566 651 :
1625 619 1648 643 α
1705 596 1846 650 Dies
1904 594 2022 649 diei

336 687 565 742 eructat
592 681 907 755 verbum‘;
943 708 965 734 ιι
1003 688 1061 740 et
1101 685 1251 739 istas
1288 686 1519 755 noctes,
1553 685 1626 739 de
1658 684 1879 756 quibus
1909 699 2017 754 ap-

337 774 575 830 tissime
606 773 960 845 disputatur,
994 774 1129 846 quia
1165 796 1187 821 υ
1225 788 1346 829 nox
1376 774 1532 829 nocti
1571 773 1790 828 indicat
1817 772 2018 827 scien-

334 862 474 919 tiam
506 863 878 935 (Psa1.xvm,
911 863 992 933 3).
1029 888 1051 912 ιι
1085 863 1235 929 Quid
1266 861 1421 917 enim
1450 863 1608 917 aliud
1654 861 1767 917 hoc
1812 861 2014 929 biduo,

335 953 457 1009 nisi
484 953 737 1008 verbum
769 952 877 1008 Dei
895 953 1099 1008 intimo
1130 952 1448 1007 eructastis
1476 950 1713 1021 affectu,
1737 954 1795 1005 et
1824 950 2019 1004 scien-

335 1041 475 1096 tiam
509 1058 621 1097 vos
648 1040 869 1097 habere
900 1041 1036 1096 ﬁdei
1067 1041 1431 1111 probavistis
1462 1042 1492 1095 ?

411 1148 500 1203 16.
544 1147 651 1203 Cui
681 1151 877 1203 tamen
915 1147 1240 1203 celebritati
1269 1151 1509 1218 vestrae,
1543 1146 1645 1219 qui
1676 1145 1890 1216 solent,
1922 1145 2016 1199 in-

332 1236 560 1292 vident.
593 1236 702 1291 Est
730 1236 867 1308 quia
898 1236 1299 1292 celebritatem
1329 1239 1588 1291 vestram
1637 1234 1854 1289 invidis
1884 1233 2015 1288 ani-

332 1326 451 1381 mis
483 1324 640 1381 ferre
671 1341 790 1381 non
810 1328 1066 1396 possunt
1084 1325 1184 1396 (4),
1218 1341 1458 1381 causam
1480 1323 1838 1380 celebritatis
1869 1322 2014 1378 ode-

334 1416 475 1470 runt
505 1429 520 1470 :
552 1419 728 1487 atque
748 1414 810 1469 in
830 1416 1056 1470 tantum
1076 1414 1347 1469 amentia,
1369 1414 1680 1486 prodeunt,
1703 1415 1767 1468 ut
1794 1413 2016 1483 negent

334 1505 662 1574 martyrum
694 1503 923 1574 merita,
976 1518 1228 1575 quorum
1270 1518 1449 1574 opera
1491 1502 1665 1557 etiam
1709 1500 2013 1556 daemones

334 1590 709 1647 confitentur.
755 1591 872 1646 Sed
921 1590 1037 1647 hoc
1083 1606 1202 1647 non
1244 1592 1499 1661 mirum;
1530 1589 1825 1662 siquidem
1854 1591 2011 1643 tanta

333 1681 427 1737 est
456 1678 902 1735 incredulorum
932 1679 1198 1750 perfidia,
1221 1681 1285 1735 ut
1313 1679 1685 1734 tolerabilior
1700 1677 1778 1733 sit
1795 1676 2011 1732 diaboli

332 1767 682 1840 plerumque
711 1767 1038 1823 confessio.
1073 1767 1318 1822 Dicebat
1347 1768 1502 1823 enim
1524 1766 1797 1823 diabolus
1824 1782 1836 1822 :
1875 1789 1896 1815 ι
1919 1766 2011 1821 Je-

2130 609 2394 649 munere.
2427 592 2594 658 Quod
2626 594 2785 649 enim
2817 594 2951 648 aliis
2983 594 3315 649 faciendum
3342 594 3629 662 donaverit,
3644 596 3738 651 hoc

2130 682 2190 735 in
2220 681 2470 738 aliorum
2521 698 2701 753 opere
2744 698 2961 738 nomen
3004 682 3139 755 ejus
3188 687 3464 753 operatur.
3500 684 3740 757 Legimus

2129 785 2275 842 ergo
2307 771 2367 825 in
2414 770 2741 842 Evangelio
2792 771 3067 842 Judaeos,
3120 787 3253 827 cum
3293 772 3541 827 viderent
3585 773 3639 827 in
3662 773 3742 828 illo

2130 874 2291 914 caeco
2322 859 2593 914 sanitatis
2623 860 2971 928 remedium,
3008 860 3336 931 requisisse
3366 865 3746 931 parentumtes'

2128 948 2457 1003 timonium.
2519 948 2971 1020 Interrogabant
3022 964 3036 1003 :
3080 947 3381 1013 Quomodo
3430 950 3578 1005 videt
3616 950 3745 1006 ﬂlius

2127 1038 2377 1092 vester?
2422 1035 2568 1091 Cum
2607 1034 2706 1092 ille
2757 1038 3027 1093 diceret:
3066 1059 3087 1086 ι
3142 1036 3351 1092 Caecus
3397 1053 3521 1093 cum
3562 1054 3744 1109 essem,

2126 1125 2303 1181 modo
2332 1125 2507 1181 video
2537 1125 2728 1195 (Joan.
2754 1143 2835 1196 Ix,
2868 1126 2981 1197 ‘25).
3013 1148 3034 1175 ι
3063 1126 3192 1181 Hoc
3221 1129 3279 1181 et
3306 1127 3415 1181 iste
3442 1126 3573 1182 dicit
3600 1143 3612 1182 :
3640 1127 3746 1183 Ce-

2123 1230 2231 1269 cus
2270 1214 2375 1283 fui,
2417 1216 2474 1270 et
2511 1214 2686 1270 modo
2724 1214 2933 1271 video:
2960 1216 3321 1288 interrogate
3351 1215 3516 1282 alios,
3554 1216 3602 1271 si
3630 1216 3744 1270 mihi

2124 1318 2244 1358 non
2265 1303 2530 1373 creditis,
2573 1303 2936 1376 interrogate
2986 1307 3327 1375 extraneos,
3374 1319 3448 1359 ne
3484 1304 3748 1375 astipulari

2124 1391 2268 1446 mihi
2307 1394 2585 1462 parentes
2624 1393 2864 1463 putetis.
2908 1391 3327 1448 Detestabilior
3363 1392 3599 1448 istorum
3613 1406 3752 1465 quam

2121 1479 2464 1535 Iudaeorum
2536 1480 2887 1552 pertinacia.
2946 1481 3035 1536 Illi
3098 1496 3232 1537 cum
3286 1481 3633 1554 dubitarent,
3680 1483 3753 1538 vel

2119 1572 2398 1640 parentes
2437 1569 2895 1642 interrogabant
2937 1585 2950 1626 :
2992 1570 3091 1625 isti
3132 1570 3364 1626 occulte
3402 1572 3751 1643 interrogant,

2119 1658 2312 1730 palam
2342 1661 2561 1731 negant
2604 1674 2616 1715 :
2655 1658 2783 1731 jam
2824 1675 2945 1715 non
2984 1660 3151 1731 operi
3182 1658 3491 1731 increduli,
3522 1660 3620 1715 sed
3652 1676 3756 1715 auc.

2122 1747 2258 1802 tori.

282 1920 288 1925 η
333 1872 428 1927 su,
461 1854 573 1911 Fili
606 1856 711 1911 Dei
745 1857 887 1927 vivi,
923 1856 1065 1928 quid
1093 1856 1312 1912 venisti
1328 1858 1461 1911 ante
1477 1858 1709 1927 tempus
1732 1857 2010 1927 torquere
2042 1863 2090 1924 Β
2192 1853 2260 1908 19
2290 1859 2349 1909 et
2376 1854 2466 1910 20.
2498 1853 2616 1910 Sed
2649 1870 2856 1927 quaero
2889 1855 3030 1927 quid
3069 1873 3189 1913 non
3240 1842 3501 1929 credant,
3540 1859 3708 1912 utrum
3729 1873 3754 1910 a

334 1960 447 2001 nos
478 1946 718 2015 (Matth.
751 1962 876 2017 v1,1,
909 1943 1045 2015 29)?
1080 1968 1102 1993 ιι
1147 1944 1218 1999 Et
1249 1961 1382 2000 cum
1426 1945 1557 2000 haec
1603 1944 1873 2000 audirent
1901 1945 2008 2000 Ju-

333 2034 469 2105 daai,
501 2034 618 2104 ipsi
648 2036 847 2089 tamen
895 2034 1002 2089 Dei
1048 2032 1260 2088 Filium
1308 2034 1700 2106 denegabant.
1753 2033 1824 2089 Et
1854 2050 2011 2089 nunc

332 2122 586 2179 audistis
617 2123 939 2177 clamantes
970 2122 1295 2192 daemones,
1329 2126 1386 2178 et
1417 2124 1766 2178 confitentes
1797 2126 2010 2194 marty—

329 2210 502 2267 ribus
534 2211 694 2283 quod
725 2227 932 2283 pinnas
964 2210 1123 2266 ferre
1169 2226 1287 2266 non
1316 2211 1569 2282 possint,
1604 2215 1662 2267 et
1691 2211 1959 2267 dicentes
1995 2228 2006 2267 :

329 2298 483 2366 Quid
512 2299 789 2367 venistis,
821 2302 883 2354 ut
913 2299 991 2370 (5)
1022 2314 1134 2354 nos
1165 2301 1282 2354 tam
1330 2300 1593 2372 graviter
1632 2302 1962 2372 torqueatis
1982 2302 2011 2356 ?

328 2388 403 2445 Et
431 2388 636 2445 Ariani
666 2388 871 2444 dicunt
904 2404 917 2445 :
953 2389 1087 2444 Non
1116 2392 1256 2444 sunt
1285 2388 1382 2443 isti
1413 2392 1725 2461 martyres,
1758 2392 2009 2444 nector-

328 2493 514 2551 quere
543 2478 841 2534 diabolum
871 2481 1146 2549 possunt,
1170 2492 1281 2533 nec
1298 2477 1554 2549 aliquem
1575 2477 1848 2548 liberare,
1875 2494 2007 2533 cum

326 2570 618 2624 tormenta
639 2568 972 2623 daamonum
1003 2567 1270 2639 ipsorum
1304 2581 1451 2621 voce
1474 2567 1800 2637 probentur
1829 2566 1925 2637 (6),
1951 2571 2007 2622 et

326 2656 617 2714 beneficia
646 2660 969 2729 martyrum
982 2655 1263 2711 remediis
1286 2658 1647 2727 senatorum,
1682 2658 1738 2711 et
1767 2655 2007 2711 absolu-

324 2748 520 2804 torum
547 2746 786 2802 indiciis
817 2745 1217 2801 declarentur.

356 2934 359 2937 λ
399 2872 488 2928 1'7.
520 2872 757 2945 Negant
786 2886 1012 2926 caecum
1041 2869 1450 2941 illuminatum,
1485 2870 1593 2925 sed
1624 2870 1724 2925 ille
1755 2886 1872 2926 non
1903 2885 2003 2925 ne-

327 2964 429 3035 gat
459 2976 527 3017 se
556 2962 847 3016 sanatum.
880 2960 983 3014 Ille
1014 2959 1191 3015 dicit:
1218 2960 1425 3030 Video,
1450 2960 1548 3031 qui
1572 2976 1690 3015 non
1707 2959 2002 3016 videbam.

326 3048 430 3106 Ille
461 3049 602 3105 dicit
634 3065 647 3106 :
681 3048 893 3105 Cacus
922 3064 1061 3104 esse
1093 3048 1306 3118 desivi,
1340 3051 1398 3103 et
1436 3049 1646 3119 probat
1690 3048 1865 3103 facto.
1900 3048 2004 3103 Isti

325 3138 683 3196 beneﬁcium
718 3141 970 3210 negant,
1018 3138 1120 3209 qui
1165 3136 1384 3192 factum
1433 3153 1653 3209 negare
1695 3153 1814 3193 non
1857 3153 2002 3208 pos-

325 3231 486 3285 sunt.
520 3229 710 3284 Notus
743 3228 919 3283 homo
950 3230 1042 3282 est
1070 3227 1169 3299 (Ἴ),
1198 3226 1457 3297 publicis
1489 3225 1635 3291 879
1679 3242 1814 3281 cum
1842 3227 2003 3282 vale-
2031 3220 2084 3289 Ο

325 3322 416 3376 ret
442 3319 809 3390 mancipatus
843 3317 1173 3388 obsequiis,
1224 3316 1485 3372 Severus
1516 3316 1773 3387 nomine,
1804 3315 2000 3371 lanius

323 3409 677 3465 ministerio.
710 3407 1077 3478 Deposuerat
1108 3404 1392 3475 ofﬁcium,
1426 3407 1739 3476 postquam
1771 3404 2000 3459 incide-

324 3500 417 3554 rat
442 3496 943 3569 impedimentum.
981 3495 1164 3550 Vocat
1184 3494 1256 3549 ad
1280 3493 1680 3548 testimonium
1702 3493 1999 3566 homines,

323 3602 576 3660 quorum
608 3589 741 3641 ante
774 3584 1220 3641 sustentabatur
1248 3582 1556 3654 obsequiis
1592 3600 1604 3638 ε
1634 3598 1740 3638 eos
1770 3582 2001 3639 indices

323 3691 453 3731 sum
482 3675 840 3730 visitationis
884 3673 1160 3743 arcessit,
1207 3688 1359 3744 quos
1400 3671 1656 3727 habebat
1702 3674 1887 3728 testes
1944 3674 2003 3727 et

321 3763 584 3819 arbitros
614 3764 921 3819 cmcitatis.
954 3762 1177 3817 Clamat
1197 3761 1334 3833 quia
1355 3763 1417 3815 ut
1437 3760 1685 3832 contigit
1706 3760 2002 3816 ﬁmbriam

322 3851 398 3908 de
428 3854 598 3907 veste
637 3854 980 3922 martyrum,
1012 3866 1129 3922 qua
1147 3865 1337 3904 sacrm
1360 3848 1627 3922 reliquiae
1653 3850 2000 3920 vestiuntur,

322 3939 617 3998 redditum
647 3938 765 3994 sibi
794 3938 994 3995 lumen
1026 3939 1123 3994 sit.

393 4046 483 4102 18.
514 4045 724 4102 Nonne
756 4044 951 4100 simile
1002 4044 1160 4100 istud
1191 4048 1304 4115 est,
1354 4047 1529 4117 atque
1567 4044 1709 4099 illud
1750 4044 1907 4116 quod
1940 4045 2001 4100 in

321 4133 650 4208 Evangelia
680 4134 938 4207 legimus
958 4135 988 4188 ?
1034 4131 1225 4188 Unius
1257 4134 1413 4188 enim
1445 4134 1761 4204 potentiam
1794 4133 2000 4188 lauda-

320 4241 460 4283 mus
488 4224 780 4281 auctoris:
802 4238 912 4278 nec
940 4223 1187 4278 interest
1214 4223 1408 4277 utrum
1449 4237 1599 4293 opus
1639 4221 1737 4293 sit,
1767 4238 1841 4277 an
1874 4238 1999 4278 mu-

390 4368 469 4441 (4)
500 4368 650 4425 Mss.
683 4384 802 4425 non
834 4365 1027 4441 pauci,
1067 4389 1088 4412 «ι
1124 4364 1356 4441 referre
1382 4379 1499 4441 non
1513 4367 1788 4441 possunt.
1818 4389 1838 4413 η
1873 4364 1998 4441 Nec

317 4434 492 4514 plane
523 4442 653 4514 sine
685 4434 871 4496 sensu
902 4434 1098 4514 aliquo
1125 4453 1139 4507 ;
1168 4434 1544 4514 petest‘enim
1576 4434 1819 4514 referre
1843 4436 2000 4514 sumi

359 4529 425 4570 ro
456 4513 810 4580 exprimere,
844 4526 913 4564 ac
934 4507 1109 4564 talem
1130 4508 1508 4580 voluptatem,
1533 4507 1767 4580 qualem
1801 4507 1998 4562 catho-

359 4529 425 4570 ro
456 4529 530 4568 ex
575 4529 810 4580 rimere,
844 4529 913 4564 ac
934 4529 1109 4564 talem
1130 4529 1508 4577 vonupwleln,
1533 4529 1767 4578 qualem
1801 4529 1852 4561 ce

316 4529 453 4639 ﬁcis
483 4530 764 4639 a§erebat
785 4599 852 4637 ea
884 4580 1251 4649 solemnitas,
1287 4578 1483 4634 animo
1523 4578 1852 4649 percipere.

2121 1943 2482 2014 martyribus
2524 1943 2766 2014 possint
2796 1944 2976 2016 aliqui
3009 1945 3244 2001 visitari
3265 1948 3294 2001 ?
3325 1946 3451 2001 Hoc
3465 1949 3554 2002 est
3570 1946 3763 2000 Christo

2119 2046 2238 2087 non
2269 2031 2533 2102 credere,
2573 2032 2704 2103 ipse
2735 2034 2892 2088 enim
2923 2034 3071 2089 dixit
3095 2050 3107 2089 :
3129 2034 3201 2089 Et
3228 2035 3457 2106 majora
3486 2036 3577 2089 his
3606 2034 3754 2089 facie-

2118 2120 2403 2179 tistJoan.
2445 2137 2567 2191 xxv,
2606 2121 2716 2192 12).
2752 2124 2843 2176 An
2872 2122 2947 2177 ab
2976 2122 3111 2178 istis
3143 2124 3756 2196 martyribus,quorum

2118 2210 2323 2264 merita
2347 2209 2471 2281 jam
2502 2210 2726 2265 dudum
2758 2211 2995 2283 vigent;
3028 2228 3280 2283 corpora
3322 2212 3538 2267 dudum
3567 2214 3757 2284 reperta

2118 2300 2304 2353 sunt?
2341 2298 2554 2363 Quaero
2605 2299 2703 2353 hic
2736 2302 2934 2354 utrum
2955 2300 3121 2371 mihi,
3160 2318 3238 2356 an
3268 2302 3497 2357 sanctis
3526 2301 3759 2372 martyri-

2117 2387 2232 2442 bus
2264 2387 2610 2443 invideant?
2640 2388 2702 2443 Si
2744 2389 2910 2459 mihi,
2943 2390 3213 2462 nunquid
3242 2407 3279 2445 a
3312 2408 3405 2447 me
3434 2391 3636 2463 aliquae
3663 2390 3759 2443 vir-

2119 2477 2276 2529 tutes
2325 2475 2519 2531 ﬁunt?
2564 2477 2833 2548 nunquid
2875 2493 3006 2533 meo
3062 2494 3281 2550 opere,
3343 2495 3476 2535 meo
3518 2478 3761 2535 nomine?

2119 2562 2238 2617 Cur
2264 2563 2451 2636 igitur
2479 2564 2623 2619 mihi
2654 2565 2952 2637 invident,
3001 2568 3161 2639 quod
3192 2584 3392 2624 meum
3423 2585 3539 2624 non
3568 2569 3693 2623 est?
3714 2567 3761 2622 Si

2114 2653 2473 2724 martyribus
2506 2654 2712 2723 (restat
2761 2654 2918 2709 enim
2962 2658 3025 2710 ut
3062 2656 3116 2711 si
3156 2657 3307 2712 mihi
3348 2674 3469 2713 non
3516 2656 3762 2724 invident,

2117 2742 2477 2812 martyribus
2510 2742 2778 2797 invidere
2808 2735 3171 2814 videantur),
3206 2746 3533 2801 ostendunt
3560 2746 3765 2800 alterius

2116 2830 2253 2885 ﬁdei
2283 2830 2475 2886 fuisse
2522 2834 2848 2903 martyres,
2901 2849 3078 2905 quam
3117 2833 3234 2905 ipsi
3276 2835 3546 2891 credunt.
3594 2834 3767 2906 Neque

2113 2918 2269 2974 enim
2291 2919 2460 2974 aliter
2497 2935 2703 2976 eorum
2740 2921 3023 2992 operibus
3072 2922 3433 2995 inviderent,
3482 2924 3593 2979 nisi
3620 2923 3764 2978 ﬁdem

2114 3007 2173 3062 in
2214 3006 2311 3063 his
2353 3007 2547 3065 fuisse
2586 3024 2714 3065 eam
2741 3051 2755 3079 ,
2808 3026 2985 3082 quam
3022 3011 3124 3067 isti
3170 3028 3296 3067 non
3337 3012 3588 3084 habent,
3638 3011 3766 3085 judi-

2112 3100 2332 3152 carent.
2375 3096 2581 3153 Fidem
2621 3097 2780 3153 illam
2819 3098 3113 3171 majorum
3143 3100 3466 3158 traditione
3492 3103 3764 3170 firmatam,

2110 3202 2286 3258 quam
2316 3186 2619 3243 daemones
2643 3188 2757 3260 ipsi
2789 3203 3010 3261 negare
3028 3204 3145 3245 non
3168 3194 3472 3263 possunt;
3502 3191 3607 3247 sed
3633 3189 3768 3247 Aria.

2108 3276 2169 3331 ni
2197 3279 2435 3348 negant.

2178 3399 2268 3457 21.
2303 3400 2654 3458 Audivimus
2684 3401 2859 3458 hodie
2891 3402 3158 3459 dicentes
3179 3419 3315 3475 eos,
3342 3404 3564 3477 quibus
3587 3418 3768 3460 manus

2107 3490 2557 3561 imponebatur,
2604 3491 2899 3546 neminem
2946 3508 3132 3562 posse
3179 3508 3328 3550 esse
3375 3494 3626 3565 salvum,
3669 3492 3767 3547 nisi

2108 3578 2208 3650 qui
2239 3579 2299 3633 in
2320 3579 2553 3634 Patrem
2571 3583 2628 3635 et
2641 3578 2855 3634 Filium
2887 3583 2944 3635 et
2973 3580 3256 3651 Spiritum
3298 3586 3572 3639 sanctum
3607 3580 3769 3638 credi-

2108 3667 2300 3723 disset
2332 3683 2344 3724 :
2380 3668 2544 3723 illum
2578 3671 2892 3738 mortuum,
2924 3669 3088 3724 illum
3110 3670 3455 3744 funereum,
3489 3673 3588 3744 qui
3614 3670 3770 3742 Spiri-

2106 3759 2228 3812 tum
2260 3760 2530 3812 sanctum
2564 3762 2831 3829 negaret,
2863 3760 2964 3830 qui
2995 3759 3304 3816 Trinitatis
3322 3762 3404 3833 (8)
3434 3762 3769 3833 omnipoten-

2105 3848 2226 3902 tem
2257 3846 2535 3901 virtutem
2575 3862 2693 3902 non
2739 3847 3028 3903 crederet.
3064 3849 3403 3905 Conﬁtetur
3430 3850 3547 3907 hoc
3578 3850 3761 3906 diabo-

2109 3935 2225 4006 lus,
2260 3935 2367 3990 sed
2400 3935 2606 3990 Ariani
2653 3935 2861 3991 nolunt
2903 3936 3093 3993 fateri.
3147 3938 3303 3994 Dicit
3342 3940 3616 3997 diabolus
3647 3955 3659 3995 :
3688 3937 3769 3993 Sic

2107 4026 2473 4096 torqueatur,
2506 4024 2656 4089 880
2689 4026 3183 4096 quemadmodum
3213 4028 3350 4098 ipse
3378 4045 3412 4083 a
3431 4028 3762 4100 martyribus

2108 4113 2517 4185 torquebatur,
2552 4114 2653 4185 qui
2683 4113 2941 4185 Spiritus
2972 4115 3163 4170 sancti
3202 4115 3489 4173 deitatem
3530 4118 3766 4190 negaret.

2180 4220 2269 4275 22.
2302 4220 2437 4276 Non
2466 4220 2693 4292 accipio
2723 4236 2755 4275 a
2787 4221 3023 4278 diabolo
3053 4224 3486 4297 testimonium,
3510 4225 3615 4281 sed
3644 4239 3767 4279 con-

2105 4363 2454 4435 miraculum
2500 4362 2678 4418 simul
2719 4378 2853 4417 cum
2898 4364 3067 4431 aliis,
3100 4380 3250 4435 quae
3299 4369 3695 4423 memorantur
3718 4364 3765 4419 in

2104 4433 2215 4489 hac
2247 4433 2516 4503 epistola,
2538 4438 2766 4505 narrat,
2803 4435 2906 4505 qui
2956 4433 3232 4490 similiter
3270 4439 3587 4494 occulatus
3615 4438 3764 4493 testis

2103 4508 2492 4579 essetantam
2525 4504 2725 4579 fuisse
2750 4504 3102 4561 Arianorum
3134 4509 3558 4579 pervicaciam,
3589 4512 3647 4563 ut
3667 4508 3765 4561 mi-

2012 4587 2071 4649 D
2102 4576 2301 4649 racula
2322 4580 2438 4649 tam
2469 4576 2766 4630 evidentia
2809 4593 2915 4646 pro
2949 4576 3393 4649 commentitiis,
3443 4576 3559 4636 imo
3590 4581 3761 4647 etiam,

390 4654 471 4721 (5)
498 4655 580 4709 Ita
612 4671 787 4726 mss.,
817 4657 874 4708 at
904 4653 1041 4709 edit.
1077 4647 1245 4707 inter
1263 4656 1322 4704 ut
1353 4655 1408 4705 et
1434 4647 1541 4705 nos
1569 4647 2051 4704 inseruntanto_
2102 4651 2165 4726 u_t
2201 4647 2479 4726 Paulinus
2510 4652 2716 4726 auctor
2745 4651 2857 4726 est,
2890 4648 3079 4726 pretio
3113 4647 3413 4726 simulatis
3447 4653 3756 4726 habuerint.

323 4728 567 4779 tempus.

390 4740 923 4865 gguﬁss.a1iquot,
977 4818 999 4843 α
1048 4810 1196 4850 voce
1238 4792 1562 4864 prodantur
1612 4808 1624 4848 :
1673 4814 1693 4841 υ
1748 4791 1996 4865 aliorum

319 4864 512 4935 autem
541 4863 1168 4935 quidam—probantur;
1201 4865 1321 4934 alii,
1345 4880 1414 4919 ac
1446 4865 1607 4933 edit,
1639 4863 1993 4935 probantur.

322 4932 396 4989 Et
423 4947 637 5003 rursus
669 4933 767 4986 ubi
802 4932 1008 4990 omnes
1048 4932 1185 4990 edit.
1234 4939 1290 4990 et
1309 4932 1467 4990 'mss.
1504 4932 1789 5003 nonnulli,
1831 4958 1851 4981 ιι
1905 4951 1999 4989 re-

320 5002 533 5059 mediis
556 5018 888 5076 caacorum;
925 5026 946 5052 υ
982 5006 1080 5059 alii
1121 5007 1331 5076 partim
1372 5029 1393 5053 α
1443 5007 1723 5062 remediis
1757 5002 1997 5061 sancto-

318 5090 533 5201 Ἴκτιν
567 5072 779 5144 partim
813 5072 1151 5130 sanatorun}
1188 5076 1510 5147 praeferunt
1544 5093 1556 5133 :
1591 5076 1750 5149 quod
1798 5079 1991 5148 magis

318 5163 356 5201 ο
380 5160 485 5200 ace
516 5185 528 5199 .

380 5160 528 5200 acet.

316 5163 528 5219 placet.

388 5216 468 5288 ('7)
496 5212 658 5291 Nihil
678 5212 792 5267 hoc
816 5211 1333 5291 miraculocertius
1356 5222 1454 5272 aut
1476 5220 1667 5291 magis
1694 5222 1990 5289 testatum,

317 5285 634 5345 non'modo
664 5286 908 5355 propter
946 5287 1363 5354 gravissimam
1400 5285 1701 5345 Ambrbsii
1731 5285 1991 5345 auctori;

316 5362 530 5429 tatem,
579 5358 637 5412 ct
668 5354 956 5429 adjuncta
997 5354 1167 5429 illius
1201 5358 1502 5429 universis
1548 5361 1993 5417 Mediolanensi-

314 5430 453 5503 bus,
488 5424 641 5502 quos
673 5424 1083 5503 allbqucbatur
1111 5425 1390 5503 hicidem
1433 5432 1678 5503 pracsul,
1727 5447 1993 5503 compar.

314 5496 551 5575 tissim'a
576 5516 592 5570 ς
623 5496 829 5575 verum
857 5496 1040 5575 etiam
1058 5499 1304 5575 propter
1328 5496 1646 5575 Augustini
1666 5496 1987 5575 oculatum,

2103 4719 2523 4793 Verumtamen
2573 4734 2648 4773 ex
2675 4717 3257 4793 iisdemAugustiuo
3306 4726 3484 4793 atque
3534 4721 3756 4777 Paulino

2102 4790 2526 4864 cognoscimus
2558 4788 2862 4864 perfidiam
2895 4788 3314 4864 haereticorum
3362 4788 3433 4848 e'a
3464 4797 3760 4864 martyrum

2101 4860 2608 4928 manifestatione,
2642 4860 2746 4931 isin
2785 4860 2982 4915 minus
3030 4860 3297 4931 fractam,
3333 4865 3542 4919 saltem
3575 4860 3757 4919 debili-

2099 4935 2279 4985 tatam
2311 4931 2501 4995 fuisse
2531 4947 2600 4985 ac
2622 4930 2998 4987 deferbuisse
3020 4930 3519 5002 persecutionem.
3555 4935 3621 4989 Et
3639 4934 3756 4989 hinc

2104 5018 2247 5076 sane
2287 5004 2479 5076 magis
2512 5003 2793 5076 miramur
2823 5003 2975 5076 inter
3002 5005 3190 5076 nostri
3224 5008 3509 5076 temporis
3540 5006 3754 5061 hetero-

2103 5074 2315 5141 doxos,
2348 5073 2447 5144 qui
2478 5074 2579 5126 vix
2610 5073 2897 5144 majorem
2918 5075 2979 5128 in
3006 5074 3185 5130 alium
3205 5073 3388 5131 ullum
3419 5093 3450 5132 e
3478 5077 3752 5141 Patribus,

2102 5161 2276 5217 quam
2309 5145 2373 5217 in,
2400 5144 2782 5199 Ambrosium
2813 5150 3082 5200 nostrum
3102 5150 3543 5203 venerationem
3570 5163 3684 5217 prae
3697 5160 3755 5201 se

2100 5216 2317 5284 ferunt,
2362 5216 2662 5270 inventum
2709 5219 2922 5285 tamen,
2970 5217 3071 5287 qui
3112 5221 3373 5273 veterem
3422 5216 3755 5273 Arianorum

2101 5287 2472 5359 calumniam,
2507 5287 2642 5342 licet
2669 5287 2783 5342 sub
2813 5288 3173 5359 quibusdam
3203 5289 3583 5346 dicteriorum
3613 5289 3753 5343 invo-

2098 5358 2304 5426 lucris,
2347 5362 2679 5414 renovaret.

2171 5429 2249 5505 _(_8)
2281 5430 2698 5505 Omnes_edit..
2737 5452 2759 5477 α
2804 5445 2944 5486 esse
2994 5430 3249 5504 salvum,
3299 5433 3400 5505 qui
3446 5430 3752 5505 Pat_re_mhet

2098 5499 2312 5576 Filium
2332 5504 2401 5576 et
2428 5500 2709 5571 Spiritum
2741 5499 3338 5576 sanctum_negaret,'
3373 5503 3473 5576 qui
3521 5500 3746 5558 Trinita-

314 5572 398 5652 sjt
428 5568 640 5652 verba
664 5571 858 5641 venia,
893 5568 1329 5652 testimonium,
1354 5568 1683 5652 .quodnlib.
1711 5589 1875 5652 ἔχη,
1916 5568 1992 5652 de
2093 5573 2195 5652 tis,
2228 5594 2249 5622 υ
2289 5568 2631 5652 etc._;_mss.
2664 5575 2879 5652 contra
2921 5574 3084 5634 nullo
3128 5568 3600 5652 Excepto'locum
3626 5585 3745 5631 ree-

316 5641 640 5721 initﬂei
656 5684 684 5721 ,_
714 5639 849 5721 cap.
892 5639 955 5713 8,
998 5639 1447 5721 etmexpressius
1487 5639 1901 5721 adhucSerm.
1932 5646 1993 5703 in
2092 5639 2329 5721 tituunt,
2359 5639 2513 5706 utin
2543 5646 2842 5705 contextu.

312 5712 513 5787 Natali
540 5711 710 5775 mart.
743 5711 921 5777 Gerv.
942 5711 1016 5774 et
1051 5711 1210 5776 Prot.
1252 5712 1455 5793 legere
1485 5715 1596 5775 est.
1631 5712 1791 5776 Idem
1821 5716 1994 5780 etiam
