4072 6174
267 410 425 485 1069

265 622 619 677 fessionem.
651 619 877 676 Invitus
909 618 1056 675 dixit
1094 620 1387 692 diabolus,
1440 622 1548 676 sed
1590 624 1834 676 exactus
1883 583 2017 677 et

266 713 480 766 tortus.
514 708 681 774 Quod
710 709 968 781 nequitia
1001 710 1333 780 supprimit,
1377 712 1690 780 extorquet
1719 709 1937 781 injuria

273 799 373 871 (9).
405 797 573 854 Cedit
615 798 888 853 diabolus
936 799 1153 870 plagis,
1205 802 1262 853 et
1304 799 1497 853 adhuc
1545 800 1755 854 cedere
1793 814 1936 853 nes-

270 888 433 943 ciunt
462 888 688 942 Ariani.
722 885 944 953 Quanta
975 887 1250 958 perpessi
1282 892 1439 957 sunt,
1474 891 1531 942 et
1551 888 1933 959 quemadmo-

269 977 407 1032 dum
438 977 689 1046 Pharao,
725 977 897 1031 malis
928 976 1058 1031 suis
1089 975 1465 1031 induranturl
1520 977 1762 1031 Dicebat
1807 977 1935 1030 dia-

267 1066 465 1135 bolus,
499 1068 563 1121 ut
592 1066 879 1136 scripturn
910 1065 1188 1137 legimus,
1226 1088 1248 1114 α
1301 1065 1437 1121 Scio
1466 1069 1523 1120 te
1554 1066 1698 1137 quis
1721 1065 1830 1131 sis,
1874 1068 1936 1120 tu

267 1170 335 1210 es
368 1155 560 1210 Filius
590 1154 697 1209 Dei
726 1155 846 1209 vivi
879 1154 1093 1224 (Mare.
1125 1172 1164 1224 ι,
1194 1154 1307 1224 24).
1347 1178 1370 1203 ιο
1406 1154 1691 1209 Dicebant
1720 1153 1931 1223 Judaei,

269 1268 291 1292 ιι
312 1244 782 1315 Nescimusquis
800 1244 879 1298 sit
909 1243 1099 1314 (Joan.
1132 1261 1215 1314 ιχ,
1248 1242 1362 1313 29).
1392 1266 1414 1292 ι»
1439 1243 1727 1298 Dicebant
1757 1242 1932 1297 hodie

266 1337 324 1389 et
355 1334 663 1404 superiore
693 1333 788 1388 die
818 1331 914 1387 vel
943 1335 1116 1388 nocte
1146 1333 1450 1388 daemones
1481 1348 1493 1387 :
1529 1332 1764 1387 Scimus
1797 1330 1935 1402 quia

266 1424 559 1493 martyres
591 1421 760 1477 estis.
812 1420 883 1476 Et
922 1421 1123 1478 Ariani
1154 1421 1357 1478 dicunt
1388 1437 1401 1476 :
1435 1421 1776 1488 Nescimus,
1826 1434 1935 1474 no-

265 1511 464 1566 lumus
494 1510 846 1583 intelligere,
879 1509 1157 1565 nolumus
1189 1509 1451 1565 credere.
1485 1510 1700 1563 Dicunt
1716 1508 1934 1563 daemo—

273 1616 382 1655 nes
410 1598 806 1671 martyribus:
828 1598 1091 1653 Venistis
1121 1598 1371 1669 perdere
1401 1613 1544 1667 nos;
1592 1596 1794 1652 Ariani
1841 1595 1935 1650 di-

273 1691 440 1744 cunt:
462 1688 593 1743 Non
624 1689 764 1743 sunt
794 1687 1128 1743 daemonum
1159 1702 1299 1742 vera
1326 1689 1636 1756 tormenta,
1672 1685 1778 1740 sed
1802 1684 1936 1739 ficta

270 1780 327 1832 et
358 1777 685 1848 composita
717 1775 991 1831 ludibria.
1024 1776 1240 1831 Audivi
1272 1775 1451 1830 multa
1483 1774 1776 1845 componi,
1824 1773 1939 1829 hoc

265 1882 439 1922 nemo
469 1881 731 1937 unquam
762 1865 988 1937 tingere
1019 1865 1226 1936 potuit,
1260 1868 1323 1919 ut
1352 1864 1683 1920 daemonem
1714 1867 1825 1939 (10)
1869 1879 1937 1921 se

265 1970 407 2009 esse
438 1954 763 2009 simularet.
796 1953 947 2020 Quid
978 1953 1142 2024 illud,
1177 1953 1334 2024 quod
1364 1954 1441 2008 ita
1492 1957 1783 2028 exagitari
1829 1974 1935 2015 eos

264 2044 559 2114 videmus,
590 2043 809 2116 quibus
838 2058 1048 2097 manus
1079 2043 1440 2113 imponitur?
1485 2044 1602 2099 Ubi
1634 2044 1731 2101 hic
1763 2046 1935 2103 locus

263 2132 459 2187 fraudi
489 2135 629 2187 est?
661 2131 764 2187 ubi
795 2131 1063 2201 suspicio
1095 2131 1434 2187 simulandi.

334 2239 425 2294 23.
466 2238 584 2294 Sed
612 2255 729 2294 non
761 2254 907 2311 ergo
937 2239 1011 2293 ad
1041 2236 1391 2310 sutfragium
1416 2243 1737 2312 martyrum
1759 2259 1940 2298 usur-

260 2344 340 2400 po
368 2344 578 2384 vocem
608 2328 1056 2383 daemoniorum.
1091 2328 1407 2384 Beneﬁciis
1439 2330 1569 2384 suis
1600 2346 1773 2386 sacra
1808 2348 1942 2403 pas-

262 2418 359 2473 sio
406 2417 841 2488 comprobetur.
888 2416 1081 2471 Habet
1118 2416 1378 2488 judices,
1426 2418 1537 2473 sed
1585 2423 1875 2492 purgatos
1921 2436 1934 2477 :

261 2506 445 2562 habet
472 2509 680 2576 testes,
715 2507 823 2561 sed
852 2505 1183 2561 absolutos.
1225 2505 1435 2561 Melior
1461 2523 1580 2562 vox
1610 2512 1722 2577 est,
1760 2526 1937 2581 quam

263 2596 494 2650 sanitas
526 2595 787 2667 loquitur
813 2610 1040 2665 eorum,
1092 2594 1194 2665 qui
1242 2594 1473 2651 debiles
1522 2597 1889 2653 advenerunt
1922 2614 1934 2655 :

264 2684 479 2740 melior
503 2700 622 2740 vox
651 2686 765 2755 est,
811 2700 987 2756 quam
1017 2684 1268 2756 sanguis
1300 2684 1526 2756 emittit,
1575 2686 1753 2742 habet
1781 2688 1938 2743 enim

263 2773 520 2846 sanguis
546 2788 757 2829 vocem
788 2788 1090 2843 canoram,
1133 2788 1269 2844 quae
1302 2773 1375 2829 de
1405 2774 1584 2830 terris
1615 2775 1690 2830 ad
1721 2776 1937 2832 coelum

263 2863 556 2935 pervenit.
607 2862 872 2935 Legistis
904 2862 1135 2917 dicente
1166 2861 1288 2917 Deo
1325 2877 1338 2918 :
1376 2885 1398 2911 α
1432 2862 1692 2936 Sanguis
1736 2865 1937 2921 fratris

261 2952 348 3007 tui
395 2952 607 3007 clamat
651 2952 726 3006 ad
767 2966 860 3007 me
904 2950 1078 3022 (Gen.
1115 2966 1195 3020 IV,
1230 2948 1340 3022 10).
1378 2971 1401 3001 ιι
1457 2951 1529 3006 Et
1558 2953 1654 3008 hic
1686 2956 1937 3027 sanguis

265 3041 478 3096 clamat
509 3040 729 3097 coloris
760 3040 979 3099 indicio
1013 3056 1025 3095 :
1058 3040 1309 3113 sanguis
1341 3041 1551 3096 clamat
1572 3044 1936 3113 operationis

260 3130 567 3203 pmconio
618 3145 631 3185 :
684 3130 937 3202 sanguis
988 3129 1199 3185 clamat
1249 3130 1553 3200 passionis
1615 3132 1932 3203 triumpho.

261 3218 646 3275 Satisfactum
677 3221 771 3273 est
800 3218 1067 3289 petitioni
1097 3221 1317 3273 vestrae
1348 3218 1483 3289 (11),
1516 3221 1935 3277 utcondendas

1452 412 2055 486 EPISTOLARUM
2087 410 2422 485 CLASSIS
2460 418 2507 483 Ι.

3552 423 3716 489 1070

2123 637 2247 693 quae
2278 620 2434 676 diem
2459 621 2763 692 passionis
2793 638 2860 677 ac
2889 623 3045 678 diem
3086 624 3560 679 resurrectionis
3599 626 3717 682 dis-

2125 692 2480 764 tinguendos
2512 707 2649 747 esse
2683 692 2784 747 ubi
2812 694 3153 749 demonstra
3167 695 3268 764 vit,
3303 694 3717 753 dill‘icultates-

2123 780 2232 835 que
2263 763 2437 817 diluit
2469 764 2736 835 exemplo
2767 770 3089 837 temporum
3118 767 3489 837 superiorum
3520 768 3596 823 ad
3616 768 3715 823 lit-

2125 843 2314 888 teram
2364 850 2470 888 nos
2519 851 2631 890 non
2680 837 2879 890 teneri
2924 836 3241 891 declarat:
3272 844 3331 892 et
3360 839 3713 896 conﬁrmata

2125 910 2243 958 tota
2275 905 2694 975 disputatione,
2736 908 2993 962 virtutes
3036 908 3417 965 celebrandae
3461 910 3716 967 Pasclim

2124 977 2505 1030 necessarias
2527 978 2913 1050 perstringit.

2053 1080 2321 1160 Dominis
2351 1081 2635 1160 fratribus
2656 1084 3065 1160 dilectissimis
3088 1087 3390 1158 episcopis
3406 1104 3517 1160 per
3530 1089 3721 1146 {Emi-

2243 1152 2381 1206 liam
2411 1154 2749 1211 constitutis
2778 1152 3143 1213 Ambrosius
3166 1152 3509 1232 episcopus.

2123 1258 2175 1313 1.
2218 1258 2351 1315 Νοιι
2380 1260 2699 1327 mediocris
2728 1277 2866 1318 esse
2898 1264 3205 1335 sapientiae
3256 1267 3412 1322 diem
3459 1269 3715 1325 celebri-

2050 1347 2185 1401 tatis
2218 1348 2462 1404 definire
2493 1350 2795 1421 paschalis
2826 1355 2882 1407 et
2910 1351 3213 1424 Scriptura
3245 1356 3446 1412 divina
3475 1374 3587 1414 nos
3619 1359 3715 1415 in-

2054 1437 2247 1507 struit,
2280 1441 2337 1493 et
2375 1439 2606 1495 traditio
2652 1439 2946 1512 majorum
2979 1458 2993 1496 :
3026 1443 3128 1514 qui
3170 1446 3595 1507 convenientes
3645 1455 3721 1512 ad

2051 1526 2345 1596 synodum
2374 1527 2485 1598 (13)
2519 1528 2842 1600 Nicaenam,
2872 1532 3028 1586 inter
3057 1532 3197 1597 881
3236 1534 3336 1590 illa
3365 1536 3502 1594 fidei
3532 1545 3595 1597 ut
3624 1559 3725 1600 ve-

2051 1626 2135 1680 ra,
2181 1613 2258 1666 ita
2291 1614 2633 1670 admiranda
2664 1617 2922 1687 decreta,
2954 1621 3131 1674 etiam
3161 1637 3346 1694 super
3377 1626 3719 1688 celebritate

2050 1704 2370 1756 memorata
2403 1706 2785 1776 congregatis
2816 1707 3199 1776 peritissimis
3223 1712 3575 1790 calculandi,
3606 1720 3724 1789 lde-

2051 1803 2182 1843 cem
2230 1792 2287 1844 et
2335 1806 2549 1845 novem
2603 1807 2894 1848 annorum
2954 1796 3238 1868 colligere
3297 1804 3609 1879 rationem,
3668 1812 3727 1866 et

2049 1878 2223 1949 quasi
2278 1879 2591 1950 quemdam
2648 1882 3011 1938 constituere
3080 1886 3388 1962 circulum,
3459 1909 3535 1950 ex
3594 1878 3719 1969 quo

1970 1980 2022 2044 Β
2049 1966 2382 2038 exemplum
2413 1968 2472 2023 in
2494 1984 2684 2025 annos
2716 1970 2982 2043 reliquos
3013 1974 3384 2045 gigneretur.
3410 1981 3583 2040 Hunc
3605 1966 3720 2043 cir-

2049 2055 2246 2111 culum
2303 2058 2830 2114 enneadecaterida
2886 2070 3330 2137 nuncuparunt,
3396 2077 3724 2143 sequentes

2045 2143 2211 2215 illud,
2246 2145 2403 2216 quod
2433 2162 2553 2201 non
2585 2147 2908 2204 debeamus
2939 2166 3089 2205 vana
3137 2153 3391 2224 quadam
3444 2162 3721 2230 opinione

2048 2248 2232 2303 super
2282 2234 2621 2290 celebritate
2668 2236 3013 2308 hujusmodi
3060 2240 3366 2316 ﬂuctuare,
3419 2249 3528 2304 sed
3576 2260 3721 2307 vera

2048 2322 2275 2378 ratione
2324 2327 2644 2395 comperta,
2697 2325 2775 2379 ita
2820 2327 3081 2382 omnium
3130 2338 3449 2391 concurrat
3488 2336 3721 2397 affectio

2050 2409 2185 2481 (t4),
2216 2414 2280 2466 ut
2309 2428 2426 2467 una
2455 2416 2628 2468 nocte
2656 2413 2877 2486 ubique
2911 2417 3271 2476 sacrificium
3302 2438 3412 2494 pro
3443 2441 3721 2485 resurre-

2051 2500 2242 2555 ctione
2273 2501 2504 2556 Domini
2537 2502 2836 2559 defcratur
2866 2503 3000 2575 (15).

2118 2606 2171 2661 2.
2215 2607 2448 2663 Domini
2478 2608 2692 2664 fratres
2721 2610 3118 2685 dilectissimi,
3153 2631 3223 2672 eo
3262 2634 3456 2692 usque
3495 2638 3531 2677 a
3574 2639 3720 2681 vero

2046 2711 2159 2751 nos
2189 2696 2426 2753 deviare
2458 2714 2577 2763 non
2606 2702 2902 2772 convenit,
2934 2717 3044 2757 nec
3091 2720 3246 2778 vago
3294 2707 3537 2781 ingenio
3590 2713 3721 2769 dis-

2048 2800 2312 2856 crepare,
2343 2789 2406 2841 ut
2435 2788 2708 2859 quadam
2745 2791 3079 2848 necessitas
3123 2795 3484 2855 celebritatis
3530 2801 3720 2875 hujus

2048 2874 2323 2930 omnibus
2352 2877 2430 2931 sit
2459 2876 2733 2948 imposita
2761 2877 3151 2954 Christianis;
3203 2887 3439 2956 quando
3478 2874 3721 2961 quidem

2045 2963 2175 3034 ipse
2206 2964 2494 3021 Domiuus
2527 2982 2661 3021 eum
2692 2967 2872 3041 elegit
2902 2969 3077 3043 diem,
3110 2988 3229 3044 quo
3255 2976 3505 3046 {Pascha
3553 2980 3716 3037 cele-

2044 3051 2266 3124 braret,
2303 3054 2403 3125 qui
2435 3070 2568 3110 cum
2598 3055 2994 3115 observantia
3023 3077 3182 3116 verae
3214 3065 3441 3122 ratione
3464 3083 3714 3126 concur-

2046 3142 2140 3196 rit.
2173 3141 2470 3213 Scriptum
2501 3147 2594 3199 est
2624 3146 2779 3200 enim
2813 3162 2825 3202 :
2864 3170 2886 3194 α
2918 3147 3091 3204 Venit
3121 3155 3317 3207 autem
3346 3155 3498 3226 dies,
3522 3158 3581 3212 in
3603 3175 3719 3230 qua

2045 3246 2300 3287 necesse
2331 3236 2456 3287 erat
2486 3233 2716 3289 Pascha
2746 3234 3056 3308 immolari,
3090 3242 3147 3293 et
3176 3241 3339 3297 misit
3376 3244 3611 3301 Petrum
3660 3253 3719 3303 et

261 3308 547 3405 hesterno
602 3308 662 3363 in
721 3307 1074 3363 hodiernum
1129 3307 1286 3362 diem
1351 3306 1728 3365 differremus
1790 3311 1935 3365 l‘eli-
1972 3339 2024 3405 ο
2046 3320 2353 3391 Joannem,
2389 3322 2597 3377 dicens
2632 3339 2643 3378 :
2678 3322 2901 3378 Euntes
2931 3306 3131 3396 parate
3161 3329 3336 3385 nobis
3371 3332 3608 3389 Pascha
3652 3340 3716 3391 ut

262 3399 462 3470 quias.

717 3485 1085 3541 EPISTOLA
1123 3485 1315 3540 XXIII
1348 3486 1398 3557 (1
1408 3486 1484 3556 2).

261 3574 607 3631 Deﬁniendi
642 3574 982 3646 paschalem
1032 3574 1188 3646 diem
1239 3574 1596 3630 difﬁcultate
1642 3592 1711 3630 ac
1758 3578 1940 3632 simul

336 3645 701 3702 necessitate
724 3647 1072 3718 propositis,
1107 3645 1332 3700 licitam
1367 3662 1505 3718 esse
1558 3648 1790 3702 dierum
1836 3651 1935 3704 ob-

334 3717 772 3787 servationem,
806 3717 962 3791 udum
1021 3719 1386 3791 superstitio
1428 3717 1620 3788 absit,
1681 3719 1927 3791 probat.

334 3805 625 3861 suumque
646 3788 957 3844 ('onsilium
987 3789 1203 3860 aperit.
1234 3788 1334 3861 Ad
1362 3789 1471 3843 hoc
1501 3788 1761 3861 quaenam
1792 3808 1932 3847 con-

332 3858 684 3930 sideranda,
738 3876 925 3933 quove
965 3858 1141 3932 pacto
1191 3858 1567 3917 observanda
1599 3861 1740 3916 lex?
1787 3864 1932 3918 l’ost

332 4002 784 4076 (9)_7Exitorquet
811 4002 1052 4076 injuria,
1091 4026 1112 4049 η
1148 4003 1209 4058 id
1239 4006 1350 4072 est,
1385 4003 1703 4076 cruciatus
1737 4007 1793 4061 et
1821 4006 1930 4061 do-

261 4074 510 4130 lor.'Sic
538 4074 715 4146 lib.’n
747 4075 822 4130 de
848 4074 1177 4146 Abraham,
1213 4090 1340 4145 cap.
1376 4074 1429 4144 8,
1480 4091 1641 4129 num.
1674 4077 1726 4146 5,
1765 4098 1786 4127 α
1823 4078 1930 4132 do-

254 4148 457 4201 metur
486 4145 761 4217 injuriis,
785 4168 807 4193 σι
840 4161 967 4216 pro,
1008 4169 1031 4217 ιι
1056 4145 1257 4200 labore
1287 4161 1356 4199 ac
1377 4145 1750 4211 verberibus.
1797 4170 1819 4196 ι

332 4217 450 4287 (10)
491 4216 621 4272 vet.
674 4216 838 4286 edit.,
885 4220 948 4271 ut
995 4216 1424 4271 daemoniacum
1459 4233 1471 4272 :
1513 4238 1535 4267 ι
1588 4234 1735 4272 mss.
1777 4235 1928 4274 non-

261 4288 491 4361 nulli,_-
527 4292 591 4342 ut
619 4287 996 4358 daemonium,
1036 4309 1057 4336 ι
1092 4287 1190 4341 alii
1220 4288 1443 4358 plures,
1476 4291 1533 4342 et
1564 4288 1732 4343 Rom.
1767 4292 1927 4361 edit.,

264 4382 286 4406 ιι
333 4366 396 4413 ιιι
427 4359 776 4414 daemonem.
824 4380 845 4407 ι

333 4430 451 4500 (11)
492 4430 658 4502 Haec
692 4429 1000 4502 translatio
1059 4444 1365 4502 sacrarum
1424 4430 1805 4502 reliquiarum
1870 4432 1931 4487 in

258 4501 585 4575 Martyrol.
617 4501 782 4575 llam.
814 4501 1070 4556 refertur
1097 4518 1202 4556 xm
1234 4501 1362 4557 Kal.
1396 4501 1642 4574 Jul.,’de
1669 4519 1783 4575 qua
1817 4519 1929 4559 nos

258 4573 322 4627 in
350 4572 772 4627 admonitione.

329 4641 445 4714 (t2)
486 4644 715 4714 Scripta
743 4659 898 4698 anno
927 4642 1053 4699 386.

332 4713 449 4784 (13)
491 4713 708 4769 Bedam
738 4715 1007 4786 aliosque
1039 4714 1376 4784 nonnullos,
1411 4715 1512 4786 qui
1537 4732 1655 4770 non
1677 4717 1927 4772 concilio

258 4785 532 4855 Nicano,
578 4786 686 4841 sed
731 4785 993 4841 Eusebio
1040 4786 1399 4840 Caesariensi
1431 4785 1928 4841 'decemnovalem

259 4857 497 4929 cyclum
523 4857 865 4929 attribuunt,
902 4858 1193 4929 Baronius
1223 4857 1296 4929 ad
1325 4874 1545 4929 annum
1572 4858 1677 4911 325
1720 4874 1926 4928 repre-

256 4928 464 4983 hendit
511 4928 891 4984 Ambrosiani
940 4928 1193 4999 hujusce
1241 4928 1356 4983 loci
1405 4930 1777 4998 auctoritate,
1833 4929 1927 4982 cui

255 4999 434 5055 etiam
463 5000 736 5072 Dionysii
768 4999 981 5072 Exigui
1013 5000 1416 5072 testimonium
1447 5016 1521 5053 ex
1560 5000 1747 5069 prima
1790 5000 1925 5070 ejus

256 5071 511 5143 cpistola
562 5070 825 5143 jungere
862 5070 1174 5143 potuisset.
1230 5071 1645 5143 Verumtamen
1702 5072 1923 5125 erroris

258 5142 610 5212 Dionysium
660 5142 857 5213 arguit
907 5142 1270 5210 Bucherius;
1322 5142 1702 5197 Ambrosium
1731 5146 1925 5196 autem

255 5214 317 5268 in
349 5214 460 5268 hac
494 5214 741 5282 epistola
772 5213 968 5267 minus
1001 5213 1155 5267 clare
1187 5213 1446 5267 locutum
1477 5229 1551 5268 ex
1582 5229 1651 5268 eo
1695 5214 1921 5284 probat,

255 5284 419 5355 quod
466 5285 619 5338 infra
664 5284 949 5339 circulum
1007 5284 1569 5339 enneadecateridos
1622 5301 1737 5338 non
1786 5285 1927 5338 dicit

256 5359 462 5426 aperte
513 5358 918 5424 constitutum,
969 5356 1077 5409 sed
1122 5355 1218 5409 his
1264 5355 1465 5409 verbis
1512 5358 1735 5410 utitur:
1787 5380 1807 5401 α
1863 5356 1925 5410 Si

256 5427 396 5507 quis
441 5426 758 5507 diligenter
800 5426 1091 5507 intendat,
1134 5426 1509 5507 statuendum
1552 5430 1843 5507 putarent.
1898 5450 1920 5507 ιτ

257 5497 387 5579 Nos
420 5497 660 5579 quidem
690 5498 991 5579 Bucherio.
1014 5513 1132 5552 non
1161 5498 1523 5579 assentimur
1550 5497 1614 5579 in_
1644 5513 1735 5579 eo,
1770 5497 1927 5579 quod

256 5572 321 5623 ut
354 5569 740 5624 Ambrosium
771 5584 904 5639 quae
937 5569 1031 5623 hic
1054 5584 1237 5638 super
1259 5567 1506 5623 Paschae
1530 5567 1926 5639 celebratione

257 5639 456 5708 tradit,
485 5656 520 5693 a
549 5638 878 5710 Theophilo
907 5640 1120 5710 probet
1148 5641 1470 5693 mutuatum
1514 5638 1726 5706 fuisse,
1774 5640 1926 5693 hanc

248 5710 586 5782 epistolam,
616 5726 712 5765 an.
760 5710 861 5782 881
917 5714 1054 5782 post
1104 5710 1355 5779 Pascha,
1411 5732 1433 5782 οξ
1482 5711 1746 5782 secundo
1795 5714 1930 5782 post

252 5727 573 5837 lesiswiam
616 5727 712 5765 an.
760 5727 861 5765 δδι
917 5727 1054 5782 post
1105 5727 1355 5779 rascna,
1411 5732 1433 5757 οι
1482 5727 1746 5765 secundo
1795 5727 1929 5780 posr

252 5797 291 5847 β
336 5782 484 5839 itum
512 5798 546 5837 a
575 5781 1114 5855 TgheophiloAlex.
1164 5779 1539 5855 Laterculum
1587 5781 1929 5855 paschalem

255 5867 415 5923 anno
450 5874 474 5910 ι
510 5853 793 5949 scriptam
833 5853 1106 5931 afﬁrmat,
1154 5868 1289 5914 cum
1333 5852 1509 5919 nobis
1550 5852 1922 5930 probabilius

2045 3410 2492 3465 manducemus.
2524 3412 2599 3465 At
2627 3412 2711 3466 illi
2741 3412 3017 3469 dixerunt
3048 3432 3061 3471 :
3101 3416 3216 3472 Ubi
3259 3420 3352 3474 vis
3385 3438 3663 3492 paremus
3685 3428 3713 3480 ‘?

2046 3498 2117 3553 Et
2144 3498 2291 3553 dixit
2312 3500 2386 3553 ad
2418 3499 2553 3555 illos
2590 3516 2601 3556 :
2636 3500 2790 3556 Ecce
2824 3504 3262 3563 introeuntibus
3291 3510 3468 3566 vobis
3515 3513 3577 3568 in
3627 3515 3715 3568 ci-

2042 3588 2301 3657 vitatem,
2337 3591 2573 3642 ocurret
2602 3589 2778 3645 homo
2809 3592 3151 3662 amphoram
3201 3613 3371 3668 aquae
3419 3605 3663 3670 portans
3697 3620 3708 3659 :

2041 3675 2371 3747 Sequimini
2418 3693 2549 3731 eum
2603 3679 2662 3732 in
2709 3679 2968 3752 domum,
3005 3682 3064 3737 in
3098 3700 3273 3755 quam
3304 3687 3499 3758 intrat,
3533 3694 3591 3745 et
3621 3692 3713 3745 di-

2045 3766 2192 3820 cetis
2222 3766 2370 3836 patri
2422 3766 2676 3822 familias
2712 3784 2724 3823 :
2761 3768 2913 3823 Dicit
2961 3770 3067 3826 tibi
3110 3775 3418 3847 magister,
3466 3778 3582 3834 Ubi
3622 3784 3715 3835 est

2043 3852 2464 3924 diversorium,
2498 3855 2600 3910 ubi
2646 3856 2880 3912 Pascha
2932 3875 3065 3914 cum
3112 3860 3424 3935 discipulis
3471 3869 3715 3925 mandu-

2042 3995 2311 4077 videatur
2342 3996 2494 4051 hanc
2524 3998 2953 4077 ipsamcodem
2983 4001 3267 4077 laterculo
3298 4010 3568 4077 paschali
3607 4028 3708 4066 an-

2042 4067 2358 4147 tiquiorem
2387 4067 2751 4153 e.ssc.rQuc_d
2790 4087 2935 4153 vero
2978 4067 3704 4153 ad__enneadecateridem,

2044 4141 2221 4221 cujus
2253 4141 2893 4221 mentionemaliquam
2914 4145 2982 4221 in
3011 4145 3255 4221 Nicmna
3302 4152 3532 4221 synodo
3577 4141 3706 4209 fac-1

2042 4212 2346 4289 1.819,“!10l}
2396 4215 2573 4289 negat
2616 4212 3264 4289 ipse’metABucherius,
3316 4212 3445 4277 c'am
3475 4240 3595 4278 non
3627 4226 3704 4279 ita

2041 4280 2287 4364 definite.
2309 4280 2607 4364 decretam
2639 4280 2707 4364 ac
2738 4285 3055 4364 stabilitam
3086 4280 3390 4361 putamus,
3444 4297 3505 4347 ut
3535 4295 3705 4364 plana

2040 4350 2208 4405 fieret
2256 4352 2327 4407 de
2378 4353 2733 4409 celebrando
2800 4350 3106 4413 Paschate-
3151 4350 3578 4418 controversia.
3640 4366 3703 4419 In

2039 4437 2225 4502 quam
2244 4424 2483 4502 quidem
2512 4426 2853 4502 Opinionem
2880 4429 3230 4502 non_solum
3273 4437 3514 4502 propter
3558 4438 3703 4489 Am-

2039 4492 2230 4570 brosii
2261 4492 2442 4549 verba
2465 4492 2645 4570 supra
2666 4496 2896 4570 laudata
2914 4492 3508 4570 adducimuﬁvei‘um
3530 4506 3704 4561 etiam

2039 4569 2281 4647 propter
2328 4581 2430 4647 eas
2475 4567 2894 4647 difﬁcult_a_tes,_
2930 4584 3078 4639 quas
3102 4567 3273 4647 _cum'
3309 4588 3384 4627 ex
3431 4574 3542 4629 hac
3574 4576 3703 4647 ipsa

2040 4636 2310 4716 epistola,
2344 4640 2464 4716 tum
2494 4653 2569 4691 ex
2598 4638 2835 4716 Cyrillo,
2862 4636 3068 4716 'Leﬁone
3101 4641 3316 4716 Magno
3351 4647 3525 4716 atque
3568 4636 3701 4703 aliis

1961 4699 2016 4763 D
2042 4699 2214 4790 ctiam
2243 4699 2445 4790 postea
2478 4699 2803 4790 emersisse
2824 4699 3055 4790 certum
3087 4699 3555 4790 e_st.VCrediinus
3574 4699 3697 4790 iga:

2039 4781 2135 4853 tur
2163 4779 2827 4853 delinitumaconcilio,
2862 4784 2925 4834 ut
2968 4782 3196 4853 Pascha
3242 4779 3701 4845 resurrectionis

2040 4850 2330 4926 Graeciae
2364 4850 2913 4926 Latiniecdcurdie
2947 4852 3349 4926 celebrarent;
3400 4858 3612 4916 deinde
3643 4866 3705 4916 ut

2041 4919 2113 4972 ad
2146 4919 2491 4973 Judaeorum
2523 4920 2910 4975 differentiam
2943 4939 3010 4977 ea
3042 4924 3170 4979 dies
3202 4919 3367 4982 esset
3395 4929 3700 4987 Dominica

2041 5006 2142 5072 xiv
2186 4989 2351 5072 lunae.
2390 4991 2579 5072 Martii
2629 4994 2855 5072 mensis
2904 4995 3171 5072 proxime
3198 5012 3495 5072 sequens;
3529 5005 3701 5059 tertio

2044 5064 2106 5115 ut
2151 5061 2354 5114 circuli
2401 5062 2838 5117 decemnovalis
2886 5061 3035 5120 usus
3078 5061 3494 5126 admitteretur
3534 5090 3546 5128 :
3595 5075 3702 5128 sed

2044 5132 2312 5202 quaedam
2343 5136 2537 5187 tamen
2565 5134 2637 5188 ad
2668 5136 2940 5189 eumdem
2979 5153 3155 5191 usum
3199 5144 3703 5201 necessaria.non

2044 5203 2190 5278 satis
2222 5203 2510 5278 explicata
2537 5206 2941 5278 rt‘uisseLunde
2973 5213 3180 5278 postea
3209 5216 3361 5267 natae
3391 5214 3703 5269 difﬁculta-

2042 5277 2153 5328 tes.
2207 5275 2315 5326 Adi
2362 5274 2470 5328 hac
2518 5277 2589 5330 de
2640 5294 2703 5331 re
2738 5274 3179 5335 'Frauchalbi
3229 5288 3398 5338 notas
3447 5286 3507 5338 in
3550 5287 3700 5339 hanc

2042 5345 2349 5417 epistolam
2382 5346 2535 5401 inter
2561 5350 2846 5417 opuscula
2872 5350 3001 5404 Nic.
3036 5349 3210 5405 Fabri
3243 5355 3450 5408 editas.

2112 5416 2225 5485 (1-1)
2266 5415 2530 5494 Observa
2579 5415 2798 5494 veteris
2848 5420 3136 5494 Ecclesiae
3187 5425 3696 5494 consuetudinem,

2042 5502 2157 5564 qua
2208 5488 2566 5564 sacrificium
2614 5492 2674 5545 in
2723 5492 3051 5564 pervilegio
3099 5494 3409 5549 Paschalis
3455 5510 3525 5549 eo
3568 5488 3699 5563 ipso

2040 5563 2302 5628 tempore
2340 5559 2742 5634 efferebatur,‘
2776 5563 2934 5634 quod
2957 5559 3208 5619 'Christi
3263 5559 3700 5622 resurrectione

2043 5632 2453 5686 consecratum
2491 5638 2603 5688 est.

2265 5701 2411 5823 1:188.
2450 5704 2587 5779 duo,
2634 5724 2656 5757 ι
2698 5721 2807 5778 pro
2840 5703 3278 5763 resurrectione
3299 5704 3530 5766 Domini
3553 5707 3702 5770 otl‘e.

2042 5788 2224 5831 ratur.
2271 5796 2293 5823 ι»
