4072 6174
421 343 575 408 1071

1880 341 1945 404 s.
1974 339 2419 421 AMBROSII.
2458 368 2459 371 ~

3661 348 3793 413 1072

417 543 592 598 cem?
639 540 771 613 Ipse
821 539 993 596 vobis
1039 540 1309 595 ostendet
1352 539 1411 594 in
1442 539 1854 611 superioribus
1884 540 2079 596 locum
2104 522 2156 584 Α
2194 541 2361 612 piunt
2389 556 2527 596 esse
2556 540 2821 612 perfecti,
2855 543 2916 596 ut
2958 540 3379 612 plenitudinem
3426 543 3710 601 divinitatis
3752 552 3797 603 et

414 646 717 703 magnum,
750 629 831 684 ibi
862 632 1062 700 parate
1090 630 1259 698 (Luc.
1291 646 1437 701 xin,
1469 628 1648 700 7-12).
1695 653 1716 679 η

485 721 540 776 3.
581 720 962 774 Advortimus
995 718 1177 790 igitur
1206 718 1363 789 quod
1393 733 1511 774 non
1542 718 1614 773 ad
1662 721 1895 774 terrena
1938 719 2077 774 des-

415 810 689 878 cendere,
722 809 829 863 sed
862 808 921 862 in
953 807 1364 878 superioribus
1396 807 1591 862 locum
1612 823 1892 879 magnum
1923 810 2077 862 stra-

411 902 537 955 tum
568 913 838 970 quaerere
870 896 1213 967 debeamus,
1261 899 1325 950 ut
1375 896 1605 950 Domini
1659 895 1887 950 Pascha
1919 896 2077 950 cele-

409 988 676 1043 bremus.
727 987 986 1041 Abluere
1035 986 1209 1040 etiam
1267 1000 1488 1040 sensus
1537 989 1776 1040 nostros
1826 984 2075 1055 quadam

413 1076 667 1148 spiritali
696 1091 847 1147 aqua
880 1074 1058 1129 fontis
1090 1074 1313 1143 aeterni,
1348 1078 1405 1128 et
1450 1073 1677 1129 devotae
1718 1073 2077 1128 celebritatis

408 1169 611 1220 tcnere
643 1179 1003 1233 mensuram,
1039 1178 1149 1217 nec
1183 1162 1458 1234 opinione
1488 1161 1723 1234 vulgari
1752 1162 1879 1216 dies
1904 1177 2079 1233 quos-

411 1254 546 1309 dam
594 1254 905 1324 explorare
961 1252 1222 1321 lunares,
1282 1267 1413 1306 cum
1476 1251 1799 1322 Apostolus
1848 1249 2003 1305 dicat
2061 1265 2074 1306 :

414 1364 437 1392 ε
471 1343 615 1398 Dies
644 1342 1002 1411 observatis,
1037 1344 1095 1395 et
1123 1355 1388 1410 menses,
1440 1343 1496 1395 et
1538 1343 1820 1411 tempora,
1867 1342 1923 1394 et
1971 1355 2079 1394 an-

408 1446 543 1503 nos,
592 1431 770 1486 timeo
819 1445 893 1485 ne
946 1429 1076 1485 sine
1129 1444 1310 1484 causa
1358 1428 1753 1483 laboraverim
1798 1427 1859 1482 in
1904 1427 2078 1483 vobis

408 1519 627 1593 (Galat.
662 1536 742 1592 Iv,
776 1518 863 1591 10,
897 1518 1019 1590 11);
1055 1541 1078 1567 ιι
1126 1533 1264 1573 nam
1291 1517 1497 1588 incipit
1527 1532 1666 1572 esse
1698 1517 2076 1572 contrarium.

478 1610 534 1664 4.
572 1608 691 1665 Sed
739 1607 899 1663 aliud
942 1609 1034 1662 est
1079 1606 1402 1662 observare
1449 1605 1738 1677 gentilitio
1787 1620 1971 1675 more,
2016 1607 2080 1659 ut

409 1713 528 1770 qua
556 1697 696 1752 luna
724 1697 863 1768 quid
893 1695 1280 1751 adoriendum
1297 1693 1643 1766 sitjudices,
1666 1697 1729 1747 ut
1748 1696 1886 1764 puta
1904 1694 2080 1765 quin-

408 1789 527 1841 tam
556 1801 696 1841 esse
729 1784 1071 1857 fugiendam
1101 1781 1237 1854 (16),
1271 1782 1539 1854 nihilque
1568 1798 1636 1836 ea
1659 1782 2077 1854 inchoandum,

406 1874 609 1930 varios
662 1888 898 1944 quoque
956 1886 1170 1926 cursus
1233 1870 1390 1926 lunae
1459 1870 1752 1925 obeundis
1820 1872 2080 1944 negotiis

410 1962 843 2031 commendare,
876 1960 973 2015 vel
1005 1974 1215 2015 cavere
1254 1958 1545 2031 quosdam
1596 1958 1746 2029 dies,
1796 1960 2082 2031 quemad-

410 2051 649 2108 modum
679 2049 946 2121 plerique
976 2052 1252 2120 posteros
1285 2048 1414 2103 dies
1437 2046 1551 2119 (17)
1570 2047 1666 2102 vel
1688 2047 2083 2121 Aﬂgyptiacos

411 2141 710 2196 declinare
742 2140 1127 2194 consuerunt.
1152 2136 1328 2192 Aliud
1357 2152 1500 2192 vero
1532 2140 1624 2191 est
1641 2136 2083 2193 observantiam

411 2229 714 2302 religiosae
759 2227 973 2282 mentis
1016 2226 1322 2281 intendere
1368 2227 1428 2280 in
1477 2242 1611 2281 eum
1651 2226 1826 2297 diem,
1860 2227 1931 2283 de
1964 2243 2080 2300 quo

412 2319 700 2390 scriptum
730 2319 823 2372 est
854 2330 866 2371 :
907 2337 928 2363 ιι
963 2315 1073 2369 Hic
1107 2317 1200 2370 est
1228 2314 1377 2384 dies,
1412 2330 1587 2386 quem
1618 2315 1758 2370 fecit
1795 2315 2084 2372 Dominus

413 2406 604 2479 (Psal.
655 2422 833 2477 cxvn,
880 2405 991 2475 24).
1047 2428 1070 2452 ιι
1124 2403 1274 2458 Nam
1326 2404 1440 2458 etsi
1481 2404 1770 2474 scriptum
1814 2406 1893 2459 sit
1923 2407 2080 2477 quod

413 2496 648 2553 Pascha
695 2495 944 2550 Domino
993 2496 1202 2566 quarto
1251 2493 1483 2548 decimo
1529 2493 1624 2547 die
1653 2494 1882 2549 mensis
1911 2495 2085 2566 primi

415 2585 707 2645 celebrari
736 2583 968 2652 debeat,
1001 2585 1058 2637 et
1085 2596 1226 2637 vere
1255 2585 1523 2653 quartam
1555 2582 1844 2637 decimam
1887 2584 2085 2639 lunam

413 2676 490 2731 ad
520 2674 934 2731 celebrandam
966 2671 1290 2726 Dominicze
1321 2672 1538 2726 seriem
1564 2672 1872 2727 Passionis
1894 2674 2087 2744 inqui-

414 2779 550 2821 rere
580 2763 931 2832 debeamus,
975 2765 1169 2816 tamen
1199 2761 1348 2825 882
1376 2776 1452 2815 ex
1498 2761 1611 2816 hoc
1642 2777 1967 2831 possumus
1998 2763 2086 2818 in-

418 2854 725 2924 telligere,
790 2852 947 2922 quod
993 2851 1066 2905 ad
1117 2850 1462 2922 hujusmodi
1510 2849 1940 2906 solemnitatem
1992 2851 2089 2908 vel

418 2942 708 2998 Ecclesiae
738 2940 1045 3012 perfectio,
1079 2940 1170 2994 vel
1204 2939 1379 2994 clarae
1411 2939 1549 2993 ﬁdei
1576 2939 1877 3010 plenitudo
1919 2958 2086 3012 quae-

418 3034 602 3102 ratur,
636 3031 793 3087 sicut
822 3030 970 3085 dixit
997 3029 1313 3100 Propheta,
1347 3044 1483 3084 cum
1511 3028 1854 3101 loqueretur
1884 3030 1955 3085 de
1987 3030 2088 3085 Fi-

418 3121 498 3179 lio
530 3120 656 3191 Dei,
691 3120 828 3192 quia
865 3142 886 3167 ιι
922 3119 1104 3175 sedes
1153 3117 1288 3191 ejus
1338 3118 1493 3174 sicut
1541 3118 1632 3173 sol
1671 3118 1733 3173 in
1765 3122 2091 3190 conspectu

419 3225 572 3281 meo,
606 3212 665 3265 et
693 3209 849 3265 sicut
879 3208 1018 3263 luna
1057 3207 1339 3280 perfecta,
1389 3209 1453 3262 in
1500 3210 1787 3263 aeternum
1830 3209 2091 3264 manebit

420 3299 610 3370 (Psal.
645 3316 932 3369 1.xxxVIII,
962 3295 1075 3371 38).
1122 3320 1145 3347 η

490 3391 545 3446 5.
586 3389 727 3445 Inde
759 3392 852 3443 est
883 3388 1040 3459 quod
1071 3390 1129 3441 et
1156 3388 1288 3458 ipse
1321 3386 1630 3458 Dominus,
1663 3402 1796 3441 cum
1819 3402 1997 3458 opera
2026 3387 2088 3442 in

420 3479 597 3535 terris
629 3478 893 3533 miranda
923 3476 1187 3548 fecisset,
1222 3476 1392 3548 quasi
1417 3475 1543 3547 jam
1591 3476 1828 3530 fundata
1878 3477 2088 3532 huma-

422 3584 633 3626 narum
674 3567 958 3623 mentium
1006 3565 1143 3635 fide,
1193 3569 1428 3636 tempus
1459 3565 1762 3636 passionis
1793 3581 1931 3622 esse
1961 3582 2088 3622 me-

422 3658 675 3715 moravit
703 3658 912 3713 dicens
947 3673 958 3711 :
1004 3678 1026 3703 ιι
1071 3656 1263 3724 Pater,
1310 3656 1473 3710 venit
1500 3655 1665 3726 hora,
1701 3655 1960 3710 clariﬁca
1990 3655 2091 3710 Fi-

422 3742 567 3801 lium
597 3749 790 3816 tuum;
827 3748 887 3800 ut
918 3745 1108 3800 Filius
1137 3748 1276 3800 tuus
1308 3745 1592 3799 clarificet
1622 3752 1678 3800 te
1717 3745 1909 3817 (Joan.
1944 3762 2090 3816 xvii,

424 3836 501 3904 1).
539 3854 562 3884 ι
595 3835 761 3889 Hanc
782 3835 939 3889 enim
962 3833 1331 3889 celebrandae
1352 3834 1656 3904 passionis
1682 3834 2091 3890 claritudinem

426 3923 739 3994 qumsitam
768 3922 908 3977 alibi
930 3922 1102 3977 docet
1131 3922 1372 3977 dicens:
1405 3945 1426 3971 ιι
1448 3922 1550 3993 Ite,
1583 3923 1760 3978 dicite
1782 3923 1864 3978 illi
1885 3924 2048 3995 vulpi
2074 3939 2086 3980 :

426 4012 583 4067 Ecce
614 4010 792 4083 ejicio
823 4011 1114 4066 daemonia
1144 4010 1341 4082 hodie,
1374 4014 1431 4067 et
1460 4027 1594 4066 cras
1627 4013 1912 4067 sanitates
1951 4029 2092 4084 per-

427 4102 676 4173 ﬁcio,et
704 4101 976 4172 sequenti
1026 4116 1408 4156 consummor
1452 4100 1545 4155 die
1590 4100 1705 4172 (18)
1755 4102 1922 4172 (Luc.
1964 4119 2092 4174 xm,

427 4193 544 4260 42).
581 4211 604 4242 ι
656 4190 769 4247 His
816 4190 1016 4262 utique
1068 4192 1518 4245 consummatur
1559 4189 1761 4261 Jesus,
1810 4191 1912 4262 qui
1941 4191 2092 4246 inci-

498 4333 615 4407 (16)
654 4334 738 4389 De
769 4332 1079 4406 gentilium
1109 4332 1634 4407 superstitionibus
1667 4332 1725 4387 in
1757 4336 1948 4407 quarti
1980 4335 2096 4391 diei

431 4404 847 4462 observatione
878 4405 1149 4460 tractavit
1179 4404 1536 4459 Ambrosius
1566 4404 1668 4458 lib.
1705 4422 1762 4457 Iv
1784 4405 2090 4474 Hexaem,

432 4494 560 4548 cap.
590 4479 659 4559 9;_
701 4478 858 4549 quod
888 4482 1081 4531 autem
1115 4476 1227 4529 hoc
1258 4475 1388 4529 loco
1420 4476 1561 4529 dicit
1591 4477 1663 4557 de
1691 4476 1828 4530 luna
1860 4479 2094 4558 quinta,

431 4552 492 4604 in
523 4550 702 4604 dubio
735 4550 940 4620 procul
972 4547 1349 4602 referendum
1379 4552 1471 4602 est
1515 4547 1587 4600 ad
1627 4548 1765 4601 Illud
1803 4547 1968 4620 Virg.
2021 4565 2096 4604 ex

432 4638 452 4674 ι
487 4620 730 4694 Georg.:

685 4737 806 4799 Ipsa
832 4735 945 4783 dies
975 4734 1108 4785 alios
1133 4734 1235 4783 alio
1260 4734 1400 4783 dedit
1422 4735 1604 4783 ordine
1632 4736 1755 4785 luna

685 4800 889 4846 Felices
919 4812 1136 4860 operum
1171 4799 1445 4858 ;quintam
1477 4799 1615 4862 fuge,
1649 4805 1745 4847 etc.

506 4906 621 5032 817)
659 4905 818 4976 Gill.,
856 4928 877 4952 ιι
916 4908 1190 4988 pastores
1222 4904 1397 4987 ἀίεις..
1430 4927 1452 4956 ιι
1499 4905 1823 4994 Operarum
1872 4906 2097 4980 lapsus,

591 4984 785 5032 tamen
829 4993 931 5032 ani
980 4993 1038 5030 In
1088 4976 1226 5031 edit.
1270 4976 1455 5031 Paris.
1488 4994 1626 5031 anni
1658 4979 1796 5032 1υ8ὺ
1827 4984 2097 5032 receptus

436 4976 545 5034 sed
591 4976 785 5033 tamen
829 4979 931 5047 qui
980 4978 1038 5030 in
1088 4976 1226 5050 edit.
1270 4976 1458 5050 Pssris.
1488 4978 1626 5031 anni
1658 4979 1796 5032 1586
1827 4976 2101 5050 receptus

438 5050 566 5105 fuit.
619 5049 904 5121 Posteros
949 5063 1107 5121 vero
1142 5048 1271 5121 dies
1320 5048 1651 5121 Bucherius
1695 5051 1770 5103 ita
1801 5048 2098 5121 explicat:

442 5142 465 5171 ι
502 5121 734 5175 Posteri
765 5119 915 5187 dies,
947 5118 1137 5189 inquit
1165 5118 1264 5188 qui
1295 5120 1578 5188 postridie
1612 5120 1759 5189 Kal.,
1810 5118 1963 5176 Non.
2010 5123 2103 5177 vel

438 5193 580 5265 ldus
610 5195 796 5261 erant,
833 5191 1117 5265 ltomanis
1150 5189 1793 5265 infaustihabebantur
1831 5193 2099 5265 (Gellius,

437 5264 540 5319 lib.
572 5281 630 5334 v,
667 5279 793 5332 cap.
828 5263 936 5335 1'7).
973 5282 999 5312 »
1032 5262 1199 5326 Quod
1231 5261 1303 5314 ad
1326 5262 1654 5335 {Egyptios
1686 5261 1954 5335 pertinet,
1998 5261 2102 5320 eo;

438 5351 569 5390 rum
612 5333 989 5408 Augustinus
1038 5348 1273 5408 quoque
1303 5333 1381 5408 _in
1428 5333 2102 5408 apostoliverba,quae

436 5422 619 5478 supra
650 5404 901 5478 cit—antur
929 5405 1002 5459 ab
1035 5404 1376 5478 Ambrosio,
1412 5406 1768 5478 mentionem
1793 5404 1958 5478 facit,
1985 5404 2104 5463 sed

434 5475 679 5548 quinam
726 5476 963 5542 fuerint,
1007 5491 1124 5531 non
1174 5476 1399 5548 aperits
1428 5475 1809 5548 (langiusiad
1856 5475 2105 5535 verbum

434 5545 576 5604 Jiee
604 5548 801 5602 varias
834 5545 1230 5620 recentiorum
1261 5547 1334 5600 de
1363 5545 1580 5620 iisdem
1616 5547 1831 5620 diebus
1879 5551 2105 5620 opinio-

439 5634 549 5673 nes
581 5619 873 5688 referens,
908 5618 1167 5689 singulis
1200 5616 1510 5689 mensibus
1551 5616 1701 5671 duos
1750 5616 1941 5689 fuisse
1985 5624 2105 5677 tra-

436 5689 525 5760 dit
571 5686 997 5760 aggrediendis
1016 5686 1226 5743 'rebus
1275 5686 1697 5757 inauspicatos.
1750 5688 1898 5746 Vide
1930 5694 2102 5751 etiam

440 5757 806 5815 Abulensem
834 5762 895 5815 in
927 5760 1094 5816 Exod
1121 5775 1226 5815 xu.

517 5827 629 5901 (18)
670 5829 816 5888 Mss.
852 5831 990 5909 duo,
1026 5853 1048 5881 ιι
1083 5834 1139 5890 et
1167 5829 1339 5889 tertio
1373 5843 1694 5889 consumor
1721 5830 1835 5898 die.
1862 5856 1885 5887 η

2193 629 2613 699 redemptionis
2646 629 2780 701 ejus
2810 630 2924 685 ﬁde
2955 646 3064 685 sua
3096 632 3355 687 credant.

2261 718 2314 772 6.
2357 717 2517 790 Ergo
2550 721 2606 773 et
2636 719 2791 773 diem
2823 722 2879 774 et
2911 719 3117 774 horam
3147 721 3526 793 exquirimus,
3572 726 3629 777 ut
3664 723 3800 779 Scri-

2191 809 2361 877 ptura
2406 823 2518 862 nos
2569 807 2826 863 instruit.
2877 808 3173 880 Propheta
3222 810 3394 866 etiam
3441 811 3612 867 David
3647 812 3801 868 dicit:

2197 917 2219 942 οι
2263 895 2520 966 Tempus
2551 895 2825 966 faciendi,
2882 896 3128 954 Domine
3172 899 3359 967 (Psal.
3395 914 3582 970 cxvm,
3621 900 3746 971 126),
3783 924 3801 949 ι

2191 987 2401 1055 petens
2432 984 2700 1055 accipere
2750 1001 2998 1040 sensum
3045 987 3120 1041 ad
3165 989 3572 1059 cognoscenda
3597 988 3807 1060 {Domini

2189 1073 2545 1128 testimonia.
2570 1074 2643 1127 Et
2663 1073 3064 1131 Ecclesiastes
3095 1092 3331 1148 quoque
3358 1077 3436 1131 ait
3463 1093 3475 1132 :
3512 1100 3533 1124 ιι
3564 1076 3717 1132 Omni
3740 1077 3809 1131 rei

2191 1163 2424 1232 tempus
2457 1161 2682 1231 (Eccle.
2716 1179 2800 1233 III,
2834 1162 2909 1227 1).
2947 1183 2969 1213 ι
3006 1163 3298 1220 Jeremias
3343 1164 3548 1220 clamat
3578 1182 3589 1220 :
3629 1187 3648 1213 ιι
3687 1166 3811 1221 Tur-

2190 1252 2287 1304 tur
2317 1253 2374 1304 et
2402 1249 2676 1321 hirundo,
2710 1252 2841 1324 agri
2871 1267 3154 1323 passeres
3183 1256 3550 1326 agnoverunt
3586 1256 3810 1325 tempora

2193 1337 2468 1393 introitus
2499 1338 2593 1394 sui
2622 1338 2868 1410 (Jerem.
2902 1357 3024 1410 VIII,
3058 1341 3134 1411 '7).
3172 1364 3194 1390 ιι
3230 1341 3383 1407 Quid
3411 1345 3598 1398 autem
3616 1342 3815 1398 eviden-

2193 1426 2335 1497 tius,
2369 1442 2544 1498 quam
2573 1428 2645 1483 de
2673 1428 2955 1498 passione
2987 1429 3218 1485 Domini
3260 1430 3480 1486 dictum
3523 1431 3697 1487 videri
3732 1446 3814 1503 po-

2192 1516 2312 1570 test
2343 1530 2356 1571 :
2395 1537 2417 1564 ιι
2452 1517 2711 1589 Agnovit
2738 1517 2851 1572 bos
2881 1533 3302 1588 possessorem
3335 1536 3528 1591 suum,
3561 1523 3613 1575 et
3640 1521 3814 1575 asinus

2192 1619 2463 1675 praesepe
2494 1605 2712 1660 domini
2745 1605 2840 1661 sui
2869 1606 3013 1676 (lsa.
3047 1624 3086 1679 I,
3108 1607 3196 1676 3)?
3219 1631 3240 1655 ιι
3274 1609 3677 1681 Agnoscamus
3697 1623 3814 1681 ergo

2192 1691 2307 1747 hoc
2338 1709 2612 1765 praesepe
2643 1693 2897 1765 Domini,
2928 1695 2989 1750 in
3018 1711 3134 1767 quo
3186 1695 3419 1768 alimur,
3465 1698 3741 1769 pascimur
3775 1699 3818 1751 et

2194 1780 2515 1837 reﬁcimur.

2115 1896 2167 1960 Β
2264 1870 2317 1923 7.
2362 1870 2490 1926 Hoc
2523 1871 2704 1943 igitur
2732 1874 2963 1945 tempus
2993 1874 3293 1946 praecipue
3342 1875 3499 1931 scire
3546 1874 3817 1944 debemus,

2195 1973 2311 2030 quo
2343 1975 2450 2030 per
2477 1961 2826 2023 universum
2867 1962 3071 2018 orbem
3119 1978 3386 2019 consona
3432 1980 3617 2019 sacrae
3657 1962 3816 2019 noctis

2195 2046 2473 2103 fundatur
2516 2049 2723 2121 oratio,
2776 2051 2913 2122 quia
2961 2054 3018 2106 et
3065 2055 3328 2123 tempore
3381 2052 3820 2108 commendantur

2197 2152 2429 2208 preces,
2476 2138 2631 2193 sicut
2678 2138 2965 2210 scriptum
3012 2143 3106 2195 est
3148 2157 3161 2196 :
3211 2164 3233 2189 ιι
3285 2141 3574 2213 Tempore
3618 2142 3821 2212 accepto

2201 2226 2480 2283 exaudivi
2507 2230 2583 2299 te,
2635 2232 2693 2283 et
2722 2229 2784 2283 in
2813 2228 2907 2284 die
2937 2229 3147 2285 salutis
3181 2229 3389 2302 adjuvi
3418 2232 3475 2286 te
3518 2230 3650 2302 (Isa.
3692 2246 3821 2297 χιιι,

2195 2316 2275 2386 8).
2333 2338 2354 2362 ιι
2408 2315 2537 2371 Hoc
2586 2319 2679 2371 est
2726 2320 2959 2388 tempus
3006 2317 3079 2373 de
3126 2334 3245 2390 quo
3289 2319 3613 2390 Apostolus
3656 2317 3817 2373 dixit:

2201 2426 2223 2454 ιι
2261 2404 2414 2459 Ecce
2446 2420 2603 2460 nunc
2632 2407 2866 2476 tempus
2908 2408 3292 2479 acceptabile,
3346 2424 3489 2464 ecce
3531 2423 3678 2464 nunc
3722 2406 3824 2462 dies

2196 2493 2409 2549 salutis
2439 2493 2527 2565 (II
2552 2493 2689 2550 Cor.
2720 2511 2801 2565 vr,
2834 2496 2910 2564 2).
2950 2518 2971 2544 ιι

2267 2581 2321 2638 8.
2364 2582 2534 2638 Unde
2565 2598 2817 2639 necesse
2851 2583 2979 2654 fuit,
3013 2584 3149 2656 quia
3183 2586 3359 2641 etiam
3390 2589 3529 2658 post
3556 2585 3825 2659 Egyptio-

2197 2688 2326 2726 rum
2359 2673 2828 2744 supputationes,
2863 2676 2919 2729 et
2948 2674 3370 2731 Alexandrinae
3395 2675 3673 2731 Ecclesiae
3701 2673 3822 2728 deli-

2197 2762 2475 2831 nitiones,
2510 2761 2777 2832 episcopi
2810 2762 2924 2832 (19)
2972 2779 3208 2835 quoque
3242 2764 3528 2820 Romanae
3557 2763 3825 2830 Ecclesiie,

2195 2865 2303 2920 per
2332 2850 2556 2904 litteras
2587 2851 2852 2922 plerique
2881 2867 3073 2906 meam
3102 2852 3295 2907 adhuc
3329 2855 3669 2925 exspectant
3709 2867 3823 2906 sen-

2196 2940 2456 3009 tentiam,
2492 2940 2631 3011 quid
2664 2940 2999 2996 existimem
3030 2942 3297 2997 scribere
3332 2943 3406 2999 de
3455 2944 3547 2998 die
3591 2941 3823 2996 Paschaa.

2198 3028 2348 3083 Nam
2378 3027 2516 3083 licet
2547 3027 2728 3083 futuri
2757 3028 2876 3084 diei
2903 3030 3155 3085 Pascha
3178 3029 3457 3086 inciderit
3483 3032 3738 3104 quaestio,
3763 3032 3828 3082 ta-

2198 3133 2334 3172 men
2382 3117 2555 3172 etiam
2603 3117 2663 3171 in
2711 3117 3004 3190 reliquum
3054 3119 3195 3190 quid
3227 3121 3547 3176 tenendum
3578 3120 3826 3186 videatur,

2197 3207 2527 3277 aperimus;
2561 3205 2612 3260 si
2643 3222 2758 3279 qua
2789 3208 3039 3278 quaestio
3070 3208 3204 3264 talis
3236 3209 3576 3265 incurrerit.

2199 3255 2527 3277 _,-__-_-_-,
2561 3255 2612 3260 _-
2648 3255 2758 3279 γ-
2792 3255 3035 3278 η-..----
3073 3255 3203 3264 η---
3236 3255 3576 3265 -..-,...ν.--.

2123 3255 2176 3329 c
2266 3294 2321 3350 9.
2363 3295 2489 3350 Duo
2530 3297 2724 3349 autem
2773 3299 2913 3350 sunt
2958 3296 3337 3352 observanda
3385 3298 3448 3353 in
3498 3295 3827 3353 solemnitate

2195 3383 2470 3454 Paschm,
2518 3386 2725 3455 quarta
2774 3384 3001 3457 decima
3051 3385 3210 3457 luna,
3255 3389 3312 3441 et
3344 3388 3572 3458 primus
3619 3383 3831 3450 mensis,

2198 3473 2300 3544 qui
2330 3472 2545 3528 dicitur
2563 3488 2874 3528 novorum.
2900 3474 3101 3545 Itaque
3123 3490 3196 3529 ne
3219 3491 3251 3529 a
3272 3474 3478 3530 Veteri
3493 3472 3830 3531 Testamento

2198 3563 2505 3617 videamur
2535 3562 2862 3627 discedere,
2898 3563 3095 3634 ipsum
3125 3563 3198 3619 de
3227 3564 3485 3620 Paschae
3502 3560 3831 3620 celebrande

2200 3652 2294 3707 die
2311 3651 2627 3722 capitulum
2643 3664 3086 3708 recenseamus.
3101 3651 3299 3708 Monet
3312 3653 3555 3726 Moyses
3568 3651 3830 3726 populum,

2201 3741 2408 3797 dicens
2441 3741 2894 3797 custodiendum
2924 3757 3191 3804 mensem
3219 3758 3533 3814 novorum,
3577 3758 3701 3798 eum
3735 3739 3835 3810 pri-

2201 3847 2359 3885 mum
2425 3845 2566 3885 esse
2624 3845 2894 3885 mensem
2942 3830 3092 3895 883
3134 3832 3496 3904 praedicans,
3551 3832 3627 3887 ait
3668 3829 3835 3886 enim:

2205 3942 2228 3972 ι
2247 3921 2358 3975 Hic
2380 3921 2607 3975 mensis
2626 3920 2799 3975 vobis
2816 3921 3169 3992 principium
3185 3924 3502 3995 mensium,
3516 3923 3730 3995 primus
3746 3917 3833 3974 erit

2202 4009 2262 4064 in
2292 4008 2601 4064 mensibus
2632 4009 2770 4064 anni
2803 4025 2815 4065 :
2850 4012 2908 4067 et
2946 4009 3132 4065 facies
3171 4011 3408 4066 Pascha
3453 4011 3692 4068 Domino
3734 4007 3832 4069 Deo

2201 4102 2301 4154 tuo
2316 4101 2520 4170 quarta
2533 4097 2759 4153 decima
2772 4098 2865 4154 die
2879 4098 3104 4155 mensis
3122 4099 3294 4169 primi
3312 4100 3534 4170 (Exod.
3548 4116 3647 4169 xII,
3667 4100 3715 4166 2,
3733 4096 3794 4165 3).
3810 4112 3833 4150 ι

2273 4186 2361 4242 10.
2403 4188 2529 4242 Lex
2577 4202 2788 4259 nempe
2837 4211 2858 4235 ιι
2911 4203 3020 4259 per
3066 4186 3315 4259 Moysen
3348 4188 3484 4244 data
3514 4192 3603 4244 est
3634 4202 3646 4243 :
3679 4184 3834 4259 gratia

2275 4329 2411 4405 (19)
2430 4330 2637 4385 Utrum
2666 4346 2784 4385 vox
2815 4331 3074 4403 episcopi
3103 4347 3236 4405 cum
3268 4331 3565 4404 adjectivo
3596 4329 3833 4405 plerique

2206 4406 2262 4457 et
2289 4397 2474 4475 verbo
2509 4397 2859 4475 exspectaui
2888 4397 3219 4475 conveniat,
3252 4419 3326 4457 an
3345 4397 3501 4459 'vero
3550 4397 3833 4475 positas'sit

2203 4475 2265 4528 in
2308 4473 2593 4546 gignendi
2647 4488 2792 4527 casu
2834 4477 2891 4527 et
2934 4474 3007 4526 ad
3044 4478 3102 4534 τό
3133 4474 3518 4530 deﬁnitiones
3552 4473 3830 4533 referatur,

2205 4545 2423 4625 ambigi
2455 4556 2666 4623 potest.
2700 4553 3285 4625 Attamenrultimum
3332 4555 3509 4610 nobis
3558 4545 3830 4625 verosimi-

2120 4626 2177 4690 D
2205 4625 2322 4678 lius
2355 4624 2464 4692 est,
2486 4640 2631 4697 cum
2662 4627 2718 4697 et
2746 4624 3014 4697 adverbii
3042 4640 3264 4697 quoque
3292 4626 3593 4696 proprium
3639 4624 3709 4677 sit
3745 4634 3831 4697 an-

2205 4696 2508 4770 tecedenti
2531 4695 2780 4770 orationi
2810 4694 3561 4770 sequentem'confnec’tere,
3584 4710 3685 4770 gec
3698 4694 3825 4770 satis

2206 4771 2366 4821 recte
2397 4766 2515 4820 dici
2544 4766 2814 4820 videatur
2852 4763 3172 4838 plerosque
3223 4763 3556 4838 episcopos
3587 4763 3833 4838 Ecclesia

2212 4839 2495 4893 Romanae
2527 4838 2979 4892 Ambrosianam
3011 4836 3203 4893 adhuc
3236 4836 3600 4909 exspectare,
3631 4836 3833 4909 senten-

2206 4911 2366 4980 tiam,
2420 4909 2538 4962 nisi
2588 4909 2723 4978 quis
2770 4909 2933 4963 malit
2985 4932 3008 4956 ιι
3046 4903 3640 4980 Ecclesiae-Romana)
3672 4928 3692 4954 ι
3737 4903 3830 4980 hoc

2207 4976 2507 5051 loco'poni
2543 4976 2650 5050 pro
2684 4980 3081 5051 metropoleos
3116 4982 3420 5036 Romanae.
3472 4979 3585 5035 Sed
3618 4976 3830 5049 prater-

2208 5050 2389 5124 quarn
2415 5052 2573 5124 quod
2603 5050 2947 5127 inusitstior
2969 5055 3061 5127 est
3111 5067 3179 5106 ea
3210 5053 3467 5127 locutio,
3495 5065 3640 5127 gum
3678 5054 3828 5127 causa

2208 5121 2391 5191 esset,
2428 5121 2535 5178 cur
2564 5122 2762 5193 potius
2795 5121 3259 5195 Mediolanensis
3290 5121 3463 5195 quam
3495 5121 3832 5195 Romanime;

2206 5182 2497 5265 tropolitae
2553 5182 2909 5248 sententiam
2956 5198 3224 5265 quaerent
3290 5182 3827 5265 iidemiantistites?

2210 5263 2408 5336 Itaque
2458 5280 2668 5319 vocem
2708 5263 2992 5336 episcopi“
3026 5266 3349 5336 accipimus
3411 5263 3691 5336 indeﬁnite
3738 5265 3824 5325 pro

2208 5332 2645 5409 episcoporum.
2679 5332 2812 5389 cum
2843 5352 2877 5409 s
2903 5332 3209 5409 plerisque
3239 5336 3614 5409 pontiﬁcibus
3639 5332 3822 5409 [lama-

2208 5401 2302 5462 nis
2335 5401 2793 5462 constitutiones
2825 5401 3204 5462 de'Pasch'ali
3228 5401 3378 5463 festo
3401 5410 3529 5461 ante
3559 5401 3687 5458 illud
3708 5402 3825 5451 tem-

2209 5495 2323 5550 pus
2353 5479 2542 5550 editas
2574 5481 2827 5532 constet.
2853 5478 3006 5542 Quin
3024 5479 3139 5534 imo
3163 5480 3426 5550 eamdem
3448 5473 3823 5550 difﬁcultatem,

2209 5534 2343 5622 quae
2394 5549 2779 5623 Ambrosium
2815 5534 3097 5623 nostrum
3140 5551 3212 5605 ad
3253 5547 3617 5623 scribendum
3646 5542 3741 5623 hac}
3766 5534 3823 5623 (ξς

2210 5605 2275 5677 re
2319 5620 2700 5703 compulerat,
2745 5620 2927 5703 etism
2964 5621 3469 5703 postea-rediisse
3505 5633 3576 5673 ex
3610 5605 3821 5703 cpiti]:

2219 5694 2412 5747 sancti
2445 5690 2664 5766 Leonis
2688 5690 2765 5747 ad
2794 5690 3157 5766 Marcianum
3188 5694 3584 5766 imperatorem
3604 5690 3822 5766 095119?

2208 5779 2344 5847 sere
2365 5767 2483 5847 est.
2520 5763 2838 5847 Dtramque
2872 5764 3186 5847 epistolam
3214 5751 3500 5847 cdmpara,
3529 5763 3583 5817 et
3608 5751 3817 5819 afﬁnita'

2212 5838 2331 5900 tam
2359 5837 2513 5898 inter
2542 5834 2676 5897 illas
2706 5834 2826 5895 n'on
2853 5834 3216 5899 mediocrem
3245 5834 3581 5923 comperi“.
