4072 6174
310 320 467 386 10³73

1480 318 2095 383 EPISTOLARUM
2140 317 2480 382 CLASSIS
2519 321 2566 382 Ι.

3599 313 3627 382 1
3639 308 3760 386 074‘

310 524 506 577 autem
566 524 622 576 et
668 522 889 576 veritas
937 537 1042 592 per
1092 522 1300 576 Jesum
1344 521 1644 576 Christum
1694 520 1843 575 facta
1893 483 2060 576 esti
2094 520 2150 574 et
2176 535 2396 591 passus
2430 524 2542 591 est,
2575 524 2631 576 et
2662 521 2901 594 quievit,
2932 524 2990 579 et
3021 521 3368 591 resurrexit,
3401 521 3472 576 de
3502 534 3618 592 quo
3651 518 3757 575 tri-

311 611 502 680 (Joan.
539 629 577 680 ι,
613 611 723 680 Π).
763 633 783 660 υ
818 611 950 681 Ipse
983 626 1126 683 ergo
1146 611 1245 682 qui
1268 611 1459 682 legem
1483 612 1716 665 locutus
1740 609 1981 680 est(20),

307 703 517 770 postea
546 701 798 754 veniens
829 715 936 769 per
969 700 1276 771 Virginem
1308 698 1656 753 novissimis
1707 700 1984 769 tempori-

308 789 445 856 bus,
483 789 905 858 plenitudinem
938 788 1091 859 legis
1123 788 1592 856 consummavit;
1645 787 1780 858 quia
1825 787 1986 842 venit

309 893 430 930 non
465 877 662 948 legem
694 877 954 943 solvere,
989 876 1096 931 sed
1126 876 1368 946 implere
1399 877 1635 944 (Matth.
1669 893 1726 945 v,
1761 876 1887 946 l7);
1930 879 1986 930 et

311 965 639 1020 celebravit
672 965 900 1018 Pascha
933 965 1321 1034 hebdomade,
1353 966 1413 1019 in
1446 981 1558 1036 qua
1590 964 1695 1019 fuit
1746 967 1984 1036 quarta-

313 1054 543 1108 decima
591 1053 729 1108 luna
773 1054 973 1125 quinta
1025 1054 1190 1109 feria.
1226 1054 1490 1124 Denique
1521 1055 1649 1124 ipsa
1681 1055 1795 1124 die,
1831 1053 1986 1108 sicut

323 1142 638 1213 superiora
669 1142 903 1212 docent,
955 1142 1177 1212 pascha
1220 1157 1353 1196 cum
1401 1143 1713 1214 discipulis
1746 1143 1985 1197 mandu-

311 1232 466 1285 cavit
512 1246 524 1285 :
577 1232 849 1302 sequenti
899 1235 1093 1285 autem
1144 1232 1258 1300 die,
1310 1231 1422 1285 hoc
1470 1234 1583 1297 est,
1615 1234 1782 1285 sexta
1817 1231 1981 1301 feria,

311 1318 637 1374 crucifixus
670 1321 780 1389 est,
813 1319 950 1374 luna
974 1319 1170 1392 quinta
1192 1320 1438 1374 decima.
1465 1320 1720 1374 Sabbato
1750 1335 1985 1392 quoque

311 1424 530 1480 magno
563 1407 662 1463 illo
697 1409 1096 1464 sextadecima
1127 1408 1236 1463 fuit
1267 1424 1278 1462 :
1327 1425 1395 1462 ac
1438 1426 1544 1480 per
1592 1409 1703 1464 hoc
1737 1409 1984 1479 septima

316 1498 543 1552 decima
575 1497 712 1551 luna
741 1499 1071 1552 resurrexit
1099 1513 1132 1551 a
1163 1499 1432 1552 mortuis.

392 1587 478 1640 ll.
527 1585 697 1640 Unde
742 1586 873 1640 haec
922 1585 1019 1641 lex
1058 1585 1308 1640 Pascha:
1342 1585 1516 1641 nobis
1549 1587 1839 1641 servanda
1871 1589 1983 1656 est,

313 1677 376 1730 ut
410 1690 526 1729 non
558 1677 825 1746 quartam
857 1675 1143 1730 decimam
1164 1675 1555 1730 observemus
1576 1675 1635 1730 in
1666 1675 1759 1729 die
1793 1691 1988 1730 resur-

309 1764 614 1833 rectionis,
666 1764 775 1818 sed
828 1763 888 1818 in
933 1764 1026 1818 die
1072 1765 1264 1835 magis
1311 1764 1634 1834 passionis,
1687 1766 1785 1818 aut
1827 1767 1984 1819 certe

309 1853 445 1907 aliis
477 1853 767 1924 proximis
799 1852 1212 1922 superioribus
1237 1852 1484 1922 diebus;
1518 1854 1654 1924 quia
1686 1869 1987 1907 resurrec-
2013 1879 2064 1942 Β

307 1941 490 1996 tionis
522 1942 840 1996 celebritas
890 1942 984 1996 die
1036 1941 1340 1996 Dominica
1383 1941 1716 1996 celebratur
1746 1957 1760 2012 ;
1790 1942 1985 1997 Domi-

307 2031 442 2085 nica
490 2034 682 2085 autem
727 2030 1002 2103 jejunare
1051 2046 1168 2085 non
1216 2047 1574 2100 possumus,
1613 2031 1750 2102 quia
1795 2031 1985 2085 Mani-

309 2120 514 2175 chzeos
545 2120 720 2174 etiam
753 2119 826 2175 ob
862 2120 1037 2174 istius
1070 2120 1184 2174 diei
1211 2119 1444 2190 jejunia
1469 2119 1606 2190 jure
1638 2120 1985 2176 damnamus

306 2207 441 2280 (2t).
498 2209 624 2264 Hoc
677 2211 770 2264 est
809 2209 965 2263 enim
999 2209 1057 2263 in
1090 2209 1586 2263 resurrectionem
1617 2208 1836 2263 Christi
1868 2225 1987 2264 non

309 2298 578 2367 credere,
633 2298 687 2352 si
733 2297 928 2369 legem
976 2298 1112 2368 quis
1153 2296 1368 2368 jejunii
1402 2297 1496 2351 die
1527 2298 1986 2353 resurrectionis

311 2387 572 2456 indicat;
607 2402 740 2440 cum
773 2387 869 2441 lex
901 2386 1056 2440 dicat
1086 2386 1310 2456 pascha
1340 2385 1629 2439 edendum
1662 2402 1794 2440 cum
1823 2403 1986 2440 ama—

307 2475 564 2529 ritudine
593 2475 810 2546 (Exod.
843 2492 948 2545 xu,
981 2476 1055 2544 8),
1092 2475 1205 2530 hoc
1238 2477 1348 2544 est,
1385 2491 1515 2528 cum
1549 2474 1772 2544 dolore,
1828 2475 1985 2546 quod

308 2567 470 2619 tanto
503 2565 821 2636 sacrilegio
868 2564 1170 2618 hominum
1219 2567 1426 2618 auctor
1473 2563 1683 2618 salutis
1714 2565 1794 2618 sit
1840 2564 1986 2618 inte-

310 2657 577 2724 remptus
613 2669 624 2708 :
663 2654 755 2708 die
803 2657 996 2708 autem
1045 2653 1348 2707 Dominica
1391 2638 1806 2707 exsultandum
1836 2654 1984 2708 Pro-

307 2743 483 2813 pheta
518 2742 708 2810 docet,
743 2741 949 2796 dicens
986 2758 998 2796 :
1036 2762 1060 2792 «
1097 2742 1206 2795 Hic
1225 2745 1316 2796 est
1337 2742 1488 2811 dies,
1517 2756 1690 2811 quem
1710 2741 1850 2796 fecit
1874 2743 1987 2796 Do-

309 2833 529 2899 minus;
545 2831 913 2885 exsultemus
927 2833 982 2886 et
997 2830 1334 2885 laetemurin
1348 2830 1981 2902 eo(1’sa1.cxvn,24).»

382 2921 467 2974 12.
519 2919 679 2992 Ergo
726 2936 844 2974 non
895 2920 1088 2974 solum
1127 2919 1429 2990 passionis
1460 2921 1639 2984 diem,
1674 2921 1780 2976 sed
1812 2921 1983 2975 etiam

307 3009 770 3064 resurrectionis
802 3009 1110 3063 observari
1135 3011 1410 3080 oporteta
1430 3009 1605 3064 nobis
1631 3025 1644 3079 ;
1677 3013 1741 3065 ut
1770 3010 1984 3065 habea-

307 3114 441 3153 mus
472 3101 528 3153 et
559 3097 967 3152 amaritudinis
1019 3101 1076 3152 et
1121 3098 1340 3152 laetitiae
1376 3098 1532 3152 diem
1567 3113 1578 3153 :
1615 3099 1715 3153 illo
1743 3098 1985 3170 jejune-

308 3202 463 3257 mus,
498 3187 612 3241 isto
643 3187 997 3241 reficiamur.
1035 3186 1202 3241 Unde
1235 3187 1286 3240 si
1323 3187 1614 3257 inciderit,
1651 3188 1806 3241 sicut
1835 3187 1986 3243 futu-

308 3289 438 3330 rum
469 3279 561 3330 est
590 3276 880 3346 proxime,
915 3278 1120 3346 quarta
1153 3276 1378 3330 decima
1401 3276 1538 3330 luna
1563 3276 1789 3331 mensis
1813 3277 1984 3346 primi

308 3366 403 3420 die
456 3365 760 3419 Dominica
810 3365 943 3434 (22),
986 3365 1124 3435 quia
1156 3380 1348 3437 neque
1378 3365 1682 3419 Dominica
1707 3365 1983 3437 jejunare

309 3454 620 3523 debemus,
652 3469 845 3524 neque
876 3455 1047 3508 tertia
1079 3454 1305 3509 decima
1336 3455 1472 3508 luna
1504 3455 1597 3509 die
1627 3455 1866 3509 Sabbati
1897 3457 1985 3510 in-

317 3543 862 3614 cidentejcjunium
886 3543 1141 3613 solvere,
1169 3544 1324 3615 quod
1348 3544 1600 3598 maxime
1631 3544 1724 3598 die
1745 3544 1983 3614 passio-

305 3634 402 3687 nis
435 3636 528 3687 est
559 3631 958 3687 exhibendum
994 3647 1006 3688 :
1042 3633 1101 3687 in
1130 3633 1372 3688 alteram
1403 3632 1831 3688 hebdomadam
1877 3649 1978 3688 ce-

305 3721 550 3777 lebritas
581 3721 830 3777 Pascha:
865 3724 956 3776 est
990 3721 1332 3777 ditl‘erenda.
1375 3722 1678 3794 Siquidem
1710 3723 1984 3794 sequitur

306 3812 509 3883 quinta
559 3811 786 3866 decima
832 3811 990 3881 luna,
1043 3827 1157 3882 qua
1206 3827 1425 3882 passus
1475 3813 1568 3866 est
1595 3810 1891 3880 Christus,
1926 3815 1983 3866 et

305 3901 417 3955 erit
447 3900 710 3956 secunda
742 3899 887 3954 feria
923 3916 934 3954 :
965 3902 1137 3954 tertia
1185 3915 1420 3972 quoque
1466 3899 1613 3954 feria
1662 3901 1772 3955 erit
1811 3904 1980 3956 sexta

308 3990 538 4044 decima
571 3989 727 4060 luna,
761 4005 876 4061 qua
907 3989 1139 4044 Domini
1171 4005 1306 4045 caro
1339 3989 1397 4044 in
1419 3990 1696 4060 sepulcro
1719 3990 1974 4060 quievit:

305 4095 440 4133 cum
470 4081 676 4151 quarta
699 4079 870 4133 etiam
902 4079 1046 4134 feria
1077 4080 1325 4148 septima
1357 4079 1583 4133 decima
1614 4078 1751 4133 luna
1782 4078 1977 4134 futura

303 4169 403 4236 sit,
436 4183 552 4239 qua
580 4168 866 4222 Dominus
897 4169 1246 4222 resurrexit.

379 4255 464 4311 13.
497 4256 643 4311 Cum
673 4257 855 4329 igitur
883 4257 1143 4311 triduum
1175 4257 1318 4312 illud
1343 4272 1579 4311 sacrum
1608 4256 1666 4310 in
1699 4257 1976 4313 hedoma-

304 4346 437 4400 dam
467 4345 735 4418 proxime
767 4346 1028 4400 incurrat
1052 4345 1331 4416 ultimam,
1357 4347 1508 4400 intra
1531 4346 1688 4418 quod
1719 4345 1974 4401 triduum

375 4525 523 4596 (20)
582 4525 862 4580 Nonnulli
912 4540 1084 4595 mss.,
1141 4547 1161 4574 α
1207 4525 1303 4597 qui
1353 4540 1459 4596 per
1500 4524 1695 4596 legem
1738 4524 1972 4581 locutus

305 4600 418 4652 est.
457 4619 480 4644 ι»

376 4667 488 4738 (2t)
538 4668 619 4722 De
659 4666 890 4739 jejunio
925 4667 1247 4722 Dominicae
1278 4667 1392 4721 diei
1422 4683 1454 4720 a
1486 4666 1830 4739 Manichaeis
1863 4668 1972 4724 ob-

305 4740 534 4794 servari
567 4738 762 4807 solito,
797 4740 1042 4794 consule
1074 4739 1394 4809 Augustini
1435 4738 1743 4807 epistolam
1775 4739 1862 4805 36,
1900 4741 1976 4795 ad

307 4811 679 4880 Casulanum,
727 4827 888 4865 num.
930 4811 996 4865 27
1027 4814 1083 4864 et
1111 4811 1198 4864 29.
1235 4811 1320 4863 De
1351 4825 1468 4880 quo
1502 4810 1675 4864 etiam
1705 4810 1971 4864 nonnihil

304 4881 482 4937 habet
512 4882 816 4937 Proterius
845 4881 903 4936 in
935 4881 1181 4951 epistola
1213 4881 1286 4936 ad
1314 4881 1594 4934 Leonem.

375 4954 488 5023 (22)
523 4953 632 5007 Hic
661 4956 785 5007 erat
813 4954 990 5008 cardo
1023 4952 1406 5020 difﬁcultatis,
1453 4951 1524 5005 de
1575 4965 1689 5020 qua
1735 4952 1965 5006 consul-

303 5028 400 5078 tus
431 5024 621 5078 fuerat
653 5025 1028 5092 Ambrosius,
1062 5023 1337 5077 nimirum
1378 5023 1536 5093 quod
1565 5038 1698 5076 cum
1734 5023 1971 5078 Pascha

303 5097 589 5150 incideret
621 5096 675 5148 in
712 5113 808 5148 xxv
841 5095 969 5149 Kal.
1005 5095 1209 5162 Maias,
1236 5098 1428 5148 utrum
1456 5094 1514 5147 in
1546 5111 1623 5146 vn
1655 5093 1968 5148 transferri

301 5170 511 5237 posset
541 5166 782 5220 dubium
814 5172 937 5221 erat
983 5170 1223 5236 propter
1269 5168 1528 5219 rationes
1569 5165 1666 5218 hic
1697 5181 1728 5218 a
1763 5167 1968 5220 sancto

301 5238 641 5304 Ambrosio,
677 5242 730 5291 et
763 5254 793 5291 a
825 5238 1090 5292 Proterio
1126 5238 1183 5290 in
1216 5237 1464 5306 epistola
1505 5237 1696 5303 citata,
1747 5251 1967 5306 propo-

302 5311 471 5365 sitas.
505 5310 620 5363 Ubi
651 5309 840 5363 obiter
867 5309 1323 5375 animadvertes,
1357 5309 1515 5378 quod
1563 5308 1623 5360 in
1668 5307 1964 5362 Admonit.

298 5381 372 5435 ad
404 5381 507 5434 lib.
540 5379 678 5433 Elia
711 5380 976 5451 etjejun.
1011 5397 1043 5433 a
1075 5380 1250 5434 nobis
1298 5379 1518 5433 dictum
1563 5382 1654 5433 est
1701 5379 1772 5432 de
1810 5378 1970 5450 jeju-

299 5453 400 5506 nio
431 5451 670 5505 Sabbati
703 5452 912 5520 sancti,
949 5451 1119 5521 plane
1148 5451 1504 5504 confirmari.

370 5524 722 5590 (23)0mnes
742 5539 910 5591 mss.,
943 5546 963 5571 (ι
992 5522 1141 5586 Quid
1166 5522 1218 5574 si
1244 5523 1504 5575 movet...
1532 5538 1645 5590 qua
1665 5521 1778 5588 die,
1806 5546 1826 5568 ι»
1854 5524 1967 5575 etc.

372 5593 485 5663 (24)
521 5594 648 5648 V'et.
681 5593 818 5648 edit.
857 5615 878 5644 α
911 5593 1288 5665 Octogesimo
1321 5595 1514 5645 autem
1545 5609 1696 5646 anno
1721 5597 1972 5665 etnona-

301 5665 535 5738 gesimo
569 5665 739 5738 tertio
765 5681 778 5734 ;
816 5688 851 5738 »τί
891 5664 1232 5738 Βοῐηξιξᾴἰι.
1252 5664 1825 5738 _t_antum__re_secavit
1852 5687 1887 5738 ε
1918 5665 1976 5717 et

302 5734 694 5808 nonagesimo
724 5737 895 5791 tertio
923 5753 936 5804 ;
963 5761 983 5783 ιι
1021 5736 1232 5790 melius
1252 5734 1459 5788 Franc.
1497 5735 1739 5803 Balbus,
1774 5738 1830 5789 et
1852 5735 1970 5788 Bu-

305 5808 567 5877 cherius,
606 5828 628 5858 ι
666 5808 1032 5880 octogesimo
1066 5811 1256 5864 autem
1290 5810 1345 5862 et
1381 5821 1535 5863 nono
1566 5822 1758 5877 anno;
1798 5831 1816 5853 η
1855 5821 1971 5880 quo

2094 609 2209 663 duo
2243 609 2322 662 ait
2354 625 2364 662 :
2398 631 2419 656 «
2452 609 2673 665 Solvite
2705 611 2820 665 hoc
2851 611 3152 682 templum,
3185 611 3334 675 884
3364 613 3420 664 et
3463 610 3523 664 in
3569 609 3759 664 triduo

2095 698 2365 752 excitabo
2397 698 2536 752 illud
2571 700 2759 767 (Joan.
2811 717 2870 769 ιι,
2923 699 3051 770 19),
3091 723 3111 747 n
3164 699 3302 771 quid
3352 699 3528 754 nobis
3567 701 3763 769 potest

2096 787 2425 841 molestiam
2449 787 2828 842 dubitationis
2847 786 3056 843 alterre
3078 789 3106 843 ?
3138 788 3287 843 Nam
3307 788 3360 842 si
3382 803 3450 842 ea
3472 803 3571 842 res
3602 803 3764 842 scru-

2095 876 2296 945 pulum
2328 879 2540 946 movet,
2593 877 2728 947 quia
2775 880 2982 948 quarta
3026 878 3252 932 decima
3285 877 3421 931 luna
3453 892 3571 931 non
3603 877 3762 931 celes

2096 963 2340 1017 bramus
2372 963 2566 1035 ipsum
2598 965 2752 1020 diem
2782 966 2876 1020 vel
2907 966 3210 1036 passionis
3241 966 3335 1020 vel
3366 966 3762 1021 resurrectio-

2100 1053 2193 1107 nis
2220 1068 2234 1122 ;
2266 1053 2396 1122 ipse
2431 1054 2716 1109 Dominus
2749 1071 2866 1109 non
2898 1058 3100 1126 quarta
3124 1055 3349 1109 decima
3378 1055 3514 1109 luna
3543 1069 3764 1126 passus

2099 1144 2210 1210 est,
2245 1142 2349 1196 sed
2385 1143 2584 1213 quinta
2619 1143 2864 1213 decima,
2898 1147 2955 1198 et
2989 1144 3236 1214 septima
3287 1144 3513 1198 decima
3557 1160 3763 1199 resur-

2100 1232 2270 1285 rexit.
2304 1231 2469 1296 Quod
2501 1231 2552 1285 si
2583 1236 2798 1302 movet,
2853 1233 2990 1304 quia
3041 1235 3307 1304 quartam
3354 1229 3640 1287 deci'mam
3671 1233 3765 1287 lu-

2099 1337 2233 1375 nam
2264 1324 2661 1390 transeuntes,
2707 1338 2839 1392 quae
2890 1321 2984 1376 die
3032 1322 3144 1391 (23)
3195 1321 3500 1376 Dominica
3539 1321 3764 1391 incidit,

2098 1410 2212 1464 hoc
2260 1413 2369 1479 est,
2421 1412 2627 1480 quarto
2674 1410 2901 1465 decimo
2953 1411 3248 1465 Kalendas
3299 1410 3455 1480 Maii,
3495 1411 3768 1482 sequenti

2100 1499 2402 1553 Dominica
2461 1498 2902 1554 instaurandam
2964 1500 3364 1555 celebritatem
3422 1499 3765 1567 suademus,

2099 1588 2416 1642 auctoritas
2448 1592 2642 1643 exstat
2672 1588 3038 1660 hujusmodi.

2172 1677 2258 1730 14.
2294 1677 2442 1730 Nam
2473 1678 2840 1746 temporibus
2871 1678 3045 1748 paulo
3066 1678 3498 1748 superioribus,
3522 1694 3654 1733 cum
3678 1679 3771 1732 in-

2101 1763 2347 1819 cidisset
2376 1768 2581 1837 quarta
2614 1764 2838 1819 decima
2862 1766 3001 1820 luna
3024 1766 3250 1821 mensis
3280 1768 3453 1837 primi
3484 1767 3542 1820 in
3575 1767 3771 1821 Domi-

2100 1855 2292 1908 nicam
2340 1854 2514 1923 diem,
2563 1854 2836 1924 sequenti
2887 1855 3068 1910 altera
3116 1855 3421 1910 Dominica
3479 1855 3774 1910 celebrata

2101 1943 2446 1998 solemnitas
2497 1946 2609 1997 est.
2660 1941 3041 2015 Octogesimo
3096 1948 3288 1999 autem
3335 1947 3391 1998 et
3434 1959 3589 1999 nono
3620 1960 3772 1999 anno

2100 2033 2212 2101 (2-1)
2247 2047 2320 2086 ex
2351 2031 2443 2086 die
2475 2031 2706 2101 imperii
2738 2032 3107 2103 Diocletiani,
3150 2049 3281 2087 cum
3311 2035 3517 2103 quarta
3546 2033 3776 2087 decima

2099 2121 2238 2174 luna
2270 2123 2433 2175 esset
2464 2135 2620 2174 nono
2650 2119 2947 2174 Kalendas
2986 2120 3228 2190 Aprilis,
3280 2135 3398 2175 non
3444 2120 3772 2176 celebravi-

2101 2225 2234 2264 mus
2280 2209 2512 2263 Pascha
2561 2208 2748 2278 pridie
2782 2207 3078 2263 Kalendas
3111 2208 3353 2279 Aprilis.
3390 2208 3775 2263 Alexandrini

2101 2313 2337 2370 quoque
2385 2300 2441 2352 et
2490 2296 2760 2369 Egypti,
2792 2300 2855 2350 ut
2884 2297 3000 2367 ipsi
3030 2298 3420 2367 scripserunt,
3455 2313 3588 2351 cum
3619 2298 3773 2352 inci-

2100 2388 2292 2442 disset
2323 2393 2528 2457 quarta
2559 2387 2785 2440 decima
2816 2386 2973 2455 luna,
3007 2385 3294 2440 vicesimo
3341 2390 3398 2440 et
3438 2390 3645 2442 octavo
3679 2387 3774 2441 die

2103 2476 2467 2530 Phamenoth
2526 2473 2639 2543 (25)
2703 2475 2966 2544 mensis,
3031 2474 3482 2530 celebraverunt
3545 2475 3777 2530 Pascha

2099 2565 2300 2636 quinta
2319 2565 2411 2618 die
2429 2563 2772 2618 Pharmuthi
2796 2563 3042 2634 mensis,
3078 2579 3209 2635 quae
3232 2567 3323 2618 est
3345 2564 3531 2634 pridie
3561 2561 3775 2619 Kalen-

2099 2655 2205 2707 das
2241 2653 2482 2724 Aprilis,
2533 2668 2601 2706 ac
2650 2653 2739 2706 sic
2789 2667 3128 2707 convenere
3165 2653 3500 2708 nobiscum.
3535 2654 3772 2708 Rursus

2099 2742 2487 2814 nonagesimo
2519 2745 2575 2796 et
2620 2742 2787 2796 tertio
2817 2757 2970 2796 anno
3001 2757 3033 2795 a
3066 2741 3160 2797 die
3189 2741 3418 2812 imperii
3452 2742 3771 2797 Diocletia—

2099 2832 2176 2896 ni,
2232 2847 2364 2885 cum
2396 2830 2708 2885 incidisset
2743 2832 2948 2900 quarta
2983 2829 3211 2884 decima
3243 2830 3379 2885 luna
3409 2831 3468 2886 in
3499 2835 3772 2903 quartum

2100 2921 2394 2975 decimum
2441 2920 2594 2974 diem
2625 2919 2970 2973 Pharmuthi
3002 2921 3248 2989 mensis,
3283 2937 3416 2992 quae
3449 2923 3541 2975 est
3571 2922 3774 2992 quinto

2102 3010 2240 3064 ldus
2271 3009 2514 3079 Aprilis,
2571 3024 2703 3079 quae
2754 3011 2878 3062 erat
2919 3007 3221 3063 Dominica
3261 3009 3376 3077 die,
3413 3009 3774 3065 celebratum

2103 3102 2195 3154 est
2227 3098 2462 3154 Pascha
2493 3098 2794 3152 Dominica
2819 3097 3470 3152 Pharmuthivicesimo
3500 3102 3556 3154 et
3585 3100 3774 3170 primo

2101 3187 2216 3257 die,
2251 3187 2348 3258 qui
2381 3187 2490 3241 fuit
2521 3186 2848 3241 secundum
2879 3201 2991 3240 nos
3026 3189 3197 3240 sexto
3228 3186 3458 3241 decimo
3491 3187 3604 3258 (26)
3654 3187 3772 3241 Ka-

2016 3243 2067 3307 c
2101 3243 2309 3331 lenda‘s
2343 3276 2499 3330 Maii.
2537 3275 2705 3330 Unde
2738 3291 2870 3330 cum
2901 3277 2958 3330 et
2987 3275 3134 3330 ratio
3185 3277 3264 3330 sit
3309 3278 3365 3330 et
3413 3243 3767 3348 exemplum,

2072 3366 2245 3421 onihil
2275 3382 2458 3436 super
2487 3365 2600 3420 hoc
2630 3380 2871 3420 movere
2903 3380 3014 3419 nos
3047 3364 3241 3420 debet.

2171 3457 2258 3510 15.
2311 3455 2483 3509 Nunc
2530 3455 2674 3509 illud
2718 3456 2828 3520 est,
2881 3453 3040 3525 quod
3091 3453 3462 3509 enodandum
3511 3454 3764 3524 videtur,

2097 3545 2233 3616 quia
2285 3544 2552 3614 plerique
2590 3545 2794 3614 putant
2823 3543 3089 3598 secundo
3121 3557 3326 3598 mense
3358 3557 3469 3598 nos
3501 3543 3768 3598 celebra-

2096 3637 2262 3688 turos
2293 3632 2544 3700 Pascha,
2582 3648 2715 3686 cum
2747 3632 3033 3702 scriptum
3058 3632 3171 3686 sit:
3213 3627 3491 3687 «CuStodi
3513 3633 3767 3703 primum

2095 3738 2361 3777 mensem
2393 3737 2679 3776 novorum
2708 3720 2904 3792 (Deut.
2938 3739 3059 3791 xw,
3095 3720 3183 3794 l);
3235 3713 3395 3794 quod
3425 3737 3542 3776 non
3572 3725 3767 3792 potest

2094 3812 2373 3878 incidere,
2410 3814 2472 3866 ut
2501 3813 2717 3882 praeter
2738 3825 3004 3865 mensem
3027 3826 3318 3866 novorum
3351 3811 3581 3866 Pascha
3613 3811 3765 3866 cele-

2092 3901 2264 3956 brent
2294 3901 2411 3954 nisi
2442 3900 2542 3971 qui
2577 3903 2842 3972 quartam
2875 3899 3162 3955 decimam
3195 3900 3391 3955 lunam
3424 3901 3498 3954 ita
3551 3899 3763 3955 obser-

2094 3993 2232 4044 vant
2261 3990 2589 4044 secundum
2622 3989 2894 4060 litteram,
2930 3992 2992 4044 ut
3024 4005 3141 4044 non
3172 3990 3285 4044 alio
3317 3989 3432 4044 nisi
3464 3989 3595 4060 ipso
3620 3989 3764 4045 cele-

2092 4079 2266 4134 brent
2320 4079 2433 4133 die.
2493 4077 2758 4150 Denique
2817 4078 3079 4134 futurum
3138 4078 3330 4134 Judaei
3387 4077 3757 4150 duodecimo,

2092 4185 2208 4223 non
2240 4169 2430 4239 primo
2463 4183 2668 4222 mense
2700 4168 3054 4223 celebraturi
3077 4168 3488 4237 suntPascha,
3514 4167 3627 4222 hoc
3646 4171 3755 4236 est,

2092 4258 2320 4312 decimo
2338 4257 2508 4311 tertio
2533 4256 2830 4312 Kalendas
2851 4257 3073 4328 Aprilis
3095 4258 3230 4326 (27),
3251 4256 3578 4311 secundum
3601 4269 3710 4310 nos
3742 4270 3753 4310 :

2091 4346 2419 4402 secundum
2467 4345 2789 4418 {Egyptios
2836 4349 3028 4402 autem
3078 4346 3363 4400 vicesimo
3413 4346 3620 4415 quarto
3663 4343 3755 4398 die

2089 4525 2331 4609 cyclum‘
2348 4523 2966 4609 decemnovennalem,
2993 4522 3180 4609 inquit
3199 4521 3475 4609 Balbus,n
3463 4538 3566 4576 xm
3590 4521 3752 4609 inve-

1999 4606 2054 4669 D
2087 4592 2184 4652 nio
2211 4613 2225 4665 ;
2275 4597 2369 4669 Γ),
2398 4597 2662 4669 Ιὶηθιαθῐηᾼ
2696 4595 2913 4669 domin.
2948 4592 3402 4669 ampliatumque
3432 4592 3662 4669 Pascha
3691 4595 3752 4648 in

2086 4669 2275 4740 pridie
2326 4667 2474 4740 Kal.
2505 4666 2968 4740 Apriles._l~lunc
2997 4668 3440 4740 autemanpum
3485 4667 3620 4740 post
3652 4679 3748 4740 res

2125 4743 2344 4793 aratum
2391 4734 2640 4792 salutem
2687 4737 2791 4791 373
2839 4736 3028 4790 fuisse
3075 4734 3249 4788 tradit
3289 4735 3643 4789 Bucherius.
3681 4736 3750 4789 Et

2125 4758 2344 4793 θιϊιιιιηι
2391 4758 2640 4792 saturem
2687 4758 2791 4791 ὖιΰ
2839 4758 3028 4790 IUISSB
3077 4758 3249 4788 tl'uuu.
3291 4758 3643 4789 ῡυυιιθωυδ.
3682 4758 3744 4789 ΕΛ

2085 4758 2214 4866 haec
2237 4811 2543 4880 utriusque
2566 4807 2894 4880 emendatio
2914 4807 3087 4862 etiam
3109 4821 3183 4860 ex
3205 4806 3460 4880 epistela
3475 4807 3744 4880 Proterii,

2085 4897 2194 4937 nec
2227 4897 2342 4935 non
2374 4877 2597 4934 ex'aera
2631 4879 2996 4947 Diocletiani,
3023 4893 3196 4948 quam
3219 4893 3372 4932 anno
3402 4877 3623 4932 Christi
3643 4879 3746 4934 284

2084 4971 2140 5006 iv
2171 4951 2297 5006 Kal.
2332 4951 2491 5020 Sept.
2528 4950 2850 5004 institutam
2879 4949 3103 5019 volunt,
3140 4949 3539 5004 confirmatur.

2153 5024 2265 5094 (25)
2296 5023 2375 5076 Ita
2412 5023 2580 5094 Rom.
2613 5021 2840 5094 e_dit.et
2874 5037 3021 5075 mss.
3071 5035 3203 5094 cum
3252 5020 3424 5094 epist.
3475 5021 3744 5089 Proterii,

2083 5098 2139 5149 et
2168 5092 2351 5147 Balbi
2397 5109 2464 5146 ac
2515 5092 2790 5146 Bucherii
2839 5092 3252 5162 supputatione
3302 5110 3313 5146 :
3368 5092 3494 5146 Vet.
3553 5096 3747 5146 autem

2083 5166 2242 5231 edit.,
2282 5188 2302 5211 υ
2339 5166 2395 5218 et
2427 5164 2710 5218 vicesimo
2742 5167 2798 5218 et
2829 5169 3034 5219 octavo
3066 5163 3160 5217 die
3191 5163 3555 5218 Pharmuthi.
3596 5187 3618 5209 ι»

2152 5237 2266 5307 (26)
2298 5236 2424 5290 Vet.
2474 5235 2610 5290 edit.
2668 5258 2688 5281 «
2725 5250 2841 5289 non
2884 5236 3086 5307 quinto
3118 5235 3387 5307 decimo;
3424 5259 3444 5282 ιι
3492 5233 3747 5307 restituit

2082 5303 2217 5364 edit.
2247 5303 2439 5362 "Rom.
2495 5327 2517 5356 α
2554 5322 2664 5360 nos
2713 5303 3135 5361 sextodecimo.
3177 5327 3196 5353 υ
3256 5306 3324 5360 Et
3367 5307 3524 5360 certe
3555 5303 3744 5357 mani-

2081 5379 2299 5433 festum
2331 5381 2441 5446 est,
2474 5377 2670 5448 priore
2703 5378 3003 5432 Dominica
3033 5377 3092 5431 in
3122 5394 3157 5430 v
3187 5377 3325 5430 Idus
3354 5375 3575 5448 Aprilis
3604 5373 3744 5427 inci-

2081 5450 2274 5517 dente,
2309 5445 2576 5519 proxi'me
2612 5453 2958 5519 sequentem
3007 5464 3124 5503 non
3171 5448 3232 5501 in
3281 5463 3378 5516 xv,
3417 5445 3520 5499 sed
3553 5445 3615 5500 in
3643 5460 3746 5498 xvx

2081 5521 2208 5575 Kal.
2247 5521 2376 5574 Maii
2413 5520 2694 5574 incidere.

2151 5591 2265 5661 (27)
2299 5592 2448 5646 Edit.
2483 5591 2686 5661 antiq.,
2727 5614 2746 5637 ‹‹
2776 5591 2946 5645 tertio
2977 5590 3104 5644 Kal.
3139 5589 3323 5661 April.
3352 5611 3394 5661 »_
3412 5588 3581 5661 Ποῐῐιἲ
3612 5603 3744 5640 cum

2079 5658 2254 5731 mss.,
2288 5686 2309 5710 «
2347 5663 2517 5717 tertio
2549 5658 2798 5726 decimo,
2839 5684 2861 5709 »
2897 5666 3032 5727 etc.;
3066 5659 3223 5731 unde
3249 5658 3586 5731 confirmari
3614 5675 3744 5712 mu-

2078 5729 2356 5788 tationem
2391 5733 2748 5788 Pharmulhi
2776 5733 2835 5786 in
2869 5729 3257 5802 Phameam/1,
3293 5729 3363 5786 de
3399 5745 3515 5802 qua
3565 5746 3744 5802 supe-

2081 5807 2208 5864 rius
2239 5805 2460 5862 dictum
2488 5808 2598 5874 est,
2633 5805 2910 5860 observat
2942 5800 3181 5857 Balbus.
