4072 6174
372 283 532 354 10⁸75

1831 288 1895 355 S.
1943 289 2385 355 AMBROSII.

3637 292 3775 363 1076

379 487 746 545 Phamenoth
789 489 1037 561 mensis,
1087 492 1189 564 qui
1238 494 1332 547 est
1379 507 1496 547 non
1539 492 1766 564 primus
1795 493 2044 562 mensis,
2073 474 2133 541 λ.
2159 494 2269 561 est,
2304 491 2616 546 tricesimo
2650 491 2743 548 die
2774 492 3023 562 mensis,
3059 493 3386 550 secundum
3414 496 3657 551 nostram
3675 498 3780 554 sci-

380 578 487 635 sed
518 578 906 633 duodecimus
957 579 1108 651 (28);
1155 580 1382 651 primus
1432 582 1590 637 enim
1639 582 1865 638 mensis
1896 583 2052 653 apud

382 666 706 738 Aﬂgyptios
737 667 952 722 dicitur
980 668 1342 739 Pharmuthi,
1376 673 1433 724 et
1461 671 1667 741 incipit
1710 675 1880 726 sexto
1932 671 2051 725 Ka-

380 756 588 812 lendas
636 757 879 827 Aprilis,
934 760 991 813 et
1036 759 1238 814 finitur
1276 761 1528 830 septimo
1562 760 1857 815 Kalendas
1890 761 2048 814 Maii.

383 845 543 917 Ergo
568 846 896 901 secundum
920 846 1240 919 {Egyptios
1263 849 1452 919 primo
1473 865 1676 903 mense
1701 849 2055 904 celebraturi

382 950 592 990 sumus
613 935 978 990 Dominicam
1001 937 1271 1007 Paschae,
1292 938 1405 993 hoc
1424 942 1535 1008 est,
1560 939 1810 1008 septimo
1834 938 2051 993 Kalen-

383 1024 491 1079 das
518 1024 686 1095 Maii,
721 1024 819 1098 qui
849 1028 942 1080 est
972 1025 1100 1082 dies
1132 1026 1472 1082 tricesimus
1506 1026 1851 1082 Pharmuthi
1885 1042 2053 1082 men-

385 1129 497 1169 SlS.

433 1202 614 1266 ’885
646 1203 733 1259 16.
767 1204 893 1259 Nec
922 1205 1247 1261 absurdum
1274 1206 1550 1277 arbitror,
1581 1208 1644 1261 ut
1672 1205 1807 1260 inde
1840 1206 2052 1262 obser-

385 1292 566 1346 vandi
603 1294 830 1348 mensis
870 1294 1174 1350 trahemus
1223 1296 1597 1366 exemplum,
1650 1296 1752 1351 ubi
1800 1296 2054 1366 primum

387 1380 621 1436 Pascha
654 1381 1013 1438 celebratum
1043 1387 1153 1439 est.
1188 1383 1357 1439 Unde
1397 1388 1455 1439 et
1482 1383 1744 1456 majores
1777 1386 1965 1440 nostri
1994 1386 2054 1440 in

388 1471 636 1525 tractatu
667 1471 901 1525 concilii
933 1472 1159 1527 Nicaeni
1210 1473 1479 1528 eumdem
1530 1473 1807 1529 Enneade
1840 1474 2054 1528 cateri-

389 1557 522 1612 dem
570 1559 703 1630 (29),
757 1560 809 1614 si
855 1560 990 1631 quis
1023 1561 1337 1634 diligenter
1365 1562 1646 1632 intendat,
1680 1563 2054 1617 statuendum

386 1648 693 1719 putarunt,
727 1652 784 1703 et
823 1649 1019 1719 ipsum
1047 1666 1315 1705 mensem
1347 1667 1635 1705 novorum
1668 1654 1827 1706 recte
1858 1654 2055 1706 custo-

390 1734 653 1806 dierunt;
701 1738 838 1808 quia
885 1738 946 1791 in
996 1738 1261 1810 AZgypto
1302 1738 1415 1794 hoc
1443 1740 1633 1809 primo
1667 1756 1869 1795 mense
1902 1757 2055 1796 nova

391 1827 670 1879 secantur
719 1826 1009 1881 frumenta
1044 1842 1057 1881 :
1102 1827 1200 1881 hic
1241 1830 1435 1882 autem
1483 1829 1710 1883 mensis
1741 1832 1797 1884 et
1828 1830 2054 1900 primus

391 1915 483 1967 est
531 1914 860 1968 secundum
905 1914 1326 1987 zEgyptiorum
1364 1920 1708 1988 proventus,
1744 1921 1799 1972 et
1828 1918 2054 1989 primus

391 2001 719 2057 secundum
740 2003 983 2075 Legem,
1000 2007 1056 2058 et
1075 2006 1321 2059 octavus
1339 2006 1666 2060 secundum
1685 2009 2057 2063 consuetudi-

390 2105 526 2145 nem
554 2094 818 2146 nostram
851 2107 863 2145 :
902 2092 1142 2148 indictio
1182 2094 1339 2147 enim
1368 2092 1700 2164 Septembri
1731 2112 1935 2152 mense
1966 2098 2053 2152 in-

387 2178 528 2249 cipit
545 2179 678 2250 (20).
693 2179 913 2236 Octavo
930 2181 1113 2253 igitur
1125 2197 1330 2237 mense
1344 2182 1625 2239 Kalendae
1639 2186 1860 2256 Aprilis
1875 2191 2013 2242 sunt
2038 2204 2050 2243 :

383 2268 586 2340 incipit
598 2272 793 2325 autem
809 2271 1034 2325 mensis
1048 2286 1165 2326 non
1183 2272 1513 2326 secundum
1528 2273 1833 2346 vulgarem
1853 2292 2050 2348 usum,

384 2358 493 2412 sed
524 2359 855 2414 secundum
886 2359 1375 2415 consuetudinem
1404 2362 1747 2433 peritorum,
1768 2364 1840 2418 ab
1864 2366 2051 2437 aequi-

384 2446 602 2517 noctio,
627 2447 874 2519 quidies
898 2450 991 2503 est
1020 2448 1369 2504 duodecimo
1401 2449 1697 2507 Kalendas
1727 2452 1971 2524 Aprilis,
1997 2460 2054 2509 et

383 2536 585 2591 finitur
607 2536 919 2592 undecimo
942 2537 1238 2592 Kalendas
1261 2538 1416 2593 Maii.
1453 2539 1592 2594 Inde
1619 2541 1872 2597 maxime
1899 2543 2050 2597 intra

384 2625 496 2681 hos
518 2624 759 2697 triginta
777 2628 834 2681 et
851 2642 1031 2681 unum
1049 2626 1178 2681 dies
1200 2642 1361 2698 saepe
1385 2628 1646 2684 celebrat
1666 2630 1778 2701 (31)
1804 2632 2050 2689 Paschee

383 2712 535 2769 dies.

456 2804 544 2859 1⁵7.
578 2804 691 2860 Sed
708 2820 842 2861 cum
872 2808 1004 2861 ante
1022 2806 1373 2863 sexennium
1405 2807 1905 2866 celebraverimus
1934 2811 2051 2866 Pa-

385 2893 551 2949 schze
582 2893 947 2950 Dominicam
968 2896 1278 2953 undecimo
1301 2895 1597 2952 Kalendas
1620 2898 1756 2953 Maii
1779 2899 1912 2972 (32),
1936 2900 2050 2957 hoc

455 3034 568 3107 (28)
617 3037 698 3092 Ita
747 3039 917 3094 Rom.
968 3039 1131 3109 edit.;
1161 3042 1277 3095 vet.
1311 3042 1524 3108 autem,
1565 3061 1588 3091 α
1626 3042 1731 3097 sed
1764 3041 2049 3098 duodeci-

383 3124 518 3163 mus
552 3123 566 3164 :
600 3111 657 3163 et
685 3109 890 3181 incipit
919 3114 1111 3165 sexto.
1146 3111 1470 3177 Mendose;
1504 3116 1729 3167 certum
1768 3114 1924 3168 enim
1956 3118 2050 3169 est

2086 1854 2141 1919 B

384 3181 1052 3277 mensemVszat‘nenetb
1082 3182 1341 3277 incipere
1372 3198 1410 3236 v
1445 3182 1573 3238 Kal.
1625 3185 1865 3277 martias
1897 3185 2051 3277 et‘f'i:
2084 3213 2138 3277 ο

384 3252 513 3325 nire
543 3269 624 3306 vn
656 3251 784 3320 Kal,
809 3253 1020 3325 April.,
1045 3269 1113 3308 ac
1133 3251 1380 3324 proinde
1401 3269 1670 3310 mensem
1690 3256 2051 3311 Pliermnthi

382 3322 614 3397 initium
643 3322 883 3397 sumere
909 3341 941 3379 a
973 3322 1030 3380 vi
1056 3322 1184 3397 Kal.
1216 3325 1487 3397 ejusdem
1519 3326 1759 3397 Aprilis.
1799 3328 1873 3381 At
1906 3328 2050 3382 illud

384 3396 967 3451 animadvertendum
996 3395 1264 3465 videtur,
1281 3395 1681 3464 Ambrosium,
1705 3414 1836 3451 cum
1856 3398 2049 3452 Pher-

382 3467 575 3541 mutﬁi
602 3467 855 3541 primum
885 3484 1151 3523 mensem
1180 3467 1451 3538 appellat,
1486 3467 1930 3541 intelligendum
1961 3486 2050 3524 es-

385 3552 453 3612 se
483 3537 776 3612 deprime
806 3555 1117 3610 novorum,
1137 3537 1487 3612 quiiprimus
1510 3540 1647 3592 anni
1680 3537 1805 3594 erat
1834 3556 2049 3596 secun-

385 3608 525 3683 d_u_m
554 3608 750 3683 legem
784 3625 797 3666 :
829 3627 962 3665 nam
1008 3608 1175 3681 apud‘
1206 3610 1526 3683 ZEgyptios
1565 3612 1791 3683 mensis
1821 3612 2048 3682 primus

394 3678 540 3755 :I_'_lz_ot
563 3678 906 3755 dicebatur,
938 3685 995 3738 et
1023 3678 1228 3755 nostro
1260 3678 1588 3755 septembri
1626 3678 2044 3755 respondebat.

383 3749 532 3806 Vide
563 3752 725 3808 Lact.
760 3749 1123 3809 Firmienum
1152 3754 1254 3808 lib.
1288 3749 1487 3822 1,'cap.
1520 3752 1573 3807 6.

455 3822 572 3895 (29)
601 3823 752 3879 Edit.
782 3829 924 3895 vet.,
962 3847 985 3876 ε
1021 3841 1156 3880 eum
1172 3825 1328 3880 diem
1345 3824 1794 3894 endecateride;
1824 3848 1845 3874 ι»
1874 3825 2045 3880 Rom.

387 3893 689 3965 eumdem,
735 3893 1004 3951 mensem
1051 3896 1348 3960 nimirum,
1402 3893 2047 3965 Enneadecateridem,

385 3961 615 4035 Optime
645 3961 934 4021 correctio
960 3982 974 4035 ;
1008 3967 1069 4021 id
1095 3968 1249 4022 enim
1281 3966 1394 4021 hoc
1423 3966 1541 4020 loci
1574 3966 1745 4020 docet
1791 3961 2047 4021 AmbroL

386 4033 517 4108 sius
547 4033 827 4108 Nicaenos
858 4033 1065 4092 Patres
1096 4040 1402 4108 propterea
1433 4037 1740 4108 statuisse,
1773 4040 1833 4091 ut
1862 4038 2051 4093 circu-

384 4104 482 4159 lus
532 4105 973 4163 decemnovalis
1005 4125 1038 4162 e
1073 4104 1278 4164 mense
1309 4122 1597 4162 novorum
1628 4107 1932 4177 inciperet,
1966 4112 2049 4163 at-

386 4191 501 4252 que
531 4176 755 4252 incum
775 4179 1123 4252 desineret;
1155 4180 1292 4252 quia
1324 4180 1385 4233 in
1406 4179 1612 4234 eodem
1633 4176 1884 4248 primum
1914 4179 2050 4234 Pes-

387 4248 498 4303 cha
530 4249 670 4306 olim
699 4267 733 4306 e
762 4251 990 4307 Judaeis
1024 4248 1384 4307 celebratum
1413 4252 1524 4304 est.

456 4329 571 4404 (30)
602 4330 693 4404 Ex
722 4330 835 4388 hoc
856 4330 1680 4404 potissimumlocoastruunt
1701 4328 2051 4404 chronologi

384 4401 769 4458 Ambrosium
817 4400 876 4458 θ’
899 4402 1173 4458 Patribus
1221 4401 1446 4456 Latinis
1486 4402 1741 4471 primum
1772 4400 2053 4469 fuissefa

385 4487 502 4543 quo
534 4473 916 4530 indictionum
952 4475 1103 4529 facta
1126 4475 1203 4529 sit
1223 4473 1884 4528 mentio.Verumtamen
1906 4472 2051 4526 illud

427 4544 598 4619 otiori
610 4544 747 4619 jure
765 4546 1153 4619 collegissent
1173 4562 1247 4601 ex
1267 4545 1369 4600 lib.
1394 4544 1482 4598 De
1496 4545 1624 4619 Noe
1642 4542 1896 4619 et_Arca,
1920 4558 2047 4619 cap.

383 4560 598 4668 penori
610 4560 747 4616 Jure
765 4560 1153 4619 couegissent
1173 4562 1247 4601 ex
1268 4560 1369 4600 un.
1394 4560 1482 4598 ue
1496 4560 1624 4598 zvoe
1642 4560 1700 4596 et
1716 4560 1896 4611 arca,
1920 4560 2047 4623 cap.

419 4614 762 4694 '7,num._60,
790 4617 901 4694 ub_i
921 4633 1123 4694 earum
1147 4633 1319 4694 usum
1344 4631 1461 4694 non
1485 4615 1597 4694 diu.
1615 4617 1746 4694 ante
1791 4629 2048 4694 ccepisse

385 4687 533 4742 satis
555 4687 835 4743 insinuat.
862 4688 1125 4743 Dubitari
1153 4691 1346 4743 autem
1377 4686 1474 4741 hic
1508 4687 1717 4755 potest,
1749 4699 1924 4753 quam
1956 4686 2048 4737 iu-

384 4757 700 4832 dictionem
718 4762 969 4832 utroque
1002 4760 1134 4815 loco
1167 4757 1610 4832 designeverit;
1642 4759 1834 4832 utrum
1864 4755 2049 4832 Cons-

382 4826 945 4902 tentinopolitanafn,
989 4846 1122 4902 quae
1163 4826 1477 4902 incipiebat
1509 4827 1633 4881 Kal.
1658 4826 2045 4902 Septembris,

383 4916 457 4979 an
499 4897 1303 4979 (‘_onstantini_anam,_cujus'
1344 4899 1569 4979 i_nitium
1619 4902 1755 4979 erat
1788 4914 1888 4979 vi}:
1920 4897 2047 4979 Kal.

384 4972 664 5051 ejusdem
688 4974 953 5051 mensis;
985 4990 1059 5028 an
1081 4968 1313 5028 tandem
1347 4973 1690 5038 Romanam,
1729 4968 2050 5051 Antioche-

381 5042 537 5121 nam,
572 5043 666 5099 vel
696 5044 869 5099 aliam
900 5042 973 5100 ex
1004 5058 1503 5121 earu_m_n_umero,
1530 5058 1662 5121 quae
1685 5057 1717 5095 a
1741 5042 2049 5121 scriptori:

378 5114 497 5170 bus
519 5118 1096 5171 commemorantur?
1125 5116 1238 5171 Sed
1263 5116 1415 5169 inter
1435 5130 1501 5169 se
1524 5114 1670 5167 satis
1694 5113 2052 5167 conveniunt

379 5186 695 5257 peritiores
718 5187 1099 5243 Ambrosium
1122 5188 1193 5241 de
1216 5185 1695 5241 Constantiniana
1718 5182 2050 5257 intelligen-

380 5254 518 5332 dum
546 5274 560 5326 ;
593 5259 769 5332 cujus
800 5260 1036 5332 quidem
1067 5259 1376 5332 institutio,
1395 5257 1666 5328 quamvis
1688 5254 2050 5332 remebscu-

380 5326 687 5407 rissimam
712 5326 849 5407 esse
882 5330 1134 5407 afﬁrmet
1166 5326 1478 5407 Bal-onius,
1507 5326 2049 5407 receptiori‘tamen

381 5403 670 5458 sententia
720 5403 1000 5457 tribuitur
1032 5417 1187 5455 anno
1232 5400 1463 5455 Domini
1504 5400 1629 5467 312,
1663 5399 2049 5452 Constantino

379 5474 595 5547 Magno
612 5475 953 5547 imperante.
977 5474 1101 5547 Nec
1125 5487 1267 5547 vero
1286 5472 1414 5547 leve
1434 5470 1623 5547 hujus
1641 5468 1937 5547 opinionis
1962 5483 2047 5547 ar-

377 5538 723 5629 gumentum
762 5549 873 5613 est,
911 5545 1074 5629 quod
1105 5538 2051 5629 Athanasius

378 5609 567 5686 agens
585 5618 656 5672 de
675 5609 1085 5673 conventiculo
1106 5610 1805 5686 Arianorum‘Antiochia}
1826 5609 2044 5686 habito,

2088 4568 2143 4631 D

2159 582 2298 635 licet
2346 581 2812 651 calculationem,
2864 582 3087 637 moveri
3133 599 3251 637 non
3299 584 3604 654 debemus,
3652 587 3697 640 si
3734 592 3782 642 et

2159 671 2428 741 proxime
2457 670 2757 725 tricesimo
2789 669 2881 724 die
2926 670 3269 726 Pharmuthi
3298 672 3518 728 mensis
3547 674 3782 729 celebra-

2159 758 2272 812 turi
2317 775 2526 813 sumus
2575 759 2830 813 Pesehee
2883 759 3267 814 Dominicam.
3322 760 3534 815 Verum
3579 762 3630 816 si
3672 764 3785 834 quis

2160 863 2424 903 mensem
2472 848 2802 902 secundum
2853 847 2987 903 inde
3034 848 3351 917 existimat,
3386 850 3519 920 quia
3549 854 3673 920 post
3698 853 3787 906 tri-

2161 936 2338 990 duum
2373 936 2644 1006 completi
2664 936 2912 1006 mensis,
2938 938 3035 1007 qui
3062 938 3340 1007 compleri
3373 938 3599 993 videtur
3625 941 3788 995 unde-

2164 1025 2315 1079 cimo
2364 1024 2661 1079 Kalendas
2693 1025 2849 1095 Maii,
2886 1025 3135 1081 Paschae
3165 1026 3468 1082 Dominica
3497 1026 3637 1097 erit;
3666 1028 3790 1084 illud

2163 1114 2520 1184 consideret,
2553 1114 2690 1185 quia
2720 1117 2924 1185 quarta
2956 1115 3179 1169 decima
3218 1115 3376 1186 luna,
3429 1131 3559 1187 qum
3604 1117 3790 1187 quieri-

2160 1205 2275 1272 tur,
2327 1206 2535 1274 quarto
2583 1203 2812 1258 decimo
2860 1202 3158 1259 Kalendas
3206 1204 3342 1258 Maii
3391 1204 3521 1275 erit,
3563 1203 3669 1260 hoc
3695 1208 3789 1275 est,

2160 1291 2309 1346 intra
2349 1292 2762 1362 praescriptum
2809 1292 3035 1346 mensis
3084 1308 3414 1348 numerum.
3463 1293 3585 1348 Lex
3627 1296 3794 1350 autem

2163 1380 2317 1435 diem
2339 1380 2641 1451 passionis
2670 1381 2855 1453 exigit
2884 1380 3034 1436 intra
3065 1380 3317 1453 primum
3348 1396 3611 1438 mensem
3639 1398 3795 1438 novo-

2166 1485 2296 1523 rum
2328 1469 2545 1523 debere
2576 1469 2887 1525 celebrari.

2233 1557 2318 1612 18.
2344 1556 2721 1614 Satisfactum
2740 1562 2831 1614 est
2850 1558 3032 1631 igitur
3052 1558 3384 1615 secundum
3404 1559 3796 1630 plenitudinem

2160 1644 2338 1715 lunae,
2375 1647 2470 1700 cui
2500 1647 2573 1701 ad
2605 1646 3019 1717 complendum
3059 1663 3327 1703 mensem
3356 1652 3671 1720 supersunt
3697 1652 3799 1705 tres

2159 1735 2258 1790 alii
2305 1735 2455 1790 dies.
2509 1735 2643 1791 Non
2690 1751 2835 1808 ergo
2884 1737 2941 1790 in
2989 1736 3236 1791 alterum
3281 1753 3551 1794 mensem
3595 1738 3795 1808 recidit,

2163 1824 2397 1895 quando
2447 1824 2597 1879 intra
2646 1826 2915 1881 eumdem
2964 1841 3254 1896 mensem,
3308 1826 3412 1898 qui
3459 1827 3678 1898 primus
3705 1830 3797 1896 est,

2161 1912 2393 1967 Pascha
2427 1913 2840 1969 celebrabitur.
2874 1914 2963 1968 Ad
2996 1914 3247 1969 litteram
3276 1919 3474 1970 autem
3503 1932 3611 1972 nos
3638 1916 3799 1970 teneri

2164 2016 2282 2055 non
2312 2004 2603 2071 oportere,
2638 2001 2775 2057 licet
2804 2003 3171 2058 consuetudo
3218 2003 3561 2060 celebrandi
3596 2004 3799 2059 Pascha

2163 2088 2293 2160 ipsa
2317 2106 2426 2144 nos
2444 2089 2726 2160 instruat;
2750 2094 2942 2146 tamen
2962 2094 3018 2145 et
3040 2092 3365 2162 Apostolus
3388 2093 3578 2164 docet,
3594 2093 3688 2165 qui
3705 2093 3797 2147 ait:

2168 2199 2189 2226 α
2218 2178 2449 2232 Pascha
2468 2182 2737 2234 nostrum
2759 2179 3093 2234 immolatus
3118 2185 3209 2235 est
3228 2180 3506 2237 Christus
3539 2182 3595 2253 (Ι
3607 2182 3730 2237 Cor.
3751 2198 3798 2251 v,

2162 2266 2239 2338 Ἷ).
2271 2288 2291 2315 ››
2315 2266 2429 2322 Sed
2454 2270 2508 2321 et
2526 2269 2829 2338 proposita
2868 2268 3041 2324 lectio
3081 2269 3252 2324 docet
3290 2270 3545 2326 litteram
3579 2286 3690 2326 non
3716 2286 3800 2325 se-

2165 2355 2496 2427 quendam;
2542 2356 2632 2411 sic
2677 2357 2833 2411 enim
2877 2356 3064 2412 habes
3117 2374 3128 2412 :
3187 2378 3209 2408 ι
3246 2358 3318 2413 Et
3364 2358 3552 2415 facies
3598 2358 3800 2414 Pascha

2166 2446 2413 2501 Domino
2463 2444 2585 2501 Deo
2630 2448 2730 2500 tuo
2777 2449 2985 2516 quarto
3032 2445 3260 2502 decimo
3290 2448 3441 2512 876
3473 2448 3565 2503 die
3602 2448 3800 2503 mensis

2163 2535 2336 2607 primi
2367 2534 2582 2602 (Exod.
2616 2551 2719 2604 xu,
2755 2532 2862 2604 18).
2902 2554 2923 2582 »
2963 2533 3125 2588 Diem
3162 2551 3268 2606 pro
3300 2536 3442 2591 luna
3472 2537 3640 2607 dicit;
3669 2535 3801 2593 unde

2162 2623 2508 2696 peritissimi
2541 2639 2775 2696 quoque
2808 2624 3136 2678 secundum
3164 2624 3361 2696 legem
3411 2626 3599 2681 lunari
3646 2641 3801 2680 cursu

2165 2716 2502 2784 computant
2530 2728 2795 2768 mensem
2828 2728 2840 2767 :
2875 2714 2931 2767 et
2960 2712 3091 2767 ideo
3123 2729 3256 2767 cum
3286 2729 3318 2767 a
3355 2714 3622 2785 pluribus
3652 2714 3800 2769 nonis

2162 2803 2319 2857 lunze
2372 2817 2589 2856 cursus
2635 2802 2896 2872 incipiat,
2930 2800 3043 2856 hoc
3074 2804 3184 2872 est,
3219 2802 3350 2858 dies
3379 2803 3624 2875 primus,
3656 2802 3800 2858 vides

2165 2892 2369 2947 Nonas
2400 2891 2534 2945 Maii
2566 2890 2678 2962 (33)
2708 2890 2902 2945 adhuc
2933 2890 3005 2945 ad
3038 2906 3301 2947 mensem
3339 2893 3593 2964 primum
3637 2907 3801 2948 novo-

2164 3034 2461 3089 Theodos.
2506 3048 2764 3105 (quarum
2814 3032 3158 3105 laterculum
3186 3032 3547 3089 Godefridus
3593 3033 3803 3088 exhibet

2165 3107 2361 3161 statim
2392 3103 2576 3160 initio.
2612 3105 2759 3159 Vide
2790 3105 2964 3159 etiam
3013 3103 3351 3160 Ch’ronicon
3397 3106 3727 3173 Marcellini,
3756 3106 3803 3158 et

2165 3177 2648 3245 Alexandrinum,
2673 3176 2811 3230 licet
2829 3176 3157 3230 innumeris
3187 3177 3498 3232 erroribus
3529 3176 3798 3232 foedatum.

2237 3248 2350 3319 (31)
2375 3249 2522 3302 Tres
2553 3263 2726 3316 mss.,
2764 3269 2785 3293 α
2813 3262 2974 3317 saepe
3006 3246 3339 3319 celebratos
3367 3264 3382 3318 ;
3411 3269 3433 3297 ι
3471 3264 3620 3303 unus
3647 3247 3802 3319 quiet

2164 3318 2636 3389 antiquissimus,
2670 3334 2739 3374 ac
2770 3333 2976 3373 omnes
3008 3318 3167 3390 edit.,
3205 3340 3228 3368 ι
3264 3334 3430 3390 saepe
3461 3318 3725 3374 celebrati
3745 3331 3757 3390 ;
3781 3336 3799 3365 ι

2165 3388 2429 3481 exceptis
2454 3390 2808 3481 quibusdam
2825 3390 3015 3481 Pajris‘,
3037 3388 3435 3481 pbiLlegimus,
3459 3414 3486 3473 _-
3503 3405 3658 3481 stepLe
3680 3388 3804 3481 cele-

2163 3460 2384 3516 bratur.
2408 3485 2429 3508 η
2454 3460 2745 3516 Caeterum
2760 3461 2914 3533 quod
2930 3461 3009 3515 ait
3031 3460 3388 3516 Ambrosius
3415 3482 3437 3511 ι
3456 3462 3601 3516 intra
3613 3460 3804 3533 hostri-

2164 3533 2328 3604 ginta
2364 3536 2421 3587 et
2463 3549 2643 3587 unum
2680 3531 2829 3602 dies,
2876 3555 2898 3580 ι
2934 3536 3194 3604 erratum
3226 3533 3412 3604 etiam
3451 3531 3801 3604 ibi‘videtur;

2166 3600 2504 3682 suntue’nim
2551 3621 2715 3682 xxxii
2747 3600 2900 3682 anxii
2925 3602 3059 3682 Kal.
3095 3603 3278 3672 April.
3313 3605 3388 3682 ad
3421 3621 3481 3658 χι
3511 3602 3634 3658 Kal.
3662 3600 3799 3682 Maii.

2237 3675 2349 3745 (32)
2380 3674 2537 3730 Scite
2568 3675 2818 3730 advertit
2840 3673 3061 3729 Balbus
3085 3676 3398 3744 sequentia
3421 3691 3552 3729 cum
3574 3686 3641 3752 τῷ
3661 3672 3803 3752 ὴίθιιτ

2166 3755 2327 3808 nium
2345 3755 2633 3826 quadrare
2652 3771 2769 3810 non
2786 3770 2987 3825 posse,
3010 3769 3119 3826 nec
3138 3755 3291 3826 enim
3312 3770 3381 3809 ea
3400 3749 3802 3826 convenirealii

2165 3820 2554 3897 annofquam
2586 3827 2657 3881 95
2694 3820 2831 3881 ωισιῖο
2860 3825 3226 3897 Diocletiani,
3264 3825 3488 3881 Christi
3524 3840 3659 3897 vero
3692 3820 3798 3878 3’79.

2167 3896 2901 3974 Undecolligitbiennium
2925 3912 2999 3951 ex
3025 3912 3095 3974 eo
3125 3896 3342 3974 factum
3363 3897 3522 3974 quod
3546 3896 3802 3974 scriptum

2166 3968 2358 4022 fuerat
2378 3966 2679 4022 viennium
2698 3969 2737 4022 i.
2760 3984 2810 4023 c.
2836 3966 3345 4031 sexenniquua
3368 3966 3699 4038 conjectura
3723 3966 3801 4038 ni-

2165 4038 2246 4093 hil
2265 4038 2653 4109 probebilius.
2679 4039 3077 4109 Nihilominus
3104 4041 3298 4092 tamen
3341 4032 3665 4093 Eucherius
3693 4032 3799 4089 vul-

2165 4125 2368 4181 garem
2392 4111 2602 4165 retinet
2622 4110 2956 4180 lectionem,
2977 4124 3313 4182 annumque
3335 4110 3697 4182 designatum
3713 4120 3801 4176 per

2167 4179 2348 4235 voces
2384 4202 2405 4231 κ
2431 4184 2564 4235 ante
2596 4181 2895 4236 biennium
2921 4179 2948 4229 n'
2972 4180 3189 4235 Christi
3216 4179 3326 4236 369
3359 4179 3549 4236 fuisse
3576 4179 3799 4233 arbitre-

2165 4252 2501 4306 tur.V’erum
2534 4268 2601 4306 ea
2641 4254 2975 4323 supputatio
2999 4268 3115 4307 non
3144 4252 3406 4307 cohaeret
3427 4268 3558 4307 cum
3579 4266 3645 4305 eo
3664 4245 3799 4323 quod

2166 4324 2237 4378 de
2262 4324 2399 4400 anni
2429 4324 2533 4378 387
2566 4319 2793 4400 Pascha
2824 4324 2920 4378 hic
2951 4324 3199 4400 dicitur:
3228 4345 3250 4375 ι
3278 4323 3438 4400 quod
3459 4319 3705 4400 t'u_turum
3718 4319 3800 4400 est

2165 4394 2472 4465 proxime;
2515 4417 2537 4442 τι
2587 4410 2719 4448 cum
2756 4395 2906 4449 hanc
2942 4393 3252 4465 epistolam
3290 4392 3445 4449 idem
3497 4392 3795 4465 Bucherius

2165 4464 2641 4535 scriptam'enno
2690 4465 2789 4519 381
2844 4464 3102 4521 censeat.
3157 4465 3226 4518 Et
3271 4469 3429 4520 certe
3486 4464 3796 4535 recurreth

2164 4528 2540 4606 postmodum
2569 4536 2749 4591 simili
2777 4537 3119 4592 difﬁcultate
3142 4538 3213 4590 de
3234 4536 3524 4591 Paschete
3553 4533 3683 4606 anni
3707 4528 3795 4586 355

2166 4605 2408 4661 sanctus
2439 4608 2560 4680 Lego
2590 4623 2708 4680 non
2738 4611 2870 4680 ante
2901 4624 3117 4680 annum
3148 4605 3679 4680 55377consulendos
3705 4615 3794 4680 ρετ

2164 4680 2311 4731 rites
2359 4678 2735 4732 existimavit.
2785 4678 2949 4742 Quod
3000 4683 3193 4732 autem
3245 4679 3612 4731 Ilermannus
3644 4671 3793 4727 tradit

2166 4749 2293 4804 fieri
2343 4750 2630 4827 potuisse,
2684 4754 2746 4803 ut
2792 4750 3193 4827 aliusucyclus
3224 4748 3675 4827 a_Victori_n_ianp
3707 4742 3792 4796 ob-

2165 4818 2541 4875 servaretur:
2578 4824 2635 4874 et
2663 4836 2869 4875 revera
2900 4818 3075 4874 alium
3109 4821 3221 4874 hoc
3260 4820 3391 4890 ipso
3438 4818 3790 4890 antiquiorem

2164 4893 2336 4947 etiam
2388 4907 2421 4945 a
2468 4891 2761 4946 Bucberio
2791 4891 3019 4962 editum
3051 4906 3209 4961 esse,
3242 4887 3303 4945 iii
3335 4906 3450 4962 quo
3480 4887 3694 4962 Pascha
3723 4898 3794 4962 re;

2164 4907 2336 4947 etiam
2388 4907 2421 4945 a
2468 4907 2761 4946 uucnerio
2801 4907 3019 4945 editum
3051 4907 3209 4961 esse,
3242 4908 3303 4945 in
3377 4907 3450 4944 uo
3480 4907 3694 4944 rescue
3723 4907 3785 4962 re-

2163 4963 2552 5019 surrectionis
2599 4963 2738 5016 enni
2782 4960 2887 5017 384
2933 4965 3183 5032 ponatur
3230 4907 3486 5016 xufkal.
3519 4958 3706 5024 Maias,
3737 4950 3785 5005 id

2162 5039 2272 5109 est,
2302 5051 2382 5102 χι,
2416 5050 2548 5109 cep}
2582 5033 2799 5088 festum
2832 5033 3139 5109 Paschalis
3170 5034 3484 5109 apudeum
3510 5032 3782 5109 auctet:th

2161 5106 2233 5161 ab
2260 5096 2421 5159 anno
2443 5105 2548 5160 3'78
2569 5120 2807 5174 semper
2826 5120 2943 5159 uno
2967 5105 3061 5159 die
3083 5096 3499 5176 ante—vertatur.
3653 5096 3784 5176 idet“

2166 5193 2354 5232 canon
2402 5179 2485 5230 tot
2527 5164 2758 5230 mendis
2807 5180 3036 5230 scatere
3080 5174 3547 5245 deprehenditur,
3577 5174 3633 5224 ut
3657 5166 3703 5221 ei
3731 5164 3784 5216 ti-

2165 5250 2304 5304 dere
2335 5264 2452 5301 non
2482 5248 2825 5301 audeamus.
2976 5318 2987 5319 ί
3190 5318 3195 5319 ί
3224 5317 3260 5319 __
3345 5316 3394 5319 __
3575 5310 3624 5319 _-
3662 5306 3692 5319 ..

2233 5321 2346 5390 (33)
2392 5320 2561 5394 139m-
2612 5319 2771 5394 ςδςλίιη
2827 5317 3064 5394 {Vides
3099 5317 3301 5394 Pridie
3345 5310 3778 5394 151098531335:

2161 5386 2300 5459 vet.,
2328 5386 2360 5439 ⁷‹‹
2398 5390 2577 5444 Vides
2611 5389 2814 5443 Nonas
2848 5389 3004 5442 Maii.
3034 5410 3055 5436 ι
3090 5386 3405 5443 Commoda
3436 5386 3633 5459 lectio;
3663 5388 3777 5431 cum

2160 5454 2313 5517 enim
2359 5477 2508 5514 nova
2541 5461 2677 5513 luna
2709 5461 2880 5529 primi
2916 5460 3160 5528 mensis,
3196 5465 3257 5513 ut
3285 5461 3439 5512 notat
3468 5454 3777 5529 Balbushgx

2161 5516 2690 5588 Alexandrinorum
2710 5516 2890 5601 ‘cyclo
2922 5516 3183 5599 incipere
3206 5532 3395 5600 possit
3414 5527 3501 5601 vel
3531 5541 3562 5601 γ
3590 5516 3770 5601 April"

2161 5607 2222 5658 fit
2250 5608 2312 5658 ut
2345 5604 2529 5656 Nona:
2580 5602 2713 5655 Maii
2754 5592 2940 5671 primo
2991 5592 3181 5655 lu'nari
3207 5592 3411 5655 inense
3443 5592 3772 5671 includantur

2157 5674 2491 5745 aliquando.
2526 5673 2639 5728 Sed
2673 5663 2821 5728 forte
2853 5689 2970 5727 non
3019 5677 3295 5745 putarunt
3341 5672 3499 5726 Hom.
3547 5663 3769 5745 editoref

2156 5740 2358 5801 Nonas
2382 5746 2451 5798 ad
2475 5746 2843 5816 superiorem
2865 5740 3127 5799 mensem
3146 5743 3434 5816 pertinere
3451 5750 3633 5816 posse,
3654 5740 3766 5816 el‘lfl‘l

2155 5797 2636 5871 emanasse
2661 5797 2992 5869 άεοέιηιιιιίει
3025 5797 3175 5868 nova
3199 5797 3371 5884 luna.
3403 5797 3550 5884 ειῐιοά
3578 5797 3761 5884 is“?!

2151 5864 2227 5942 ἷιῖ
2243 5864 2347 5943 ἐεῙὲ
2359 5864 2917 5957 fusaﬂamma
2943 5864 3388 5942 fundasti;
3412 5864 3611 5946 autem,
3632 5864 3757 5945 quod

378 5680 542 5760 illud,
573 5693 868 5756 praesente
885 5687 1252 5760 Constantio,
1276 5682 1594 5760 indictione
1617 5696 1746 5760 xiv,
1785 5680 2045 5760 coivisse

380 5749 773 5829 declarattet
817 5760 956 5813 hinc
1005 5749 1492 5829 quigTh'eodosio
1526 5749 2043 5829 _i‘ndi_c_tione_s__his

382 5824 681 5902 Ambrosii
699 5828 856 5902 locis,
870 5819 1144 5902 persuasi
1168 5825 1510 5902 attribuunt,
1526 5821 1747 5902 liquido
1770 5819 2045 5902 refellun-

382 5894 495 5949 tur.
529 5896 711 5952 Porro
741 5888 1127 5957 indictionum
1158 5896 1365 5953 crebra
1414 5888 1632 5949 mentio
1675 5892 1738 5948 fit
1787 5892 1846 5946 in
1893 5888 2036 5963 Cod.
