4072 6174
267 340 426 405 1077

1423 339 2037 405 EPISTOLARUM
2093 341 2435 408 CLASSIS
2465 344 2513 406 Ι.

3574 342 3730 410 1078

271 559 405 600 rum
421 545 748 615 computari
763 543 1144 618 posse.Ergo
1161 546 1217 598 et
1238 543 1576 615 juxtalegis
1592 543 1940 599 sententiam
1961 525 2018 588 Α
2053 542 2300 614 Moysen
2330 547 2385 598 et
2417 545 2616 600 Aarou
2657 548 2848 616 nocte,
2903 549 2961 602 et
3002 547 3149 603 dixit
3179 547 3300 604 illis
3327 563 3338 604 :
3390 547 3629 623 Surgite
3662 550 3720 604 et

273 636 502 706 primus
525 634 621 688 hic
647 635 870 688 mensis
893 637 1004 688 est.
1027 634 1291 706 Denique
1313 633 1468 706 μὴνην
1492 633 1689 687 lunam
1731 633 1944 688 vocant

270 724 487 794 Graeci,
521 724 676 778 unde
698 723 856 796 μῆνας
877 724 1083 780 Graece
1129 725 1330 778 dicunt
1369 740 1650 792 menses;
1683 727 1739 778 et
1767 726 1940 777 natu-

268 814 414 868 ralis
448 829 596 868 usus
627 814 925 867 nationum
961 816 1300 868 exterorum
1343 814 1540 869 lunam
1572 827 1678 884 pro
1727 813 1939 869 diebus

268 902 544 973 appeHaL

344 991 430 1046 19.
467 991 660 1046 Alium
683 995 878 1046 autem
909 993 1065 1046 diem
1095 991 1415 1064 passionis,
1454 992 1632 1046 alium
1666 1006 1938 1046 resurre-

271 1081 487 1135 ctionis
512 1080 931 1135 celebrandum
961 1081 1193 1135 Veteris
1212 1097 1446 1153 quoque
1470 1081 1826 1135 Testamenti
1847 1095 1940 1134 se-

269 1169 391 1224 ries
415 1169 706 1239 ostendit;
731 1170 820 1224 sic
837 1171 994 1224 enim
1009 1170 1196 1225 habes
1218 1186 1230 1225 :
1268 1192 1289 1221 ι
1313 1171 1523 1242 Agnus
1537 1170 1666 1224 sine
1685 1170 1934 1238 macula,

269 1258 549 1328 mundus,
585 1263 1056 1323 consummatus,
1106 1259 1440 1329 anniculus,
1475 1259 1778 1313 masculus
1829 1258 1939 1313 erit

266 1347 464 1416 vobis,
490 1347 564 1401 ab
588 1347 800 1402 ovibus
823 1351 881 1402 et
915 1348 1106 1404 haedis
1145 1349 1415 1417 sumetis,
1441 1351 1498 1402 et
1529 1349 1640 1402 erit
1671 1347 1842 1403 vobis
1876 1347 1935 1401 in

268 1435 686 1492 observatione
733 1452 923 1508 usque
976 1438 1036 1492 in
1068 1441 1334 1509 quartam
1387 1437 1674 1492 decimam
1707 1435 1934 1491 mensis

270 1524 478 1596 hujus,
501 1530 558 1579 et
598 1525 883 1580 occidetis
916 1526 1079 1580 illum
1111 1530 1228 1581 tota
1261 1526 1565 1580 multitudo
1598 1525 1934 1598 Synagogae

274 1613 679 1684 (34)ffiliorum
728 1615 911 1669 Israel
955 1615 1028 1669 ad
1076 1631 1413 1686 vesperum,
1465 1617 1522 1669 et
1579 1617 1814 1669 sument
1862 1614 1934 1668 de

273 1703 566 1775 sanguine
583 1703 739 1775 ejus,
755 1707 812 1758 et
833 1707 1050 1774 ponent
1068 1720 1248 1775 super
1265 1705 1415 1758 duos
1431 1707 1655 1775 postes,
1680 1706 1737 1758 et
1754 1718 1936 1774 super

267 1791 448 1846 limen
488 1792 624 1846 ostii
647 1793 881 1863 domus,
920 1793 980 1847 in
1011 1809 1126 1865 qua
1164 1793 1752 1847 manducabunteum
1785 1792 1938 1847 inter

266 1881 626 1952 semetipsos
653 1896 665 1937 :
703 1882 1139 1937 manducabunt
1170 1897 1407 1936 carnem
1428 1881 1579 1936 hanc
1598 1884 1775 1936 noctu
1807 1881 1932 1953 igni
1961 1900 2014 1964 Β
2043 1881 2587 1988 Ιυευᾶξοὶζ

265 1973 530 2024 assatam
553 1971 770 2038 (Exod.
795 1987 902 2041 χιι,
926 1971 1042 2040 5-8)
1069 1987 1083 2040 ;
1117 1974 1173 2026 et
1195 1971 1345 2025 infra
1370 1985 1382 2026 :
1423 1994 1444 2018 u
1469 1971 1539 2025 Et
1561 1971 1748 2026 edetis
1766 1971 1931 2024 illum

266 2075 401 2114 cum
427 2059 865 2130 sollicitudine;
896 2061 1118 2131 pascha
1137 2064 1229 2115 est
1268 2060 1424 2114 enim
1447 2060 1678 2114 Domini
1710 2063 1766 2114 et
1794 2075 1931 2131 per-

263 2148 535 2203 transibo
575 2149 640 2202 in
687 2152 903 2203 terram
945 2150 1367 2220 [Egyptiorum
1415 2149 1474 2203 in
1523 2152 1694 2204 nocte
1726 2149 1844 2218 illa,
1878 2151 1936 2203 et

264 2237 588 2307 percutiam
609 2253 780 2292 omne
803 2238 1162 2308 primitivum
1205 2239 1264 2292 in
1295 2238 1558 2309 {Egypto
1591 2238 1664 2292 ab
1698 2238 1934 2292 homine

266 2342 458 2396 usque
507 2327 577 2380 ad
610 2343 818 2397 pecus,
875 2330 931 2381 et
962 2327 1020 2380 in
1054 2328 1211 2381 omni
1263 2329 1414 2380 terra
1448 2327 1695 2398 [Egypti
1725 2327 1936 2381 faciam

265 2415 606 2485 vindictam,
641 2431 754 2487 ego
787 2416 1097 2483 Dominus,
1131 2419 1188 2469 et
1236 2416 1346 2470 erit
1376 2415 1550 2470 vobis
1595 2417 1845 2487 sanguis
1877 2415 1937 2470 in

265 2505 444 2576 signo
477 2505 536 2558 in
586 2504 882 2574 domibus,
930 2505 992 2558 in
1031 2504 1250 2575 quibus
1282 2504 1447 2558 eritis
1480 2504 1598 2573 ibi;
1635 2507 1690 2558 et
1723 2504 1934 2559 videbo

265 2593 642 2665 sanguinem,
676 2596 733 2648 et
775 2596 1083 2666 protegam
1115 2609 1244 2663 vos,
1297 2596 1353 2646 et
1384 2608 1501 2647 non
1533 2593 1639 2647 erit
1672 2593 1731 2647 in
1761 2593 1934 2648 vobis

263 2683 438 2754 plaga
461 2682 946 2752 (35)exterminii.
991 2682 1061 2735 Et
1098 2685 1399 2736 conteram
1423 2685 1638 2736 terram
1663 2682 1931 2752 Aﬂgypti,

264 2775 321 2826 et
353 2771 465 2826 erit
495 2771 624 2826 dies
655 2771 752 2824 hic
784 2771 958 2825 vobis
1007 2771 1408 2825 memorabilis
1439 2774 1495 2825 et
1541 2770 1846 2841 solemnis,
1880 2775 1936 2826 et

263 2860 419 2916 diem
451 2860 667 2915 festum
695 2861 886 2932 agetis
920 2875 1053 2914 eum
1087 2860 1334 2914 Domino
1366 2861 1424 2913 in
1454 2860 1775 2931 progenies
1798 2875 1934 2914 ves-

262 2952 409 3019 tras,
441 2950 768 3022 legitimum
801 2949 1256 3020 sempiternum,
1301 2949 1457 3003 diem
1487 2947 1705 3004 festum
1739 2949 1932 3021 agetis

261 3038 429 3094 illum
459 3039 636 3110 (Ibid.
672 3038 879 3105 11-14).
909 3062 931 3086 η

333 3128 422 3182 20.
451 3128 828 3182 Advertimus
865 3130 922 3182 et
943 3127 1247 3198 passionis
1289 3127 1442 3182 diem
1478 3127 1841 3198 descriptum
1873 3127 1932 3182 in

258 3216 514 3288 jejunio,
548 3217 685 3288 quia
715 3217 787 3270 ad
836 3233 1152 3288 vesperum
1185 3215 1548 3272 occidendus
1596 3219 1687 3270 est
1715 3231 1931 3288 agnus,

263 3307 403 3360 licet
431 3306 700 3360 ultimum
731 3309 963 3376 tempus
993 3321 1100 3376 pro
1142 3323 1392 3376 vespere
1424 3305 1729 3377 possimus
1778 3306 1932 3360 acci-

262 3409 404 3465 pere
425 3395 755 3449 secundum
777 3395 1065 3450 Joannem
1088 3397 1185 3466 qui
1226 3398 1341 3451 ait:
1380 3420 1401 3443 «
1445 3397 1638 3466 Pueri,
1674 3397 1933 3452 novissi-

263 3498 356 3536 ma
391 3483 534 3537 hora
570 3487 662 3538 est
685 3483 740 3553 (Ι
765 3485 930 3538 Joan.
963 3502 1021 3554 ιι,
1059 3485 1167 3554 18).
1194 3506 1216 3534 ι
1261 3486 1376 3541 Sed
1407 3502 1481 3542 ex
1506 3487 1675 3558 juxta
1705 3489 1929 3557 myste-

263 3573 416 3627 rium
436 3588 683 3643 vespere
707 3573 822 3627 diei
850 3577 1079 3628 constat
1098 3575 1386 3645 occisum,
1412 3577 1645 3647 quando
1669 3577 1930 3632 tenebrae

262 3663 462 3717 statim
493 3661 667 3718 factce
689 3666 862 3718 sunt:
896 3666 952 3718 et
988 3663 1286 3735 jejunium
1321 3665 1703 3720 deferendum
1735 3682 1805 3721 eo
1837 3666 1931 3720 die

262 3767 470 3806 verum
492 3755 600 3817 est,
623 3752 758 3823 quia
789 3752 866 3806 ita
907 3752 1094 3807 edetis
1117 3753 1280 3808 illum
1319 3770 1454 3808 cum
1493 3755 1927 3824 sollicitudine;

256 3840 672 3912 jejunantibus
723 3841 882 3895 enim
923 3842 1260 3898 sollicitudo
1309 3844 1590 3898 adhaeret.
1630 3845 1927 3899 Resurre-

263 3930 478 3985 ctionis
509 3932 704 3985 autem
735 3930 828 3985 die
862 3931 1178 3986 exsultatio
1219 3932 1563 3988 refectionis
1614 3936 1789 4005 atque
1820 3932 1928 3986 lae-

259 4019 426 4088 titiae,
460 4034 577 4090 quo
609 4018 702 4073 die
725 4019 957 4074 videtur
1001 4021 1202 4074 exisse
1233 4021 1485 4091 populus
1536 4037 1611 4076 ex
1641 4022 1926 4094 Aﬁgypto,

259 4107 578 4178 primitivis
613 4107 1032 4179 Egyptiorum
1062 4101 1208 4164 887
1239 4112 1484 4164 necatis.
1529 4109 1694 4175 Quod
1724 4113 1927 4181 poste-

259 4195 420 4250 riora
453 4195 787 4250 evidentius
820 4197 1050 4266 docent,
1086 4199 1146 4251 in
1195 4199 1414 4268 quibus
1471 4199 1550 4253 ait
1602 4199 1924 4269 Scriptura,

259 4291 400 4362 quia
422 4295 733 4362 postquam
753 4280 1020 4347 fecerunt
1042 4292 1232 4347 Judaei
1251 4293 1496 4365 pascha,
1522 4293 1677 4348 sicut
1697 4309 1927 4364 praece—

259 4381 347 4452 pit
382 4381 642 4451 Moyses,
671 4401 692 4431 ι
735 4380 951 4435 factum
990 4385 1082 4436 est
1111 4383 1267 4437 circa
1305 4383 1552 4438 mediam
1589 4387 1839 4452 noctem,
1871 4385 1929 4438 et

260 4469 551 4524 Dominus
569 4470 868 4540 percussit
889 4486 1060 4525 omne
1078 4472 1437 4540 primitivum
1470 4472 1528 4526 in
1561 4475 1715 4526 terra
1740 4473 1928 4544 Egy-

256 4559 364 4630 pti,
425 4574 458 4612 a
515 4559 808 4629 primitivo
869 4559 1215 4615 Pharaonis.
1277 4561 1347 4614 Et
1407 4563 1640 4616 vocavit
1699 4561 1926 4616 Pharao

259 4700 572 4774 sintquasi
594 4701 901 4774 exordium
925 4717 1095 4756 novae
1133 4702 1593 4774 observationis.
1619 4704 1690 4758 At
1712 4703 1925 4774 hujus-

257 4771 817 4844 modietymologiae
859 4789 977 4826 non
998 4778 1136 4827 sunt
1173 4774 1336 4827 tanti.
1374 4773 1442 4827 Et
1470 4774 1734 4843 profecto
1767 4771 1925 4828 recte

254 4842 358 4898 hic
383 4843 456 4895 ab
472 4842 788 4897 Ambrosio
812 4844 1045 4912 dicitur,
1084 4865 1106 4894 α
1141 4860 1273 4899 cum
1305 4861 1337 4898 a
1368 4842 1640 4915 pluribus
1672 4845 1866 4914 nonis,
1899 4868 1920 4891 »

258 4916 402 4979 etc.,
430 4930 546 4968 non
576 4917 770 4968 autem
799 4915 872 4968 ab
905 4915 1201 4970 omnibus.

335 4985 447 5057 (2-1)
469 4985 635 5057 Unus
659 4985 789 5039 cod.
807 4985 934 5038 Vat.
957 5010 977 5033 «ι
996 4989 1113 5040 tota
1134 4986 1502 5041 multitudine
1520 4985 1877 5057 Synagogze.
1899 5011 1919 5033 η

335 5055 448 5124 (35)
479 5056 647 5109 Tres.
694 5071 866 5124 mss.,
905 5079 925 5104 κ

983 5061 1039 5111 et
1072 5073 1190 5130 non
1230 5058 1348 5130 erit
1378 5058 1552 5113 vobis
1581 5059 1638 5111 in
1669 5058 1862 5130 plaga.
1902 5082 1922 5104 ι»

333 5127 446 5191 (36)
483 5126 656 5194 Edit.,

697 5148 716 5174 α
754 5130 810 5180 et
840 5143 970 5197 vos,
1005 5132 1060 5182 et
1093 5129 1194 5182 filii
1228 5129 1431 5184 Israel.
1473 5154 1493 5177 ιι

337 5197 450 5266 (3‘7)
482 5197 618 5270 Vet‘.‘
649 5197 784 5270 edit.
825 5214 957 5252 cum
987 5199 1180 5254 tribus
1213 5216 1383 5269 mss.,
1421 5224 1442 5247 «ι
1481 5199 1796 5268 sustinere,
1830 5215 1928 5270 ap-

257 5272 530 5339 paratum
550 5267 666 5340 sibi
697 5267 984 5340 fecerant.
1012 5291 1034 5320 »
1076 5272 1247 5326 Rom.
1277 5292 1302 5320 «
1335 5267 1655 5338 sustinere,
1689 5287 1798 5324 nec
1829 5267 1928 5340 ap-

254 5343 528 5410 paratum
546 5339 661 5392 sibi
687 5339 973 5394 fecerunt.
1004 5364 1024 5386 n
1055 5341 1124 5394 Et
1157 5346 1315 5396 certe
1354 5341 1758 5413 suffragantur
1787 5341 1926 5394 huic

254 5418 616 5472 correctioni
650 5420 827 5472 verba
860 5420 956 5472 illa
991 5420 1179 5475 Exodi
1220 5439 1322 5490 xu,
1369 5421 1457 5474 καί
1499 5420 1588 5474 οὐκ
1628 5415 1931 5478 ἡδυνὴοεσαν

247 5491 667 5571 ὶπιμείγαιηοὺδέ
689 5497 1012 5571 ἐπισιτισμὸν
1034 5498 1297 5562 ἐποίησαν,
1344 5505 1456 5555 etc.
1514 5501 1931 5555 Verumtamen

259 5585 399 5623 cum
421 5569 733 5642 lectionem
781 5569 933 5642 unus
967 5572 1090 5624 Vat.
1128 5572 1316 5625 codex
1367 5572 1700 5642 suppeditet
1729 5572 1801 5625 ab
1833 5571 1934 5625 illo

259 5644 434 5713 textu
477 5640 655 5713 haud,
682 5641 925 5694 multum
975 5643 1368 5713 recedentem,
1424 5640 1500 5696 iu'
1520 5646 1743 5698 textum
1777 5643 1933 5697 reci-

257 5711 539 5782 piendam
563 5710 1058 5768 existimavimus.

1958 4623 2018 4690 ι)

2051 635 2205 688 exite
2228 635 2299 689 de
2331 637 2546 706 populo
2578 653 2730 706 meo,
2765 641 2821 692 et
2852 654 2962 693 vos
3008 641 3065 693 et
3095 638 3198 692 tilii
3230 639 3414 694 vestri
3452 638 3564 710 (36)
3593 655 3605 695 :
3638 640 3717 696 ite

2051 725 2108 777 et
2127 725 2347 778 servite
2392 726 2638 780 Domino
2673 727 2795 782 Deo
2827 731 3028 782 vestro
3059 729 3275 798 (Exod.
3302 746 3406 799 κει,
3439 729 3649 799 29-31).
3691 750 3714 782 ι

2051 811 2122 866 Et
2150 814 2440 884 urgebant
2486 815 2756 886 ngyptii
2805 817 3106 886 populum,
3157 817 3509 873 festinantes
3541 833 3719 890 quam

2050 901 2356 957 celerrime
2413 905 2731 974 expellere.
2799 905 3062 977 Denique
3112 905 3201 961 sic
3259 906 3506 976 profecti
3578 910 3720 962 sunt

2048 977 2350 1062 lsraelitze,
2370 995 2433 1046 ut
2454 1008 2572 1048 non
2595 999 2933 1049 occurreret
2953 995 3070 1049 sibi
3092 1011 3290 1066 azyma
3325 994 3676 1052 fermentare
3699 1012 3714 1067 ;

2049 1076 2352 1148 ejecerunt
2369 1081 2525 1136 enim
2547 1097 2652 1138 eos
2676 1083 2966 1155 Egyptii,
3005 1087 3062 1139 et
3091 1100 3208 1139 non
3232 1087 3547 1156 potuerunt
3575 1101 3714 1141 sus-

2045 1166 2253 1238 tinere,
2323 1185 2498 1242 quam
2561 1177 2902 1244 apparatum
2969 1173 3086 1229 sibi
3151 1173 3414 1229 fecerant
3479 1173 3593 1246 (37)
3651 1175 3713 1232 in

2045 1271 2222 1312 vnam.

2118 1382 2206 1437 21.
2243 1384 2594 1440 Reseratum
2623 1391 2715 1443 est
2745 1388 2926 1460 igitur
2947 1389 3101 1445 diem
3124 1389 3585 1447 resurrectionis
3607 1389 3714 1446 ob-

2047 1475 2405 1529 servandum
2449 1480 2582 1546 post
2632 1477 2786 1532 diem
2836 1479 3162 1548 passionis,
3213 1479 3313 1550 qui
3345 1479 3474 1534 dies
3505 1494 3710 1536 resur-

2043 1562 2327 1647 rectionis
2358 1580 2476 1618 non
2523 1569 2727 1636 quarta
2759 1567 2986 1622 decima
3032 1568 3170 1622 luna
3203 1568 3378 1624 debet
3407 1584 3566 1639 esse,
3601 1567 3712 1623 sed

2042 1655 2270 1721 postea,
2304 1655 2367 1706 ut
2400 1653 2580 1708 Vetus
2611 1655 2872 1726 loquitur
2899 1656 3379 1727 Testamentum;
3412 1657 3548 1730 quia
3580 1657 3710 1713 dies

2042 1740 2523 1811 resurrectionis,
2571 1743 2624 1796 is
2658 1759 2791 1797 cum
2839 1745 3156 1815 egrediens
3187 1746 3299 1815 (38)
3348 1746 3604 1816 pepulus
3636 1747 3710 1802 de

2047 1827 2328 1900 Egypto,
2350 1830 2410 1884 in
2431 1831 2578 1884 mari
2599 1834 2654 1886 et
2691 1832 2750 1886 in
2792 1832 2949 1888 nube
2980 1833 3330 1904 baptizatus,
3366 1838 3427 1889 ut
3456 1836 3711 1905 Aposto-

2755 1963 2769 1991 ,
2802 1937 3014 1992 panem
3038 1922 3363 1992 spiritalem
3381 1925 3706 1997 accipiens,

2044 2010 2099 2061 et
2112 2010 2310 2077 potum
2329 2009 2400 2062 de
2413 2012 2576 2079 petra
2591 2009 2873 2065 hauriens
2887 2011 3214 2081 spiritalem
3232 2012 3433 2082 (ICor.
3463 2031 3522 2083 x,
3545 2014 3664 2084 2-4)
3691 2031 3704 2069 :

2041 2111 2153 2150 nec
2171 2096 2512 2165 passionem
2537 2097 2766 2152 Domini
2799 2099 2892 2153 die
2915 2100 3217 2154 Dominica
3241 2116 3422 2170 posse
3438 2101 3706 2157 celebra-

2040 2185 2120 2238 ri:
2146 2188 2200 2239 et
2223 2185 2276 2238 si
2298 2189 2500 2256 quarta
2523 2187 2749 2240 decima
2768 2186 2906 2241 luna
2926 2188 2986 2241 in
3009 2188 3373 2243 Dominicam
3408 2189 3703 2258 inciderit,

2040 2273 2480 2346 adjungendam
2502 2275 2931 2329 hebdomadam
2949 2277 3210 2346 alteram,
3229 2278 3383 2332 sicut
3399 2281 3455 2333 et
3468 2282 3708 2350 septua-

2041 2363 2272 2434 gesimo
2296 2365 2466 2416 sexto
2489 2379 2642 2418 anno
2661 2379 2736 2418 ex
2758 2364 2850 2418 die
2868 2365 3095 2434 imperii
3120 2365 3466 2420 Diocletiani
3487 2366 3707 2424 factum

2041 2454 2152 2504 est.
2187 2451 2335 2504 Nam
2362 2455 2502 2506 tunc
2534 2451 2820 2506 vicesimo
2853 2457 3060 2507 octavo
3093 2453 3186 2508 die
3215 2455 3519 2510 Parmuthi
3550 2473 3708 2513 men-

2042 2540 2152 2606 sis,
2185 2541 2284 2611 qui
2318 2544 2409 2594 est
2455 2557 2610 2596 nono
2643 2541 2938 2596 Kalendas
2985 2543 3122 2596 Maii
3167 2543 3304 2612 (39),
3339 2543 3705 2601 Dominicam

2042 2629 2290 2684 Paschze
2323 2630 2754 2685 celebravimus
2795 2632 2924 2686 sine
2971 2633 3088 2687 ulla
3121 2633 3484 2689 dubitatione
3516 2635 3702 2708 majo-

2039 2735 2190 2774 rum.
2225 2719 2408 2774 Simul
2442 2721 2614 2774 ctiam
2643 2721 2798 2775 lunae
2832 2737 3047 2776 cursus
3070 2725 3126 2776 et
3147 2723 3293 2778 ratio
3316 2721 3701 2798 suffragatur,

2039 2807 2316 2879 quoniam
2350 2809 2634 2864 vicesima
2679 2810 2867 2880 prima
2909 2809 3046 2865 luna
3094 2813 3429 2882 proximum
3467 2813 3702 2870 Pascha

2039 2897 2458 2951 celebrandum
2505 2901 2633 2968 est;
2681 2915 2812 2952 nam
2843 2915 3035 2970 usque
3077 2900 3148 2955 ad
3197 2900 3544 2958 vicesimam
3574 2903 3700 2975 pri-

2039 3000 2192 3040 mam
2221 2985 2420 3040 lunam
2451 2988 2761 3042 consuevit
2790 2988 3046 3044 extendi.

2108 3112 2197 3167 22.
2233 3112 2393 3184 Ergo
2445 3127 2578 3168 cum
2625 3115 2708 3168 tot
2753 3113 3019 3169 veritatis
3059 3115 3276 3170 indicia
3325 3121 3699 3189 concurrant,

2033 3201 2202 3274 juxta
2221 3201 2511 3274 majorum
2535 3202 2802 3273 exempla
2821 3202 3036 3257 festum
3058 3204 3313 3274 publicae
3348 3205 3559 3260 salutis
3580 3205 3702 3262 laeti

1961 3255 2016 3327 ο
2038 3291 2524 3362 exsultantesque
2555 3291 2945 3361 celebremus,
2977 3297 3182 3363 postes
3214 3297 3456 3350 nostros
3492 3295 3590 3350 ubi
3611 3299 3705 3350 est

2038 3381 2256 3436 ostium
2305 3380 2492 3449 verbi,
2545 3381 2702 3452 quod
2749 3381 2865 3435 sibi
2912 3381 3236 3452 Apostolus
3284 3386 3440 3454 optat
3481 3385 3704 3454 aperiri

2037 3469 2290 3540 (CoIoss.
2329 3487 2406 3539 1v,
2457 3470 2532 3539 3),
2582 3469 2696 3524 ﬁde
2727 3471 3028 3540 passionis
3078 3472 3401 3528 Dominicaa
3432 3473 3700 3529 coloran-

2038 3563 2128 3614 tes
2170 3559 2304 3629 (10).
2339 3559 2419 3613 De
2465 3559 2577 3613 hoc
2609 3559 2760 3614 ostio
2805 3559 2945 3614 dicit
2992 3561 3164 3615 etiam
3197 3562 3417 3618 David:
3459 3585 3480 3610 αι
3516 3564 3698 3632 Pone,

2039 3648 2306 3717 Domine,
2355 3649 2683 3703 custodiam
2734 3649 2823 3704 ori
2867 3665 3018 3719 meo,
3061 3653 3118 3705 et
3163 3651 3382 3706 ostium
3413 3651 3700 3707 circuitus

2036 3736 2212 3792 labiis
2231 3736 2584 3806 meis(Psal.
2622 3753 2753 3807 ch,
2775 3737 2868 3809 3);
2907 3759 2929 3788 ι
2955 3742 3016 3793 ut
3046 3739 3191 3794 nihil
3221 3739 3378 3794 aliud
3411 3741 3529 3796 nisi
3558 3757 3700 3796 san-

2035 3826 2276 3898 guinem
2289 3825 2983 3898 Christiloquamur,quo
3006 3831 3251 3883 mortem
3275 3829 3552 3900 vicimus,
3581 3847 3699 3902 quo

2035 3915 2321 3984 redempti
2352 3931 2582 3970 sumus.
2631 3916 2868 3988 Flagret
2915 3916 2975 3971 in
3023 3917 3199 3973 nobis
3251 3918 3401 3974 odor
3449 3919 3692 3975 Christi.

2034 4003 2234 4074 Ipsum
2265 4004 2594 4073 audiamus,
2648 4004 2706 4058 in
2757 4004 2920 4059 illum
2965 4008 3021 4060 et
3055 4007 3270 4062 mentis
3321 4011 3378 4062 et
3428 4010 3700 4080 corporis

2037 4093 2244 4148 oculos
2277 4092 2625 4164 dirigamus,
2676 4109 2854 4164 opera
2903 4093 3038 4166 ejus
3068 4096 3371 4166 mirantes,
3414 4097 3699 4153 beneﬁcia

2036 4181 2428 4252 praedicantes
2453 4197 2465 4237 ε
2501 4198 2682 4254 super
2702 4183 2879 4238 limen
2903 4185 3038 4238 ostii
3057 4186 3242 4240 nostri
3267 4201 3457 4241 sacrm
3481 4187 3702 4242 redem-

2037 4272 2153 4341 ptis
2222 4270 2524 4327 confessio
2591 4273 2984 4344 resplendeat.
3055 4274 3370 4329 Sumamus
3449 4275 3700 4331 ferventi

2037 4359 2252 4430 spiritu
2286 4365 2722 4416 sacramentum
2761 4363 2820 4416 in
2857 4363 3080 4433 azymis
3121 4363 3480 4417 sinceritatis
3505 4363 3616 4431 (41)
3647 4367 3705 4417 et

2036 4449 2322 4520 veritatis,
2373 4450 2468 4520 pia
2519 4449 2783 4504 doctrina
2825 4451 3074 4521 gloriam
3129 4451 3318 4504 Patris
3370 4453 3427 4504 et
3457 4451 3609 4519 Filii,
3645 4454 3704 4505 et

2037 4537 2292 4610 Spiritus
2337 4539 2705 4611 majestatem
2738 4539 3098 4593 individuam
3130 4538 3526 4608 concinentes
3564 4538 3698 4609 (42).

2111 4701 2227 4769 (38)
2249 4699 2554 4772 CodrVat.
2589 4715 2764 4766 unus,
2800 4721 2822 4749 ι
2857 4699 3016 4770 quod
3046 4699 3176 4753 dies
3206 4699 3508 4769 passionis
3541 4704 3700 4772 sunt,

2040 4788 2173 4827 cum
2213 4769 2550 4838 egrediens,
2589 4791 2610 4818 »
2645 4774 2756 4824 etc.

2109 4841 2222 4910 (39)
2255 4840 2473 4896 Omnes
2505 4841 2667 4907 edit.,
2708 4863 2728 4889 α
2767 4840 3068 4895 tricesimo
3100 4841 3192 4896 die
3219 4841 3521 4897 Parmuthi
3543 4859 3704 4898 men-

2037 4915 2148 4975 sis,
2198 4913 2299 4983 qui
2349 4915 2441 4966 est
2491 4912 2743 4983 septimo
2796 4911 2922 4965 Kal.
2956 4912 3113 4966 Maii.
3153 4937 3173 4959 ιι
3217 4913 3332 4968 Sed
3384 4913 3604 4970 Balbus
3635 4931 3704 4970 ac

2040 4982 2371 5040 Bucherius
2391 4982 2820 5056 emendationis
2843 4983 3038 5056 locum
3071 4983 3338 5055 indigere
3369 4985 3705 5056 deprehen-

2041 5056 2268 5123 derunt,
2304 5058 2477 5124 atque
2509 5053 2654 5108 adeo
2687 5054 3089 5124 reponendum
3120 5075 3143 5105 ι
3177 5053 3463 5112 vicesimo
3495 5060 3703 5113 octavo

2041 5128 2202 5182 die...
2228 5126 2326 5195 qui
2347 5128 2439 5179 est
2463 5141 2522 5178 ix
2547 5124 2673 5178 Kal.
2702 5125 2857 5179 Maii.
2887 5149 2907 5172 ι»
2946 5125 3174 5195 Optima
3217 5128 3538 5194 correctio;
3569 5144 3704 5183 cum

2039 5199 2195 5253 enim
2215 5198 2335 5251 illic
2357 5200 2568 5267 agatur
2585 5196 2656 5269 de
2679 5211 2832 5250 anno
2859 5200 3144 5265 reparatae
3201 5198 3412 5253 salutis
3449 5198 3575 5269 360,
3602 5199 3708 5253 ali-

2038 5273 2127 5324 ter
2157 5285 2224 5323 ea
2256 5269 2407 5322 inter
2435 5283 2500 5320 se
2533 5267 2836 5322 cohaerere
2867 5283 3238 5338 nequaquam
3269 5273 3542 5339 possunt.

2113 5339 2224 5408 (40)
2255 5339 2398 5393 Cod.
2443 5339 2570 5393 Vat.
2617 5354 2794 5408 unus,
2831 5360 2852 5388 α
2900 5339 3014 5393 fide
3043 5339 3346 5409 passionis
3378 5339 3699 5395 Dominicae

2040 5411 2429 5466 celebrantes.
2460 5433 2480 5456 »

2109 5481 2222 5548 (41)
2252 5481 2394 5535 Cod.
2430 5497 2606 5549 unus,
2647 5504 2668 5526 α

2044 5553 2254 5607 ritatis.
2293 5575 2314 5598 »

2111 5623 2228 5696 (42)
2245 5623 2411 5696 Mss.
2431 5638 2606 5690 unus,
2636 5645 2656 5672 ex
2700 5626 2755 5696 et
2778 5621 2908 5696 Filii
2937 5622 3318 5696 majestatem
3356 5624 3410 5676 et
3447 5620 3704 5696 Spiritus

2044 5694 2232 5752 sancti
2257 5693 2556 5750 inviduam
2590 5694 3063 5751 concinnitatem.
3103 5716 3122 5739 ιν

2707 5484 3143 5535 sacramentum
3190 5480 3468 5552 imaginis
3501 5479 3702 5536 since-
