3942 6168
366 342 527 406 1079

737 544 888 612 888
920 556 1282 614 EPISTOIA
1321 560 1511 616 XXIV
1541 559 1675 629 (49).

378 665 671 742 EXposito
691 682 799 720 cur
813 665 1133 742 legationis
1160 683 1282 742 suae
1314 669 1607 742 rationem
1641 670 1877 737 reddat,
1899 685 2040 742 quo-

446 738 617 793 modo
637 739 700 792 in
717 738 1134 792 consistorium
1155 738 1399 809 ingredi
1416 746 1671 809 coaetus,
1692 738 1947 796 Maximi
1958 758 2043 796 os-

446 810 635 865 culum
657 824 868 883 recusa
878 810 1058 883 venit,
1093 815 1152 863 et
1169 812 1577 883 accusationes
1606 812 1818 883 quibus
1839 813 1936 866 hic
1967 812 2043 866 ab

446 897 515 937 eo
534 896 601 935 se
632 880 1162 948 decriminabatur,
1188 882 1250 935 in
1287 882 1475 951 ipsum
1511 880 1858 951 retorserit,
1900 899 2039 937 nar-

445 959 561 1008 rat.
596 951 734 1006 Tum
771 951 871 1006 ubi
903 951 1132 1017 retulit,
1153 968 1261 1023 qua
1303 951 1590 1007 libertate
1639 953 2043 1008 Valentiniani

447 1024 818 1097 clementiam
833 1023 963 1093 ejus
971 1024 1321 1097 crudelitati
1332 1025 1688 1097 opposuerit,
1706 1032 1881 1097 atque
1899 1024 2043 1080 Gra-

448 1095 598 1149 tiani
624 1109 836 1167 corpus
872 1093 1238 1167 redderetur
1257 1093 1597 1167 institerit,
1638 1110 1745 1150 nec
1776 1093 1890 1152 non
1904 1101 2042 1167 post

447 1165 867 1238 exprobratam
882 1170 1139 1238 tyranno
1163 1165 1448 1238 Vallionis
1458 1166 1677 1220 caedem
1693 1167 1879 1222 fuerit
1896 1165 2042 1238 ejec-

447 1236 885 1311 tus,suam_non
917 1241 1037 1311 tam
1064 1236 1429 1311 depericulo
1451 1252 1576 1311 suo,
1620 1254 1787 1311 quam
1804 1239 1881 1294 de
1908 1236 2041 1311 Hy-

442 1309 574 1381 gini
605 1306 823 1363 exsilio
842 1307 1303 1362 sollicitudinem
1331 1308 1556 1362 subdit.

586 1417 929 1469 Aunaosws
959 1413 1399 1469 VALENTINIANO
1443 1431 1823 1483 uesanam.

442 1522 494 1576 1.
528 1520 653 1576 Etsi
686 1521 1017 1592 superioris
1060 1508 1378 1594 legationis
1413 1538 1559 1578 meae
1604 1522 1754 1578 ﬁdes
1805 1524 1885 1578 ita
1928 1539 2037 1595 ap-

371 1611 618 1683 probata
649 1611 728 1665 sit
758 1611 884 1680 tibi,
916 1613 979 1665 ut
1007 1612 1158 1666 ratio
1195 1610 1329 1682 ejus
1359 1627 1393 1665 a
1422 1628 1516 1667 me
1563 1628 1682 1667 non
1713 1617 2035 1684 quaeratur,

374 1700 522 1755 satis
546 1700 704 1756 enim
729 1699 939 1754 claruit
957 1714 1027 1755 eo
1051 1701 1184 1770 ipso
1202 1700 1361 1771 quod
1380 1700 1604 1772 aliquot
1622 1701 1753 1755 dies
1776 1706 2041 1757 retentus

373 1804 506 1844 sum
552 1790 705 1843 intra
751 1787 993 1857 Gallias,
1036 1804 1129 1842 me
1181 1788 1442 1843 volentia
1492 1789 1748 1845 Maximo
1777 1791 1890 1861 (44)
1923 1807 2044 1847 non

1809 340 1874 405 s.
1921 326 2362 405 AMBROSII.

3601 341 3731 407 1080

2041 524 2296 598 [ΚΤθχὶῑ
2327 547 2389 598 ut
2420 543 2692 598 osculum
2738 541 2919 597 daret.
2973 540 3102 615 Ego
3134 541 3282 596 inter
3327 540 3733 598 consistorianos

2142 633 2276 688 steti
2308 632 2442 703 (43).
2495 632 2735 687 Hortari
2780 633 3080 702 caeperunt
3118 629 3236 697 alii,
3284 631 3343 683 ut
3370 630 3735 687 ascenderem:

2140 738 2356 777 vocare
2413 722 2531 776 ille.
2570 721 2872 792 Respondi
2928 734 3082 792 ego:
3147 718 3293 784 Quid
3340 718 3607 774 oscularis
3632 736 3739 776 eum

2142 827 2317 883 quem
2346 826 2466 865 non
2494 811 2818 882 agnoveris
2840 811 2869 863 ‘?
2896 808 2957 864 Si
2988 809 3145 863 enim
3172 823 3263 862 me
3284 809 3741 879 agnovisses,non

2142 901 2255 955 hoc
2287 900 2419 954 loco
2449 900 2708 953 videres.
2742 898 3084 954 Commotus
3126 912 3213 966 es,
3262 896 3459 967 inquit,
3489 897 3741 967 episcope.

2144 990 2298 1058 Non,
2341 990 2600 1059 inquam,
2648 988 2886 1059 iniuria,
2937 987 3044 1041 sed
3094 984 3442 1041 verecundia
3471 985 3592 1055 (49),
3621 987 3745 1057 quod

2145 1079 2338 1133 alieno
2368 1077 2635 1132 consisto
2681 1077 2837 1132 loco.
2891 1075 2964 1130 Et
3010 1076 3221 1146 prima,
3256 1074 3458 1146 inquit,
3506 1073 3749 1146 legatione

2145 1168 2464 1239 ingressus
2483 1182 2550 1222 es
2574 1165 3017 1222 consistorium.
3043 1165 3168 1219 Nec
3190 1163 3355 1232 illud,
3395 1163 3633 1235 inquam,
3657 1164 3747 1218 mei

2146 1256 2371 1313 erroris
2388 1256 2528 1311 fuit:
2563 1255 2853 1324 vocantis,
2879 1246 3036 1311 889
3060 1269 3177 1308 non
3198 1252 3573 1324 ingredientis
3591 1251 3753 1306 vitium

2144 1350 2256 1400 est.
2275 1344 2412 1415 Cur,
2455 1345 2663 1416 inquit,
2700 1345 3019 1417 ingressus
3042 1344 3148 1397 es?
3185 1340 3353 1411 Quia,
3377 1338 3618 1412 inquam,
3644 1342 3751 1395 tunc

2143 1438 2207 1489 ut
2228 1433 2496 1489 inferiori
2517 1449 2722 1505 pacem
2743 1433 3034 1504 petebam,
3062 1445 3216 1485 nunc
3239 1433 3303 1484 ut
3332 1429 3557 1501 aequali.
3584 1427 3751 1500 Cujus,

2142 1525 2358 1595 inquit,
2376 1522 2670 1579 beneﬁcio
2688 1521 2950 1595 aequali?
2993 1519 3334 1592 Respondi:
3381 1517 3754 1589 Omnipotentis

2144 1613 2271 1682 Dei,
2308 1613 2409 1685 qui
2459 1611 2867 1667 Valentiniano
2917 1626 3189 1684 regnum,
3238 1608 3398 1681 quod
3428 1607 3664 1677 dederat,
3689 1621 3757 1661 re-

2146 1703 2427 1758 servavit.

2214 1792 2270 1846 4.
2302 1791 2393 1846 Ad
2441 1792 2802 1862 postremum
2846 1788 3041 1860 erupit
3084 1788 3334 1843 dicens:
3385 1785 3652 1853 Quoniam
3690 1799 3759 1838 me

372 1877 700 1969 recepisse,
724 1876 1004 1949 nequeiis
1018 1876 1422 1969 astipulatum,
1441 1894 1575 1969 quae
1596 1879 1669 1933 ad
1684 1879 2042 1936 voluntatem
2074 1880 2398 1969 Blusistis,
2431 1883 2493 1935 tu
2523 1883 2580 1936 et
2608 1879 2706 1935 ille
2739 1879 2923 1934 Bauto
2954 1878 3088 1948 (50),
3121 1877 3223 1949 qui
3270 1877 3390 1932 sibi
3420 1891 3653 1948 regnum
3677 1874 3759 1928 sub

375 1967 510 2040 ejus
531 1968 746 2039 magis,
769 1983 945 2038 quam
965 1966 1038 2021 ad
1058 1981 1263 2036 pacem
1279 1968 1719 2038 propenderent
1744 1984 1755 2023 :
1788 1969 2044 2042 denique

374 2071 493 2113 non
507 2055 921 2112 commisisses
934 2055 1257 2110 secundam
1270 2054 1647 2128 legationem,
1662 2057 1781 2111 nisi
1794 2058 2042 2128 primam

374 2144 723 2216 probasses,
775 2144 893 2200 Sed
920 2144 1058 2215 quia
1105 2145 1466 2216 regredienti
1510 2146 1655 2200 mihi
1684 2146 2044 2205 decernendi

377 2250 586 2290 secum
632 2233 916 2304 imposuit
962 2234 1402 2304 necessitatem,
1451 2233 1586 2290 ideo
1633 2234 1746 2290 hac
1794 2236 2046 2306 epistola

376 2322 809 2395 expositionem
836 2322 1154 2394 legationis
1182 2338 1331 2380 meae
1360 2323 1779 2380 insinuandam
1806 2326 2042 2397 putavi;

376 2429 450 2469 ne
481 2412 839 2485 cujusquam
867 2428 1066 2467 sermo
1096 2412 1259 2467 veris
1288 2412 1458 2482 prius
1489 2429 1642 2468 vana
1670 2414 1784 2484 (45)
1815 2415 2043 2469 intexe-

377 2505 487 2573 ret,
506 2517 683 2574 quam
699 2501 926 2557 reditus
947 2516 1117 2556 meus
1138 2501 1389 2573 integra,
1413 2504 1470 2557 et
1490 2502 1745 2557 sincerae
1776 2503 2045 2558 veritatis

378 2607 670 2663 expressa
699 2590 1013 2663 signaculo
1046 2589 1472 2645 manifestaret.

450 2681 503 2736 2.
527 2679 674 2735 Cum
704 2678 1117 2751 pervenissem
1136 2679 1442 2748 Treviros,
1464 2679 1751 2749 postridie
1771 2682 2046 2751 processi

380 2770 453 2826 ad
475 2769 773 2841 palatium.
794 2769 1101 2842 Egressus
1124 2770 1217 2824 est
1236 2767 1311 2822 ad
1327 2782 1420 2823 me
1443 2768 1535 2822 vir
1555 2768 1667 2839 (4'7)
1683 2769 2043 2839 Gallicanus,

385 2858 747 2931 praepositus
768 2858 1047 2927 cubiculi,
1068 2856 1380 2913 eunuchus
1402 2858 1629 2929 regius.
1654 2858 1912 2929 Poposci
1939 2858 2047 2913 ad-

384 2949 563 3003 eundi
592 2947 849 3019 copiam:
898 2946 1177 3020 quaesivit
1211 2963 1352 3001 num
1382 2947 1737 3017 rescriptum
1766 2946 2048 3003 haberem

386 3037 713 3093 clementiae
732 3040 870 3107 tum,
897 3035 1201 3107 Respondi
1221 3036 1463 3090 habere.
1487 3035 1707 3091 Retulit
1727 3052 1845 3092 non
1865 3052 2049 3107 posse

386 3142 498 3199 me,
523 3127 642 3183 nisi
661 3127 724 3182 in
760 3127 1120 3182 consistorio
1155 3124 1367 3195 videri,
1409 3124 1542 3179 Dixi
1584 3139 1702 3180 non
1732 3140 1870 3181 esse
1893 3127 2051 3181 hunc

385 3233 611 3274 morem
638 3215 1085 3283 sacerdotalem,
1121 3216 1279 3270 certe
1310 3229 1449 3270 esse
1480 3214 1676 3286 aliqua
1726 3215 1799 3270 de
1830 3215 2049 3287 quibus

385 3308 546 3364 serio
577 3307 856 3362 deberem
887 3306 1002 3376 (4'7)
1033 3320 1167 3361 cum
1198 3320 1310 3359 suo
1342 3304 1609 3375 principe
1656 3304 2048 3359 confabulari.

385 3396 538 3463 Quid
568 3396 738 3468 plura
757 3397 787 3450 ε)
816 3394 1127 3451 Consuluit
1157 3408 1312 3463 eum,
1346 3393 1457 3448 sed
1503 3394 1708 3449 eadem
1739 3393 2053 3448 referenda

387 3485 657 3551 credidit,
700 3487 764 3541 ut
801 3485 1052 3557 liqueret
1072 3484 1246 3540 etiam
1277 3483 1477 3553 priora
1513 3498 1588 3538 ex
1618 3483 1778 3537 illius
1808 3482 2050 3538 arbitrio

387 3576 753 3648 deprompta.
775 3574 909 3629 Dixi
930 3576 1125 3629 tamen
1146 3572 1401 3628 alienum
1422 3572 1480 3627 id
1510 3571 1748 3645 quidem
1781 3587 1814 3625 a
1845 3573 2051 3626 nostro

388 3680 656 3735 munere,
701 3665 810 3720 sed
851 3680 945 3719 me
988 3667 1231 3735 recepto
1278 3661 1477 3718 ofﬁcio
1525 3676 1644 3717 non
1692 3660 2049 3726 defuturum,

388 3757 619 3827 gratam
633 3753 777 3808 mihi
801 3768 941 3809 esse
977 3752 1365 3807 humilitatem
1394 3752 1454 3806 in
1483 3753 1584 3806 tuo
1611 3750 1965 3821 praesertim,
1999 3751 2057 3805 et

389 3842 549 3913 quod
575 3857 784 3897 verum
806 3843 919 3910 est,
944 3840 1219 3896 fraternae
1248 3840 1484 3912 pietatis
1516 3840 1779 3912 negotio.

388 3990 399 4001 ν
460 3929 515 3985 3.
540 3929 656 3986 Ubi
679 3930 834 3985 sedit
849 3930 910 3984 in
931 3929 1314 4000 consistorio,
1337 3928 1658 4002 ingressus
1682 3943 1837 4000 sum,
1860 3944 2060 3984 assur-

464 4071 579 4144 (43)
610 4070 842 4144 Scripta
870 4086 1025 4144 anno
1053 4070 1187 4126 88'7-

464 4139 1017 4215 (44')Edit.'Amerb.
1033 4144 1090 4195 et
1110 4157 1257 4197 mss.
1290 4139 1540 4215 aliquot,
1572 4164 1594 4189 α
1627 4157 1729 4215 me
1750 4140 1990 4215 violenti
2023 4159 2056 4198 a

392 4212 651 4272 Maximo
676 4229 688 4269 :
728 4235 750 4263 ι
777 4229 906 4286 seq.
928 4213 1091 4281 edit.,
1119 4234 1141 4264 ι
1178 4228 1270 4267 me
1301 4212 1640 4286 violentiam
1662 4228 1695 4266 a
1717 4212 1992 4286 Maximo,
2029 4234 2051 4263 ι

392 4290 668 4345 neutrum
684 4283 951 4358 congruo
975 4299 1201 4358 sensu;
1234 4283 1449 4354 reliqui
1470 4298 1619 4358 mss.
1644 4285 1881 4358 partim,
1905 4306 1927 4332 α
1963 4300 2056 4340 me

391 4361 628 4416 volente
647 4375 682 4413 a
697 4354 974 4426 Maiimo,
999 4378 1021 4405 ιο
1048 4356 1279 4426 partim,
1300 4376 1323 4406 α
1351 4354 1670 4410 mevolenti
1685 4371 1717 4409 a
1732 4356 2009 4426 Maximo;
2029 4378 2051 4405 ι

391 4432 488 4488 vel
527 4454 549 4480 κ
591 4446 686 4486 me
731 4429 989 4485 volentia
1028 4427 1303 4495 Maximo,
1342 4447 1365 4475 ι
1399 4442 1535 4498 quae
1563 4427 1908 4498 veralectio
1942 4430 2052 4482 est.

393 4504 493 4559 Sic
511 4504 668 4559 enim
699 4501 960 4570 Tacitus,
989 4522 1010 4547 ιι
1054 4500 1197 4557 Haec
1228 4501 1402 4570 atque
1420 4497 1570 4570 italia
1610 4497 1770 4568 plebi
1799 4498 2055 4570 volentia

390 4575 579 4631 fuere.
618 4596 641 4626 ι
676 4574 757 4628 Ita
787 4569 953 4627 enim
973 4571 1190 4627 Salust.
1225 4569 1449 4624 Iudicat
1479 4569 1660 4640 igitur
1700 4569 2055 4624 Ambrosius

392 4646 683 4715 placentia
713 4644 968 4700 Maximo
1001 4658 1068 4698 se
1096 4642 1190 4697 vel
1220 4657 1338 4715 non
1368 4641 1707 4715 admisisse,
1742 4641 1836 4695 vel
1866 4640 2056 4694 factu-

393 4712 526 4787 rum
554 4732 621 4772 se
651 4731 769 4771 non
799 4716 1154 4787 promisisse
1181 4730 1195 4784 ;
1231 4714 1327 4768 hic
1359 4713 1515 4787 enim
1545 4712 1791 4787 v_er_bum
1830 4734 1851 4758 ιι
1885 4726 2049 4765 rece-

394 4786 561 4857 pisse
588 4807 611 4835 ι
632 4784 880 4857 utroque
902 4787 1077 4842 modo
1098 4788 1292 4857 potest
1308 4784 1612 4857 explicari,
1627 4784 1867 4857 Rursus
1890 4797 2052 4857 vero,

396 4853 500 4910 ubi
529 4872 640 4911 nos
672 4853 811 4929 cuni
833 4860 1012 4929 antiq.
1048 4853 1184 4911 edit.
1219 4861 1276 4912 et
1307 4853 1452 4929 mss.
1486 4853 1778 4929 pluribus,
1816 4877 1837 4901 α
1874 4854 1943 4907 ad
1965 4869 2059 4924 pa-

400 4940 529 4980 cem
568 4926 992 4997 protendereut
1013 4944 1025 4984 :
1065 4942 1087 4976 ἡ
1127 4929 1297 4984 Rom.
1334 4927 1472 4983 edit.
1505 4929 1563 4982 et
1608 4926 1845 4997 quidam
1876 4940 2051 4995 mss.,

403 5016 426 5047 ι
458 4996 925 5070 propenderent;
963 5021 983 5047 ιο
1018 5014 1173 5054 unus
1205 4996 1659 5070 praetenderent.
1690 5018 1711 5047 ι
1737 4998 1863 5052 Duo
1881 5012 2053 5065 mss.,

403 5088 427 5119 ι
458 5066 552 5122 ine
569 5066 939 5124 ‘voluntatem
969 5066 1229 5124 Maximi:
1269 5093 1290 5117 ιι

468 5139 582 5209 (45)
628 5136 757 5192 Vet.
807 5138 943 5211 edit.
995 5142 1052 5195 et
1098 5156 1244 5195 mss.
1280 5155 1398 5195 non
1448 5139 1693 5211 pauci”
1747 5139 1858 5193 viri
1889 5138 2055 5211 prius

397 5207 568 5280 vana,
589 5233 610 5259 η
636 5207 922 5278 nonnulli,
944 5232 965 5257 ιι
989 5211 1291 5280 veriprius
1308 5207 1475 5280 vana,
1496 5236 1517 5259 »ι
1541 5207 1649 5266 nec
1664 5207 2056 5278 incommode,

400 5298 533 5337 cum
555 5279 671 5336 non
694 5279 1059 5335 sitinsolens
1094 5279 1429 5349 Ambrosio,
1455 5284 1518 5336 ut
1554 5281 1819 5337 veritatis
1850 5295 2058 5350 vacua,

399 5353 719 5408 imitatione
749 5350 1001 5422 Virgilii,
1034 5352 1286 5422 appellet
1309 5373 1331 5403 ι
1358 5353 1485 5407 veri
1516 5370 1662 5407 vana
1691 5367 1702 5408 :
1741 5376 1762 5400 »ι
1800 5353 1951 5408 bene
1968 5355 2060 5406 ta~

398 5441 532 5481 men
562 5424 783 5496 aliquot
814 5437 961 5476 mss.
997 5438 1067 5496 ac
1102 5424 1269 5496 Rom.
1302 5424 1439 5496 edit.
1475 5426 1633 5496 utin
1664 5426 1844 5477 textu.

470 5497 583 5567 (46)
609 5493 697 5550 An
733 5511 839 5566 per
869 5494 1241 5549 catachresin
1289 5495 1381 5567 rjr
1417 5495 1768 5567 nominetur,
1790 5493 1888 5567 qui
1918 5507 2058 5547 vere

398 5563 574 5623 fuerit
592 5563 878 5648 eviratus,
903 5582 977 5620 an
999 5581 1141 5648 vero
1178 5565 1334 5648 quod
1358 5566 1663 5648 eunuclius
1688 5563 2060 5648 dicitur,"no-

398 5655 533 5694 men
555 5639 632 5694 sit
654 5639 931 5711 muneris
953 5654 1022 5693 ac
1046 5634 1371 5711 dignitatis,
1396 5651 1513 5711 non
1554 5634 1887 5711 deﬁnimus.
1915 5635 2060 5688 Vide

399 5710 635 5836 ἓῖιῐὲθῃέᾶ
664 5711 766 5767 lib.
801 5711 872 5767 de
901 5706 1139 5784 Joseph'
1158 5706 1510 5782 patriarcha,
1547 5722 1674 5779 cap.
1709 5706 1743 5761 6
1772 5706 2061 5761 observa-

2145 1970 2348 2041 specie
2376 1970 2542 2041 pueri
2575 1968 2880 2024 vindicare
2929 1967 3136 2035 voluit,
3170 1966 3269 2038 qui
3322 1966 3495 2020 etiam
3521 1964 3762 2019 barbaros

2146 2058 2292 2114 mihi
2308 2059 2591 2114 immisit:
2626 2058 2797 2130 quasi
2820 2072 2935 2130 ego
2954 2072 3073 2111 non
3095 2055 3368 2125 habeam,
3411 2069 3558 2126 quos
3579 2052 3763 2124 possim

2148 2148 2484 2217 adducere;
2518 2163 2652 2202 cum
2683 2147 2827 2202 mihi
2875 2149 2960 2201 tot
2986 2145 3167 2200 millia
3214 2144 3604 2198 Bai-berorum
3636 2140 3757 2196 mili-

2144 2239 2288 2307 tent,
2322 2239 2379 2292 et
2406 2252 2675 2292 annonas
2703 2251 2736 2289 a
2767 2251 2861 2290 me
2889 2234 3199 2304 accipiant.
3234 2231 3406 2298 Quod
3445 2231 3498 2286 si
3526 2246 3629 2303 ego
3655 2232 3762 2285 tunc

2146 2328 2433 2398 temporis
2463 2325 2699 2397 quando
2731 2324 2969 2392 venisti,
3001 2338 3121 2378 non
3150 2322 3346 2377 fuisse
3377 2322 3632 2390 retentis,
3659 2317 3763 2390 quis

2150 2416 2293 2471 mihi
2328 2416 2667 2471 obstitisset
2694 2418 2751 2469 et
2778 2412 2981 2467 virtuti
3009 2413 3201 2466 meae?

2217 2505 2272 2561 5.
2294 2505 2383 2559 Ad
2405 2505 2538 2559 haec
2562 2502 2935 2576 egoleniter:
2971 2502 3105 2556 Non
3133 2515 3285 2571 Opus
3326 2501 3438 2570 est,
3470 2499 3765 2570 inquam,ut

2154 2594 2605 2665 commovearis,
2638 2609 2772 2648 cum
2802 2607 2984 2647 causa
3026 2589 3184 2645 nulla
3234 2590 3315 2644 sit
3361 2587 3766 2644 commotionis:

2156 2684 2263 2740 sed
2283 2683 2571 2755 patienter
2584 2682 2811 2751 audias,
2828 2696 2961 2752 quae
2979 2680 3315 2735 referantur
3331 2678 3486 2733 istis.
3504 2677 3772 2746 PrOpterea

2158 2776 2216 2828 et
2236 2789 2349 2844 ego
2370 2772 2530 2841 veni,
2555 2771 2691 2843 quia
2711 2770 2900 2842 prima
2917 2770 3234 2841 legatione,
3260 2767 3402 2822 dum
3436 2765 3573 2821 mihi
3595 2764 3769 2828 credis,

2153 2878 2261 2933 per
2280 2878 2373 2916 me
2395 2861 2705 2932 deceptum
2726 2864 2782 2914 te
2805 2873 2943 2914 esse
2960 2856 3302 2912 asserebas.
3324 2856 3650 2912 Gloriosum
3664 2851 3777 2907 mihi

2153 2955 2246 3007 est
2266 2955 2322 3008 et
2342 2951 2456 3006 hoc
2475 2966 2583 3022 pro
2606 2949 2795 3005 salute
2816 2948 3021 3019 pupilli
3039 2946 3445 3017 imperatoris.
3475 2944 3629 3009 Quos
3649 2941 3772 2997 enim

2155 3041 2422 3113 episcopi
2445 3040 2657 3112 magis,
2683 3053 2859 3109 quam
2883 3036 3142 3108 pupillos
3164 3029 3781 3090 dcbemustucri?Scri-

2155 3134 2318 3201 ptum
2339 3132 2431 3185 est
2451 3130 2641 3184 enim:
2681 3151 2702 3175 ιι
2728 3126 2997 3182 Judicate
3041 3124 3283 3196 pupillo,
3311 3127 3370 3179 ct
3386 3121 3689 3195 justiﬁcate
3713 3119 3778 3171 vi-

2089 3220 2351 3330 cduam,
2372 3221 2427 3274 et
2444 3218 2651 3290 eripite
2674 3216 2950 3290 injuriam
2972 3214 3363 3285 accipientem
3402 3211 3538 3283 (Isa.
3562 3227 3598 3279 ι,
3630 3207 3735 3277 t7);
3760 3230 3776 3252 -

2166 3313 2212 3330 ,ι
2233 3309 2365 3330 ,ιη-ε
2389 3325 2400 3330 -
2448 3329 2464 3330 κ
2501 3306 3056 3330 π--λε---ηελ---η.-..
3107 3306 3159 3330 ,ιι
3186 3306 3390 3330 ηηικηη
3421 3299 3776 3330 Ληῆιιαηηκιιτη

2158 3309 2401 3365 etalibi:
2440 3329 2465 3359 ι
2490 3306 2733 3363 Judices
2750 3306 3080 3375 viduarum,
3105 3306 3161 3359 et
3186 3306 3391 3373 patres
3420 3299 3780 3371 orphanorum

2159 3398 2347 3467 (Psal.
2384 3414 2560 3468 van,
2594 3397 2672 3466 6).
2710 3420 2731 3445 »ι

2229 3487 2282 3542 6.
2306 3488 2525 3542 Tamen
2543 3502 2661 3541 non
2682 3483 3057 3556 exprobrabo
3090 3480 3452 3537 beneﬁcium
3484 3492 3668 3533 meum
3692 3474 3782 3528 Va-

2159 3577 2500 3632 lentiniano.
2524 3576 2600 3630 Ut
2614 3590 2821 3630 verum
2844 3573 3107 3644 eloquar,
3139 3570 3241 3625 ubi
3271 3585 3389 3641 ego
3421 3568 3541 3622 tuis
3570 3561 3781 3637 legioni-

2160 3667 2276 3722 bus
2299 3666 2521 3735 obstiti,
2545 3664 2861 3736 quominus
2891 3662 3173 3716 iutlueres
3204 3660 3263 3713 in
3298 3657 3525 3712 Italiam
3543 3656 3571 3710 ?
3595 3652 3781 3718 Quibus

2163 3756 2456 3828 rupibus?
2485 3770 2600 3826 qua
2621 3754 2746 3808 acie
2765 3754 2794 3808 ?
2826 3751 3043 3824 quibus
3065 3748 3332 3804 numeris
3354 3748 3385 3802 ἵν
3415 3747 3507 3801 An
3528 3758 3660 3798 vero
3685 3754 3783 3794 cor-

2163 3861 2307 3918 pore
2327 3859 2459 3900 meo
2472 3843 2660 3899 clausi
2673 3841 2775 3898 tibi
2795 3841 3008 3912 Alpes?
3023 3838 3257 3894 Utinam
3272 3836 3390 3892 hoc
3404 3848 3596 3891 meum
3609 3830 3708 3904 (6t)
3719 3843 3787 3918 es-

2164 3917 2256 3991 set
2280 3935 2293 3992 l
2328 3934 2724 4008 objectionem
2757 3946 2875 3987 non
2895 3929 3185 3998 timerem,
3225 3942 3345 3982 non
3369 3938 3610 3982 vererer
3628 3917 3784 3976 crimi-

2259 4079 2352 4151 47)
2386 4080 2555 4134 Rom.
2589 4076 2727 4132 edit.
2762 4074 2912 4151 sola,
2946 4070 3516 4151 secretodeberem.
3550 4088 3572 4151 τ
3616 4135 3649 4151 μ

2236 4082 2352 4212 E47)
2386 4082 2555 4134 Rom.
2589 4082 2727 4132 edit.
2762 4082 2912 4143 sola,
2946 4082 3178 4128 secreto
3207 4082 3516 4125 deberem.
3550 4088 3572 4115 ιι
3638 4135 3649 4147 ,

2258 4150 2352 4219 48)
2386 4150 2513 4205 Duo
2542 4164 2714 4216 mss.,
2753 4169 2774 4193 ιι
2802 4146 2956 4219 inter
2985 4142 3497 4219 con_sistorio_non
3523 4138 3669 4192 steti.
3690 4153 3759 4219 iw

2380 4203 2524 4275 Cum
2557 4203 2773 4293 exgh'oc
2808 4212 3428 4293 Ambrosiiexemplo,
3453 4213 3661 4293 tumex
3679 4203 3785 4293 aliis

2164 4282 2427 4348 virorum
2460 4290 2767 4346 sanctitate
2796 4304 2865 4342 ac
2904 4284 3188 4341 modestia
3236 4282 3683 4353 praecedentium
3707 4288 3785 4353 90-

2164 4345 2516 4438 gnoscimus
2547 4363 2832 4438 honorem
2865 4356 3101 4438 muneri.
3123 4371 3192 4409 ac
3236 4345 3510 4438 dignitati
3542 4365 3660 4438 sua;
3697 4345 3781 4438 de:

2162 4423 2349 4492 bitum
2366 4434 2516 4490 tueri
2536 4449 2655 4490 non
2675 4432 2973 4497 vanitatis,
3000 4427 3107 4482 sed
3130 4423 3623 4499 magnanimitatis
3651 4431 3779 4499 esse,

2165 4509 2339 4563 modo
2352 4523 2471 4561 non
2491 4520 2766 4576 personae
2787 4491 3095 4568 tribuatur,
3121 4491 3277 4569 quo'd
3302 4496 3503 4568 specie
3526 4491 3785 4563 dignitatis

2165 4579 2475 4634 expetitur.

2233 4596 2645 4720 (ἓῗΐὲιέἀιοηὶε
2674 4643 2912 4720 comitis
2934 4643 3143 4720 iterum
3175 4637 3656 4720 sanctusnost‘er
3681 4643 3784 4720 mf:

2165 4699 3156 4790 ηιίᾘῖίίῖρῖξίόἱὲίὲιάΤὴεοίιρξίιῃςιε-
3175 4711 3323 4790 Ejus
3364 4699 3780 4790 liliamnm‘cat'li?

2163 4767 2999 4864 itﬁﬁéiﬁi'diih'ﬁﬁsisséiii-adit
3034 4767 3476 4864 Philosto‘rgius‘
3514 4767 3782 4864 liberalia!"-

2165 4842 2625 4920 sibi-fidium;
2644 4842 2785 4914 vero
2820 4860 2938 4911 tam
2970 4855 3197 4925 prolixa
3220 4842 3515 4925 voluntate
3535 4842 3777 4925 eumdem

2112 4990 2115 4993 Α
2163 4916 2378 5003 laudat,
2403 4937 2464 4987 ut
2493 4932 2616 4987 fere
2648 4916 3324 5003 suspicionem__inj_i_ciat,
3358 4921 3513 5003 quod
3532 4916 3779 5003 idolorum

2167 4993 2576 5078 superstitioni
2604 4993 2874 5078 addictus
2922 4997 3114 5078 fuerit.
3150 4993 3321 5078 Hu_nc
3367 4993 3780 5078 ipsumquoqtlg

2167 5063 2287 5134 non
2317 5077 2495 5131 alium
2543 5087 2681 5128 esse
2730 5068 3164 5125 arbitrabantur
3184 5065 3275 5142 ‘ab
3306 5079 3375 5119 eo
3406 5063 3684 5142 Bai-itane,
3699 5065 3780 5142 911!

2167 5154 2289 5205 tum
2318 5145 2605 5217 temporis,
2635 5137 3300 5217 consulatumgerebat,
3336 5149 3466 5217 cum
3497 5135 3780 5217 ipsi???

2168 5206 2790 5293 gyricam‘orationem
2820 5206 3132 5293 Mediolani
3164 5206 3774 5293 Augustiqu‘s‘pigplutl-

3122 5260 3377 5332 adreurs.
3424 5260 3575 5329 Litt:
3593 5260 3768 5327 Petil,

2169 5380 2295 5419 can.
2330 5362 2418 5416 25.
3411 5417 3419 5419 _
3542 5410 3586 5419 _.
3621 5409 3634 5419 .
3709 5401 3741 5419 ..

2238 5380 2565 5505 ῗέίῗῖὃιωῐη
2610 5427 2848 5481 sincero
2896 5422 3105 5505 dilectu
3152 5401 3769 5505 AmbrosiusLVale‘u‘lj:

2166 5477 2543 5575 mane/puero
2569 5516 2699 5567 01m
2718 5477 2839 5551 um-
2854 5511 3040 5575 suum
3052 5489 3432 5575 inchoandis
3459 5477 3771 5575 bischl‘l‘:

2165 5546 2710 5646 iiiis"ie§2i{&nnu..
2732 5565 3088 5646 praestiterit,
3114 5564 3274 5646 idem
3301 5562 3424 5631 ipse
3455 5558 3510 5610 in
3539 5546 3769 5646 ejusdfg'l

2166 5626 2278 5633 ””“”
2312 5626 2441 5646 ’⁷0⁷⁷
2508 5626 2517 5627 ί
2714 5626 2749 5652 ἰ
3078 5626 3083 5631 γ
3114 5635 3124 5646 .
3324 5626 3338 5631 _

2166 5648 2453 5719 principis
2510 5643 2841 5697 laudatione
2895 5636 3126 5692 funebri
3175 5628 3588 5694 commemorat,
3626 5626 3768 5689 quam

2168 5719 2433 5775 consule.
