4072 6174
139 349 297 414 1081

1379 347 1991 414 EPISTOLARUM
2021 349 2362 413 CLASSIS
2393 351 2440 413 Ι.

3448 337 3606 416 1082

141 551 414 606 nationes
441 552 598 604 tuas.
633 549 860 615 Quibus
890 550 1208 620 promissis
1239 550 1356 604 lusi
1381 553 1456 620 te,
1483 552 1544 605 ut
1567 551 1696 620 paci
1727 567 1822 604 ac-
1845 530 1896 592 Α
1931 551 2042 604 tias
2065 551 2177 622 (56)
2205 567 2218 621 ;
2243 554 2298 607 et
2320 552 2450 607 ideo
2474 553 2765 608 adversus
2789 554 3156 627 Juthungum
3175 553 3428 608 Hunnus
3449 552 3600 608 acci-

141 640 492 712 quiesceres
513 640 542 694 ?
581 639 790 694 Nonne
823 640 973 694 intra
1002 640 1222 695 Gallias
1251 639 1420 711 juxta
1451 640 1660 696 urbem
1693 640 1822 694 Mo-

141 730 486 802 guntiacum
528 744 730 783 comes
771 728 974 783 Victor
1001 729 1117 799 (52)
1150 729 1409 784 occurrit
1447 729 1610 799 mihi,
1646 744 1818 799 quem

141 818 437 887 direxisti,
473 820 535 872 ut
562 833 768 889 pacem
800 819 1089 890 rogaret?
1119 819 1182 872 In
1212 834 1328 890 quo
1359 834 1504 890 ergo
1527 821 1582 872 te
1615 817 1821 873 fefellit

144 907 618 976 Valentinianus,
665 907 765 978 qui
807 907 975 977 prius
1013 923 1218 978 pacem
1256 924 1288 960 a
1326 911 1380 961 te
1421 910 1666 978 rogatus
1707 909 1818 976 est,

143 1012 324 1067 quam
353 996 725 1066 postularet?
762 984 824 1051 In
868 1013 984 1067 quo
1016 1000 1070 1051 te
1103 997 1308 1052 fefellit
1347 998 1550 1066 Bauto,
1584 997 1680 1068 qui
1715 997 1820 1051 de-

139 1086 441 1141 votionem
474 1086 816 1156 imperatori
848 1086 1116 1141 exhibuit
1145 1087 1296 1142 suo?
1325 1087 1416 1141 An
1438 1086 1571 1158 quia
1603 1085 1818 1156 princi-

144 1191 280 1246 pem
311 1191 486 1230 suum
517 1191 634 1229 non
665 1175 966 1245 prodidit?

213 1264 266 1318 '7.
303 1264 364 1318 In
395 1279 512 1336 quo
545 1279 656 1336 ego
687 1266 742 1318 te
774 1263 1262 1335 circumscripsi?
1292 1263 1403 1329 Qui
1434 1264 1533 1320 ubi
1563 1264 1816 1334 primum

143 1353 298 1422 veni,
334 1369 468 1407 cum
499 1353 733 1407 diceres
765 1353 923 1425 quod
954 1352 1400 1408 Valentinianus
1455 1353 1526 1407 ad
1559 1357 1612 1408 te
1644 1355 1816 1425 quasi

143 1441 304 1496 {llius
335 1441 406 1496 ad
436 1445 661 1513 patrem
691 1442 894 1496 venire
927 1441 1168 1495 deberet
1194 1457 1207 1510 ;
1250 1443 1664 1512 responderim
1697 1459 1815 1498 non

141 1545 286 1584 esse
319 1547 568 1602 aequum,
602 1534 662 1584 ut
693 1546 906 1602 aspero
938 1531 1153 1586 hiemis
1193 1534 1456 1602 tempore
1496 1548 1643 1602 puer
1683 1548 1816 1586 cum

137 1622 329 1674 matre
368 1620 536 1674 vidua
575 1622 908 1690 penetraret
960 1620 1174 1690 Alpes;
1224 1621 1354 1674 sine
1394 1623 1577 1675 matre
1622 1625 1814 1676 autem

136 1711 304 1762 tanto
335 1709 526 1763 itineri
557 1708 753 1764 dubiis
787 1709 968 1764 rebus
1011 1709 1518 1764 committeretur?
1554 1710 1638 1764 De
1668 1727 1812 1780 pace

135 1797 315 1851 nobis
348 1797 706 1869 legationem
741 1799 1120 1852 commissam
1153 1798 1285 1868 (53),
1312 1815 1428 1853 non
1458 1799 1529 1853 de
1559 1799 1813 1854 adventu

1931 639 2026 695 tus
2077 645 2186 695 est.
2222 642 2380 698 Idem
2426 645 2617 697 tamen
2665 643 2800 714 quia
2848 643 2918 697 de
2970 643 3214 698 finitimo
3264 642 3600 712 proterebat

1932 729 2357 801 Alemanniam,
2393 733 2449 785 et
2473 731 2597 802 jam
2645 732 2715 786 de
2764 731 2978 786 vicinia
3008 733 3120 803 (5'7)
3165 731 3303 786 mali
3347 730 3598 804 urgebat

1930 819 2150 874 Gallias
2175 837 2190 890 ;
2225 824 2465 875 coactus
2489 824 2579 875 est
2603 821 2934 892 triumphos
2957 837 3102 876 suos
3121 822 3420 890 deserere,
3442 836 3514 875 ne
3537 825 3599 877 tu

1931 907 2191 963 timeres.
2225 910 2442 964 Confer
2472 912 2780 982 utriusque
2813 910 3049 965 factum.
3074 911 3162 964 Tu
3185 910 3375 966 fecisti
3400 911 3598 965 incur-

1933 999 2054 1053 sari
2089 999 2352 1068 Rhetias,
2389 999 2830 1056 Valentinianus
2863 1015 2973 1056 suo
2997 1000 3262 1056 tibiauro
3285 1015 3489 1074 pacem
3512 1016 3602 1056 re~

1932 1088 2130 1142 demit.

2001 1176 2054 1231 9.
2091 1178 2309 1248 Aspice
2340 1178 2503 1233 illum
2535 1194 2790 1251 quoque,
2825 1179 2925 1251 qui
2957 1178 3061 1233 tibi
3084 1178 3155 1232 ad
3175 1178 3475 1233 dexteram
3493 1193 3594 1233 as-

1931 1266 2106 1336 sistit,
2141 1282 2314 1338 quem
2348 1268 2812 1337 Valentinianus,
2849 1284 2982 1322 cum
3013 1271 3411 1338 possetsuum
3441 1267 3598 1323 dolo-

1930 1371 2053 1410 rem
2082 1355 2312 1426 ulcisci,
2349 1356 2697 1412 honoratum
2729 1357 2801 1411 ad
2831 1359 2887 1412 te
2917 1357 3110 1412 redire
3143 1355 3299 1411 fecit.
3334 1356 3596 1410 Tenebat

1928 1458 2062 1498 eum
2094 1444 2153 1499 in
2184 1445 2312 1498 suis
2344 1447 2541 1515 terris,
2575 1449 2749 1518 atque
2782 1446 2842 1500 in
2875 1447 3006 1516 ipso
3038 1445 3242 1500 nuntio
3272 1445 3439 1500 necis
3473 1445 3596 1500 fra-

1926 1536 2109 1588 ternae
2141 1533 2392 1588 frenavit
2435 1536 2726 1606 impetus:
2779 1550 2889 1589 nec
2921 1534 3026 1588 tibi
3073 1534 3263 1588 vicem
3313 1534 3427 1589 etsi
3477 1550 3595 1589 non

1924 1623 2128 1693 parilis
2189 1623 2512 1694 dignitatis,
2565 1624 2837 1696 ejusdem
2884 1628 3076 1678 tamen
3128 1623 3591 1678 necessitudinis

1925 1712 2140 1766 retulit.
2174 1711 2392 1766 Confer
2434 1729 2599 1784 ergo,
2635 1716 2689 1766 te
2730 1711 2952 1784 judice,
2996 1712 3305 1783 utriusque
3351 1711 3589 1766 factum.

1923 1800 2026 1856 Ille
2057 1800 2162 1855 tibi
2192 1799 2431 1856 fratrem
2461 1805 2625 1856 tuum
2655 1801 2951 1856 viventem
2982 1801 3211 1856 remisit
3248 1801 3381 1871 (58),
3415 1804 3478 1855 tu
3509 1801 3595 1855 illi

135 1885 273 1957 ejus
305 1887 800 1956 promissionem:
836 1887 1131 1957 spondere
1165 1903 1274 1942 nos
1307 1887 1362 1940 id
1396 1904 1513 1942 non
1544 1889 1812 1958 potuisse
1840 1904 1890 1966 Β
1923 1889 2018 1944 vel
2069 1893 2363 1944 mortuum
2417 1889 2617 1944 redde.
2667 1889 2815 1955 Quid
2868 1889 2950 1944 illi
2997 1889 3280 1961 reliquias
3328 1889 3595 1962 germani

136 1977 366 2029 certum
413 1978 526 2046 est,
574 1975 732 2047 quod
773 1977 1108 2030 mandatum
1146 1992 1264 2031 non
1308 1980 1467 2031 erat:
1521 1993 1612 2032 me
1653 1981 1811 2033 certe

135 2063 284 2118 nihil
328 2064 748 2135 spopondisse,
783 2065 930 2120 adeo
978 2067 1037 2119 ut
1075 2065 1340 2120 diceres:
1379 2065 1812 2137 Exspectemus

132 2153 279 2226 quid
317 2152 522 2208 Victor
560 2145 838 2223 responsi
883 2153 1120 2208 referat.
1165 2154 1329 2208 lllum
1370 2158 1564 2209 autem
1603 2155 1806 2226 liquet,

130 2258 230 2298 me
260 2245 507 2312 retento,
543 2243 894 2313 pervenisse
936 2243 1372 2312 Mediolanum;
1415 2246 1810 2316 negatumque

130 2331 184 2386 ei
231 2323 378 2387 890
423 2331 582 2404 quod
612 2331 1008 2402 postulabant.
1037 2332 1118 2386 De
1137 2348 1282 2402 pace
1313 2335 1533 2386 tantum
1567 2335 1810 2404 conspi-

126 2436 268 2475 rare
316 2421 530 2490 studia,
583 2437 701 2475 non
751 2421 823 2476 de
876 2421 1130 2475 adventu
1187 2422 1581 2492 imperatoris,
1636 2437 1812 2493 quem

127 2511 363 2565 moveri
403 2526 520 2566 non
562 2513 880 2581 oporteret.
925 2511 1203 2566 Pi'zesens
1246 2527 1427 2580 eram,
1469 2511 1570 2565 ubi
1611 2511 1813 2567 Victor

125 2600 329 2655 rediit.
361 2597 663 2664 Quomodo
696 2615 841 2672 ergo
872 2601 1150 2656 revocavi
1171 2600 1680 2656 Valentinianum?
1710 2601 1814 2655 Le-

124 2690 255 2762 gati
280 2691 492 2744 iterum
514 2689 686 2743 missi
712 2690 782 2742 ad
817 2689 1059 2759 Gallias,
1085 2690 1186 2760 qui
1213 2689 1348 2762 ejus
1371 2690 1684 2744 adventum
1717 2706 1811 2745 ne-

121 2795 196 2850 ga
216 2781 366 2849 rent,
399 2778 552 2848 apud
591 2777 919 2832 Valentiam
959 2777 1258 2833 Gallorum
1290 2795 1382 2832 me
1423 2783 1806 2849 repererunt:

123 2868 356 2922 milites
388 2868 696 2939 utriusque
728 2868 933 2938 partis,
959 2868 1061 2939 qui
1091 2869 1458 2923 custodirent
1474 2868 1620 2940 juga
1638 2885 1810 2923 mon-

118 2959 290 3026 tium,
345 2956 560 3012 offendi
606 2961 933 3012 revertens.
983 2956 1144 3022 Quos
1187 2973 1300 3029 ego
1345 2961 1479 3013 tuos
1527 2959 1808 3013 revocavi

123 3047 484 3103 exercitus?
513 3062 625 3118 qua
657 3047 728 3102 de
758 3046 919 3101 Italia
951 3047 1157 3103 reflexi
1188 3047 1419 3120 aquilas
1439 3048 1468 3103 ?
1512 3063 1664 3121 quos
1695 3049 1806 3102 im-

123 3137 295 3192 misit
327 3137 623 3191 Barbaros
655 3136 838 3191 Bauto
872 3152 1074 3192 comes
1105 3138 1133 3191 ?

191 3227 250 3281 8.
290 3225 363 3280 Et
393 3226 533 3297 quid
565 3225 778 3280 mirum
807 3225 862 3279 si
901 3225 1015 3280 hoc
1055 3226 1238 3282 Bauto
1281 3225 1550 3297 fecisset,
1581 3227 1805 3282 Trans-

123 3315 439 3370 rhenanus
479 3331 735 3388 genere,
785 3332 918 3371 cum
966 3319 1027 3370 tu
1064 3317 1354 3371 miniteris
1392 3317 1640 3387 imperio
1683 3317 1804 3371 Ro-

123 3420 310 3460 mano
330 3404 723 3460 Barbarorum
745 3405 983 3473 auxilia,
1006 3409 1062 3460 et
1079 3409 1302 3460 turmas
1321 3405 1803 3474 translimitanas,

126 3494 358 3566 quibus
380 3497 744 3549 commeatus
766 3494 1216 3565 provincialium
1235 3496 1346 3564 (54)
1372 3495 1583 3549 tributa
1604 3495 1804 3550 solve-

120 3583 319 3638 bant?
352 3582 497 3638 Vide
528 3586 722 3638 autem
753 3583 893 3654 quid
924 3583 1158 3638 intersit
1204 3583 1356 3638 inter
1394 3587 1525 3638 tuas
1568 3585 1805 3638 minita-

121 3674 350 3739 tiones,
385 3675 441 3727 et
481 3671 874 3726 Valentiniani
911 3673 1151 3744 augusti
1189 3672 1356 3742 pueri
1400 3673 1807 3727 mansuetudi-

127 3778 292 3817 nem.
316 3761 401 3815 Tu
420 3761 732 3833 flagitabas
753 3761 908 3832 quod
943 3761 1337 3816 Barbarorum
1356 3762 1607 3832 stipatus
1628 3762 1808 3834 agmi-

120 3852 312 3906 nibus
343 3851 524 3905 Italiae
554 3854 610 3905 te
640 3850 988 3906 infunderes
1015 3867 1026 3905 :
1074 3850 1522 3905 Valentinianus
1555 3851 1804 3906 Hunnos

119 3941 234 4010 (55)
268 3942 448 4012 atque
480 3940 702 3995 Alanos
731 3941 1275 4010 apprOpinquantes
1307 3939 1510 3994 Galliae
1541 3956 1649 4010 per
1677 3940 1807 3995 Ale-

120 4029 386 4084 manniaa
441 4031 633 4084 terras
691 4028 941 4084 reflexit.
991 4027 1142 4093 Quid
1201 4028 1378 4083 habet
1432 4029 1691 4099 invidiae,
1751 4029 1807 4084 si

119 4118 317 4173 Bauto
371 4118 668 4173 Barbaros
726 4134 858 4172 cum
909 4119 1188 4172 Barbaris
1241 4118 1379 4172 fecit
1435 4119 1806 4173 decernere?

118 4205 416 4271 Quoniam
447 4207 584 4261 dum
618 4210 678 4261 tu
710 4207 953 4261 militem
985 4209 1317 4262 Romanum
1351 4223 1630 4278 occupas,
1667 4209 1803 4262 dum

117 4296 169 4350 is
201 4297 530 4350 adversum
571 4311 638 4350 se
677 4297 950 4367 utrinque
984 4297 1312 4366 praetendit,
1346 4297 1406 4350 in
1446 4297 1636 4352 medio
1682 4298 1804 4352 Ro-

118 4385 282 4440 mani
343 4385 574 4456 imperii
633 4387 770 4440 sinu
819 4385 1110 4457 Juthungi
1164 4386 1600 4456 populabantur
1648 4386 1806 4441 Rhe-

191 4564 317 4635 (52)
347 4564 666 4632 Victorem,
701 4562 876 4634 cujus
929 4563 1025 4618 hic
1072 4565 1290 4618 mentio
1340 4565 1422 4633 fit,
1456 4565 1635 4619 alium
1667 4581 1804 4621 esse

125 4629 366 4707 constat
393 4653 424 4689 a
457 4629 692 4689 Victore
725 4629 965 4707 Maximi
993 4635 1135 4703 tilio,
1171 4629 1738 4707 quemA'rbogastes
1771 4653 1801 4690 a
1825 4629 1881 4693 D

123 4706 472 4761 Theodosio
504 4710 640 4776 post
680 4722 884 4760 necem
915 4706 1186 4777 ejusdem
1216 4706 1455 4760 Maximi
1492 4706 1560 4761 ini
1580 4707 1800 4762 Gallias

123 4780 356 4831 missus
390 4777 705 4832 interfecit.

193 4851 318 4915 (53)
366 4849 572 4902 Plures
624 4864 794 4912 mss.,
855 4871 875 4892 α
923 4847 1094 4902 vobis
1144 4846 1500 4918 legationem
1544 4849 1803 4918 promis-

121 4935 295 4986 sam;
334 4942 354 4966 ι
389 4920 487 4974 alii
519 4919 655 4974 edit.
690 4919 901 4989 potiori
950 4935 1156 4988 sensu,
1194 4941 1214 4967 ι
1250 4919 1494 4974 nobis...
1531 4920 1807 4974 commis-

120 5005 277 5044 sam.
318 5013 339 5039 Ι

193 5063 314 5116 (54)
349 5063 517 5117 Rom.
553 5061 690 5116 edit.
728 5077 859 5115 cum
892 5061 1099 5131 paucis
1131 5077 1301 5130 mss.,
1331 5062 1798 5133 provinciarum.

195 5135 316 5196 (55)
348 5133 682 5188 Verisimile
723 5136 815 5186 est
856 5133 1127 5200 Hunnos,
1161 5137 1473 5204 postquam
1514 5149 1628 5188 una
1669 5149 1802 5186 eum

121 5203 338 5258 Gothis
371 5222 403 5257 a
442 5204 801 5272 Theodosio,
838 5207 898 5258 ut
939 5205 1211 5258 Zosimus
1252 5203 1354 5258 lib.
1392 5221 1449 5256 iv
1495 5208 1799 5272 memorat,

123 5277 268 5328 victi
304 5276 580 5341 fuissent,
612 5291 813 5343 pacem
847 5291 1036 5343 usque
1068 5279 1206 5328 tunc
1230 5276 1491 5330 coluisse
1523 5292 1651 5329 cum
1683 5276 1802 5330 Ro-

123 5347 353 5400 manis:
391 5347 547 5416 quod
580 5349 772 5398 autem
795 5347 864 5398 ad
891 5347 1468 5412 Alanos,Gratianus
1501 5363 1626 5400 eam
1661 5362 1802 5416 gen-

123 5420 240 5470 tem
267 5417 414 5471 adeo
434 5417 736 5486 diligebat,
759 5420 871 5470 uta
895 5433 959 5471 se
990 5420 1294 5486 propterea
1325 5419 1554 5470 animos
1585 5418 1801 5470 Roma-

124 5504 338 5540 norum
358 5488 798 5556 abalienaverit,
821 5489 1164 5559 deder-itque
1181 5489 1417 5541 Maximi
1435 5489 1799 5558 usurpationi

124 5573 530 5613 0008510110").

191 5630 316 5696 (56)
344 5629 503 5702 Quos
544 5630 718 5685 Treb.
752 5630 941 5702 Pollio
987 5631 1292 5702 Virtingos
1335 5630 1797 5702 seuAVitinguos

121 5704 322 5772 vocat,
357 5701 600 5755 eosdem
631 5717 770 5756 esse
803 5701 900 5771 qui
935 5702 1220 5772 Iuthungi
1244 5701 1316 5754 ab
1352 5700 1668 5755 Ambrosio
1701 5702 1797 5754 hic

123 5770 515 5842 appellantur,
550 5770 846 5844 auspicari
878 5789 1013 5830 sese
1052 5770 1269 5828 indicat
1314 5772 1704 5828 Casaubonus
1738 5773 1797 5828 in

1925 1979 2211 2052 abnegas,
2247 1980 2348 2051 qui
2379 1980 2483 2034 tibi
2527 1979 2844 2034 adversum
2893 1994 2959 2033 se
3010 1979 3227 2034 auxilia
3257 1994 3374 2034 non
3405 1994 3594 2052 nega-

1924 2069 2052 2122 vit?

1998 2155 2082 2211 10.
2117 2156 2232 2212 Sed
2262 2157 2489 2212 vereris
2529 2173 2602 2212 ne
2641 2157 2988 2212 exuviarum
3033 2155 3224 2211 reditu
3273 2157 3596 2211 renovetur

1923 2245 2208 2300 militibus
2243 2246 2445 2316 dolor;
2479 2247 2592 2301 hoc
2624 2247 2778 2300 enim
2809 2246 3057 2317 allegas.
3092 2244 3277 2309 Quem
3298 2245 3593 2299 viventem

1923 2334 2334 2402 deseruerunt,
2355 2350 2488 2390 eum
2507 2334 2822 2389 defendent
2843 2336 3208 2404 peremptum
3228 2334 3257 2386 ?
3293 2331 3439 2397 Quid
3461 2348 3594 2386 eum

1923 2426 2216 2478 mortuum
2229 2425 2424 2494 times,
2440 2439 2616 2495 quem
2630 2423 3061 2491 occidisti,eum
3073 2437 3290 2492 posses
3307 2436 3548 2476 servare
3566 2423 3594 2476 ?

1924 2513 2192 2581 Hostem,
2219 2513 2436 2583 inquis,
2462 2529 2654 2566 meum
2677 2512 2920 2582 peremi.
2944 2512 3076 2565 Non
3098 2511 3194 2565 ille
3218 2513 3353 2565 tuus
3377 2510 3590 2580 hostis,

1925 2602 2031 2656 sed
2055 2604 2114 2656 tu
2133 2602 2312 2656 illius.
2339 2602 2441 2656 Ille
2459 2602 2584 2673 jam
2605 2617 2723 2656 non
2741 2601 2920 2655 sentit
2941 2599 3351 2655 defensionem
3373 2599 3508 2668 (59),
3532 2602 3595 2654 tu

1924 2706 2164 2744 causam
2185 2690 2518 2745 considera.
2543 2689 2604 2744 Si
2623 2689 2759 2761 quis
2791 2689 3108 2744 adversum
3130 2691 3185 2742 te
3208 2687 3382 2743 hodie
3407 2689 3594 2759 impe-

1921 2781 2074 2834 rium
2088 2780 2145 2833 in
2159 2779 2254 2834 his
2271 2779 2536 2850 partibus
2552 2778 2958 2848 usurpandum
2981 2780 3161 2848 putet,
3180 2793 3383 2848 quaero
3399 2780 3593 2832 utrum

1922 2872 1976 2923 te
1999 2869 2232 2924 hostem
2254 2869 2413 2922 illius
2437 2869 2622 2937 dicas,
2639 2884 2711 2922 an
2735 2867 3054 2922 illumtibi?
3074 2859 3213 2922 891
3245 2867 3378 2921 Nisi
3398 2866 3588 2936 fallor,

1919 2961 2238 3029 usurpator
2258 2958 2477 3012 bellum
2501 2957 2695 3026 infert,
2719 2957 3039 3027 imperator
3057 2955 3159 3028 jus
3180 2972 3354 3010 suum
3377 2959 3588 3012 tuetur.

1923 3047 2082 3119 Ergo
2115 3063 2287 3118 quem
2320 3063 2438 3101 non
2468 3045 2761 3101 debueras
2805 3046 3097 3114 occidere,
3139 3044 3273 3117 ejus
3307 3045 3591 3116 reliquias

1824 3148 1829 3153 '
1921 3138 2148 3208 negas?
2181 3136 2407 3190 Habeat
2439 3136 2885 3190 Valentinianus
2920 3136 3237 3205 imperator
3264 3134 3355 3189 vel
3388 3134 3591 3190 fratris

1921 3226 2170 3281 exuvias
2200 3225 2365 3296 pacis
2396 3228 2512 3280 tuae
2543 3224 2809 3279 obsides.
2844 3224 2915 3278 Et
2957 3223 3252 3293 quomodo
3285 3223 3589 3294 allegabas

1921 3316 2078 3387 quod
2100 3331 2235 3370 eum
2269 3330 2388 3369 non
2428 3314 2808 3368 mandaveris
2851 3312 3062 3381 occidi,
3095 3327 3270 3383 quem
3305 3311 3591 3381 prohibes

1921 3405 2163 3475 sepeliri
2189 3406 2217 3458 ?
2246 3405 2467 3459 Poterit
2497 3403 2679 3474 igitur
2709 3401 2870 3456 credi
2900 3402 3056 3472 quod
3078 3402 3130 3456 ei
3155 3417 3273 3457 non
3305 3401 3591 3456 invideris

1921 3496 2118 3563 vitam,
2155 3494 2250 3548 cui
2282 3493 2455 3548 etiam
2486 3491 2848 3561 sepulturam
2882 3490 3113 3544 invides
3135 3491 3164 3544 ?

1993 3584 2078 3637 11.
2113 3583 2228 3637 Sed
2259 3583 2331 3636 ad
2363 3599 2453 3638 me
2487 3584 2770 3636 revertar.
2804 3580 2992 3633 Audio
3027 3583 3082 3634 te
3132 3579 3300 3650 queri
3335 3579 3490 3649 quod
3525 3594 3590 3633 se

1919 3672 1992 3726 ad
2023 3671 2424 3726 Theodosium
2447 3671 2858 3740 imperatorem
2878 3668 3073 3738 potius
3097 3668 3470 3737 contulerint,
3490 3668 3591 3738 qui

1917 3763 2056 3815 sunt
2089 3776 2220 3814 cum
2252 3759 2659 3814 Valentiniano
2691 3759 3065 3828 imperatore.
3097 3755 3247 3821 Quid
3277 3756 3458 3828 igitur
3488 3756 3586 3810 fu-

1916 3853 2110 3904 turum
2143 3849 2451 3920 sperabas,
2485 3864 2618 3902 cum
2650 3851 2711 3902 tu
2743 3845 3109 3918 refugientes
3137 3861 3242 3900 eos
3266 3845 3334 3899 ad
3355 3861 3588 3916 pcenam

1916 3955 2223 4010 posceres,
2240 3941 2445 4009 captos
2468 3952 2743 3992 necares:
2769 3935 3146 3991 Theodosius
3168 3937 3362 3990 autem
3383 3949 3588 3990 mune-

1916 4029 2084 4083 ribus
2105 4029 2333 4096 ditaret,
2359 4028 2604 4082 donaret.
2624 4025 2954 4080 honoribus
2972 4025 3000 4079 ?
3029 4024 3210 4094 Quos,
3245 4024 3450 4095 inquit,
3486 4039 3586 4078 oc-

1917 4118 2031 4171 cidi
2052 4119 2080 4172 ?
2114 4117 2417 4186 Respondi
2440 4116 2514 4186 ei,
2549 4113 3024 4184 Vallionem(60).
3052 4116 3122 4166 At
3147 4129 3320 4184 quem
3345 4113 3534 4166 virum
3558 4115 3587 4168 ?

1915 4207 2150 4279 qualem
2171 4195 2563 4261 bellatorem?
2593 4205 2870 4258 Hacccine
2891 4201 3174 4272 fuitjusta
3199 4218 3377 4256 causa
3401 4201 3584 4270 exitii,

1917 4296 2074 4368 quod
2105 4296 2444 4366 imperatori
2472 4311 2582 4349 suo
2614 4295 2788 4348 fidem
2820 4293 3128 4347 servavit?
3160 4291 3293 4345 Non
3324 4307 3459 4362 ego,
3495 4291 3583 4344 in-

1915 4386 2060 4457 quit,
2095 4400 2229 4440 eum
2256 4383 2425 4457 jussi
2453 4383 2663 4440 occidi.
2701 4381 3039 4454 Respondi:
3077 4380 3204 4435 Hoc
3225 4378 3584 4448 audivimus,

1915 4568 2382 4640 eum_au_ctorern
2410 4581 2467 4635 p.
2500 4561 2978 4640 221,‘num._2.04.
3061 4630 3072 4640 .
3119 4629 3130 4640 θ
3181 4628 3192 4640 ,

1987 4637 2100 4708 (5’7)
2132 4637 2297 4691 Eras.
2335 4639 2390 4690 et
2412 4627 2723 4708 seq.edit._,
2753 4657 2774 4680 α
2801 4631 2995 4708 etjam
3018 4628 3231 4684 vicinia
3258 4645 3268 4683 :
3301 4650 3320 4678 ν
3343 4627 3578 4683 Amerb.

1915 4712 1970 4763 et
1993 4703 2199 4761 omnes
2226 4724 2394 4776 mss.,
2425 4730 2444 4754 α
2473 4703 2668 4775 etjam
2688 4705 2758 4758 de
2780 4703 3015 4776 vicinia.
3046 4723 3068 4752 ι

1985 4781 2097 4845 (59)
2153 4771 2455 4842 Quomodo
2516 4771 2611 4831 hic
2659 4779 2904 4829 vocatus
2965 4772 3168 4839 fuerit,
3207 4771 3504 4845 reticetur
3550 4787 3583 4825 a

1915 4842 2121 4903 sancto
2145 4849 2399 4918 praesule
2426 4864 2437 4902 :
2472 4851 2529 4900 at
2559 4846 2898 4918 Marcellino
2930 4859 3143 4898 nomen
3167 4842 3220 4897 ei
3247 4842 3441 4918 fuisse
3475 4843 3583 4897 Pa-

1915 4925 2082 4975 catus
2114 4914 2170 4973 in
2205 4921 2496 4989 l’anegyr.
2530 4917 2852 4989 Theodosii
2891 4921 3088 4986 aperte
3120 4914 3331 4985 prodit.

1988 4936 2082 4974 tus
2114 4938 2170 4973 in
2205 4936 2406 4989 l'aneg
2451 4936 2496 4973 r.
2542 4936 2850 4972 lneouosu
2891 4936 3088 4986 aperte
3121 4936 3331 4985 prouu.

1985 4991 2096 5060 (59)
2127 4990 2343 5045 Omnes
2367 4936 2528 5058 etim,
2571 5013 2591 5035 ιι
2628 4987 3058 5060 (ΙρΓεθηείοῐιειᾎῑιζ
3091 4990 3249 5060 tuam
3279 5001 3518 5040 causam
3557 5009 3578 5032 η

1915 5058 2122 5132 scripti
2152 5062 2282 5116 cod.
2332 5077 2546 5132 magno
2596 5074 2860 5132 numero,
2901 5080 2924 5105 α
2959 5058 3369 5132 defensionem
3398 5061 3576 5132 tuam.

1913 5127 2164 5187 Causam
2198 5127 2546 5199 conside'ra;
2582 5155 2602 5177 »ι
2640 5127 2866 5184 Thuan.
2901 5131 3187 5200 expungit
3210 5136 3382 5198 tuam,
3404 5127 3580 5200 cujus

1914 5205 2044 5258 loco
2079 5205 2226 5274 Reg.
2266 5204 2441 5257 habet
2465 5210 2534 5274 tu
2565 5218 2817 5274 causam.
2852 5200 3043 5274 Magis
3077 5201 3384 5274 concinne.

1984 5276 2096 5342 (60)
2119 5271 2346 5328 Nomen
2372 5273 2552 5344 hujus
2578 5273 2809 5326 comitis
2842 5273 3001 5325 varie
3027 5271 3350 5344 reperitur;
3368 5285 3577 5344 omnes

1912 5340 2082 5400 enim
2104 5347 2238 5399 edit.
2265 5340 2533 5399 scribunt
2556 5344 2859 5398 Balionem
2886 5365 2900 5396 .-
2933 5360 3078 5396 mss.
3097 5340 3399 5408 nonnulli,
3434 5340 3577 5393 Bal-

1913 5417 2127 5471 lionem
2151 5437 2168 5478 ;
2199 5417 2294 5470 alii
2329 5417 2561 5470 demum
2593 5416 2769 5485 longe
2801 5415 3056 5484 plurimi,
3097 5414 3432 5485 Vallioncnl.
3467 5410 3577 5478 Op-

1913 5489 2048 5542 time
2079 5504 2242 5542 sane.
2279 5489 2356 5541 Ita
2392 5504 2640 5557 namque
2674 5482 2744 5539 de
2775 5482 2979 5559 eodem
3019 5486 3264 5537 Pacatus
3299 5485 3355 5534 in
3388 5482 3578 5559 Pane-

1911 5577 2040 5630 gyr.
2077 5560 2284 5614 citato:
2337 5583 2357 5605 ιι
2400 5552 2584 5612 Vallio
2618 5557 3055 5626 triumphalis...
3091 5560 3224 5630 post
3273 5552 3576 5630 amplissi-

1910 5626 2040 5684 mos
2074 5632 2474 5702 magistratus,
2509 5633 2564 5683 et
2595 5643 2887 5702 purpuras
2931 5627 3301 5702 consulares,
3335 5626 3390 5676 et
3437 5637 3574 5674 con-

1911 5693 2366 5755 tractum'intra
2415 5693 2875 5756 unam'do'mum
2924 5695 3235 5767 quemdam
3283 5693 3574 5747 honorum

1910 5776 2177 5828 senatum
2211 5773 2325 5826 vita
2358 5788 2424 5827 se
2455 5772 2730 5826 abdicare
2763 5767 3108 5837 compulsus
3138 5767 3249 5820 est.
3288 5786 3306 5811 η
3435 5775 3440 5780 ’
