4072 6174
31 306 208 374 [085

1214 305 1831 373 EPISTOLARUM
1877 305 2217 374 CLASSIS
2258 302 2308 368 Ῑ.

3351 298 3515 369 1086

112 508 175 563 4.
207 506 303 562 Ad
337 507 535 563 omnia
562 508 759 563 tamen
790 507 991 579 accipe
1020 523 1377 580 responsum
1407 507 1730 564 Salvatoris
1753 496 2018 580 [suum
2037 520 2144 578 pro
2173 505 2413 562 Christo
2444 502 2668 561 offerat.
2710 502 2952 570 Quantae
3000 503 3139 559 sunt
3166 500 3241 557 ad
3268 499 3520 558 salutem

31 596 238 666 :Joan.
274 613 398 666 vni,
428 595 605 667 3-11).
640 596 791 651 Nam
822 612 953 651 cum
994 597 1317 652 adulteram
1364 597 1731 668 reperissent

31 685 266 755 Judmi,
299 685 641 741 obtulerunt
694 700 824 740 eam
868 685 1159 743 Salvatori
1182 727 1197 756 ,
1252 689 1553 757 captantes
1584 689 1646 741 ut
1676 687 1729 741 si

31 774 385 830 absolveret
412 790 564 844 eam,
610 774 759 838 893
789 774 1089 829 videretur
1115 774 1309 847 legem
1341 776 1595 846 solvere,
1628 776 1729 846 qui

31 862 279 917 dixerat
312 878 325 917 :
367 882 389 913 ε
424 862 560 917 Non
587 864 723 917 veni
754 863 947 934 legem
978 864 1235 933 solvere,
1271 864 1378 919 sed
1409 864 1729 934 adimplere

40 951 305 1019 (Matth.
337 967 395 1020 v,
430 951 520 1022 17)
555 967 567 1006 :
609 974 631 999 υ
666 951 719 1006 si
749 952 1070 1021 damnaret,
1100 952 1401 1007 videretur
1438 953 1729 1008 adversus

31 1039 228 1095 tinem
257 1039 501 1098 venisse
531 1040 822 1112 propositi
855 1041 970 1095 sui.
1006 1041 1134 1096 Hoc
1162 1041 1347 1113 igitur
1390 1041 1729 1112 praevidens

31 1127 341 1187 Dominus
374 1127 578 1197 Jesus,
603 1128 883 1185 inclinato
915 1129 1124 1201 capite,
1151 1129 1451 1186 scribebat
1471 1130 1531 1184 in
1552 1132 1726 1185 terra.

31 1215 204 1281 Quid
232 1216 556 1285 scribebat,
587 1218 706 1271 nisi
733 1217 878 1273 illud
925 1218 1338 1289 propheticum
1383 1234 1397 1275 :
1448 1241 1468 1267 ει
1522 1219 1725 1288 Terra,

31 1308 225 1376 terra,
257 1305 455 1361 scribe
485 1305 600 1361 hos
621 1306 784 1361 viros
813 1305 1118 1362 abdicatos
1151 1306 1397 1377 (Jerem.
1432 1324 1577 1372 χχιι,
1600 1306 1728 1378 9.9);

31 1394 207 1464 quod
238 1393 310 1450 de
340 1393 628 1451 Jechonia
659 1394 1028 1466 descriptum
1078 1398 1170 1451 est
1198 1395 1259 1450 in
1304 1396 1559 1452 Jeremia
1587 1410 1729 1467 pro-

31 1481 227 1552 pheta
246 1484 276 1537 ?

119 1571 179 1625 5.
227 1570 378 1627 Cum
415 1571 1041 1644 Judaei-interpellant,
1082 1573 1143 1629 in
1187 1576 1342 1630 terra
1388 1573 1732 1629 scribuntur

31 1658 295 1714 nomina
336 1659 676 1717 Judeeorum
709 1675 722 1717 :
760 1677 895 1715 cum
941 1662 1159 1717 adeunt
1206 1661 1565 1733 Christiani,
1611 1678 1731 1717 non

31 1746 400 1803 scribuntur
427 1748 487 1803 in
518 1751 674 1805 terre
704 1749 967 1805 ﬁdelium
1005 1751 1264 1822 nomina,
1311 1752 1420 1806 sed
1464 1751 1525 1807 in
1554 1752 1724 1808 coelo.

31 1834 108 1890 In
134 1837 299 1934 terra
328 1839 523 1934 autem
550 1838 896 1934 scribuntur
923 1839 1178 1934 abdicati
1208 1856 1241 1894 a
1269 1842 1433 1934 patre
1463 1841 1724 1912 preprio,
1763 1871 1814 1934 Β

31 1923 149 1995 qui
199 1927 423 1995 patrem
465 1928 706 1995 tentant,
739 1930 797 1982 et
840 1928 1227 1983 contumelias
1277 1929 1544 2001 irrogant
1591 1946 1729 1984 auc-

32 2011 163 2067 tori
196 2013 428 2070 salutis.
461 2013 608 2072 Cum
637 2016 1011 2087 interpellant
1042 2017 1254 2087 Judaei,
1285 2017 1528 2072 inclinat
1556 2021 1729 2089 caput

35 2100 274 2171 Jesus;
305 2105 362 2158 et
391 2103 527 2175 quia
557 2120 676 2160 non
714 2103 893 2160 habet
919 2105 1024 2159 ubi
1073 2105 1321 2161 reclinet
1352 2109 1524 2178 caput
1553 2123 1729 2162 suum

31 2191 290 2260 (gllattb.
322 2208 446 2263 VIII,
478 2192 590 2263 20),
625 2192 837 2248 iterum
865 2194 1060 2266 erigit,
1100 2195 1272 2266 quasi
1301 2196 1569 2250 dicturus
1593 2210 1729 2250 sen-

31 2280 310 2350 tentiam,
342 2282 401 2336 et
430 2280 511 2335 ait
544 2296 557 2337 :
595 2303 618 2329 α
653 2279 762 2346 Qui
793 2281 922 2337 sine
968 2286 1212 2353 peccato
1243 2286 1354 2355 est,
1387 2284 1550 2354 prior
1576 2283 1726 2354 lapi-

32 2368 147 2423 det
180 2383 308 2422 eam
337 2369 528 2440 (Joan.
564 2387 687 2440 vni,
718 2369 798 2438 7).
837 2391 859 2420 ι
887 2371 957 2425 Et
977 2372 1190 2426 iterum
1207 2372 1487 2428 inclinato
1512 2374 1721 2445 capite,

33 2457 351 2512 scribebat
380 2457 439 2513 in
472 2461 648 2514 terra.

110 2563 172 2617 6.
228 2563 550 2620 Audientes
595 2565 681 2620 illi
713 2566 877 2621 exire
926 2570 1233 2638 coeperunt
1280 2567 1525 2640 singuli,
1560 2568 1729 2623 vinci-

31 2653 277 2723 pientes
308 2667 341 2706 a
372 2654 717 2709 senioribus
751 2669 762 2710 :
799 2654 892 2709 vel
924 2655 1084 2726 quod
1114 2655 1231 2727 ipsi
1252 2655 1421 2727 plura
1439 2656 1728 2712 haberent

32 2741 316 2811 crimina,
365 2742 467 2813 qui
514 2742 616 2799 diu
653 2745 969 2799 vixerant:
1004 2743 1099 2799 vel
1143 2745 1280 2817 quia
1327 2746 1560 2816 priores
1606 2748 1727 2801 vim

31 2829 465 2886 intellexerunt
495 2832 823 2899 sententiae,
855 2833 1026 2904 quasi
1047 2834 1485 2906 prudentiores,
1517 2840 1574 2891 et
1603 2850 1727 2892 coe-

32 2922 261 2990 perunt
290 2934 402 2974 sua
432 2922 625 2994 magis
655 2924 895 2992 peccata
926 2922 1164 2994 deﬂere,
1197 2924 1297 2995 qui
1326 2923 1503 2981 alieni
1535 2924 1729 2980 crimi-

35 3008 135 3063 nis
171 3012 463 3063 venerant
490 3014 897 3067 accusatores.

111 3114 172 3169 7.
217 3115 654 3173 Recedentibus
686 3133 832 3191 ergo
850 3117 990 3189 illis,
1015 3120 1301 3174 remansit
1321 3120 1490 3176 solus
1522 3120 1725 3193 Jesus,

36 3208 91 3298 et
123 3203 384 3298 elevans
412 3208 599 3298 caput
614 3207 688 3298 ad
718 3207 1046 3298 mulierem,
1078 3208 1158 3298 ait
1190 3208 1412 3298 :Hqubi
1446 3213 1603 3280 sunt,
1628 3216 1730 3283 qui
1767 3232 1818 3298 ο

50 3297 105 3348 te
137 3294 552 3349 accusabant?
581 3295 768 3350 Nemo
796 3299 853 3351 te
884 3296 1164 3367 lapidavit
1192 3297 1306 3369 (Ἳο)
1327 3298 1355 3351 ‘?
1390 3297 1463 3352 Et
1500 3298 1597 3353 illa
1629 3316 1727 3355 re-

44 3382 300 3454 spondit
330 3398 343 3438 :
373 3382 582 3438 Nemo.
610 3383 763 3438 Dicit
792 3384 847 3438 ei
887 3385 1070 3440 Jesus
1102 3400 1114 3441 :
1153 3385 1279 3440 Nec
1311 3400 1426 3459 ego
1474 3389 1530 3441 te
1562 3388 1730 3442 dam-

40 3472 230 3527 nabo.
264 3470 445 3541 Vade,
487 3475 545 3527 et
589 3472 725 3528 vide
766 3474 976 3529 amodo
1023 3488 1097 3529 ne
1146 3489 1364 3545 pecces
1413 3475 1591 3546 (Ibid.
1624 3474 1725 3548 10,

52 3560 164 3631 Η).
224 3584 247 3607 ιι
288 3559 421 3615 Non
469 3561 738 3632 damnat,
788 3563 964 3633 quasi
1014 3563 1375 3634 redemptio;
1442 3565 1725 3636 corrigit,

40 3649 225 3720 quasi
255 3648 372 3704 vita
403 3665 415 3704 :
450 3651 623 3721 quasi
652 3651 810 3718 fons,
842 3651 1045 3707 abluit.
1092 3651 1164 3707 Et
1209 3652 1345 3724 quia
1394 3653 1630 3724 quando
1660 3669 1727 3708 se

38 3738 293 3793 inclinat
319 3737 523 3809 Jesus,
571 3739 703 3795 ideo
751 3739 1014 3811 inclinat,
1066 3743 1129 3796 ut
1165 3740 1438 3812 jacentes
1488 3740 1725 3797 elevet:

40 3827 177 3883 ideo
212 3827 292 3881 ait
319 3827 600 3883 remissio
630 3831 1011 3900 peccatorum
1047 3844 1059 3884 :
1099 3851 1120 3876 «
1156 3829 1281 3884 Nec
1313 3844 1426 3901 ego
1473 3832 1530 3885 te
1560 3830 1727 3884 dam-

40 3917 222 3971 nabo.
265 3936 288 3964 ι

105 4023 162 4077 8.
204 4020 404 4078 Habes
431 4024 590 4095 quod
620 4025 901 4096 sequaris
927 4040 941 4094 ;
973 4026 1167 4095 potest
1184 4024 1340 4079 enim
1364 4024 1512 4095 ﬁeri,
1547 4028 1608 4081 ut
1630 4025 1726 4080 ille

45 4110 406 4167 criminosus
427 4113 625 4183 possit
646 4114 867 4169 habere
891 4129 1059 4185 spem
1075 4114 1462 4170 correctionis
1486 4130 1498 4169 :
1521 4114 1572 4168 si
1597 4115 1727 4170 sine

44 4198 343 4270 baptismo
377 4204 488 4268 est,
521 4205 583 4256 ut
629 4202 823 4273 possit
865 4202 1136 4273 accipere
1175 4203 1592 4258 remissionem
1628 4218 1639 4257 :
1674 4203 1727 4257 si

49 4286 403 4360 baptizatus,
453 4293 518 4346 ut
543 4290 941 4362 paenitentiam
991 4293 1159 4363 gerat
1200 4291 1352 4362 (71),
1404 4293 1463 4346 et
1508 4306 1726 4363 corpus

108 4428 227 4500 (70)
260 4430 428 4486 Rom.
463 4432 627 4499 edit.,
668 4455 690 4482 ε
724 4432 916 4488 Nemo
947 4435 1003 4488 te
1036 4432 1450 4488 condemnavit
1481 4448 1496 4503 ;
1530 4453 1553 4485 ι
1590 4432 1724 4489 aliae

51 4514 195 4575 cum;
210 4517 357 4575 mss.
393 4504 688 4572 omnibus,
720 4503 917 4575 Iapida
931 4505 1033 4559 vit.

110 4572 573 4645 ('11,)7Canonicae
603 4572 962 4645 paenitentiae
993 4575 1233 4630 labores
1253 4576 1393 4630 olim
1421 4576 1562 4630 tanti
1580 4577 1725 4629 tam-

50 4658 151 4712 que
189 4643 451 4698 diuturni
483 4643 692 4714 erarit.,
744 4650 804 4700 ut
834 4662 952 4700 non
995 4646 1288 4701 immerito
1337 4661 1445 4717 pro
1492 4646 1722 4716 capitali

56 4729 244 4781 poena,
278 4717 555 4839 :anquam
587 4734 746 4772 mors
768 4718 1039 4789 quaedam
1057 4718 1465 4789 importunior,
1501 4717 1724 4787 subjici

56 4800 272 4839 Dosscn
305 4827 318 4839 .

52 4800 318 4853 possent.

112 4856 236 4929 (72),
264 4856 483 4929 omnes
513 4858 677 4929 edit.,
711 4859 961 4928 Studia;
996 4875 1203 4915 omnes
1242 4856 1718 4929 mss.,,lrenwo;

54 4928 383 5000 excipiendi
413 4932 605 4984 tamen
637 4927 767 4984 cod.
800 4927 1001 5000 Corb.,
1025 4930 1222 4986 Germ.
1254 4932 1309 4984 et
1333 4928 1482 4998 Ful.,
1515 4928 1575 4982 in
1595 4927 1723 4999 qui-

54 4995 153 5078 bus
183 4995 596 5078 praetermissa
625 5002 814 5071 prima
845 4995 1156 5078 sententia,
1193 4995 1721 5078 continuaturcum

57 5070 331 5144 epistaad
361 5070 840 5143 Bellicium,quae
861 5074 921 5127 in
950 5073 1089 5128 edit.
1123 5073 1304 5144 antiq.
1337 5071 1427 5142 75,
1453 5071 1515 5126 in
1548 5071 1719 5126 Rom.

57 5152 184 5194 vero
212 5141 288 5195 45
318 5141 683 5215 numeratur.
723 5141 966 5199 Certum
1010 5141 1384 5215 quidem'est
1428 5158 1503 5215 ex
1536 5157 1719 5215 argu-

60 5216 240 5296 mento
272 5228 393 5296 n_on
424 5214 496 5267 ad
525 5214 702 5295 alium
734 5213 1183 5296 scriptam'esse
1213 5215 1365 5296 hanc
1387 5213 1717 5283 epistolam,

62 5294 214 5355 quam
248 5285 324 5337 ad
356 5299 487 5338 eum
537 5285 632 5339 cui
675 5285 950 5355 superior
980 5285 1325 5339 inscribitur
1358 5300 1370 5339 :
1406 5299 1615 5355 verum
1645 5299 1722 5338 ex

64 5349 157 5405 hoc
187 5355 322 5425 ipso
346 5355 699 5426 credibilius
733 5349 828 5410 est
856 5356 929 5409 ab
976 5356 1306 5411 editoribus
1349 5371 1460 5426 pro
1489 5354 1720 5409 Irenaeo

65 5426 300 5499 pgsiturn
332 5425 522 5481 fuisse
554 5427 785 5499 Studia,
820 5443 995 5499 quam
1025 5443 1131 5497 pro
1165 5425 1377 5499 Studia
1397 5443 1429 5479 a
1460 5426 1717 5499 scripto-

67 5493 210 5567 ribus
244 5496 473 5551 [remeo
512 5493 916 5552 substitutum.
953 5493 1144 5563 Quare
1178 5496 1391 5551 cumis
1439 5496 1511 5549 ad
1542 5493 1716 5567 quem

70 5561 195 5641 datae
226 5570 368 5641 sunt
395 5568 619 5641 eaedem
642 5569 930 5641 epistolae,
965 5561 1209 5641 Studius
1240 5569 1504 5641 Irenmus
1536 5561 1716 5641 voca-

72 5638 109 5722 ᾗ
132 5639 379 5722 potueri,
413 5639 571 5722 nihil.
591 5640 863 5722 prohibet
890 5640 1216 5722 quinprior
1243 5638 1427 5722 priqri
1456 5638 1715 5722 vocabu-

72 5699 451 5778 lofpostcrior
480 5699 673 5767 autem
694 5699 1008 5782 posteriori
1030 5699 1315 5782 inscripta
1345 5708 1541 5764 fuerit.

1843 579 1954 633 vise
1979 576 1991 633 l

1911 666 1965 724 9.
2002 666 2074 720 Et
2100 665 2232 721 ideo
2256 664 2517 737 majores
2541 663 3355 735 malueruntindulgentiores
3378 675 3517 716 esse

1845 755 2001 809 circa
2025 753 2285 828 judices,
2335 757 2397 809 ut
2426 753 2564 808 dum
2606 753 2841 825 gladius
2874 767 3080 807 eorum
3110 752 3368 820 timetur,
3418 765 3518 805 re-

1841 844 2197 913 primeretur
2225 842 2519 897 scelerum
2538 840 2725 910 furor,
2750 844 2807 895 et
2824 856 2942 896 non
2963 839 3306 893 incitaretur
3324 854 3338 908 ;
3359 838 3519 909 quod

1843 931 1898 985 si
1927 934 2239 1002 negaretur
2298 929 2652 1000 communio,
2723 929 3024 984 videretur
3066 927 3521 983 criminosorum

1843 1019 2135 1074 vindicata
2166 1034 2359 1089 poena.
2394 1019 2726 1074 Maluerunt
2755 1018 2937 1090 igitur
2949 1017 3184 1089 priores
3215 1015 3425 1086 nostri,
3457 1019 3521 1071 ut

1843 1108 1903 1162 in
1934 1107 2233 1163 voluntate
2264 1107 2457 1180 magis
2484 1106 2859 1177 abstinentis,
2885 1121 3059 1177 quam
3080 1104 3141 1160 in
3161 1105 3519 1160 necessitate

1842 1197 1921 1252 sit
1948 1197 2124 1271 legis.
2157 1196 2320 1268 Vale,
2352 1199 2410 1252 et
2438 1211 2549 1252 nos
2602 1196 2802 1268 dilige,
2852 1197 2990 1268 quia
3038 1208 3149 1251 nos
3190 1207 3427 1265 quoque
3456 1196 3514 1248 te

1844 1285 2168 1359 diligimus.

2281 1410 2431 1476 894
2473 1408 2839 1466 EPISTOLA
2875 1409 3063 1464 XXVI

1841 1527 2212 1607 Argumenta
2230 1528 2565 1607 superioris
2595 1525 2860 1607 epistolae
2889 1524 3154 1607 repitito,
3190 1524 3266 1607 ac]
3285 1521 3521 1603 Judwps

1913 1594 2242 1655 adulteram
2299 1594 2547 1653 Christo
2575 1594 2867 1653 sistentes
2894 1594 3078 1665 redit,
3120 1594 3334 1668 quibus
3361 1594 3518 1665 epis-

1913 1685 2112 1751 copos
2136 1685 2374 1751 reorum
2395 1739 2405 1750 .
2429 1674 2697 1751 mortem
2714 1673 3148 1751 prosequentes
3196 1668 3513 1751 comparat.

1911 1734 2067 1795 Hinc
2085 1739 2271 1795 locum
2303 1739 2405 1794 ubi
2433 1738 2628 1794 oblata
2658 1734 2774 1792 fuit
2811 1734 3049 1806 mulier,
3086 1734 3407 1807 exponens,
3442 1734 3517 1788 de

1911 1811 2277 1882 remissione
2287 1815 2662 1882 peccatorum
2679 1808 2860 1882 multa
2892 1805 3174 1878 disputat;
3193 1805 3518 1882 fostrezuo

1910 1881 2183 1954 singulas
2222 1874 2486 1952 ejusdem
2524 1880 2801 1954 historiae
2818 1874 3030 1950 partes
3068 1892 3146 1932 ex
3180 1874 3518 1948 Evangelia

1910 1951 2190 2008 recenset
2212 1951 2387 2026 atque
2409 1951 2700 2006 enucleat.

2294 2089 2624 2130 annuosws
2655 2088 2886 2128 tuamne
2916 2072 3050 2142 (72).

1915 2200 1965 2254 1.
2001 2199 2126 2254 Etsi
2153 2198 2277 2271 jam
2308 2197 2618 2269 superiore
2665 2196 2916 2267 epistola
2944 2194 3118 2264 hanc,
3169 2209 3344 2266 quam
3372 2208 3515 2264 pro-

1840 2288 2118 2359 posuisti,
2139 2287 2633 2360 quaestiunculam
2664 2283 3045 2354 absolverim,
3067 2286 3262 2337 tamen
3291 2281 3515 2354 aliquid

1839 2378 2075 2449 plenius
2106 2376 2430 2448 requirenti
2462 2375 2587 2442 tibi,
2627 2377 2689 2429 ut
2719 2373 2861 2444 filio,
2907 2370 3118 2428 afferre
3161 2373 3336 2443 atque
3368 2385 3514 2426 exs-

1843 2466 2082 2536 culpere
2111 2481 2231 2521 non
2262 2463 2724 2536 supersederim.

1910 2573 1964 2627 2.
1999 2574 2086 2627 Ac
2117 2587 2354 2642 semper
2380 2571 2617 2643 quidem
2647 2570 2951 2625 decantata
2981 2567 3252 2640 quaestio,
3278 2568 3336 2622 et
3361 2565 3517 2625 cele-

1839 2660 1968 2716 bris
1998 2661 2292 2716 absolutio
2317 2660 2424 2716 fuit
2445 2660 2711 2715 mulieris
2732 2658 2888 2730 ejus,
2913 2672 3045 2729 quae
3063 2656 3123 2710 in
3142 2655 3294 2710 libro
3317 2655 3515 2710 Evan-

1842 2749 1986 2824 gelii
2015 2750 2174 2822 quod
2205 2751 2534 2805 secundum
2565 2749 2851 2803 Joannem
2891 2745 3194 2816 scribitur,
3240 2743 3517 2799 adulterii

1840 2854 1942 2894 rea
1974 2839 2166 2895 oblata
2190 2842 2283 2894 est
2309 2837 2547 2893 Christo
2577 2838 2768 2907 (Joan.
2803 2853 2926 2907 vm,
2956 2835 3033 2905 3).
3059 2835 3122 2889 Id
3144 2833 3300 2889 enim
3322 2833 3518 2889 Judae-

1843 2941 2013 2984 orum
2043 2930 2432 2984 commentata
2460 2929 2554 2982 est
2582 2926 2999 2998 tergiversatio
3032 2923 3164 2995 ('73),
3198 2925 3261 2978 ut
3289 2921 3345 2976 si
3375 2935 3516 2976 con-

1841 3018 1931 3071 tra
1960 3017 2154 3089 legem
2185 3015 2615 3086 absolveretur,
2660 3017 2863 3069 contra
2901 3013 3097 3087 legem
3126 3011 3372 3083 probata
3403 3010 3519 3065 Do-

1843 3106 1985 3160 mini
2013 3105 2160 3161 Jesu
2208 3104 2500 3160 sententia
2547 3103 2997 3173 tenerentur;si
3024 3105 3218 3157 autem
3248 3100 3518 3156 damnata

1842 3198 2006 3251 esset
2033 3209 2109 3249 ex
2136 3194 2292 3267 lege,
2326 3208 2539 3247 vacare
2569 3191 2792 3247 Christi
2823 3192 3125 3246 videretur
3153 3189 3368 3260 gratia.

1910 3302 1963 3356 3.
1998 3301 2114 3357 Sed
2145 3300 2551 3356 vehementior
2589 3300 2741 3354 facta
2772 3300 2883 3367 est,
2933 3299 3321 3368 posteaquam
3352 3292 3519 3365 epis-

1843 3391 1973 3462 cOpi
2005 3407 2143 3447 reos
2175 3390 2487 3445 criminum
2519 3388 3017 3462 gravissimorum
3045 3385 3107 3440 in
3135 3383 3395 3455 publicis
3418 3380 3519 3453 ju-

1842 3480 2015 3536 diciis
2046 3494 2333 3536 accusare
2364 3479 2499 3550 ('74),
2531 3479 2629 3532 alii
2679 3481 2735 3532 et
2772 3490 2990 3548 urgere
3032 3488 3225 3544 usque
3262 3472 3333 3525 ad
3383 3471 3517 3544 gla-

1842 3571 2003 3625 dium
2034 3583 2494 3641 supremamque
2526 3570 2796 3635 mortem,
2827 3565 2923 3619 alii
2953 3561 3369 3619 accusationes
3405 3561 3517 3615 hu-

1836 3658 2104 3731 jusmodi
2132 3662 2188 3713 et
2218 3661 2497 3713 cruentos
2517 3656 2891 3710 sacerdotum
2914 3651 3244 3722 triumphos
3264 3649 3518 3720 probare

1842 3750 2163 3818 cmperunt.
2197 3744 2345 3809 Quid
2381 3746 2536 3801 enim
2567 3743 2725 3798 aliud
2756 3743 2855 3797 isti
2895 3741 3117 3811 dicunt,
3149 3754 3324 3811 quam
3353 3738 3518 3793 dice-

1838 3836 1980 3891 bant
2010 3836 2202 3891 Judmi
2243 3851 2382 3891 reos
2432 3832 2746 3888 criminum
2795 3830 3035 3904 legibus
3083 3843 3222 3885 esse
3258 3826 3516 3898 publicis

1839 3925 2171 3996 puniendos
2198 3939 2212 3994 ;
2244 3928 2302 3979 et
2331 3923 2463 3978 ideo
2494 3921 2766 3977 accusari
2788 3936 2895 3976 eos
2926 3918 3102 3975 etiam
3129 3933 3165 3973 a
3194 3915 3517 3972 sacerdoti-

1839 4014 1955 4070 bus
1995 4014 2054 4068 in
2084 4013 2341 4084 publicis
2370 4010 2617 4083 judiciis
2659 4008 3021 4081 oportuisse,
3056 4022 3209 4079 quos
3238 4006 3521 4061 asserunt

1840 4104 2167 4159 secundum
2198 4103 2368 4175 leges
2413 4099 2755 4171 oportuisse
2787 4097 3031 4169 puniri?
3071 4095 3291 4150 Eadem
3331 4110 3516 4149 causa

1838 4196 1948 4259 est,
1983 4194 2090 4247 sed
2119 4207 2402 4248 numerus
2434 4190 2644 4258 minor,
2677 4188 2791 4244 hoc
2809 4194 2921 4254 est,
2944 4202 3062 4240 non
3080 4182 3512 4255 disparjudicii

1839 4282 2112 4354 qumstio,
2133 4281 2240 4337 sed
2272 4295 2466 4352 poema
2498 4279 2701 4349 dispar
2721 4276 2940 4332 invidia
2968 4274 3099 4343 (65).
3133 4274 3324 4328 Unam
3344 4270 3521 4327 Chri-

1884 4426 2021 4508 _\’73)
2054 4425 2206 4508 Edit.
2230 4427 2286 4480 et
2315 4424 2553 4497 quidam
2598 4436 2772 4491 mss.,
2821 4440 2842 4467 α
2892 4417 3222 4473 commenta
3269 4415 3362 4469 est
3388 4415 3513 4469 ter-

1837 4498 2183 4570 giversatio.
2224 4520 2246 4545 ι

1907 4569 2021 4639 (74)
2052 4568 2200 4623 Mss.
2234 4566 2435 4637 Corb.,
2466 4565 2670 4639 Germ.
2684 4564 2755 4639 _et
2784 4560 2940 4628 Ful.,
2978 4580 3002 4609 ι
3017 4555 3388 4639 accusarent
3407 4552 3508 4607 alii

1837 4643 1894 4695 et
1914 4628 2270 4712 urgerent...
2304 4628 2890 4712 alii_'accusationes;
2942 4651 2964 4680 ι
3012 4628 3234 4712 Germ?
3290 4646 3313 4676 α
3342 4640 3516 4712 accu-

1836 4696 2068 4766 sator-fas
2102 4709 2513 4781 hujusmodi...
2548 4696 2888 4781 improbare
2920 4701 3245 4781 coeperunt.
3285 4720 3307 4744 ιι
3342 4696 3511 4750 Veri-

1837 4784 1935 4836 tati
1968 4786 2161 4836 autem
2182 4769 2443 4834 maxime
2476 4769 2909 4847 congrumest,
2944 4770 3099 4843 quod
3128 4769 3504 4847 Hermannus

1838 4853 1919 4907 lib
1950 4870 1987 4905 v
2033 4852 2176 4905 Vitae
2196 4850 2406 4905 Ambr.
2441 4863 2568 4915 cap.
2596 4840 2653 4915 7t,
2686 4851 2744 4900 et
2772 4844 2875 4898 lib.
2896 4840 2990 4896 vn
3014 4858 3143 4912 cap.
3174 4840 3226 4911 1,
3250 4853 3361 4915 nec
3391 4854 3509 4893 non

1838 4922 2310 4978 Thaumassinus
2341 4924 2479 4974 tom.
2512 4909 2738 4992 Lupart.
2771 4933 2811 4992 ῃ,
2845 4914 2947 4969 lib.
2983 4909 3221 4992 rr,_cap_.
3257 4909 3341 4992 lt,
3377 4924 3510 4992 sen-

1838 4994 2007 5063 tiunt,
2049 4993 2322 5047 nimirum
2363 5006 2481 5045 non
2512 4984 2662 5063 alios
2691 4987 3011 5057 episcopos
3033 4984 3151 5063 _hic
3179 4984 3502 5063 designari,

1838 5052 2013 5136 quam
2057 5063 2430 5139 Ithacianos;
2468 5061 2683 5139 quippe
2727 5052 2986 5139 quorum
3029 5054 3291 5139 impulsu
3331 5052 3510 5139 litasti-

1833 5123 1967 5191 mus
1999 5140 2283 5206 tyrannus
2311 5123 2721 5206 Priscilia'n'um
2737 5123 2994 5199 jusserit
3015 5123 3171 5206 afﬁci
3188 5123 3501 5206 supplicio,

1832 5212 1895 5264 ut
1937 5195 2072 5263 Sev.
2120 5205 2419 5275 Sulpicius
2477 5202 2579 5256 lib.
2638 5218 2694 5275 n_
2737 5195 3173 5275 commemorat.
3211 5195 3504 5275 Caeterum

1832 5284 2194 5351 quantopere
2226 5265 2299 5330 ab
2321 5289 2533 5351 eorum
2556 5272 2897 5327 crudelitate
2919 5268 3297 5351 abhorruerit
3326 5265 3506 5351 mitis-

1833 5339 2023 5405 simus
2054 5339 2357 5403 Ambrosii
2404 5345 2659 5413 animus,
2694 5359 2812 5397 non
2843 5343 3035 5396 solum
3070 5357 3145 5395 ex
3178 5339 3287 5413 hac
3317 5339 3502 5413 et_su-

1832 5420 2050 5491 periori
2080 5420 2253 5491 epist.
2288 5419 2461 5491 patet,
2496 5416 2604 5470 sed
2637 5406 2810 5469 etiam
2834 5429 2908 5467 ex
2942 5413 3167 5491 iisquae
3189 5406 3499 5491 abeatis!!!

1828 5475 2042 5546 tradita
2073 5475 2212 5545 sunt
2240 5475 2306 5543 iri
2334 5475 2484 5558 psal.
2520 5503 2718 5556 cxvm,
2753 5501 2933 5539 scrm.
2958 5475 3188 5552 8,1ium.
3222 5478 3279 5531 ill
3318 5475 3493 5530 etlib.

1828 5580 1866 5616 ιι
1893 5562 2060 5617 OI'Iic.
2095 5578 2222 5632 cap.
2244 5560 2335 5614 21.
2680 5628 2715 5632 η
2861 5626 2877 5632 _
3066 5624 3081 5632 _
3306 5617 3343 5632 ,.

2042 5618 2185 5687 Vet.‘
2203 5632 2338 5687 edit.
2371 5646 2440 5686 ac
2472 5645 2618 5687 mss.
2643 5626 2902 5702 aliquod,
2924 5648 2945 5673 α
2979 5624 3085 5679 sed
3107 5634 3256 5697 pene
3290 5618 3494 5692 dispar

1898 5722 1944 5757 v1
1992 5721 2064 5758 ia.
2104 5727 2125 5754 η

1826 5721 2064 5759 ιηνιαιει.
2104 5727 2125 5754 ιν
