4072 6174
536 325 701 394 1087

2067 335 2128 397 s.
2174 318 2617 397 AMBROSII.

3854 334 4009 401 1088

541 531 672 586 stus
701 530 898 601 puniri
928 547 1003 588 ex
1050 533 1183 606 lege
1227 532 1350 590 'non
1378 550 1599 606 passus
1650 538 1762 606 est,
1795 535 1895 590 isti
1929 534 2213 590 minorem
2329 534 2530 606 specie
2560 535 2877 605 praesentis
2925 534 3168 592 Sabbati
3214 535 3479 608 spiritale
3527 535 3864 593 Sabbatum
3914 554 4006 594 an-

537 634 849 675 numerum
879 626 1160 677 asserunt
1188 639 1327 679 esse
1367 624 1657 695 punitum.

606 708 660 764 4.
693 709 767 763 At
797 725 914 781 quo
944 710 1059 766 loci
1109 711 1222 767 hoc
1262 712 1489 784 judicat
1533 712 1809 769 Christus
1830 716 1859 769 ‘?
1906 713 2055 768 Nam
2086 713 2214 783 ple—

536 814 786 870 rumque
835 801 1163 855 secundum
1211 802 1523 873 qualitates
1572 803 1838 858 locorum
1887 803 1947 856 in
1992 803 2211 874 quibus

538 886 787 942 docebat
815 888 1069 945 famulos
1099 906 1246 946 suos
1277 892 1410 961 (76),
1446 892 1877 962 disputationes
1910 908 2055 946 suas
2086 892 2212 947 for-

540 991 699 1031 mare
731 977 1008 1049 dignatus
1041 982 1150 1049 est,
1205 983 1265 1034 ut
1297 981 1356 1034 in
1406 982 1635 1051 porticu
1677 981 2046 1050 Salomonis,
2100 980 2213 1036 hoc

539 1068 650 1134 est,
684 1066 1000 1138 sapientis,
1054 1069 1439 1125 deambulans
1486 1070 1881 1142 loquebatur:
1921 1092 1942 1117 «
1985 1069 2112 1141 Ego
2158 1072 2215 1124 et

539 1153 712 1208 Pater
741 1172 922 1210 unum
954 1173 1162 1212 sumus
1196 1158 1384 1226 (Joan.
1436 1177 1495 1229 x,
1537 1159 1670 1230 30);
1721 1181 1741 1207 υ
1780 1163 1840 1214 ut
1891 1158 1950 1213 in
1994 1159 2211 1230 templo

539 1243 647 1299 Dei
677 1243 908 1299 dicebat
942 1261 953 1300 :
992 1267 1014 1296 α
1052 1247 1181 1301 Mea
1209 1248 1472 1302 doclrina
1505 1264 1621 1302 non
1644 1252 1734 1303 est
1757 1264 1905 1315 mea,
1940 1249 2043 1303 sed
2078 1247 2211 1320 ejus

539 1334 640 1404 qui
674 1348 763 1387 me
793 1333 953 1388 misit
984 1335 1171 1404 (Joan.
1197 1354 1296 1406 vn,
1325 1336 1432 1395 16).
1462 1359 1481 1385 υ
1512 1338 1639 1392 Hoc
1660 1354 1895 1409 quoque
1920 1337 2212 1409 judicium

539 1421 601 1476 in
648 1422 864 1492 templo
913 1423 1144 1493 positus
1193 1429 1451 1493 exercet,
1505 1426 1660 1481 sicut
1710 1427 1996 1497 scriptum
2029 1428 2212 1481 estin

540 1511 973 1580 posterioribus
1001 1513 1128 1583 ;sic
1158 1515 1313 1568 enim
1336 1515 1523 1571 habes
1558 1531 1571 1570 :
1612 1537 1634 1563 ιι
1670 1516 1814 1571 Haec
1831 1516 2013 1570 verba
2042 1516 2213 1570 locu-

541 1601 639 1653 tus
670 1601 763 1654 est
790 1599 972 1655 Jesus
996 1601 1055 1655 in
1088 1603 1533 1674 gazophylocio,
1576 1604 1800 1658 docens
1850 1604 1909 1658 in
1953 1605 2210 1674 templo;

539 1689 597 1742 et
628 1703 800 1743 nemo
831 1690 1217 1760 apprehendit
1257 1708 1391 1746 cum
1438 1693 1627 1761 (Joan.
1684 1710 1806 1762 vm,
1842 1692 1964 1763 20).
2004 1713 2026 1742 ι
2061 1692 2210 1758 Quid

530 1778 638 1835 .est
685 1777 1173 1849 gazophylacium
1205 1780 1233 1834 ‘?
1290 1779 1533 1836 Collatio
1592 1781 1886 1851 fidelium,
1941 1785 2211 1852 sumptus

539 1878 884 1935 pauperum,
916 1867 1156 1937 requies
1188 1883 1541 1939 egenorum,
1570 1869 1738 1941 juxta
1784 1871 1938 1941 quod
1991 1872 2210 1926 sedens
2249 1894 2296 1953 Β

540 1950 837 2022 Christus,
872 1958 934 2009 ut
963 1955 1148 2010 habes
1179 1958 1506 2012 secundum
1531 1959 1769 2027 Lucam,
1805 1960 1921 2014 duo
1942 1976 2059 2013 aera
2090 1974 2213 2013 mu-

542 2038 709 2095 lieris
742 2041 934 2096 viduae
954 2043 1196 2098 divitum
1218 2047 1562 2100 muneribus
1583 2048 1816 2101 censuit
1842 2048 2211 2117 praeferenda

540 2128 703 2198 (Luc.
739 2146 859 2198 XXI,
893 2131 967 2201 2),
1002 2132 1200 2187 divino
1230 2134 1503 2189 videlicet
1526 2136 1860 2190 testimonio
1884 2137 2210 2206 praeferens

542 2216 779 2288 optimae
808 2220 1072 2289 praemiis
1102 2220 1391 2293 largitatis
1423 2223 1647 2285 sedulae
1679 2224 2044 2280 liberalitatis
2067 2225 2211 2280 atl'e-

540 2308 696 2360 ctum
727 2306 861 2378 (77).

617 2395 765 2460 895
824 2396 876 2451 5.
929 2395 1038 2462 Qui
1084 2399 1196 2452 tale
1246 2399 1500 2455 habebat
1544 2401 1853 2473 judicium,
1904 2404 2209 2458 videamus

531 2483 674 2554 quid
703 2484 832 2554 ipse
859 2484 1029 2556 juxta
1061 2489 1542 2559 gazophylacium
1565 2493 1795 2562 positus
1829 2493 2206 2558 conferebat;

534 2586 653 2626 non
682 2573 836 2628 enim
877 2575 1065 2630 otiose
1097 2577 1331 2631 viduam
1367 2580 1617 2648 praetulit
1651 2582 1766 2636 duo
1814 2599 1930 2636 mra
1974 2583 2209 2637 mitten-

535 2663 672 2716 tem.
709 2662 983 2717 Pretiosa
1015 2664 1124 2719 ista
1158 2671 1472 2736 paupertas
1512 2672 1602 2723 est
1634 2670 1766 2723 ﬁdei
1787 2672 2060 2740 opulenta
2093 2686 2210 2741 my-

535 2750 738 2805 sterio.
787 2753 903 2805 Ista
943 2756 1082 2807 sunt
1130 2755 1245 2809 duo
1296 2772 1413 2810 aera
1470 2773 1602 2828 quae
1649 2759 2053 2815 Samaritanus
2111 2762 2209 2815 ille

535 2836 935 2911 Evangelicus
964 2842 1035 2895 ad
1086 2842 1221 2913 ejus
1269 2846 1525 2899 curanda
1576 2848 1839 2915 vulnera,
1875 2850 1975 2919 qui
2006 2850 2212 2903 incidit

534 2927 594 2981 in
616 2926 897 2999 latrones,
931 2931 1254 2987 stabulario
1285 2933 1596 3005 dereliquit
1627 2936 1787 3001 (Luc.
1813 2954 1872 3005 x,
1899 2938 2011 3007 35).
2049 2938 2209 3010 Ergo

533 3018 590 3070 et
617 3016 730 3071 ista
762 3018 963 3088 specie
992 3019 1190 3091 vidua,
1241 3021 1300 3076 in
1341 3025 1477 3093 typo
1529 3023 1836 3096 Ecclesiae,
1882 3027 1994 3081 hoc
2027 3041 2208 3098 gazo-
2322 3021 2626 3092 plenitudo
2658 3021 2892 3077 Novum
2922 3025 3016 3077 est
3045 3022 3507 3077 Testamentum.
3540 3020 3870 3093 Siquidem
3901 3026 4009 3094 ipse
4056 3030 4057 3067 ι

532 3104 806 3178 phylacio
852 3110 1029 3164 s’acro
1072 3109 1496 3167 conferendum
1543 3115 1787 3186 putavit,
1841 3130 1959 3187 quo
1989 3130 2210 3187 paupe-

530 3210 663 3252 rum
693 3200 1046 3253 sanarentur
1074 3199 1338 3272 vulnera,
1373 3202 1821 3274 peregrinorum
1844 3203 2072 3276 jejunia
2106 3220 2207 3260 sc-

530 3286 833 3341 darentur.

595 3374 649 3432 6.
682 3375 852 3432 Unde
883 3379 1116 3433 etnune
1147 3379 1287 3450 quid
1334 3378 1608 3435 Christus
1640 3380 1924 3452 conferat,
1959 3383 2206 3453 spirita-

525 3463 660 3519 liter
687 3468 742 3520 te
772 3469 1002 3537 Oportet
1030 3467 1402 3538 expendere;
1451 3468 1750 3525 dividebat
1778 3470 1934 3525 enim
1966 3472 2204 3542 populis

526 3559 837 3627 argentum
867 3556 1008 3628 igne
1038 3558 1433 3613 examinatum
1464 3558 1833 3631 eloquiorum
1865 3561 2197 3617 caelestium

526 3643 714 3715 (Psal.
750 3662 831 3717 χι,
863 3646 940 3717 Ἳ),
983 3649 1041 3701 et
1068 3646 1349 3719 imaginis
1382 3649 1566 3720 regite
1600 3648 1910 3719 pecuniam
1955 3651 2207 3721 populo-

526 3749 657 3789 rum
673 3735 1098 3791 annumerabat
1118 3735 1450 3792 allectibus.
1468 3738 1654 3793 Nemo
1677 3739 1811 3808 plus
1834 3739 2012 3809 misit,
2031 3755 2207 3811 quam

524 3823 624 3893 qui
669 3826 850 3878 totum
897 3824 1156 3880 donavit.
1206 3826 1466 3883 Satiabat
1512 3829 1886 3897 esurientes,
1941 3828 2209 3899 replebat

526 3911 758 3983 inopes,
794 3913 1161 3970 illuminabat
1188 3931 1406 3986 caecos,
1439 3917 1766 3972 redimebat
1795 3919 2083 3987 captivos,
2108 3933 2208 3988 pa-

524 4000 807 4072 ralyticos
847 4002 1133 4074 erigebat,
1189 4008 1453 4060 mortuos
1498 4006 1913 4076 resuscitabat,
1963 4010 2019 4061 et
2048 4006 2207 4078 quod

526 4092 620 4144 est
655 4090 928 4161 amplius,
966 4093 1310 4147 conferebat
1340 4093 1751 4149 absolutiones
1781 4111 2039 4165 reorum,
2071 4111 2209 4166 pec-

529 4182 655 4233 cata
686 4180 964 4235 donabat.
1000 4181 1145 4236 Haec
1174 4185 1314 4236 sunt
1343 4182 1459 4237 duo
1493 4198 1632 4253 aera,
1665 4200 1799 4254 quae
1823 4184 1981 4239 misit
2012 4184 2212 4239 Eccle-

529 4267 620 4322 sia
649 4270 1035 4341 posteaquam
1063 4270 1293 4341 accepit
1323 4287 1356 4325 a
1386 4271 1625 4328 Christo
1677 4273 1809 4343 ('78).
1843 4272 1992 4339 Quid
2053 4275 2211 4328 enim

526 4360 666 4412 sunt
695 4358 811 4413 duo
843 4375 982 4428 aera,
1027 4359 1144 4413 nisi
1192 4360 1444 4430 pretium
1486 4362 1625 4416 novi
1657 4364 1715 4416 et
1746 4362 1966 4417 veteris
2006 4363 2210 4417 Testa-

523 4442 747 4501 menti?
802 4448 1058 4503 Pretium
1103 4447 1425 4519 Scripturae
1476 4450 1626 4505 fides
1658 4453 1863 4505 nostra
1912 4453 2043 4521 est;
2075 4467 2209 4505 nam

524 4536 682 4606 quod
721 4536 958 4610 legitur,
1003 4553 1110 4609 pro
1150 4538 1537 4610 intelligentis
1579 4540 1906 4595 aestimatur
1936 4539 2203 4595 arbitrio.

525 4624 829 4681 Remissio
860 4627 1044 4699 igitur
1062 4629 1439 4698 peccatorum
1460 4628 1769 4700 utriusque
1789 4629 2041 4699 pretium
2061 4629 2207 4683 Tes-

520 4716 762 4771 tamenti
790 4718 915 4785 est,
950 4732 1083 4788 quae
1112 4731 1218 4787 per
1253 4732 1473 4790 agnum
1503 4716 1563 4770 in
1594 4721 1730 4789 typo
1756 4718 2097 4772 annuntiata
2116 4712 2211 4772 est

526 4804 641 4875 (79)
673 4804 865 4861 Exod.
900 4823 1002 4877 xu,
1037 4807 1112 4877 3),
1144 4806 1204 4861 in
1236 4807 1481 4872 veritate
1530 4806 1819 4878 completa
1862 4822 1970 4878 per
1998 4805 2212 4862 Chris-

529 4895 675 4948 tum.

600 4983 654 5037 ’7.
688 4983 825 5038 Ideo
856 4984 1043 5040 habes
1072 5000 1264 5057 neque
1287 4988 1513 5057 septem
1537 4986 1763 5041 dierum
1798 4986 2212 5058 purgationem

530 5069 659 5125 sine
692 5072 866 5125 trium
899 5073 1131 5129 dierum
1151 5090 1289 5129 esse
1309 5076 1683 5148 purgatione.
1709 5077 1948 5146 Septem
1981 5075 2210 5129 dierum

527 5160 800 5233 purgatio
846 5162 1173 5217 secundum
1220 5163 1415 5235 legem
1464 5164 1683 5234 (Lavit.
1736 5181 1838 5235 xu,
1872 5165 1949 5234 2),
1985 5180 2119 5236 quae
2151 5164 2211 5218 in

596 5321 710 5391 (Ἳό)
741 5318 1163 5447 Εοᾱοιιι-Γιίιιιθ
1194 5339 1379 5378 sensu
1410 5324 1636 5379 dixerat
1667 5324 1767 5379 lib.
1800 5342 1838 5378 ιι
1872 5323 1947 5379 de
1973 5323 2213 5396 Spiritu

602 5398 752 5447 ncto.
778 5410 906 5447 can.
942 5394 965 5447 1
1043 5409 1055 5447 :
1094 5417 1114 5440 ιι
1159 5394 1359 5447 Refert
1389 5396 1583 5447 itaque
1614 5397 1927 5447 advertere
1946 5411 2061 5447 uno
2096 5395 2213 5447 loci

528 5398 752 5465 sancto,
778 5410 906 5463 cap.
942 5394 1006 5448 1Ἳ
1043 5409 1055 5448 :
1094 5417 1114 5440 ιι
1159 5394 1359 5449 Refert
1389 5396 1583 5464 itaque
1614 5397 1927 5450 advertere
1946 5394 2061 5465 quo
2096 5395 2213 5449 loci

526 5464 656 5519 haec
689 5465 976 5519 Dominus
1009 5465 1397 5535 disputaverit
1429 5482 1440 5520 :
1476 5466 1821 5536 frequenter
1868 5464 2025 5521 enim
2072 5465 2210 5536 ejus

528 5537 766 5608 oracula
798 5552 874 5591 ex
902 5537 1189 5604 locorum,
1223 5537 1280 5590 in
1315 5538 1533 5608 quibus
1563 5538 1904 5592 diversatus
1935 5539 2049 5607 est,
2073 5552 2215 5608 qua-

529 5605 796 5662 litatibus
825 5609 1223 5663 aestimantur.
1261 5631 1283 5655 η

601 5679 712 5747 (7'7)
745 5680 892 5734 Mss.
927 5678 1126 5747 Corb.,
1159 5678 1355 5734 Germ.
1391 5681 1447 5733 et
1478 5676 1631 5745 Ful.,
1672 5701 1692 5724 ιι
1722 5677 1948 5733 sedulae
1978 5678 2215 5735 liberta-

534 5747 609 5800 tis
642 5747 932 5805 atl'ectum.
974 5772 995 5800 ι

2331 624 2651 693 nuntiavit;
2703 624 2880 678 trium
2929 625 3156 680 dierum
3191 627 3464 698 purgatio
3505 627 3842 682 secundum
3878 642 4007 699 gra-

2331 712 2488 781 tiam,
2524 728 2657 783 quae
2691 712 3002 785 Evangelii
3048 714 3461 769 testificatione
3511 716 3829 787 signatur,
3879 718 4007 787 quia

2334 801 2504 855 tertio
2536 799 2629 856 die
2660 801 2947 857 Dominus
2983 804 3313 857 resurrexit
3356 804 3522 874 (Luc.
3556 820 3723 873 xxxv,
3780 803 3864 872 7).
3902 804 4002 860 Ubi

2325 905 2499 960 pcena
2530 890 2960 960 praescribitur,
2996 891 3170 946 debet
3202 907 3339 947 esse
3368 893 3712 963 poenitentia
3735 898 4001 962 peccato-

2328 994 2461 1033 rum
2496 994 2509 1033 :
2546 979 2643 1033 ubi
2673 979 2954 1035 remissio
3004 980 3273 1051 donatur,
3316 982 3505 1053 gratia
3553 984 3666 1036 est.
3718 983 4008 1036 Pmcedit

2328 1066 2689 1138 poenitentia,
2722 1067 2990 1139 sequitur
3018 1069 3226 1141 gratia.
3262 1069 3469 1141 Neque
3491 1070 3847 1141 pcenitentia
3870 1086 4002 1143 ergo

2329 1156 2459 1211 sine
2489 1156 2696 1228 gratia,
2747 1172 2940 1229 neque
2985 1157 3173 1229 gratia
3217 1158 3347 1213 sine
3395 1160 3785 1229 pcenitentia;
3842 1159 4002 1214 debet

2327 1245 2482 1299 enim
2513 1246 2852 1315 poenitentia
2874 1245 3040 1316 prius
3062 1246 3339 1301 damnare
3362 1250 3689 1318 peccatum,
3723 1252 3788 1303 ut
3822 1250 3997 1320 gratia

2329 1333 2523 1402 possit
2551 1333 2808 1389 abolere.
2842 1334 2977 1389 Ideo
3006 1337 3207 1405 typum
3237 1334 3392 1407 legis
3410 1336 3718 1407 accipiens
3750 1336 4003 1392 Joannes

2328 1421 2648 1492 baptizavit
2700 1422 2761 1477 in
2808 1423 3250 1493 paenitentiam,
3300 1422 3575 1479 Christus
3624 1425 3704 1480 ad
3766 1428 4000 1499 gratiam

2327 1509 2569 1580 (Matth.
2593 1527 2677 1581 ιιι,
2712 1510 2823 1581 11).

2398 1599 2451 1654 8.
2496 1598 2795 1669 Septimus
2852 1614 2998 1672 ergo
3044 1601 3174 1655 dies
3212 1600 3369 1673 legis
3423 1603 3782 1674 mysterium
3826 1604 4001 1675 signat

2325 1687 2459 1758 (80),
2503 1691 2749 1743 octavus
2778 1690 3265 1761 resurrectionis,
3299 1691 3453 1744 sicut
3482 1691 3671 1745 habes
3704 1689 3771 1746 in
3808 1690 3999 1747 Eccle-

2329 1776 2513 1830 siaste
2555 1793 2566 1831 :
2616 1797 2638 1826 ι
2700 1778 2781 1831 Da
2839 1780 3063 1848 partem
3112 1778 3231 1833 illis
3283 1782 3545 1850 septem,
3608 1783 3668 1834 et
3718 1780 3850 1835 illis
3893 1786 3999 1835 octo

2328 1865 2551 1934 (Eccle.
2586 1883 2667 1936 xi,
2708 1865 2784 1936 2).
2832 1887 2853 1915 ι
2899 1866 3047 1920 Nam
3080 1870 3136 1922 et
3174 1867 3233 1921 in
3282 1868 3567 1938 propheta
3618 1866 3785 1924 Osee
3820 1870 4001 1941 legisti

2328 1954 2549 2009 dictum
2586 1954 2659 2008 ad
2699 1969 2832 2009 eum
2866 1970 2877 2009 :
2918 1977 2940 2001 ιι
2982 1953 3225 2010 Conduc
3254 1956 3361 2010 tibi
3401 1956 3796 2011 fornicariam
3847 1960 3999 2031 quin-

2328 2043 2519 2098 decim
2559 2043 2819 2098 denariis
2866 2042 3045 2113 (Osee
3078 2060 3161 2113 ιιι,
3204 2044 3256 2114 1,
3297 2045 3352 2117 2)
3389 2061 3400 2100 :
3440 2070 3462 2093 η
3498 2061 3568 2100 eo
3608 2061 3737 2117 quo
3779 2049 4000 2119 gemino

2329 2147 2447 2187 aere
2487 2132 2707 2187 veteris
2743 2134 2800 2187 et
2851 2132 2991 2187 novi
3029 2133 3409 2204 Testamenti,
3466 2133 3581 2189 hoc
3621 2138 3743 2205 est,
3786 2138 3999 2207 integro

2328 2221 2465 2275 ﬁdei
2504 2221 2721 2291 pretio,
2774 2220 2986 2276 mulier
3042 2220 3142 2275 i‘lla
3197 2237 3353 2294 vago
3403 2222 3661 2294 quodam
3716 2228 3776 2278 et
3830 2241 4002 2279 mere-

2326 2309 2497 2364 tricio
2537 2310 2803 2382 gentium
2843 2325 3244 2365 convenarum
3277 2311 3555 2367 comitatu
3585 2311 3742 2367 fulta
3787 2314 4001 2368 conda-

2328 2399 2499 2454 citur.

2396 2488 2449 2543 9.
2489 2510 2511 2535 ιι
2547 2487 2619 2542 Et
2648 2488 2925 2557 conduxi,
2970 2488 3178 2559 inquit,
3228 2504 3356 2544 eam
3402 2504 3615 2561 gomor
3662 2489 3912 2559 hordei,
3961 2496 4001 2544 et

2326 2577 2709 2649 semigomor,
2736 2580 2792 2631 et
2824 2577 2994 2632 nevel
3026 2578 3145 2631 vini
3179 2577 3358 2645 (Ibid.
3382 2577 3459 2648 2).
3499 2598 3520 2627 ι
3577 2578 3700 2633 Per
3727 2580 4003 2635 hordeum

2325 2666 2622 2738 significat
2665 2666 2803 2737 quia
2848 2665 3229 2737 imperfectos
3270 2669 3509 2721 vocaret
3552 2667 3624 2721 ad
3680 2667 3909 2735 fidem,
3958 2674 4008 2721 ut

2325 2754 2623 2824 perfectos
2672 2753 2991 2811 redderet:
3034 2771 3142 2825 per
3178 2770 3390 2821 gomor
3440 2755 3808 2827 intelligitur
3856 2758 4007 2828 plen:

2327 2859 2626 2914 mensura,
2644 2858 2751 2915 per
2772 2844 3140 2916 semigomor
3151 2844 3476 2915 semiplena
3492 2859 3810 2899 mensura.
3838 2847 4009 2901 Plena

2325 2947 2603 2987 mensura
2625 2933 2685 2987 in
2704 2932 3157 3005 Evangelioest,
3196 2933 3523 3003 semiplena
3556 2934 3617 2987 in
3639 2933 3810 3006 lege,
3850 2936 4010 3007 cujus

2324 3110 2611 3166 Dominus
2641 3111 2722 3166 ait
2755 3127 2768 3166 :
2805 3132 2828 3163 ι
2864 3111 2999 3167 Non
3030 3111 3167 3166 veni
3204 3110 3400 3183 legem
3444 3110 3710 3181 solvere,
3762 3112 3885 3167 sed
3915 3113 4007 3165 im-

2322 3201 2485 3271 plere
2517 3200 2757 3268 (Matth.
2791 3217 2850 3270 v,
2886 3200 2996 3269 17).
3036 3220 3059 3250 ι

2240 3254 2290 3315 C
2521 3254 2660 3345 ‘Nec
2700 3254 2891 3344 otiose
2923 3254 3261 3361 quindecim
3320 3288 3827 3345 anabathmornm
3878 3290 4005 3356 898

2318 3379 2591 3434 Psalmos
2622 3378 2939 3433 Davidicos
2970 3379 3246 3451 legimus,
3263 3382 3321 3433 et
3344 3378 3689 3450 quindecim
3711 3380 3997 3452 gradibus

2320 3467 2673 3523 ascendisse
2704 3468 2914 3539 solem,
2951 3484 3086 3523 cum
3116 3467 3405 3523 Ezechias
3450 3467 3658 3540 justus
3707 3484 3829 3524 rex
3888 3470 4004 3523 vita

2323 3555 2507 3628 hujus
2528 3556 2826 3627 acciperet
2848 3559 3238 3612 commeatum
3255 3557 3394 3627 (Isa.
3420 3573 3675 3627 XXXVIII,
3706 3558 3792 3628 8).
3825 3557 4003 3630 Signi:

2323 3645 2614 3701 ficabatur
2642 3647 2800 3700 enim
2831 3660 2971 3701 esse
3011 3649 3300 3702 venturus
3330 3645 3433 3702 Sol
3460 3645 3740 3717 justitiaa,
3775 3647 4002 3716 (Malae.

2321 3752 2399 3804 IV,
2431 3730 2509 3805 2),
2542 3734 2644 3806 qui
2676 3734 2903 3806 gradus
2931 3734 3273 3806 quindecim
3311 3734 3533 3790 veteris
3563 3737 3621 3789 et
3668 3737 3823 3791 novi
3872 3736 4004 3790 Tes-

2320 3824 2561 3878 tamenti
2594 3823 3032 3878 illuminaturus
3065 3826 3230 3878 esset
3248 3823 3742 3894 praesentiamus
3768 3823 4006 3881 lumine.

2321 3912 2539 3984 quibus
2591 3916 2797 3967 nostra
2847 3912 2997 3967 fides
3037 3912 3111 3966 ad
3154 3913 3335 3966 vitam
3384 3912 3663 3967 ascendit
3709 3917 4005 3969 aeternam.

2322 4001 2492 4057 Unde
2522 4003 2580 4057 et
2608 4001 2723 4058 hoc
2774 4001 2933 4073 quod
2972 4000 3149 4057 hodie
3197 4001 3258 4056 in
3307 4000 3603 4071 Apostolo
3648 4001 3883 4057 lectum
3909 4006 4002 4059 est.

2320 4093 2638 4163 mysticum
2666 4106 2836 4162 reor;
2886 4106 2957 4146 eo
2989 4091 3148 4163 quod
3198 4090 3540 4162 quindecim
3589 4090 3818 4147 diebus
3862 4090 4001 4162 apud

2324 4180 2560 4237 Petrum
2590 4180 2878 4235 manserit
2914 4179 3132 4251 (Galat.
3158 4197 3196 4248 ι,
3231 4179 3356 4247 18);
3388 4180 3623 4234 videtur
3662 4181 3837 4236 enim
3872 4180 4003 4235 mihi

2321 4270 2478 4342 quod
2510 4269 2799 4341 apostolis
2832 4269 3058 4325 sanctis
3097 4268 3419 4339 Scripturae
3461 4268 3686 4323 divina
3715 4269 4000 4341 interpne-
4048 4320 4049 4341 η

2319 4359 2602 4415 tationem
2633 4374 2911 4414 sermone
2940 4374 3147 4413 secum
3165 4359 3331 4413 vario
3363 4356 3827 4414 conferentibus
3854 4358 3993 4431 pleni

2321 4435 2569 4502 luminis
2602 4447 2906 4503 refulserit
2934 4447 3244 4517 claritudo,
3279 4446 3633 4520 ignorantia:
3674 4448 3893 4502 umbra
3914 4447 3995 4500 de

2323 4537 2595 4593 cesserit.
2628 4536 2745 4592 Sed
2759 4536 2883 4608 jam
2901 4536 3210 4592 veniamus
3240 4535 3315 4590 ad
3336 4534 3606 4591 mulieris
3627 4534 3827 4609 hujus
3854 4534 3996 4591 adul-

2321 4629 2465 4682 terae
2486 4626 2942 4681 absolutionem.

2394 4715 2481 4770 11.
2513 4715 2717 4770 Oblata
2747 4718 2872 4769 erat
2912 4731 2946 4768 a
2976 4713 3206 4770 Scribis
3255 4717 3315 4769 et
3361 4714 3695 4769 Pharismis
3755 4714 3995 4771 Domino

2319 4805 2468 4860 Jesu
2495 4803 2766 4860 adulterii
2793 4818 2893 4859 rea
2924 4803 3115 4873 (Joan.
3147 4820 3270 4874 vm,
3304 4802 3487 4873 3-11),
3532 4805 3592 4857 et
3640 4802 3760 4858 hac
3810 4804 3991 4859 oblata
4044 4840 4045 4847 η

2321 4893 2549 4965 fraude,
2569 4896 2631 4949 ut
2659 4893 2713 4948 si
2745 4907 2874 4949 eam
2904 4892 3265 4963 absolveret,
3299 4891 3496 4965 legem
3525 4891 3999 4948 solverevidere-

2321 4986 2463 5039 tur:
2499 4983 2596 5038 sin
2641 4997 2786 5037 vero
2826 4982 3151 5051 damnaret,
3200 4981 3571 5052 propositum
3612 4982 3712 5036 sui
3760 4984 3999 5037 mutaret

2324 5072 2614 5127 adventus
2640 5087 2655 5143 ;
2686 5071 2823 5143 quia
2852 5073 3094 5141 peccata
3129 5070 3390 5125 omnium
3420 5071 3798 5125 remissurus
3828 5071 3999 5124 adre.

2327 5161 2429 5217 nit.
2472 5161 2736 5232 Denique
2768 5176 2949 5231 supra
2978 5160 3102 5215 ait:
3142 5181 3165 5206 ιι
3215 5158 3342 5231 Ego
3387 5173 3503 5212 non
3542 5157 3756 5230 judico
3808 5174 3997 5231 quem—
4042 5170 4043 5232 ξ

2393 5320 2508 5393 (78)
2537 5323 2766 5378 Thuan.
2808 5321 2939 5377 cod.
2967 5363 2981 5391 ,
3036 5344 3056 5367 ιι
3094 5321 3480 5392 posteaquam
3529 5320 3765 5392 accepit
3794 5320 3993 5375 Chris-

2320 5398 2683 5535 t“1(1'lill}"l\tss.
2717 5466 2986 5534 quatuor,
3023 5484 3046 5513 ιι
3082 5479 3217 5535 quae
3257 5478 3364 5534 per
3393 5478 3612 5517 annum
3634 5462 3696 5518 in
3726 5468 3867 5536 typo
3896 5478 3991 5515 an-

2322 5537 2582 5591 nuntiata
2614 5538 2724 5604 est,
2764 5559 2786 5583 »
2825 5538 2936 5590 etc.

2392 5608 2506 5677 (80)
2538 5606 2682 5661 Vide
2713 5603 2849 5677 quae
2889 5607 2962 5660 ab
3006 5606 3325 5662 Ambrosio
3379 5606 3672 5676 disputata
3719 5609 3859 5660 sunt
3888 5603 3989 5677 Ex-

2322 5675 2591 5750 posit.in
2622 5675 2766 5733 Luc.
2801 5678 2902 5734 lib.
2937 5694 3039 5748 vn,
3074 5693 3234 5734 num.
3269 5677 3358 5748 49,
3392 5679 3447 5734 et
3480 5675 3618 5750 quae
3648 5678 3871 5733 ibidem
3892 5675 3971 5727 ad-
4038 5698 4039 5703 η

2323 5749 2679 5805 notavimus.
