4072 6174
115 330 278 394 1089

1318 319 1928 398 EPISTOLARUM
1975 320 2312 402 CLASSIS
2355 339 2405 402 1.

3431 348 3588 416 1090

123 545 297 602 quam
332 529 522 618 (Joan.
558 545 680 598 VIII,
715 530 822 599 15).
865 554 886 577 »
919 528 1244 586 Oﬁ‘erentes
1276 546 1421 604 ergo
1455 547 1604 603 eam,
1639 531 1802 588 dixe-
1833 522 1888 588 Α
1916 554 1939 585 α
1979 534 2093 589 Ubi
2125 540 2285 605 sunt,
2321 539 2421 609 qui
2453 542 2509 594 te
2541 541 2952 598 accusabant?
2982 544 3170 602 Nemo
3190 549 3247 602 te
3264 546 3590 618 lapidavit?

128 622 313 674 runt:
363 640 384 664 ιι
420 616 589 671 Hanc
634 618 940 674 mulierem
987 620 1325 674 invenimus
1375 621 1609 691 publice
1657 638 1801 676 moe-

133 708 418 762 chantem.
455 706 752 776 Scriptum
785 711 876 761 est
907 709 1062 762 enim
1083 708 1142 762 in
1165 709 1297 780 lege
1321 710 1547 780 Moysis
1567 726 1798 764 omnem

133 797 418 851 mcecham
448 795 697 866 lapidari
727 797 831 864 (Le
846 798 943 850 vit.
981 814 1080 866 xx,
1116 796 1224 868 10).
1259 799 1346 852 Tu
1375 815 1518 854 vero
1551 800 1690 871 quid
1723 801 1802 854 di-

135 887 220 940 cis
253 885 323 939 de
354 901 422 940 ea
452 885 642 953 (Joan.
675 901 799 954 vm,
831 884 999 954 3-5)?
1036 910 1056 934 ι,

199 992 288 1046 12.
337 990 481 1057 Quae
532 1007 666 1046 cum
715 991 998 1062 dicerent,
1054 993 1236 1052 Jesus
1280 994 1555 1050 inclinato
1589 995 1796 1066 capite,

129 1081 317 1152 digito
369 1080 673 1134 scribebat
709 1080 767 1134 in
800 1085 974 1135 terra.
1011 1081 1080 1135 Et
1110 1099 1242 1137 cum
1274 1087 1705 1154 exspectarent,
1739 1087 1803 1138 ut

131 1169 404 1224 audirent
433 1185 590 1238 eum,
624 1170 866 1240 erigens
899 1174 1074 1240 caput
1104 1171 1288 1226 dixit:
1327 1172 1481 1236 «Qui
1513 1173 1642 1226 sine
1674 1189 1805 1242 pec-

128 1262 258 1313 cato
311 1262 424 1328 est,
474 1260 641 1329 prior
688 1259 905 1328 lapidet
954 1274 1084 1314 eam
1127 1260 1305 1330 (Ibid.
1339 1261 1415 1330 '7).
1452 1282 1474 1309 ι
1508 1259 1658 1324 Quid
1686 1264 1802 1314 tam

127 1348 416 1418 divinum,
449 1347 625 1419 quam
657 1347 768 1402 ista
801 1349 1130 1416 sententia;
1161 1351 1223 1403 ut
1255 1350 1308 1403 is
1339 1355 1578 1419 peccata
1601 1351 1804 1420 puniat

121 1437 228 1507 qui
263 1452 479 1492 exsors
509 1438 638 1506 ipse
670 1438 897 1506 peccati
945 1437 1068 1490 sit?
1114 1435 1419 1500 Quomodo
1452 1438 1608 1492 enim
1643 1438 1801 1493 feras

127 1526 316 1580 alieni
361 1525 642 1593 ultorem,
692 1529 748 1580 et
796 1526 1018 1595 proprii
1065 1527 1329 1580 criminis
1375 1527 1803 1582 defensorem?

125 1614 348 1668 Nonne
380 1629 446 1668 se
475 1614 665 1686 magis
697 1614 826 1684 ipse
857 1615 1228 1684 condemnat,
1279 1615 1377 1686 qui
1408 1617 1468 1670 in
1496 1616 1610 1670 alio
1641 1616 1800 1670 dam-

118 1705 248 1772 nat,
282 1702 439 1774 quod
469 1702 597 1773 ipse
627 1702 980 1758 committit?

196 1809 287 1864 13.
321 1809 448 1864 Hoc
480 1813 674 1864 autem
706 1810 870 1876 dixit,
906 1813 962 1865 et
993 1810 1293 1865 scribebat
1322 1811 1381 1864 in
1405 1813 1578 1865 terra.
1604 1809 1753 1875 Quid
1775 1813 1803 1866 ?

121 1899 346 1971 Utique
377 1899 587 1954 dicens
614 1915 625 1954 :
665 1923 687 1946 α
722 1899 1056 1968 Festucam,
1101 1916 1233 1971 quae
1265 1900 1321 1954 in
1354 1901 1526 1956 oculo
1558 1903 1650 1955 est
1678 1900 1800 1954 fra-
1827 1903 1878 1964 Β

117 1988 236 2042 tris
268 1987 370 2056 tui,
403 1989 576 2043 vides
612 2006 623 2042 :
658 1989 882 2042 trabem
932 1992 1147 2058 autem,
1198 2005 1330 2060 quae
1381 1990 1440 2043 in
1491 1990 1664 2044 oculo
1700 1993 1799 2045 tuo

117 2080 240 2144 est,
273 2093 390 2132 non
424 2077 592 2132 vides
627 2077 864 2143 (Matth.
898 2094 998 2146 vn,
1033 2077 1110 2146 3).
1150 2101 1170 2125 »
1211 2077 1420 2132 Libido
1452 2079 1608 2132 enim
1642 2077 1802 2132 velut

128 2165 371 2220 festuca
423 2168 534 2234 est,
585 2167 700 2221 cito
736 2166 1096 2235 accenditur,
1130 2182 1380 2238 prepere
1411 2167 1796 2236 consumitur,

114 2255 512 2327 sacrilegium
545 2255 828 2325 perﬁdiae,
849 2271 966 2326 quo
998 2255 1190 2311 Judaei
1220 2257 1515 2328 negabant
1543 2257 1798 2326 propriae

112 2344 339 2399 salutis
371 2347 670 2399 auctorem
711 2344 845 2413 (81),
881 2343 1130 2400 sceleris
1164 2345 1629 2417 magnitudinem
1661 2360 1798 2415 per-

111 2433 396 2489 sonabat.

191 2537 286 2593 14.
339 2538 648 2594 Scribebat
697 2542 890 2595 autem
937 2541 996 2596 in
1030 2544 1186 2596 terra
1219 2541 1425 2614 digito,
1459 2556 1575 2612 quo
1605 2541 1799 2613 legem

111 2629 454 2698 scripserat
503 2629 720 2697 (Exod.
772 2647 938 2699 xxxi,
987 2628 1098 2696 18).
1152 2631 1504 2684 Peccatores
1545 2631 1604 2684 in
1643 2633 1798 2684 terra

109 2719 472 2773 scribuntur
501 2719 744 2786 (Jerem.
780 2737 922 2789 xvu,
960 2719 1067 2790 13),
1099 2719 1246 2790 justi
1279 2719 1338 2773 in
1371 2719 1519 2774 coelo
1552 2717 1684 2789 (82),
1719 2719 1799 2772 si-

109 2812 224 2862 cut
259 2808 446 2862 habes
478 2809 699 2862 dictum
747 2809 816 2863 ad
870 2809 1200 2876 discipulos
1234 2825 1244 2864 :
1299 2830 1319 2858 ε
1357 2808 1615 2863 Gaudete
1663 2807 1798 2878 quia

107 2897 364 2951 nomina
397 2901 592 2952 vestra
626 2898 843 2967 scripta
878 2901 1014 2951 sunt
1045 2899 1105 2951 in
1138 2897 1306 2952 cwlis
1341 2898 1502 2967 (Luc.
1538 2914 1596 2966 x,
1630 2896 1741 2966 ‘20).
1774 2917 1795 2946 »

109 2987 407 3041 Secundo
454 2990 646 3041 autem
695 2987 972 3057 scripsit,
1029 2990 1089 3042 ut
1138 2988 1374 3060 gemino
1424 2988 1799 3042 Testamento

114 3076 379 3130 Judzeos
411 3076 570 3130 scias
601 3092 739 3130 esse
771 3077 1099 3130 damnatos.

187 3181 282 3237 15.
321 3183 644 3238 Audientes
676 3186 869 3238 autem
891 3183 1004 3238 hoc
1026 3183 1296 3253 verbum,
1331 3183 1602 3239 exierunt
1632 3182 1794 3238 foras

103 3287 281 3327 unus
315 3274 448 3341 post
480 3288 680 3341 unum,
715 3273 1067 3342 incipientes
1091 3272 1502 3342 asenioribus,
1537 3276 1593 3327 et
1624 3272 1800 3326 sede-
1825 3265 1874 3328 C

104 3363 265 3416 bant
299 3361 632 3432 cogitantes
662 3362 734 3416 de
767 3377 861 3419 se.
903 3361 972 3416 Et
1003 3363 1286 3417 remansit
1320 3362 1488 3416 solus
1520 3362 1720 3429 Jesus,
1743 3364 1800 3415 et

108 3450 344 3504 mulier
374 3451 432 3504 in
466 3451 657 3506 medio
689 3455 855 3505 stans
888 3451 1074 3519 (Joan.
1108 3469 1228 3520 vm,
1252 3452 1332 3521 9).
1367 3451 1524 3504 Bene
1545 3451 1624 3503 ait
1643 3449 1802 3522 quod

108 3541 402 3594 exierunt
434 3539 616 3609 foras,
649 3557 750 3611 qui
783 3540 1061 3594 nolebant
1083 3556 1222 3594 esse
1246 3555 1378 3594 cum
1401 3539 1658 3594 Christo.
1685 3538 1802 3594 Fo-

112 3630 217 3682 ris
267 3628 460 3682 littera
507 3632 618 3698 est,
669 3629 828 3683 intus
871 3630 1172 3699 mysteria.
1207 3628 1622 3700 Sequebantur
1651 3628 1808 3684 enim

111 3717 462 3772 divinarum
493 3717 810 3773 lectionum
841 3719 1112 3790 quaedam
1142 3719 1303 3773 velut
1333 3719 1610 3773 ardorum
1643 3717 1803 3788 folia,

109 3822 247 3861 non
281 3806 574 3877 fructum;
609 3808 711 3879 qui
738 3808 1017 3863 vivebant
1047 3807 1108 3862 in
1139 3808 1347 3862 umbra
1377 3807 1555 3881 legis,
1596 3811 1653 3863 et
1702 3823 1806 3863 so-

98 3897 234 3951 lem
262 3895 512 3966 justitize
546 3897 748 3952 videre
782 3913 898 3952 non
931 3899 1220 3968 poterant.

193 4001 288 4057 16.
324 4003 585 4075 Denique
617 4003 1065 4059 discedentibus
1117 4004 1256 4074 illis,
1305 4004 1591 4059 remansit
1633 4002 1802 4059 solus

108 4093 336 4161 Jesus,
371 4096 426 4146 et
455 4093 666 4147 mulier
696 4094 754 4146 in
789 4094 980 4148 medio
1014 4097 1202 4148 stans.
1240 4094 1574 4148 Donaturus
1605 4110 1807 4164 pecca-

111 4187 271 4250 tum,
326 4181 498 4252 solus
543 4184 805 4236 remanet
843 4183 1046 4250 Jesus,
1083 4182 1239 4236 sicut
1269 4184 1396 4252 ipse
1428 4183 1506 4236 ait
1541 4200 1552 4236 :
1595 4206 1615 4227 υ
1652 4182 1806 4236 Ecce

115 4271 300 4325 venit
345 4271 508 4340 hora,
559 4274 615 4325 et
654 4270 778 4342 jam
825 4272 1004 4341 venit,
1051 4274 1112 4325 ut
1157 4272 1580 4342 dispergamini
1625 4287 1808 4326 unus-

118 4361 393 4432 quisque
423 4361 478 4412 in
513 4375 644 4427 suo,
677 4364 733 4414 et
755 4377 847 4414 me
871 4361 1063 4415 solum
1091 4361 1437 4431 relinquatis
1461 4362 1648 4430 (Joan,
1685 4379 1804 4432 xvx,

114 4450 258 4517 82);
298 4471 320 4494 η
357 4448 502 4512 897
536 4465 653 4504 non
685 4449 841 4503 enim
874 4450 1129 4520 legatus,
1165 4466 1356 4520 neque
1387 4451 1648 4519 nuntius,
1700 4450 1808 4504 sed

115 4541 262 4609 ipse
314 4538 600 4593 Dominus
654 4539 886 4592 salvum
927 4539 1068 4592 fecit
1111 4539 1391 4608 populum
1443 4556 1616 4593 suum
1667 4540 1805 4608 (lsa.

117 4644 297 4694 Lxm,
330 4626 406 4696 9).
439 4627 616 4681 Solus
648 4632 910 4682 remanet
943 4627 1079 4698 quia
1112 4643 1226 4681 non
1275 4630 1466 4697 potest
1517 4627 1628 4682 hoc
1681 4629 1808 4682 cui-
1834 4630 1877 4716 ι)

116 4731 312 4787 quam
360 4716 660 4770 hominum
714 4733 845 4770 cum
895 4716 1132 4770 Christo
1183 4732 1321 4770 esse
1363 4731 1693 4784 commune,
1746 4719 1810 4770 ut

121 4809 381 4878 peccata
431 4806 741 4861 condonet.
796 4805 994 4860 Solius
1044 4805 1156 4860 hoc
1197 4822 1412 4860 munus
1444 4809 1536 4860 est
1565 4805 1807 4874 Christi,

123 4895 237 4967 qui
296 4893 424 4948 tulit
467 4899 772 4964 peccatum
823 4895 1024 4949 mundi
1074 4895 1264 4966 (Joau.
1298 4911 1336 4963 ι,
1369 4893 1480 4964 '29).
1514 4894 1724 4949 Meruit
1755 4897 1812 4949 et

129 4984 359 5039 mulier
387 4983 637 5052 absolvi,
673 5001 806 5056 quae
837 4984 1256 5040 recedentibus
1296 4985 1542 5055 Judwis,
1575 4999 1811 5039 reman-

128 5075 210 5128 sit
248 5072 379 5127 sola
410 5090 540 5129 cum
573 5074 738 5128 Jesu.

202 5179 300 5236 1'7.
355 5180 610 5237 Elevans
661 5184 854 5237 autem
902 5184 1075 5252 caput
1122 5181 1303 5237 Jesus
1337 5183 1482 5238 dixit
1531 5181 1758 5238 mulieri
1797 5197 1808 5238 :

175 5338 326 5466 l(81)
355 5339 602 5406 Quidam
633 5358 809 5413 mss.,
838 5366 859 5390 «ι
886 5343 1150 5414 perﬁdiis
1174 5342 1232 5397 in
1257 5341 1468 5398 salutis
1490 5347 1810 5415 auctorem,

197 5429 252 5466 c.

131 5428 252 5469 CIC.

207 5483 326 5553 (82)
372 5484 520 5538 Tres
569 5501 743 5554 mss.,
801 5509 822 5533 ιι
859 5485 1283 5542 Peccatoribus
1313 5486 1375 5541 in
1405 5487 1561 5540 terra
1608 5487 1814 5543 scribi-

132 5559 252 5618 tur,
285 5555 471 5624 justis
500 5556 561 5611 in
594 5557 764 5612 caelo.
804 5581 826 5607 ι)

206 5627 324 5695 (83)
370 5627 540 5701 Rom.
593 5628 732 5684 edit.
779 5629 979 5701 posuit
1014 5652 1035 5681 α
1071 5628 1504 5699 condemnavit,
1541 5630 1816 5686 condem-

131 5701 358 5777 natam,
390 5699 806 5777 condemnare,
845 5722 868 5754 ι
901 5701 1003 5760 ubi
1035 5703 1281 5777 reliquae
1333 5703 1389 5760 et
1435 5703 1631 5760 cuncti
1664 5717 1812 5762 mes.

143 5792 170 5824 ιι
202 5769 504 5852 lapidavit,
542 5795 563 5823 υ
602 5774 715 5834 οιο.

1917 622 1988 676 Ει
2017 624 2116 678 illa
2148 628 2454 696 respondit
2487 643 2500 683 :
2536 629 2744 700 Nemo,
2799 632 3070 689 Domine.
3118 634 3188 689 Et
3221 636 3300 690 ait
3329 636 3402 690 ad
3433 637 3590 692 illam

1919 712 2100 767 Jesus
2136 729 2147 767 :
2182 714 2307 768 Nec
2340 731 2453 785 ego
2485 719 2540 770 te
2575 719 2903 790 damnabo;
2949 723 3097 778 vade
3129 727 3185 779 et
3214 725 3424 780 amodo
3455 726 3588 782 vide

1913 817 1985 856 ne
2021 818 2238 872 pecces
2268 804 2458 872 (Joan.
2495 823 2618 874 vm,
2657 808 2742 878 10,
2777 809 2884 878 11).
2922 835 2943 857 ››
2981 812 3124 866 Vide
3155 813 3359 884 lector,
3390 815 3586 871 divina

1915 893 2222 962 mysteria,
2271 895 2327 947 et
2379 894 2746 952 clementiam
2793 897 3032 954 Christi.
3081 900 3225 956 Cum
3272 907 3588 959 accusatur

1919 981 2151 1050 mulier,
2189 987 2361 1052 caput
2392 983 2668 1040 Christus
2701 988 2942 1042 inclinat
2975 1005 2987 1044 :
3025 989 3213 1044 elevat
3242 995 3455 1062 autem,
3488 993 3591 1048 ubi

1919 1069 2117 1124 deﬁcit
2146 1075 2462 1127 accusator
2493 1089 2504 1128 :
2540 1075 2615 1128 ita
2647 1076 2870 1132 nullum
2894 1078 3154 1132 damnari
3179 1081 3320 1152 vult,
3352 1081 3585 1138 absolvi

1917 1173 2145 1214 omnes.

1984 1247 2071 1301 18.
2109 1248 2378 1303 Breviter
2427 1254 2621 1305 autem
2675 1269 2882 1308 omnes
2928 1255 3344 1313 haereticorum
3379 1259 3585 1315 interi-

1912 1337 2019 1390 mit
2041 1337 2408 1406 quaestiones
2431 1340 2682 1396 dicendo
2709 1359 2754 1396 ξε
2784 1343 2970 1398 Nemo
2995 1348 3048 1399 te
3070 1345 3348 1416 lapidavit
3365 1347 3478 1417 (83)
3499 1349 3528 1402 ?
3555 1372 3576 1396 η

1915 1425 2015 1496 qui
2049 1425 2250 1480 dicunt
2279 1426 2580 1482 Christum
2629 1431 2784 1486 diem
2833 1433 3068 1488 nescire
3090 1433 3322 1505 judicii,
3357 1437 3450 1491 vel
3480 1437 3580 1508 qui

1913 1513 1992 1566 ait
2026 1529 2038 1568 :
2075 1534 2101 1563 «
2133 1513 2354 1570 Sedere
2386 1521 2576 1571 autem
2607 1520 2678 1572 ad
2711 1521 3012 1576 dexteram
3051 1538 3240 1578 meam
3268 1523 3362 1579 vel
3391 1525 3464 1578 ad
3494 1525 3582 1581 si-

1911 1601 2179 1672 nistram,
2205 1619 2322 1658 non
2346 1608 2436 1658 est
2461 1622 2651 1661 meum
2677 1608 2815 1664 dare
2837 1610 3006 1664 vobis
3031 1612 3266 1676 (Matth.
3291 1630 3390 1684 xx,
3417 1612 3506 1685 23)
3549 1637 3574 1668 ι

1911 1705 2050 1745 ecce
2100 1693 2156 1744 et
2204 1691 2301 1746 hic
2332 1693 2410 1746 ait
2443 1709 2455 1748 :
2496 1715 2518 1744 α
2556 1695 2744 1751 Nemo
2773 1701 2827 1752 te
2857 1699 3181 1768 lapidavit?
3215 1725 3236 1748 ιι
3271 1700 3576 1765 Quomodo

1911 1780 2112 1850 utique
2161 1780 2504 1852 interrogat,
2553 1785 2709 1854 quod
2757 1786 3042 1841 videbat?
3089 1788 3205 1844 Sed
3256 1790 3582 1864 interrogat

1910 1869 2105 1938 nobis,
2140 1871 2202 1923 ut
2233 1886 2737 1942 cognosceremus
2769 1890 2886 1929 non
2918 1891 3056 1931 esse
3104 1877 3435 1948 lapidatum.
3471 1880 3578 1937 Est

1911 1958 2084 2012 etiam
2115 1957 2354 2013 humani
2385 1959 2630 2017 aﬁ‘ectus
2654 1963 2783 2018 haec
2807 1967 3193 2035 consuetudo,
3229 1971 3291 2022 ut
3320 1969 3576 2026 interro-

1911 2068 2122 2124 gemus
2180 2053 2556 2124 saepissime,
2611 2053 2766 2122 quod
2811 2053 3102 2109 videmus.
3157 2055 3228 2110 Et
3268 2057 3401 2112 ideo
3456 2075 3577 2114 mu-

1910 2141 2018 2196 lier
2064 2143 2372 2213 respondit
2419 2160 2430 2195 :
2485 2163 2506 2191 α
2545 2141 2770 2209 Nemo,
2824 2141 3147 2212 Domine,»
3200 2145 3314 2199 hoc
3358 2150 3450 2201 est
3497 2148 3578 2202 di-

1911 2246 2044 2285 cere
2081 2248 2093 2285 :
2147 2231 2291 2296 Quis
2339 2232 2532 2300 potest
2577 2229 2857 2298 lapidare,
2903 2245 3076 2300 quam
3109 2231 3236 2302 ipse
3268 2249 3385 2289 non
3415 2235 3576 2290 dam-

1909 2335 2017 2374 nas
2041 2321 2070 2374 ?
2114 2318 2260 2385 Quis
2304 2321 2497 2390 potest
2544 2317 2722 2372 alium
2753 2318 2866 2372 sub
2898 2319 2997 2373 tali
3026 2322 3334 2377 sententiae
3367 2324 3574 2379 condi-

1907 2409 2066 2464 tione
2096 2409 2306 2480 punire
2326 2410 2355 2463 ?

1982 2497 2069 2552 19.
2102 2496 2210 2552 Cui
2238 2495 2546 2566 respondit
2574 2496 2860 2552 Dominus
2906 2512 2916 2551 :
2952 2520 2974 2544 «
3009 2497 3134 2552 Nec
3165 2514 3309 2571 ergo
3338 2502 3395 2556 te
3418 2500 3576 2558 dam-

1910 2586 2083 2642 nabo.
2135 2611 2155 2633 η
2207 2587 2465 2640 Adverte
2513 2585 2808 2657 quomodo
2867 2588 3163 2656 propriam
3225 2593 3576 2647 sententiam

1909 2677 2274 2747 temperavit,
2311 2675 2503 2730 Judaei
2534 2676 2606 2730 de
2636 2675 3008 2731 absolutione
3038 2677 3304 2732 mulieris
3350 2679 3574 2735 calum-

1910 2765 2058 2820 niari
2091 2765 2234 2818 nihil
2267 2768 2534 2835 possent,
2561 2764 2667 2819 sed
2699 2765 2755 2818 in
2790 2781 2856 2819 se
2888 2765 3079 2837 magis
3110 2766 3460 2826 calumniam
3488 2785 3578 2825 re-

1908 2856 2272 2925 torquerent,
2325 2855 2377 2907 si
2425 2853 2592 2925 queri
2632 2853 2848 2908 vellent
2881 2869 2893 2908 :
2929 2855 3236 2910 dimittitur
3267 2858 3421 2912 enim
3453 2875 3576 2914 mu-

1910 2944 2038 3012 lier,
2092 2958 2208 2997 non
2256 2942 2588 2997 absolvitur
2633 2958 2644 2998 :
2693 2945 2830 3014 quia
2859 2943 3059 2998 deerat
3090 2949 3422 3016 accusator,
3458 2963 3576 3003 non

1912 3033 2047 3104 quia
2077 3033 2411 3087 innocentia
2442 3031 2804 3102 probabatur
2833 3032 2966 3102 (8-1).
3006 3033 3155 3098 Quid
3185 3051 3329 3106 ergo
3363 3052 3576 3106 quere-

1912 3125 2138 3190 rentur,
2186 3121 2287 3192 qui
2331 3121 2563 3191 priores
2595 3137 2626 3173 a
2668 3123 3083 3190 persecutione
3122 3124 3386 3179 criminis
3417 3128 3475 3179 et
3503 3125 3576 3180 ab

1915 3211 2297 3267 exsecutione
2328 3209 2605 3280 supplicii
2636 3210 3034 3265 destiterunt?

1983 3300 2072 3355 20.
2104 3299 2342 3354 Addidit
2370 3302 2562 3354 autem
2595 3299 2783 3353 deviae
2811 3314 2822 3354 :
2862 3323 2882 3346 α
2912 3299 3092 3369 Vade,
3126 3303 3182 3355 et
3212 3300 3420 3356 amodo
3443 3299 3578 3356 vide

1911 3405 1985 3445 ne
2015 3405 2252 3460 pecces.
2293 3413 2314 3436 ι»
2365 3388 2713 3443 Emendavit
2760 3404 2940 3457 ream,
2980 3404 3096 3442 non
3130 3391 3352 3445 crimen
3382 3390 3579 3445 absol-

1913 3481 2014 3533 vit.
2050 3478 2279 3532 Etenim
2313 3477 2618 3532 severiore
2649 3477 2940 3532 sententia
2971 3478 3140 3548 culpa
3172 3479 3500 3548 damnatur,
3527 3479 3578 3534 si

1916 3568 2333 3638 unusquisque
2367 3567 2589 3621 crimen
2619 3583 2790 3621 suum
2823 3567 3031 3638 oderit,
3063 3570 3120 3622 et
3149 3567 3208 3622 in
3241 3584 3307 3623 se
3346 3569 3585 3639 incipiat

1917 3657 2308 3712 condemnare
2341 3656 2637 3711 delictum.
2674 3656 2904 3710 Etenim
2932 3673 3064 3711 cum
3095 3672 3236 3712 reus
3269 3658 3579 3729 occiditur,

1915 3761 2172 3818 persona
2228 3745 2443 3819 magis,
2499 3761 2674 3816 quam
2722 3746 2893 3817 culpa
2940 3745 3181 3816 punitur
3227 3763 3239 3802 :
3290 3747 3390 3802 ubi
3437 3762 3579 3804 vero

1915 3837 2087 3906 culpa
2117 3835 2451 3906 deponitur,
2481 3833 2776 3890 absolutio
2807 3850 3083 3906 personae
3115 3839 3208 3892 est
3238 3852 3409 3906 poena
3437 3852 3580 3907 pec-

1915 3926 2050 3980 cati.
2093 3923 2242 3988 Quid
2290 3927 2382 3979 est
2430 3939 2619 3996 ergo:
2672 3948 2693 3970 -
2737 3924 2918 3996 Vade,
2966 3927 3022 3980 et
3070 3926 3280 3980 amodo
3325 3925 3460 3982 vide
3509 3941 3584 3984 ne

1913 4015 2176 4085 pecces?
2228 4035 2250 4061 ι
2301 4013 2414 4068 hoc
2461 4015 2598 4069 est:
2647 4012 2737 4067 Ex
2776 4029 2892 4084 quo
2924 4017 2979 4068 te
3010 4013 3283 4070 Christus
3315 4015 3584 4087 redemit,

1916 4105 2175 4173 corrigat
2220 4103 2408 4174 gratia
2459 4103 2592 4172 (85),
2646 4119 2822 4173 quam
2866 4119 3038 4173 pama
3074 4119 3191 4158 non
3223 4105 3582 4174 emendaret,

1916 4193 2023 4248 sed
2068 4192 2370 4262 plecteret.
2421 4191 2584 4261 V’ale,
2636 4191 2739 4262 ﬁli,
2790 4195 2846 4246 et
2893 4208 3006 4247 nos
3049 4192 3249 4265 dilige,
3293 4196 3356 4248 ut
3403 4193 3582 4266 ﬁlius,

1919 4282 2055 4354 quia
2087 4297 2198 4336 nos
2230 4285 2305 4353 te,
2338 4284 2401 4336 ut
2429 4283 2728 4352 parentes,
2762 4281 3086 4354 diligimus.

2259 4388 2410 4453 898
2450 4388 2815 4443 EPISTULA
2856 4389 3063 4442 XXVII
3104 4388 3238 4458 (86).

1919 4487 2345 4560 /E'gyptierum
2369 4486 2841 4560 abominationes
2866 4486 3142 4539 lRi-INJSUM
3177 4485 3345 4560 decet
3373 4498 3587 4560 pecora

1989 4557 2124 4613 esse
2149 4580 2164 4613 :
2187 4560 2326 4612 hinc
2361 4559 2624 4628 intelligi
2639 4559 2922 4628 pietatem
2956 4564 3127 4628 atque
3172 4558 3450 4609 Virtutem
3481 4557 3588 4608 im-

1981 4631 2194 4702 probis
2215 4629 2539 4700 displicerc
2558 4647 2576 4702 ,f
2596 4646 2666 4702 ac
2683 4629 2938 4699 proinde
2965 4629 3127 4702 vires
3148 4628 3332 4702 bones
3352 4638 3586 4681 centra-

1988 4698 2107 4756 riis
2159 4698 2391 4754 instare
2441 4698 3010 4770 stzidiisepm'tere.
3066 4698 3189 4753 Hoc
3242 4698 3587 4752 illustratur

1991 4772 2256 4844 exemplo
2280 4788 2522 4826 uxorum
2560 4770 2739 4844 Jaeeb
2768 4770 2842 4823 ad
2869 4770 3210 4840 fugiendum
3232 4775 3468 4844 patrem
3487 4785 3586 4824 se-

1993 4842 2395 4914 quendumquc
2433 4843 2738 4914 conjugem
2763 4857 3109 4895 consensum
3141 4842 3535 4913 praebentium
3577 4859 3596 4896 :

1993 4913 2100 4986 nua
2133 4915 2195 4968 in
2228 4913 2512 4986 allegoria
2536 4913 2810 4986 quidnam
2827 4918 3124 4986 praestare
3151 4917 3465 4969 conveniat
3493 4928 3587 4968 ac-

1993 4984 2278 5041 cedentes
2309 4986 2383 5039 ad
2403 4984 2737 5038 Ecclesiam
2760 4984 3122 5039 declaratur.

2208 5075 2551 5130 Annnosws
2593 5073 2826 5129 lautam
2858 5074 2997 5144 (8’1)
3031 5074 3301 5129 salutem.

1994 5185 2045 5240 1.
2081 5183 2304 5240 Moveri
2335 5185 2390 5239 te
2422 5181 2780 5255 signiﬁcasti
2815 5181 2976 5253 mihi,
3013 5197 3082 5238 eo
3113 5181 3273 5253 quod
3312 5180 3535 5254 legeris
3571 5194 3583 5237 :

1992 5344 2106 5414 (84)
2140 5343 2292 5398 Edit.
2331 5363 2352 5393 α
2388 5359 2506 5398 non
2538 5341 2674 5414 quia
2706 5342 2994 5398 innocens
3025 5339 3401 5414 approbatur.
3438 5363 3458 5389 η

1995 5413 2108 5485 (85)
2137 5416 2314 5469 Corb.
2349 5419 2406 5470 et
2439 5413 2592 5482 Ful.,
2640 5437 2660 5463 α
2696 5416 2956 5486 corrigat
2987 5413 3194 5487 gratia,
3230 5413 3384 5484 quod
3415 5421 3588 5487 pceua

1922 5482 2038 5614 pou
2071 5482 2298 5557 poterat
2332 5502 2343 5541 :
2383 5511 2404 5535 η
2457 5488 2675 5558 quibus
2720 5482 2924 5542 verbis
2975 5482 3334 5541 concludunt
3366 5482 3590 5552 episto-

1945 5575 2058 5612 am.

1945 5575 2058 5612 am.

1997 5628 2112 5705 (8Q)
2142 5630 2373 5705 Scripta
2408 5628 2565 5705 circa
2595 5645 2730 5705 ann.
2766 5627 2898 5705 387.
2957 5704 2961 5705 ί
3008 5701 3016 5705 _
3103 5694 3118 5705 _
3255 5694 3290 5705 ﬂ
3403 5689 3414 5705 .
3460 5667 3472 5705 ἐ

2002 5688 2113 5770 (8⁸⁵1)
2144 5688 2406 5757 Ιιιθιιέειιε
2436 5698 2555 5770 ille,
2586 5702 2658 5755 ad
2689 5717 2864 5772 quem
2885 5704 2970 5756 tot
2990 5694 3294 5772 Ambrosii
3324 5688 3594 5772 epistola

1929 5767 2184 5848 exstant,
2217 5775 2491 5852 quisnam
2523 5767 2728 5844 fuerit;
2769 5773 3114 5849 ambiguum
3158 5770 3270 5829 est.
3321 5767 3596 5836 Attamen
