3942 6168
537 343 690 408 1091
1993 328 2052 406 S.
2113 328 2554 408 AMBROSII.

3752 365 3852 437 1092

604 540 1016 629 Abominanda
1069 541 1227 612 apud
1275 541 1599 614 Egyptios
1658 541 2031 597 immolemus
2086 542 2209 597 Deo
2237 538 2286 607 Α
2329 557 2398 598 se
2427 544 2657 600 lucrum
2688 545 2930 619 fecisse,
2962 550 3124 621 quod
3151 551 3411 610 alienavit
3443 572 3554 629 eas,
3581 561 3749 618 ethoc
3770 581 3851 624 esse

531 627 644 699 (88)
674 627 890 721 (Exod.
924 645 1055 721 vm,
1078 629 1192 700 26).
1229 650 1252 721 ii
1286 630 1406 721 Sed
1436 630 1697 685 habuisti
1728 645 1845 702 quo
1865 629 2039 721 istud
2086 629 2206 721 sol:
2329 647 2502 688 suum
2531 634 2782 704 pretium
2808 634 3056 709 judicat,
3088 652 3332 713 eumque
3362 627 3589 700 fructum
3629 649 3850 721 voluptatis

530 733 731 789 veres,
766 719 904 790 quia
935 718 995 774 in
1025 719 1244 775 Genesi
1276 720 1563 790 scriptum
1596 722 1688 774 est
1727 719 1886 790 quod
1934 719 2207 791 ZEgyptii
2328 737 2478 776 sum.

529 810 831 879 pastorem
860 824 1141 879 pecorum
1158 808 1651 863 abominabantur
1677 806 1855 877 (Gen.
1896 824 2055 877 vax,
2087 806 2201 877 34),
2395 810 2449 864 5.
2499 810 2673 866 Nunc
2721 813 3031 871 audiamus
3081 819 3368 889 quomodo
3399 836 3521 892 qua:
3548 821 3698 879 habet
3718 828 3848 893 virtus,

527 912 648 952 non
678 898 878 968 utique
904 900 1147 968 propter
1176 897 1493 966 hominem,
1535 897 1644 951 sed
1681 898 1922 967 propter
1958 910 2198 967 pecora.
2323 914 2441 953 non
2472 898 2687 954 habeat
2715 902 2949 973 ignavia
2977 922 2991 975 ;
3024 906 3185 961 aiunt
3214 909 3364 962 enim
3396 925 3409 964 :
3452 931 3473 957 α
3504 909 3693 969 Omnes
3715 914 3849 972 divitis

522 985 611 1040 Illi
642 987 801 1040 enim
830 990 1024 1042 aratro
1052 989 1268 1041 terram
1298 986 1668 1040 invertebant
1699 1000 1711 1039 ε
1764 984 2061 1039 Abraham
2092 1001 2200 1040 au-
2323 990 2381 1041 et
2408 988 2620 1060 gloria,
2653 1006 2830 1061 quam
2858 993 2989 1048 tulit
3016 994 3177 1050 Deus
3206 998 3350 1066 patri
3386 1002 3596 1069 nostro,
3622 1002 3758 1055 nobis
3777 1008 3848 1073 erit,

520 1078 660 1145 tem,
694 1078 751 1130 et
779 1075 984 1146 Jacob,
1020 1078 1077 1130 et
1103 1079 1310 1146 postea
1342 1075 1582 1146 Moyses
1614 1079 1671 1129 et
1702 1074 1888 1129 David
1925 1077 2199 1144 pastores
2321 1078 2379 1130 et
2423 1075 2562 1132 filiis
2613 1079 2839 1135 nostris
2885 1081 3063 1150 (Ibid.
3112 1083 3221 1154 16).
3257 1105 3279 1133 ι
3323 1085 3537 1157 Merito,
3567 1087 3671 1143 Deo
3696 1091 3849 1159 arbitro,

521 1164 636 1235 (89)
683 1164 962 1231 fuerunt,
1014 1164 1279 1237 regalem
1329 1164 1642 1237 quamdam
1686 1163 1748 1218 in
1792 1162 1908 1219 hoc
1953 1178 2197 1218 munere
2320 1163 2523 1220 dicunt
2552 1181 2693 1221 esse
2722 1169 2976 1241 sublata,
3010 1171 3149 1242 quia
3178 1172 3304 1243 ipse
3326 1177 3416 1229 est
3434 1179 3621 1232 auctor
3642 1177 3848 1239 bonorum.

525 1252 904 1324 disciplinam
935 1253 1267 1308 induentes.
2320 1251 2498 1324 cujus
2526 1255 2716 1326 gratia
2745 1257 2947 1328 ignavi
2978 1264 3312 1332 exuuntur;
3362 1264 3494 1335 quia
3532 1264 3755 1322 decorem
3781 1244 3849 1324 ha

592 1341 646 1396 2.
688 1340 947 1396 Oderant
964 1356 1109 1413 ergo
1133 1341 1403 1413 IEgyptii
1426 1340 1722 1396 immolata
1744 1340 2038 1396 sacriﬁcia
2055 1340 2190 1412 (90),
2317 1341 2583 1397 reditatis
2632 1343 2851 1401 divinae
2882 1362 3095 1418 capere
3125 1349 3376 1420 improbi
3412 1355 3575 1424 atque
3602 1355 3849 1412 inﬁrminou

521 1428 584 1485 id
613 1432 727 1500 est,
758 1429 1024 1502 perfecta
1056 1430 1252 1485 studia
1283 1430 1585 1500 virtutum,
1618 1432 1676 1486 et
1704 1429 1880 1501 plena
1929 1429 2196 1500 discipli-
2317 1434 2540 1500 queunt
2573 1447 2586 1487 :
2621 1434 2889 1488 succedit
2916 1440 3110 1491 autem
3142 1438 3399 1495 intentus
3431 1440 3557 1512 (92),
3601 1446 3652 1497 et
3680 1444 3849 1514 spiritum

520 1533 633 1574 nm.
684 1517 852 1584 Quod
894 1534 1041 1592 ergo
1090 1518 1294 1574 vitiosi
1342 1519 1612 1589 oderunt,
1668 1518 1783 1574 hoc
1814 1518 1970 1589 apud
1999 1518 2192 1575 bonos
2314 1516 2376 1571 in
2422 1533 2489 1574 se
2535 1518 2705 1575 fortis
2756 1521 3005 1579 habens.
3038 1523 3183 1591 Quis
3227 1530 3421 1583 autem
3458 1529 3616 1585 fortis
3643 1532 3847 1587 nisisqu

519 1608 821 1664 sincerum
848 1624 917 1663 ac
949 1608 1109 1679 pium
1140 1612 1252 1664 est.
1284 1607 1447 1679 Opus
1475 1607 1714 1662 virtutis
1746 1608 2069 1663 detestatur
2098 1607 2192 1663 lu-
2315 1605 2496 1677 Deus,
2530 1609 2633 1680 qui
2662 1611 2856 1665 omnia
2887 1617 3125 1669 coercet
3154 1618 3213 1670 et
3245 1618 3445 1688 regit?

515 1697 822 1766 xuriosus,
838 1696 1053 1767 (helluo
1076 1696 1301 1769 refugit
1320 1696 1457 1767 (91).
1478 1695 1829 1767 Egyptium
1849 1695 2044 1767 itaque
2068 1711 2134 1751 co

2382 1712 2436 1768 6.
2487 1714 2599 1769 His
2649 1732 2795 1789 ergo
2842 1718 3093 1775 debetur
3139 1721 3455 1778 hereditas
3514 1725 3627 1780 Dei.
3681 1726 3849 1783 Undeet

513 1801 649 1857 pus,
683 1785 842 1857 quod
873 1785 1188 1840 illecebras
1221 1785 1433 1857 diligit,
1468 1786 1780 1839 aversatur
1821 1785 2032 1840 animae
2063 1786 2188 1840 vir-
2313 1799 2501 1857 Isaias
2545 1804 2686 1859 dicit
2718 1785 2748 1860 ε’
2785 1829 2807 1853 α
2845 1806 2950 1861 Est
2993 1808 3311 1866 him-editas
3361 1813 3705 1869 credentibus
3728 1816 3768 1870 in
3794 1817 3851 1871 Do.

511 1877 688 1983 tutas,
721 1874 1092 1975 abominantur
1121 1874 1454 1944 imperium.
1489 1873 1711 1983 νξΐιξείι
1739 1874 2023 1983 νίξξιιίιιιιξ
2053 1875 2183 1930 dis-
2216 1918 2269 1983 Β
2310 1891 2470 1945 mino
2519 1892 2634 1963 (93)
2680 1893 2823 1964 (lsa.
2871 1912 2988 1966 ων,
3036 1896 3146 1967 17).
3186 1922 3209 1948 ι.
3262 1900 3335 1955 Et
3374 1901 3610 1972 pulchre
3635 1904 3851 1961 ιιίιειεςι

514 1963 791 2057 εἱέιὶιιᾼειε,
826 1967 883 2018 et
912 1963 1107 2057 omni_a
1140 1979 1317 2057 opera
1350 1978 1484 2057 quae
1507 1961 2056 2057 httjuimodi__sun_t_-_
2170 2055 2177 2057 Α
2216 1961 2269 1983 υ
2309 1961 2626 2035 Ιιωῐιθάίιεέ
2654 1997 2668 2051 ;
2692 1961 2728 2030 ἰ
2782 1983 2911 2053 ipsa
2963 1961 3119 2040 enim
3168 1987 3302 2043 sola
3348 1961 3646 2046 liaereditas
3678 1997 3759 2057 est,
3791 1993 3851 2046 alia

581 2050 636 2106 3.
675 2050 818 2116 Quae
850 2068 995 2124 ergo
1019 2051 1345 2124 Egyptius
1366 2051 1607 2123 refugit,
1646 2050 1965 2123 [Egyptius
1997 2050 2095 2107 ille
2127 2072 2134 2105 ς

2306 2081 2424 2122 non
2442 2072 2554 2124 est.
2572 2069 2780 2142 Neque
2796 2073 2955 2127 enim
2973 2089 3171 2130 caecus
3189 2077 3509 2134 thesaurus
3522 2079 3780 2136 haereditas
3792 2088 3850 2145 est.

510 2155 630 2195 non
659 2139 854 2205 homo,
893 2140 1023 2195 haec
1054 2143 1114 2194 tu
1144 2140 1520 2210 amplectere,
1554 2139 1656 2211 qui
1686 2139 1874 2195 habes
1915 2141 2133 2196 human

2306 2172 2500 2229 neque
2548 2139 2772 2215 caduca
2802 2161 2997 2216 omnia
3045 2163 3411 2222 hmreditatis
3460 2168 3660 2224 habent
3696 2139 3854 2224 cumino;

508 2228 645 2284 tatis
679 2228 1178 2329 ‘scientiam.‘"llla
1214 2232 1421 2329 autem
1452 2228 1718 2329 .decli‘na,
1770 2245 1912 2329 quas.
1947 2230 2033 2329 illi
2082 2245 2183 2285 se-
2306 2245 2447 2300 dum
2488 2262 2502 2302 ε
2537 2248 2665 2303 sola
2697 2253 2791 2303 est,
2817 2250 2918 2304 illa
2947 2249 3289 2325 ham-editas,
3323 2256 3385 2310 in
3415 2256 3622 2328 quibus
3649 2260 3853 2329 εειροηίο

508 2320 771 2389 quuntur
798 2320 974 2389 atque
1004 2316 1250 2416 eligunt,
1285 2317 1563 2416 (Infinit-1.111
1594 2317 1709 2416 d‘uf)
1741 2318 1858 2416 sibi
1897 2318 2011 2416 ίίξξα
2043 2335 2182 2416 c_0_n-
2304 2333 2486 2389 Deus.
2512 2335 2682 2391 Unde
2704 2341 2949 2393 sanctus
2974 2339 3205 2396 Domini
3226 2316 3373 2398 dicit
3394 2316 3505 2416 (£54)
3531 2361 3544 2401 :
3577 2368 3598 2393 α
3619 2316 3771 2401 Portio
3784 2361 3853 2399 mea

509 2422 727 2502 gruere
765 2421 884 2502 non
922 2410 1195 2502 possunt,
1238 2406 1549 2502 prudentia
1587 2410 1644 2461 et
1674 2407 2032 2502 insipientia.
2065 2409 2180 2502 Ita-
2304 2422 2591 2479 Dominus
2640 2426 2829 2497 (ρεει,
2882 2444 3082 2499 οχνηι,
3131 2429 3267 2502 57);
3304 2456 3327 2481 ,
3381 2406 3439 2489 e't
3483 2406 3616 2489 gub;
3643 2451 3656 2491 ε
3686 2458 3704 2482 ,
3731 2435 3854 2490 nam

509 2510 624 2568 que
654 2497 813 2551 sicut
842 2495 917 2550 iis
948 2511 1081 2567 qum
1120 2495 1183 2550 in
1233 2495 1488 2566 quodam
1538 2510 1725 2550 censu
1768 2495 2134 2567 imprudenti:

2302 2510 2495 2569 factus
2526 2495 2660 2569 sum
2688 2495 3159 2574 testimoniorum
3190 2495 3432 2577 tuorum
3451 2523 3618 2592 (Ibid.
3642 2525 3784 2590 111).ι
3807 2524 3854 2576 γι

507 2588 685 2656 atque
733 2584 1201 2655 intemperantia
1248 2586 1407 2654 sunt,
1457 2583 1692 2638 abdicat
1739 2599 1807 2639 se
1845 2587 2175 2657 prudentia,

502 2672 748 2729 abdicat
779 2673 1167 2743 continentia;
1200 2673 1277 2727 ita
1308 2688 1513 2728 eorum
1544 2688 1760 2728 exsors
1792 2674 1986 2729 omnis
2034 2674 2178 2729 insi-

499 2760 672 2833 piens
702 2764 795 2817 est
824 2765 1011 2834 atque
1041 2761 1440 2832 incontinens,
1489 2778 1623 2833 quae
1672 2762 1732 2816 in
1778 2762 1954 2818 bonis
2001 2765 2176 2835 atque

500 2851 564 2906 in
605 2850 947 2907 haereditate
978 2850 1268 2922 sapientis
1297 2850 1410 2904 viri
1440 2854 1581 2905 sunt
1609 2854 1667 2906 et
1696 2852 2074 2907 continentis.

572 2939 626 2995 4.
671 2940 938 3012 Denique
967 2942 1191 2995 sanctae
1220 2938 1338 2994 illa,
1369 2937 1470 2994 tali
1499 2938 1783 3012 conjugio
1822 2939 1928 2994 Lia
1965 2943 2024 2996 et
2069 2941 2176 2997 Ra-

509 3028 662 3100 chel,
711 3045 826 3085 una
868 3028 1186 3099 laboriosa,
1221 3028 1404 3083 altera
1453 3028 1735 3099 aspiratio
1778 3028 1972 3101 fortis,
2006 3030 2172 3086 refu-

505 3118 740 3193 gientes
786 3134 906 3174 non
949 3119 1192 3191 generis
1237 3117 1758 3187 necessitudinem,
1805 3119 1913 3173 sed
1942 3134 2173 3175 morum

501 3207 987 3279 discrepantiam;
1049 3222 1183 3262 cum
1212 3206 1325 3261 viri
1355 3205 1601 3261 exerciti
1650 3207 1834 3263 Jacob
1886 3224 2163 3264 sermone

2302 2600 2410 2656 des
2444 2618 2577 2674 quae
2620 2605 2925 2673 possideat
2964 2606 3192 2678 justus,
3242 2612 3517 2666 mandata
3550 2613 3671 2683 Dei,
3710 2611 3857 2668 oracula

2300 2688 2457 2761 ejus,
2489 2696 2787 2765 praecepta
2818 2693 2974 2766 ejus.
3008 2696 3072 2751 In
3104 2697 3200 2753 his
3230 2699 3409 2756 dives
3449 2706 3556 2773 est,
3596 2703 3650 2757 in
3681 2702 3753 2756 his
3778 2716 3859 2772 pas—

2302 2779 2470 2849 citur,
2504 2780 2566 2836 in
2595 2780 2692 2837 his
2724 2782 3068 2855 delectatur,
3100 2788 3279 2858 quasi
3320 2790 3383 2844 in
3422 2790 3678 2846 omnibus
3703 2790 3859 2844 divitiis.

2369 2869 2422 2924 7.
2457 2869 2601 2925 Ηωο
2630 2886 2775 2944 ergo
2805 2874 3189 2944 possidentes
3220 2877 3331 2933 Lia
3354 2882 3412 2934 et
3438 2880 3663 2950 Rachel,
3684 2896 3791 2950 apes
3807 2894 3861 2947 pa-

2296 2957 2443 3013 trias
2473 2974 2591 3015 non
2620 2961 3030 3033 requirebant,
3063 2965 3124 3018 in
3156 2965 3382 3037 quibus
3404 2972 3526 3023 erat
3544 2968 3755 3039 pecunia
3768 2966 3860 3020 adul-

2297 3048 2442 3116 tera,
2477 3048 2904 3106 irrationabilis
2940 3053 3197 3124 species,
3228 3059 3290 3110 et
3321 3056 3601 3127 spiritalis
3629 3073 3796 3127 expers
3813 3055 3861 3106 vi-

2298 3136 2485 3207 goris.
2538 3137 2806 3209 Denique
2837 3142 3010 3210 quasi
3059 3141 3277 3198 divites
3330 3148 3389 3200 et
3438 3146 3631 3201 liberae
3664 3162 3757 3200 non
3784 3159 3861 3197 eum

2296 3224 2557 3296 divitem,
2614 3227 2722 3281 sed
2768 3232 3044 3300 egentem
3083 3231 3544 3290 arbitrabantur.
3576 3235 3749 3290 Omnis
3770 3232 3862 3287 enim

501 3298 728 3354 edoctae
760 3299 987 3367 essent,
1020 3296 1178 3367 quod
1209 3295 1387 3350 vellet
1415 3295 1747 3367 discedere,
1787 3299 1850 3351 ut
1880 3297 2083 3353 Laban
2112 3315 2134 3353 ε

2543 3281 2556 3296 ,
3089 3281 3544 3290 ηηψη-,ηη
3582 3281 3748 3290 ___,_-_
3773 3281 3861 3287 ,πη

2302 3313 2581 3370 bonarum
2612 3319 2668 3371 et
2696 3316 3029 3373 liberalium
3075 3335 3337 3377 consors
3388 3323 3783 3395 disciplinarum
3805 3335 3861 3374 ne

498 3386 752 3442 filiorum
785 3385 920 3458 ejus
949 3385 1230 3441 invidiam
1260 3385 1585 3440 declinaret
1629 3388 1803 3458 atque
1844 3386 2161 3459 ignaviam,

496 3475 932 3546 responderunt
965 3491 977 3531 :
1014 3495 1037 3523 «ι
1072 3474 1350 3547 Nunquid
1382 3477 1475 3530 est
1504 3474 1679 3530 nobis
1708 3476 1898 3546 portio
1925 3480 2023 3531 aut
2046 3477 2166 3533 hae-

495 3565 715 3621 reditas
747 3564 807 3619 in
837 3566 1010 3621 domo
1042 3564 1226 3635 patris
1258 3563 1490 3619 nostri?
1534 3563 1744 3621 Nonne
1772 3566 1928 3620 sicut
1957 3565 2166 3622 alienae

494 3653 859 3710 mstimamur
906 3655 1005 3710 ei?
1050 3653 1327 3709 Vendidit
1371 3654 1528 3709 enim
1572 3669 1704 3725 nos,
1757 3657 1816 3710 et
1860 3655 2167 3712 devoravit

490 3743 744 3814 pretium
757 3747 1027 3799 nostrum
1047 3743 1222 3815 (Gen.
1237 3758 1404 3813 xxxx,
1427 3742 1514 3813 i4,
1538 3741 1647 3814 15).
1670 3764 1691 3794 ι
1711 3743 1866 3799 Ecce
1886 3744 2161 3815 primum,

494 3832 632 3902 quia
663 3833 918 3904 ignavus
948 3835 1005 3887 et
1031 3832 1270 3886 invidus
1315 3831 1678 3888 laboriosam
1723 3836 1780 3888 et
1828 3833 2160 3904 disciplina:

491 3921 759 3975 tenacem
780 3920 1050 3975 alienata
1073 3935 1139 3975 se
1160 3935 1229 3974 ac
1261 3919 1508 3992 defugit,
1546 3937 1803 3993 seseque
1832 3922 1981 3987 899
2003 3924 2163 3994 cupit

497 4021 812 4079 separare;
844 4008 1122 4080 quoniam
1151 4023 1254 4063 eas
1287 4009 1454 4064 oneri
1476 4024 1614 4065 esse
1633 4011 1821 4066 cernit
1840 4012 1976 4083 sibi,
2000 4016 2164 4084 putat

495 4166 633 4207 eum
662 4150 995 4220 diaconum,
1028 4154 1126 4205 aut
1153 4152 1351 4221 potius
1382 4151 1629 4206 secundi
1680 4152 1906 4209 ordinis
1953 4169 2159 4212 sacer-

492 4222 690 4278 dotem
736 4222 928 4294 fuisse
979 4222 1356 4294 conjicimus,
1403 4226 1527 4277 tum
1571 4224 1731 4294 quod
1774 4225 2024 4294 epistola
2072 4244 2162 4284 se-

490 4295 690 4367 quenti
724 4293 779 4349 ei
812 4292 1202 4367 sacerdotalis
1231 4293 1375 4367 vitae;
1398 4292 1693 4367 praecepta
1710 4292 1885 4350 tradit
1914 4302 2159 4353 sanctus

490 4364 714 4435 noster,
748 4369 871 4421 tum
915 4366 1073 4437 quod
1112 4366 1307 4436 ipsum
1347 4365 1419 4419 de
1451 4364 1772 4437 Scriptura
1802 4367 2161 4424 difﬁcultati-

487 4438 604 4494 bus
637 4436 971 4494 consultum
994 4453 1070 4492 ex
1091 4437 1341 4507 epistola
1361 4437 1430 4491 33
1451 4436 1969 4507 deprehendimus.
1992 4440 2158 4506 Quod

488 4514 683 4565 autem
715 4509 1074 4564 Ambrosius
1105 4509 1376 4564 eumdem
1406 4508 1466 4561 in
1495 4508 1878 4578 epistolarum
1909 4511 2069 4567 calce
2092 4513 2158 4567 ti-

485 4581 630 4636 lium
682 4582 930 4649 salutat,
978 4597 1089 4635 nec
1137 4596 1255 4635 non
1299 4583 1537 4650 propter
1584 4581 2033 4650 persecutiones
2082 4584 2156 4639 ob

2294 3403 2511 3457 minem
2539 3404 2944 3475 insipientium
2961 3407 3200 3464 divitem
3228 3414 3398 3482 putat
3428 3411 3560 3484 (95),
3590 3412 3685 3468 sed
3709 3413 3859 3481 inopem

2293 3493 2467 3562 atque
2512 3507 2786 3566 egenum,
2832 3494 3130 3567 abjectum
3169 3515 3453 3573 quoque;
3499 3503 3606 3557 etsi
3645 3500 3857 3572 regalibus

2292 3578 2516 3636 divitiis
2556 3582 2777 3654 afﬂuat,
2830 3587 2888 3640 et
2929 3587 3228 3663 superbus
3279 3606 3427 3646 auro
3458 3608 3618 3650 suam
3643 3590 3861 3663 jactetpo-

2290 3670 2549 3725 tentiam.

2359 3757 2413 3814 8.
2448 3757 2754 3832 Fugienda
2799 3765 2891 3818 est
2934 3762 3116 3836 igitur
3162 3764 3372 3823 talium
3420 3769 3682 3839 societas,
3708 3764 3863 3822 etiamsi

2289 3862 2403 3919 qua
2433 3851 2675 3920 generis
2707 3851 3056 3922 copulentur
3081 3858 3568 3914 necessitudine:
3598 3858 3760 3914 noxias
3775 3854 3860 3908 sunt

2288 3937 2446 3992 enim
2468 3940 2953 3997 conversationes
2972 3957 3106 3997 cum
3127 3942 3572 4016 insipientibus,
3605 3950 3657 4002 et
3680 3944 3863 4000 inﬁciunt

2289 4025 2551 4081 sobriam
2582 4032 2835 4084 mentem
2878 4044 2948 4084 ac
2978 4031 3363 4105 decolorent;
3406 4036 3542 4107 quia
3576 4036 3711 4091 sicut
3733 4032 3864 4088 adha-

2360 4149 2475 4231 (90)
2520 4151 2769 4231 Ita_v_et.
2821 4154 2968 4231 edit.
3005 4159 3062 4231 et
3111 4173 3285 4231 mss_._,
3342 4159 3512 4214 Rom.
3572 4149 3899 4231 autemjeditt

2292 4244 2314 4271 α
2360 4224 2733 4278 immaculata
2776 4226 3090 4282 sacrificia.
3142 4249 3163 4276 ι
3225 4224 3522 4286 Nimirum
3568 4247 3638 4286 ex
3680 4224 3899 4285 Philonis?

2284 4291 2408 4394 lib:
2425 4295 2500 4349 de
2528 4294 2838 4394 'Profugi's,
2869 4297 3208 4394 ubiuhabes,
3239 4306 3408 4394 τέλεια
3451 4311 3585 4394 ,γάρ’
3622 4329 3724 4394 καί..
3745 4312 3863 4394 aias-if

2287 4381 2442 4454 ἱερεῖα
2487 4381 2544 4435 αἱ
2592 4382 2813 4454 ἀριταί;
2886 4377 3105 4447 quibus
3156 4380 3365 4436 verbis
3412 4377 3621 4437 similia
3663 4377 3799 4436 etiam
3822 4377 3899 4427 le:

2287 4457 2509 4522 guntur
2535 4454 2595 4509 in
2626 4454 2729 4509 lib.
2763 4456 2837 4510 de
2867 4456 3091 4513 Sacrif.
3126 4457 3242 4513 Sed
3274 4459 3429 4515 forte
3458 4462 3725 4517 immolata
3751 4454 3865 4511 sacri'
3898 4512 3899 4517 η

2287 4525 2419 4604 ficia
2450 4525 2603 4604 idem
2635 4529 2776 4581 sunt
2803 4527 2917 4583 hoc
2947 4528 3100 4604 loco,
3134 4546 3203 4584 ac
3233 4532 3532 4604 perfecta;
3577 4525 3859 4604 quandoqni;
3898 4560 3899 4604 ξ

2284 4596 2419 4674 dein
2464 4596 2536 4650 ad
2585 4612 2790 4652 eorum
2836 4595 3143 4674 spectabat
3185 4595 3639 4674 perfectionem,
3685 4604 3735 4657 ut
3767 4595 3862 4674 mola
3898 4596 3899 4671 ξ

488 4651 708 4732 Christi
757 4653 1007 4724 gloriam
1048 4652 1342 4735 constanti
1372 4651 1567 4733 animo
1601 4652 1878 4707 toleratas
1911 4653 2106 4738 laudat
2140 4653 2235 4723 ευ
2284 4667 2447 4720 salsa
2492 4651 3168 4742 aspei'gerent‘urvpinde
3187 4651 3785 4730 ‘ihiiﬁéiéiiui'iracidm
3805 4668 3861 4721 est
3898 4662 3899 4735 ᾗ

493 4721 628 4761 hinn
680 4723 827 4761 fnvln
861 4741 974 4761 nnn
1011 4740 1139 4761 cina
1170 4727 1395 4761 “alanna
1428 4722 1741 4761 nnllionhn‘
1769 4724 2035 4761 βητηιιοηη
2070 4743 2155 4761 ιη-
2282 4738 2527 4761 __-_.L.-...
3898 4742 3899 4761 ι

493 4721 630 4777 hinc
668 4721 827 4794 ,for'te
859 4741 978 4779 non
1009 4724 1139 4779 sine
1170 4724 1395 4778 ratione
1428 4722 1741 4794 colligatur
1769 4724 2038 4779 eumdem
2069 4727 2155 4781 in-

488 4794 578 4865 t_er
629 4793 880 4865 clericos
931 4795 1405 4850 Mediolanenses
1456 4793 1719 4865 tempore
1768 4796 2074 4853 concitatas
2123 4815 2156 4853 a
2226 4842 2237 4855 ,

490 4859 722 4915 Justina
750 4867 1184 4932 persecutionis
1215 4868 1391 4920 vitam
1427 4859 1690 4938 degisse.

559 4949 675 5018 (88)
711 4951 878 5028 Rom.
913 4953 1049 5028 e_d_it.
1090 4976 1110 5003 α
1149 4955 1298 5028 Nam
1328 4955 1799 5028 abominationes
1831 4956 2152 5028 {Egyptio-

489 5034 621 5073 rum
667 5023 1137 5080 sacriﬁcabimus
1186 5026 1432 5081 Domino
1482 5026 1624 5081 Deo.
1664 5051 1685 5075 υ
1735 5027 1876 5083 Cod.
1914 5023 2065 5084 Pral.
2099 5035 2155 5085 et

487 5090 693 5169 gem,
776 5092 1183 5169 ¢__abominata
1256 5097 1409 5169 apud
1477 5096 1798 5169 JEgyptios
1855 5100 2154 5156 immolata

490 5157 611 5236 I_)eo
638 5174 652 5231 ς
680 5157 710 5208 ἰ»
747 5161 978 5233 reliqui,
1015 5180 1081 5236 ac
1114 5169 1228 5220 vet.
1272 5157 1434 5236 edit.,
1483 5190 1506 5213 «ε
1541 5157 1913 5225 ἱῶἰῖῖοιθηιυε
1946 5171 2086 5227 Deo.
2126 5196 2148 5221 ι»

489 5233 723 5288 Rursus
756 5248 896 5287 vero
930 5235 1132 5289 eadem
1163 5237 1299 5292 edit.
1338 5233 1506 5293 Rom.
1542 5255 1674 5294 cum
1704 5257 1820 5297 uno
1853 5243 1984 5297 cod.
2021 5244 2148 5300 Vat.

491 5324 513 5352 ε
549 5303 706 5387 quod
738 5303 934 5357 studio
952 5305 1234 5387 solveres
1268 5324 1280 5362 :
1321 5328 1343 5358 ι
1386 5313 1443 5363 at
1473 5306 1708 5368 caeteras
1738 5329 1872 5368 cum
1904 5314 2151 5387 reliquis

487 5375 703 5445 aptius,
740 5397 762 5423 α
800 5389 918 5445 quo
947 5374 1105 5431 istud
1137 5377 1427 5434 solveres.
1470 5403 1491 5428 η

486 5444 852 5541 ;,.<§‘~2>.E’_9§£
875 5454 1404 5541 ternarias,
1432 5452 1613 5541 βοητ-
1649 5453 1786 5541 edit-
1819 5455 2151 5541 solarere:

484 5517 553 5573 tit
568 5534 852 5598 [fecerim
877 5538 893 5572 .-
927 5518 1247 5598 ubi‘aute‘m
1279 5525 1393 5576 vet.
1429 5537 1508 5598 ac_
1530 5539 1677 5598 mss.
1711 5523 1887 5598 longe
1916 5517 2151 5597 plurimi

485 5605 518 5663 a
552 5589 926 5663 disciplinam
957 5589 1309 5663 induentes;
1346 5612 1370 5642 ι
1405 5591 1608 5649 eadem
1643 5589 1979 5654 Romfcu'm
2007 5601 2152 5658 duo-

482 5659 1052 5736 dusgmninocod"
1088 5683 1111 5715 α
1151 5659 1524 5736 disciplinam
1572 5665 1905 5725 induentes.
1945 5691 1967 5722 ι
2017 5672 2150 5728 Non

478 5730 1175 5883 ἱέῗιιτὲῗέξθαζίηθιιηίθεί
1206 5730 1326 5805 sed
1362 5737 1677 5819 receptiori
1723 5738 1961 5826 lectioni
2005 5744 2150 5811 nihil

583 5818 871 5872 ruminas.

2282 4738 2553 4792 verbum.

2353 4809 2465 4888 (fit)
2509 4809 2909 4888 Omnesedit.
2960 4829 3029 4888 ac
3075 4830 3224 4888 mss.
3263 4816 3506 4888 aliquot,
3538 4816 3564 4867 ά
3593 4813 3861 4888 luxuriosus
3898 4800 3899 4813 ¹

2279 4879 2756 4959 helluo,_refugit
2783 4883 3109 4959 {Egyptius
3143 4901 3155 4940 :
3191 4886 3266 4959 ita
3299 4879 3536 4959 corpus,
3570 4911 3591 4936 η
3639 4891 3752 4959 etc.;
3776 4879 3862 4959 reli-

2322 4951 2381 5005 ui
2427 4954 2621 5006 autem
2666 4951 2812 5008 mss.
2857 4951 2972 5025 qui
3008 4960 3065 5010 et
3112 4951 3609 5029 probatiores,'ut
3648 4958 3702 5011 in
3733 4956 3860 5009 textu.

2278 4966 2464 5087 auem
2504 5023 2740 5087 quidem
2769 5024 3082 5081 lectionem
3113 5028 3266 5082 idem
3300 5029 3465 5084 Philo
3498 5030 3557 5083 in
3584 5029 3715 5083 libro
3741 5026 3860 5078 citato

2332 5038 2464 5094 nam
2504 5023 2740 5094 quidem
2769 5023 3082 5081 lectionem
3112 5023 3266 5082 idem
3300 5029 3465 5084 Philo
3491 5023 3557 5083 in
3584 5029 3715 5083 libro
3741 5026 3861 5078 citato

2277 5093 2354 5147 de
2401 5093 2709 5169 Prefugis,
2760 5097 2917 5153 unde
2958 5114 3075 5152 non
3106 5115 3289 5169 pauca
3322 5100 3437 5155 huc
3467 5099 3721 5154 translata
3745 5095 3857 5169 suat:

2278 5164 2611 5252 confirmat.
2637 5166 2736 5221 Sic
2768 5170 2925 5223 enim
2957 5169 3078 5239 ubi,
3107 5164 3180 5231 ῖΓο
3215 5177 3476 5252 φιλοπαθές
3514 5178 3755 5252 Αἰγύπτιον

2277 5248 2531 5325 luti-erat
2552 5257 2701 5325 σῶμα
2712 5292 2724 5305 .

2347 5324 2475 5449 (952RJ
2487 5324 2719 5380 Ultimae
2742 5325 2878 5382 edit.
2903 5327 3114 5400 Paris.,
3140 5350 3162 5378 ι·
3186 5329 3457 5386 Succedit
3477 5332 3652 5385 autem
3672 5326 3813 5380 intus.
3837 5341 3850 5363 ι

2347 5410 2409 5449 >ιι
2482 5412 2594 5449 ono
2627 5412 2831 5449 sensu.

2275 5393 2409 5449 Non
2439 5393 2594 5450 bono
2627 5412 2831 5452 sensu.

2345 5466 2460 5537 (93)
2497 5468 2665 5523 Rom.
2700 5468 2837 5523 edit.
2872 5469 3018 5534 sola,
3060 5493 3081 5516 ιι
3118 5473 3509 5529 servientibus
3540 5470 3769 5526 Domino.
3797 5485 3812 5508 ι

2346 5537 2459 5610 (94)
2492 5539 2659 5610 Rom.
2695 5540 2857 5610 edit.,
2897 5562 2918 5590 α
2959 5541 3124 5597 Unde
3156 5543 3337 5599 David
3365 5546 3593 5599 sanctus
3620 5538 3804 5610 invitat.
3833 5551 3847 5576 ι

2315 5608 2459 5690 ,(9ᾇ)
2491 5609 2719 5690 Tullius
2750 5608 2989 5683 quidem
3016 5614 3326 5690 paradoxa
3372 5615 3562 5690 ultimo
3606 5609 3771 5690 solum
3789 5617 3855 5690 sti-

2264 5680 2531 5755 .pientem
2562 5680 2803 5755 divitem
2832 5697 2971 5738 esse
2999 5680 3295 5755 disputat:
3322 5686 3429 5741 sed
3456 5684 3646 5755 eadem
3667 5680 3850 5755 senten-

2269 5746 2366 5837 tia.
2380 5751 2536 5824 apud
2567 5751 2876 5837 Philonem
2904 5746 3138 5833 quoque
3169 5758 3443 5837 repetitur
3463 5755 3603 5817 libro
3621 5746 3848 5830 jamlau-

2273 5821 2436 5911 dato,
2463 5837 2640 5907 quem
2670 5821 2936 5891 consule;
