4072 6174
87 335 254 400 1093

1244 324 1860 398 EPISTOLARUM
1907 327 2247 396 CLASSIS
2290 337 2338 396 Ι.

3383 340 3539 404 1094

85 554 232 593 rens
265 539 474 592 sancto
506 539 750 591 sanctus
782 537 922 606 eris,
956 537 1033 590 ita
1067 551 1196 590 cum
1216 549 1501 606 perverso
1521 549 1763 604 perver-
1794 513 2072 589 Alactari
2103 550 2286 605 posse
2319 536 2671 593 credidisti?
2717 537 2812 592 his
2863 539 3179 594 revocari?
3227 539 3370 595 Haec
3401 545 3540 597 sunt

89 642 200 682 sus
240 627 358 681 eris
390 626 504 695 (96)
537 626 727 694 (Psal.
763 643 906 695 xvu,
938 625 1030 693 26,
1068 625 1177 694 27).
1213 623 1578 694 Frequenter
1606 623 1763 678 enim

92 717 322 784 accidit,
358 719 420 770 ut
449 716 586 786 quis
620 718 821 770 contra
859 715 1229 785 propositum
1269 729 1442 768 suum
1474 713 1761 782 intempe-

93 809 318 860 rantem
349 805 618 874 audiens,
652 821 784 859 cum
817 805 956 858 velit
997 806 1124 874 ipse
1162 803 1536 858 continentiae
1575 803 1761 856 disci-

91 894 310 964 plinam
339 898 562 962 tenere,
600 893 734 948 fuco
781 893 1134 964 insipientim
1180 893 1492 959 coloretur,
1526 892 1761 945 merito-

87 999 204 1053 que
238 983 549 1038 contrariae
582 982 698 1036 sibi
745 985 883 1036 sunt
913 985 970 1036 et
1014 984 1414 1054 repugnantes
1448 979 1761 1050 disciplina

86 1075 264 1143 atque
295 1071 629 1126 insolentia.

161 1177 218 1232 9.
252 1177 421 1232 Unde
453 1193 586 1232 cum
615 1177 708 1230 vir
751 1177 1109 1232 exercitatus
1157 1191 1358 1232 earum
1409 1175 1758 1231 sententiam

89 1269 404 1338 quaereret,
451 1281 660 1320 vocem
708 1267 976 1320 emittunt
1022 1265 1283 1335 probatae
1316 1263 1440 1335 jam
1483 1265 1756 1319 diuturno

86 1355 374 1410 exercitio
406 1354 640 1408 virtutis
667 1369 679 1409 :
719 1375 740 1403 ι
778 1355 1076 1426 Numquid
1109 1357 1201 1409 est
1235 1354 1408 1409 nobis
1439 1353 1630 1424 portio
1661 1356 1758 1407 aut

85 1443 410 1498 hereditas
431 1444 487 1497 in
511 1443 684 1498 domo
715 1444 899 1513 patris
922 1443 1106 1498 nostri
1135 1443 1308 1512 (Gen.
1333 1459 1539 1511 xxxva,
1568 1442 1654 1511 11)
1677 1443 1706 1496 ‘?
1731 1463 1752 1492 ι

77 1532 146 1586 id
182 1535 294 1600 est,
330 1531 591 1586 consulis
623 1548 734 1586 nos
766 1531 1228 1586 utrumvelimus
1251 1531 1323 1585 ab
1346 1547 1415 1585 eo
1439 1530 1758 1584 recedere?

77 1620 275 1685 Quasi
307 1636 445 1676 vero
476 1636 590 1674 non
613 1621 970 1692 cognoveris
993 1621 1103 1690 (97)
1125 1620 1277 1692 quod
1302 1620 1518 1674 nullam
1542 1619 1758 1672 habea-

77 1724 226 1764 mus
257 1709 627 1779 cupiditatem
657 1708 792 1780 ejus
823 1709 1148 1777 societatis,
1183 1723 1374 1779 neque
1421 1723 1532 1762 nos
1564 1707 1754 1762 dulcis

73 1797 360 1869 pluribus
392 1797 504 1868 (98)
539 1799 912 1853 saecularium
959 1799 1292 1852 divitiarum
1334 1797 1623 1867 cupiditas
1665 1801 1754 1851 te-

1871 639 2002 694 quae
2035 639 2147 694 ego
2178 624 2304 696 fugi
2331 641 2343 680 :
2380 642 2489 679 ncc
2522 643 2736 681 vereor
2763 628 3083 682 verborum
3126 632 3359 683 tuorum
3390 630 3539 686 invi-

1869 713 2043 767 diam.
2070 712 2240 784 Fugi,
2267 729 2338 767 ne
2357 730 2448 768 me
2480 715 2613 768 talia
2645 720 3055 787 sequerentur,
3077 733 3148 772 ne
3171 719 3309 789 quid
3329 718 3400 774 de
3422 721 3539 775 tuis

1868 801 2168 872 accipiens
2199 803 2443 858 abirem.

1944 925 2028 978 13.
2065 926 2196 981 Non
2226 927 2380 981 enim
2411 928 2630 983 talibus
2661 929 3084 984 deductoribus
3108 931 3177 985 ad
3212 931 3540 988 Ecclesiam

1870 1011 2090 1067 Christi
2121 1019 2480 1085 pervenitur,
2517 1018 2589 1071 ad
2621 1034 2795 1089 quam
2827 1019 3102 1074 tendebat
3134 1020 3317 1075 Jacob
3341 1038 3354 1091 ;
3380 1025 3441 1076 ut
3469 1039 3539 1078 eo

1870 1101 2188 1158 deduceret
2217 1105 2567 1175 populorum
2601 1109 2849 1177 c0piam,
2885 1108 3195 1164 inveheret
3239 1111 3540 1166 nationum

1870 1189 2128 1261 divitias,
2164 1193 2566 1262 posteritatem
2605 1195 2959 1265 int‘underet,
3011 1196 3252 1268 fugiens
3297 1199 3540 1254 umbras

1869 1278 2132 1334 inanium
2161 1296 2380 1351 rerum,
2413 1283 2741 1353 praeferens
2793 1285 3249 1340 insensibilibus
3301 1287 3540 1342 simula-

1871 1368 1990 1422 cris
2015 1369 2290 1424 virtutum
2314 1371 2637 1440 spirantem
2651 1373 2948 1443 decorem,
2964 1373 3381 1444 plausibilibus
3393 1393 3542 1446 prae-

1868 1472 2096 1526 ponens
2126 1460 2302 1514 seria.
2340 1460 2521 1515 Vides
2553 1461 2708 1516 enim
2740 1463 3233 1534 quemadmodum
3265 1465 3537 1521 convivia

1869 1545 2122 1616 gentiles
2155 1547 2459 1617 adornent,
2511 1549 2660 1604 festa
2708 1551 3090 1606 anuuntient:
3143 1553 3252 1607 sed
3301 1570 3368 1608 ea
3418 1555 3534 1624 piis

1867 1635 2164 1689 mentibus
2189 1635 2495 1690 infestiora
2518 1642 2676 1707 sunt,
2702 1640 2838 1709 quia
2862 1640 2937 1693 iis
2955 1640 3220 1711 plerique
3243 1642 3538 1712 decipiun-

1867 1725 1980 1788 tur,
2005 1723 2280 1778 dulcibus
2303 1727 2614 1794 capiuntur
2635 1727 2846 1795 epulis,
2870 1728 3178 1796 capiuntur
3200 1731 3535 1786 saltantium

3229 1799 3436 1814 ...συνῇ-ιι.-
3445 1799 3529 1811 ..ραι-ι-

1869 1811 2472 1884 choriszdumjejunia
2488 1817 2687 1867 nostra
2703 1815 3099 1886 fugiunt,dum
3114 1833 3179 1872 ca
3195 1811 3309 1871 sibi
3324 1836 3536 1889 aspera

75 1889 243 1955 neat,
275 1890 373 1941 aut
404 1886 656 1940 luxuriae
688 1886 932 1941 laetitia?
985 1887 1124 1940 Haec
1164 1890 1301 1941 sunt
1331 1903 1464 1957 quae
1498 1902 1608 1940 nos
1643 1886 1750 1938 mi-

1875 1894 2091 1971 (main,
2127 1901 2266 1955 dum
2298 1904 2532 1972 corpori
2565 1903 2737 1956 noxia
2771 1907 2828 1959 et
2877 1905 3125 1959 molesta
3157 1886 3537 1965 arbitrantur.

77 1991 246 2043 sera,
297 1991 366 2029 ac
412 1975 588 2029 nobis
637 1975 827 2028 aliena
876 1975 1192 2029 duximus:
1245 1974 1375 2029 haec
1425 1978 1562 2028 sunt
1605 1967 1750 2030 900

75 2081 222 2136 quae
251 2064 423 2135 plena
455 2064 668 2133 inopiae
699 2067 872 2135 atque
903 2064 1188 2135 egestatis
1220 2063 1589 2118 arbitramur.

154 2152 242 2208 10.
281 2153 582 2224 Adjiciunt
612 2153 781 2206 etiam
813 2168 1051 2206 causam
1083 2153 1474 2220 secessionis,
1501 2152 1637 2223 quia
1656 2168 1751 2206 ve-

74 2259 214 2297 ram
243 2243 512 2314 gloriam,
548 2245 604 2296 et
631 2241 770 2295 boni
794 2241 1053 2295 thesauri
1087 2241 1289 2311 copias
1311 2241 1506 2294 amisit
1529 2241 1749 2311 Laban,

73 2333 140 2386 in
163 2331 381 2403 quibus
404 2330 723 2384 nascimur.
751 2327 936 2402 Vigor
958 2331 1128 2384 datus
1152 2333 1244 2384 est
1260 2331 1494 2398 mentis,
1521 2333 1577 2384 et
1599 2329 1752 2384 bona

75 2424 321 2476 moneta
350 2420 629 2492 imaginis
655 2419 756 2473 Dei
782 2423 836 2473 et
858 2419 1283 2489 similitudinis,
1309 2419 1444 2490 quia
1467 2417 1751 2488 spiritalis

72 2513 340 2565 moneta.
377 2509 606 2578 Amisit,
641 2509 776 2580 quia
807 2506 918 2577 (99)
949 2507 1257 2578 splendida
1305 2507 1498 2579 magis
1545 2507 1751 2562 saeculi

72 2601 286 2671 elegit,
321 2614 495 2670 quam
518 2613 655 2651 vera
679 2601 734 2651 et
757 2597 915 2650 utilia
937 2598 1073 2650 vitae
1097 2612 1224 2650 suae
1249 2611 1263 2652 :
1299 2611 1549 2668 quorum
1573 2595 1754 2650 decor

71 2692 390 2759 expertem
417 2687 751 2740 divinorum
789 2686 1079 2740 bonorum
1130 2685 1425 2756 praeterit;
1476 2685 1753 2756 quoniam

69 2778 182 2833 ille
217 2793 350 2848 quae
381 2778 540 2847 putat
571 2775 836 2847 pulchra,
871 2775 931 2830 in
961 2775 1035 2828 iis
1068 2789 1134 2828 se
1167 2774 1312 2828 fallit
1341 2774 1534 2845 ipsum
1574 2777 1630 2829 et
1660 2773 1754 2829 de-

69 2867 245 2938 cipit.
284 2865 452 2920 Unde
482 2864 618 2918 audi
649 2863 784 2936 ejus
818 2864 1018 2933 verba,
1051 2867 1107 2918 et
1138 2863 1358 2935 judica.

149 2974 244 3027 11.
295 2972 546 3027 Secutus
596 2974 865 3026 sanctum
910 2970 1093 3025 Jacob
1145 2973 1200 3025 et
1249 2970 1399 3025 filias
1449 2986 1628 3040 suas;
1678 2986 1750 3025 ne

69 3064 236 3118 forte
260 3061 412 3132 apud
445 3077 548 3116 eas
580 3076 826 3116 suorum
856 3059 1132 3115 vitiorum
1174 3059 1457 3130 reperiret
1505 3059 1748 3131 aliquid,

68 3156 128 3208 et
162 3151 489 3206 revocandi
518 3150 588 3204 ad
620 3165 685 3204 se
709 3149 1392 3218 haberetauctoritatem,
1415 3164 1750 3221 coarguens

61 3242 332 3313 justum,
368 3255 500 3294 cum
530 3239 755 3294 ratione
785 3241 947 3293 esset
978 3238 1356 3309 redargutus,
1393 3241 1450 3292 et
1478 3238 1623 3291 nihil
1655 3253 1750 3291 rc-
1784 3251 1835 3314 ο

67 3329 382 3402 spondere
400 3344 467 3382 ac
483 3327 705 3382 referre
724 3329 947 3398 posset,
967 3343 1083 3397 quo
1108 3342 1241 3380 eum
1259 3326 1500 3381 deberet
1517 3330 1747 3382 tenere:

71 3445 91 3468 ιι
132 3419 206 3474 Si
238 3418 682 3486 annuntiasses,
713 3441 734 3464 »
761 3418 967 3487 inquit,
999 3439 1019 3464 ει
1047 3415 1210 3485 mihi,
1236 3415 1574 3470 emisissem
1597 3419 1652 3469 te
1676 3415 1752 3485 (1)

66 3507 267 3578 (Ibid.
301 3507 412 3576 27).
450 3530 471 3554 ιι
508 3507 570 3560 In
618 3521 733 3576 quo
782 3505 1036 3576 prodidit
1084 3505 1224 3576 quid
1266 3504 1469 3575 justus
1510 3504 1747 3576 fugerit,

65 3615 141 3653 ne
182 3612 323 3652 eum
356 3598 834 3667 prosequeretur,
869 3610 942 3649 ne
972 3594 1308 3664 deduceret,
1343 3609 1415 3648 ne
1445 3593 1541 3648 tali
1573 3593 1752 3648 comi-

65 3691 202 3742 tatu
233 3686 487 3755 stipatus
518 3683 884 3754 procederet.
919 3683 1178 3738 Primum
1227 3683 1385 3755 quod
1436 3681 1752 3738 multorum

66 3776 458 3833 dominorum
489 3772 780 3843 mancipio
827 3788 894 3828 se
925 3772 1228 3844 subjicere
1270 3787 1389 3827 non
1437 3771 1658 3840 debuit,
1691 3775 1754 3826 ut

65 3866 140 3921 ab
184 3880 260 3920 eo
292 3866 566 3934 tanquam
599 3861 877 3918 servulus
909 3861 1315 3917 dimitteretur.
1351 3861 1574 3916 Deinde
1615 3863 1752 3933 quia

66 3956 167 4009 vir
208 3953 495 4009 exercitio
526 3953 808 4022 intentus,
855 3954 911 4007 et
954 3965 1230 4022 quaerens
1263 3965 1465 4005 veram
1494 3951 1647 4004 viam
1680 3950 1753 4004 ad

68 4046 360 4098 virtutem
399 4042 698 4113 persequi,
733 4058 850 4096 non
883 4041 1180 4096 hominem
1212 4039 1611 4110 deductorem,
1646 4039 1753 4094 sed

68 4131 324 4189 oracula
366 4132 644 4203 quaesivit
687 4130 970 4186 coelestia.
1018 4129 1161 4194 Quae
1200 4145 1314 4198 me,
1360 4130 1566 4200 inquit,
1617 4129 1752 4182 hinc

67 4223 496 4293 praeceperunt
523 4219 707 4290 abire,
742 4223 798 4274 et
828 4235 984 4274 nunc
1016 4219 1366 4273 comitantur
1403 4218 1677 4272 viantem.

142 4310 240 4365 12.
275 4309 392 4364 Sed
423 4309 716 4381 quomodo
749 4325 840 4362 me
871 4308 1208 4362 diinisisses
1231 4309 1258 4362 ‘?
1291 4310 1379 4360 An
1400 4323 1532 4360 cum
1554 4306 1752 4360 laetitia

68 4405 198 4470 tua,
232 4415 370 4470 quae
413 4399 584 4470 plena
631 4401 723 4453 est
784 4396 1226 4465 moestitudinis,
1279 4413 1410 4450 cum
1459 4395 1750 4466 tympanis

73 4489 508 4558 scilicetatque
531 4487 776 4559 organis
816 4486 1196 4540 immoderata
1228 4485 1624 4540 modulatibus
1654 4485 1750 4552 (2),

72 4583 126 4631 et
158 4577 340 4632 sonis
371 4577 646 4630 tibiarum
679 4575 966 4629 suavibus
1000 4573 1269 4628 insuavia
1304 4574 1748 4640 resultantibus,

73 4666 251 4721 sonis
286 4666 572 4734 dissonis,
609 4665 930 4735 crepitibus
954 4664 1452 4733 discrepantibus,
1502 4663 1752 4718 vocibus

73 4757 283 4826 mutis,
320 4755 604 4825 cymbalis
633 4755 886 4808 animam
935 4753 1284 4808 ferientibus
1306 4753 1334 4807 ‘?
1383 4751 1490 4807 llis
1523 4767 1614 4807 me
1647 4751 1752 4806 de-

144 4899 265 4969 (96)
298 4897 560 4952 Vocibus
595 4920 615 4946 ι
652 4912 974 4967 perversus
997 4897 1137 4966 eris,
1164 4919 1184 4942 α
1209 4895 1367 4950 addit
1391 4896 1560 4951 Rom.
1587 4895 1748 4964 edit.,

79 4973 273 5025 «sicut
307 4971 595 5038 scriptum
634 4973 744 5022 est.
784 4992 806 5015 υ

143 5041 264 5110 (97)
291 5041 436 5094 Mss.
463 5056 578 5094 non
598 5039 788 5110 pauci,
811 5063 830 5085 «
848 5038 1183 5103 Quasivero
1202 5054 1312 5093 nos
1337 5038 1748 5110 cognoveris.»

146 5109 264 5182 (98)
300 5111 380 5164 Ita
411 5115 525 5166 vet.
563 5109 699 5165 edit.
733 5116 790 5164 ct
820 5111 1013 5164 cuncti
1058 5126 1242 5180 mss.;
1302 5113 1359 5164 at
1412 5112 1578 5165 ltom.
1613 5109 1749 5163 edit.

79 5183 380 5238 resecavit
411 5199 618 5238 vocem
654 5203 675 5232 α
710 5182 1040 5251 pluribus.»

147 5257 264 5323 (99)
296 5253 517 5307 Omnes
563 5253 700 5307 edit.
735 5256 791 5306 et
839 5268 987 5306 mss.
1022 5251 1370 5323 nonnulli,«
1405 5251 1483 5323 in
1534 5251 1752 5322 quibus

82 5326 585 5396 maximusvigor
614 5324 786 5378 datus
818 5328 988 5396 est...
1010 5324 1146 5394 quia
1193 5322 1515 5392 spiritalem
1547 5338 1754 5396 mone-

84 5400 194 5450 tam
226 5396 447 5465 amisit,
481 5393 639 5466 quia,
676 5419 696 5442 ιν
735 5398 845 5450 etc.
879 5395 995 5448 Sed
1035 5393 1430 5464 praeterquam
1461 5393 1619 5464 quod
1652 5394 1756 5466 tri-

87 5469 175 5535 plo
207 5467 405 5538 major
432 5465 717 5520 numerus
747 5481 896 5520 mss.
921 5466 1232 5538 lectionem
1256 5468 1518 5538 nostram
1538 5465 1757 5519 consti-

87 5543 269 5610 tuunt,
309 5536 361 5593 ei
394 5539 566 5593 etiam
596 5553 816 5610 sensus
848 5537 1244 5610 perspicuitas
1266 5536 1683 5610 patrocinatur.

154 5612 231 5681 (1)
255 5607 415 5666 ’Post
446 5631 469 5661 ι
505 5607 934 5665 θωὶείεεθωῖθ
985 5631 1007 5656 ι»
1044 5607 1360 5681 subjungit
1389 5607 1526 5681 edit.
1563 5607 1756 5677 Rom.,

96 5700 115 5729 ι
147 5679 278 5755 cum
310 5681 513 5755 latitia
540 5685 601 5755 et
629 5681 1000 5755 cymbalis.)
1037 5682 1113 5755 At
1141 5679 1357 5755 melius
1387 5679 1486 5734 illa
1506 5683 1758 5755 prpter-

95 5754 231 5814 initti
263 5754 484 5816 indicat
514 5751 786 5833 subjecta
807 5751 1113 5812 dubitatio.
1148 5773 1171 5808 α
1192 5751 1310 5813 Sed
1339 5751 1635 5830 quomodo
1663 5766 1756 5813 me

1939 2013 2026 2068 14.
2049 2017 2138 2068 An
2161 2016 2434 2086 Opinatus
2455 2033 2520 2071 es
2540 2017 2674 2087 quia
2696 2033 2902 2072 aurum
2923 2023 3083 2074 tuum
3097 2021 3538 2079 desiderarem?

1867 2102 1982 2157 Sed
2011 2119 2128 2157 non
2158 2104 2345 2158 habes
2376 2121 2580 2158 aurum
2615 2107 2751 2177 igne
2783 2108 3197 2179 examinatum,
3232 2127 3348 2181 quo
3384 2111 3536 2183 justi

1865 2192 2189 2262 probantur
2207 2193 2395 2260 (Psal.
2421 2211 2498 2262 xi,
2520 2195 2594 2260 Ἴ).
2624 2198 2711 2248 An
2727 2196 2861 2266 quia
2883 2202 3192 2267 argentum
3213 2215 3490 2270 cuperem
3505 2202 3534 2255 ?

1864 2281 1978 2334 Sed
2003 2296 2120 2334 non
2143 2280 2330 2335 habes
2351 2286 2675 2352 argentum
2699 2285 2796 2354 qui
2814 2300 2930 2338 non
2949 2285 3133 2340 habes
3155 2288 3532 2358 splendorem

1865 2368 2108 2440 alloquii
2131 2369 2393 2424 caelestis
2416 2371 2512 2440 (3).
2539 2371 2652 2425 Sed
2687 2373 2942 2427 fortasse
2967 2376 3203 2444 speravi
3243 2379 3397 2447 quod
3427 2378 3534 2433 ad-

1858 2455 2085 2527 jiceres
2125 2459 2267 2512 mihi
2306 2459 2378 2512 ad
2419 2460 2773 2531 obsequium
2831 2462 3108 2516 servulos
3161 2467 3346 2520 tuos?
3386 2458 3522 2522 901

1865 2547 1993 2619 Ego
2025 2564 2167 2602 vero
2198 2547 2420 2603 liberos
2453 2565 2678 2620 quaero,
2711 2550 2878 2621 fugio
2899 2567 3112 2606 servos
3134 2555 3381 2624 peccati.
3414 2555 3531 2611 Sed

1864 2636 2014 2691 forte
2047 2637 2291 2692 comites
2323 2637 2573 2708 itineris,
2607 2643 2663 2694 et
2694 2639 2878 2694 duces
2927 2640 3154 2696 viarum
3201 2645 3532 2700 necessarii

1865 2725 2134 2780 fuerunt?
2149 2726 2382 2780 Utinam
2397 2727 2569 2798 sequi
2589 2731 2836 2798 possent
2853 2726 2865 2784 l
2882 2729 3126 2800 egoillis
3140 2735 3530 2789 monstrarem

1865 2815 2097 2870 Domini
2120 2815 2270 2870 vias.
2297 2815 2412 2870 Sed
2436 2816 2536 2887 qui
2560 2817 2742 2870 Deum
2776 2819 3044 2888 nescitis,
3067 2820 3197 2875 vias
3220 2820 3353 2892 ejus
3388 2839 3533 2894 quo-

1864 2905 2039 2959 modo
2053 2904 2482 2959 novistis?Vias
2497 2904 2632 2976 ejus
2647 2905 3064 2978 ingrediuntur
3076 2909 3244 2965 electi
3262 2911 3528 2969 Domino:

1862 3009 1981 3049 non
1996 2994 2332 3066 quicunque
2348 2994 2700 3067 intranteas,
2725 2995 2831 3050 sed
2857 3000 3049 3052 tamen
3074 3015 3245 3055 nemo
3268 3001 3529 3056 excludi-

1861 3086 1974 3138 tur.

1936 3209 2021 3263 15.
2057 3207 2351 3280 Sequatur
2379 3210 2479 3280 qui
2530 3213 2770 3279 paratus
2819 3214 2930 3282 est,
2965 3211 3332 3284 ingrediatur
3379 3213 3532 3268 viam

1863 3313 1996 3369 quae
2020 3297 2180 3352 ducit
2201 3298 2273 3351 ad
2305 3299 2787 3368 Mesopotamiam
2816 3315 2830 3369 ;
2863 3303 2924 3354 ut
2951 3301 3052 3372 qui
3080 3317 3206 3356 eam
3231 3303 3392 3372 petit,
3425 3319 3533 3374 per

1863 3401 2049 3458 aquas
2072 3390 2350 3457 transeat,
2374 3404 2559 3458 aquas
2581 3388 2780 3459 Tigris
2802 3393 2976 3460 atque
3000 3389 3334 3460 Euphratae,
3358 3391 3530 3446 forti-

1864 3476 2085 3530 tudinis
2107 3480 2280 3547 atque
2294 3477 2564 3547 justitiaa,
2589 3494 2695 3547 per
2711 3477 3004 3548 lacrymas
3024 3479 3383 3548 paenitentiae
3398 3481 3534 3552 bapo

1865 3564 2102 3619 tismum
2126 3566 2354 3637 gratiae.
2371 3565 2432 3619 In
2446 3582 2513 3620 ea
2535 3567 2730 3620 estvia
2750 3568 3048 3622 exercitus
3068 3568 3171 3622 Dei
3191 3569 3300 3640 (4);
3325 3585 3530 3625 omnes

1865 3655 2020 3710 enim
2051 3655 2150 3725 qui
2182 3659 2320 3708 sunt
2351 3655 2410 3709 in
2440 3655 2732 3725 Ecclesia,
2768 3656 2888 3711 Deo
2921 3657 3187 3713 militant.
3223 3658 3286 3712 ln
3325 3675 3391 3714 ea
3441 3662 3534 3714 est

1864 3759 2014 3818 grex
2032 3743 2129 3798 ille
2151 3743 2408 3816 insignis
2432 3743 2802 3800 diversarum
2821 3745 3122 3816 virtutum,
3147 3762 3322 3818 quem
3347 3748 3532 3804 Jacob

1865 3834 1980 3888 sibi
2003 3832 2216 3904 elegit;
2241 3833 2434 3887 omnis
2456 3834 2612 3887 enim
2635 3835 2765 3890 sine
2787 3835 2962 3906 signo
2981 3835 3193 3905 anima,
3220 3836 3449 3892 incocta
3471 3840 3529 3894 et

1864 3923 2154 3979 inerudite
2175 3925 2288 3993 est,
2311 3922 2755 3993 disciplinarum
2780 3924 2982 3979 nescia
3008 3940 3020 3980 :
3055 3941 3188 3995 quae
3211 3929 3402 3982 autem
3439 3926 3533 3981 in-

1866 4012 2105 4086 signita,
2127 4014 2331 4068 eadem
2348 4012 2518 4068 dives
2539 4029 2802 4084 operum,
2829 4017 2884 4070 et
2901 4015 3225 4088 gratiarum
3246 4015 3459 4087 Opima.

1937 4127 2024 4182 16.
2060 4128 2147 4182 Ad
2179 4144 2306 4183 eam
2337 4128 2435 4199 qui
2469 4129 2648 4198 venit,
2682 4129 2892 4184 iratum
2926 4129 3162 4186 fratrem
3194 4129 3536 4187 reconciliet

1865 4219 2055 4290 prius.
2087 4217 2177 4272 Ad
2208 4234 2338 4273 eam
2367 4218 2467 4289 qui
2496 4221 2675 4287 venit,
2701 4218 3018 4273 Sicbimam
3035 4222 3358 4290 pretiosam
3377 4218 3533 4275 illam

1866 4311 1922 4362 et
1941 4310 2246 4361 actuosam
2277 4307 2564 4362 inhabitet
2595 4309 2875 4362 virtutum
2906 4309 3224 4378 ofﬁcinam,
3249 4309 3352 4363 ubi
3373 4309 3536 4363 laesae

1867 4397 2156 4450 castitatis
2187 4397 2390 4468 gravis
2423 4399 2514 4451 est
2542 4396 2704 4450 ultio.
2739 4397 2828 4450 Ad
2858 4411 2985 4450 eam
3016 4399 3116 4468 qui
3148 4398 3326 4465 venit,
3348 4397 3536 4450 lucte-

1865 4487 1959 4540 tur
1993 4499 2128 4540 cum
2158 4485 2280 4540 Deo
2308 4501 2322 4553 ;
2353 4488 2414 4539 ut
2444 4485 2515 4538 ad
2547 4485 2930 4540 imitationem
2961 4485 3095 4556 ejus
3127 4501 3193 4540 se
3236 4489 3530 4554 exerceat,

1867 4576 1936 4628 ad
1970 4574 2354 4629 humilitatem
2372 4574 2595 4628 Christi
2614 4577 2668 4629 et
2688 4575 3010 4644 passiones
3032 4573 3167 4644 ejus
3190 4575 3537 4646 congredia-

1867 4668 1980 4719 tur.
2027 4663 2215 4718 Tollat
2257 4679 2494 4718 crucem
2539 4679 2727 4732 suam,
2778 4667 2835 4717 et
2879 4663 3178 4717 Christum
3229 4666 3532 4734 sequatur,

1865 4753 2106 4825 (Matth.
2142 4769 2260 4822 xva,
2296 4753 2406 4822 '24).
2444 4753 2706 4824 Denique
2754 4752 2950 4808 bonus
3004 4767 3372 4824 congressor
3418 4769 3537 4810 non

1865 4896 2254 4952 dimisisscs?
2291 4919 2310 4943 η

1936 4969 2014 5038 (2)
2039 4969 2210 5021 Rom.
2231 4966 2370 5021 edit.
2390 4965 2542 5038 sola,
2572 4989 2593 5013 α
2619 4965 2995 5022 immodulata
3015 4965 3489 5024 modulantibus:
3512 4991 3534 5016 ιι

1864 5037 2015 5108 aliae,
2051 5053 2334 5110 acimss.,
2372 5059 2394 5084 ει
2444 5037 2869 5110 immoderata;
2925 5061 2946 5086 ι»
3000 5039 3210 5093 horum
3250 5039 3536 5110 nonnulli,

1870 5135 1890 5158 α
1927 5109 2309 5164 immoderate
2340 5108 2800 5163 modulantibus.
2839 5108 2864 5157 »'
2898 5110 3052 5164 Infra
3084 5125 3247 5179 vero,
3287 5110 3388 5164 ubi
3419 5108 3540 5164 om;

1865 5198 1972 5237 nes
2014 5181 2189 5248 edit.,
2232 5184 2478 5250 excepta
2538 5180 2814 5250 Amerb.,
2862 5203 2882 5230 α
2928 5181 3178 5236 vocibus
3236 5183 3450 5250 mutis;
3514 5203 3536 5230 υ

1865 5269 2073 5308 omnes
2095 5225 2279 5322 prope
2305 5225 2452 5305 msrs.
2469 5225 2830 5320 praeferunt’c
2859 5253 3110 5307 vocibus
3133 5253 3354 5307 multis.
3375 5277 3396 5300 ι»
3423 5225 3540 5308 Sed

1865 5325 2224 5394 scriptorum
2257 5323 2568 5392 imperitiae
2614 5323 2726 5377 hoc
2775 5323 3335 5392 tribuendum;.hic
3383 5323 3538 5378 enim

1864 5403 2227 5473 respiciebat
2275 5401 2632 5456 Ambrosius
2691 5401 2788 5455 illa
2831 5403 3096 5458 Philonis
3133 5401 3332 5454 κτύπων
3374 5401 3536 5474 ἀνάρ-

1865 5486 2002 5558 θρωνν
2034 5483 2123 5558 ζᾳὶ
2425 5511 2428 5515 -

1937 5557 2015 5626 (3)
2049 5548 2279 5626 Eadem'
2305 5553 2672 5626 Riom.redrit.,
2713 5575 2735 5602 ι
2781 5553 2916 5626 quia
2967 5553 3344 5625 splendorem
3388 5548 3540 5606 allo-

1866 5623 2284 5700 quiiicgelestis
2317 5624 2614 5700 abjecisti‘.
2653 5623 2676 5674 ii

1937 5695 2266 5770 (4)Om_nes
2310 5695 2537 5770 edit.,_-
2589 5695 2650 5752 in
2699 5711 2767 5753 ea
2811 5699 2904 5753 est
2957 5694 3186 5770 virtus;
3249 5717 3273 5745 ιι
3335 5703 3540 5756 omne!

1864 5767 2037 5846 mea,
2080 5790 2102 5821 ιι
2135 5767 2197 5828 in
2218 5782 2288 5828 ea
2315 5770 2409 5828 est
2435 5767 2552 5830 via.
2591 5791 2613 5822 ιο
