4072 6174
557 310 716 379 1095

2001 302 2065 375 s.
2094 250 2540 389 Attamen.

3796 314 3917 383 1096

565 514 893 586 aemulatur,
928 528 1046 569 non
1078 514 1353 584 inﬂatur;
1385 514 1501 569 imo
1551 515 1726 569 etiam
1757 514 2055 570 benedicit
2081 530 2227 571 con-
2266 495 2321 555 Α
2343 515 2484 570 mini
2497 514 2799 570 ambulare
2812 513 3505 586 desiderarent.Legerat
3522 518 3840 586 praeceptum
3854 519 3913 571 ei-

564 603 932 677 gre‘dientem
963 602 1081 658 sibi
1111 603 1209 657 tali
1237 618 1501 659 munere.

637 691 724 748 17.
750 692 1081 763 Sequamur
1107 707 1251 764 ergo
1274 695 1546 747 sanctum
1580 691 1786 762 Jacob,
1806 694 1864 748 et
1893 693 2023 747 vias
2052 690 2186 763 ejus
2212 708 2227 762 ;

564 785 628 837 ut
658 781 1075 851 perveniamus
1104 781 1177 835 ad
1209 797 1311 836 eas
1341 782 1677 853 passiones,
1709 782 1784 836 ad
1814 797 1917 836 eas
1948 797 2231 853 congres-

565 871 792 940 siones,
814 870 1230 940 perveniamus
1251 870 1324 924 ad
1346 870 1653 925 humerum
1672 868 1726 939 (5
1724 873 1773 940 ),
1809 870 2226 940 perveniamus

560 960 635 1013 ad
657 958 994 1030 patientiam
1017 961 1263 1013 matrem
1299 958 1579 1028 ﬁdelium,
1604 962 1661 1013 et
1689 959 1761 1013 ad
1780 962 2002 1029 patrem
2037 958 2223 1027 Isaac,

558 1047 620 1101 id
651 1051 743 1102 est
766 1046 1156 1118 jucunditatis
1211 1062 1507 1117 capacem,
1540 1046 1761 1102 latitia
1802 1047 2228 1101 redundantem

562 1135 675 1190 Ubi
695 1134 816 1207 jam
837 1136 1135 1206 patientia,
1160 1135 1244 1190 ibi
1277 1136 1518 1205 latitia;
1554 1135 1690 1207 quia
1720 1138 1857 1206 post
1893 1135 2228 1190 tribulatio-

558 1239 669 1280 nes
698 1224 995 1295 patientia,
1029 1225 1308 1294 patientia
1337 1227 1531 1279 autem
1574 1224 1984 1294 probationem
2015 1240 2229 1295 opera-

557 1316 673 1383 tur,
698 1310 759 1366 in
776 1329 891 1384 qua
911 1314 1003 1368 est
1023 1328 1185 1383 spes,
1211 1313 1282 1367 de
1304 1330 1418 1384 qua
1440 1329 1557 1368 non
1581 1313 2000 1368 confundimur
2034 1313 2227 1385 (Rom.

557 1418 615 1473 v,
652 1401 798 1472 3-5),
832 1401 1109 1472 quoniam
1155 1402 1257 1473 qui
1295 1417 1415 1457 non
1459 1402 1635 1457 fuerit
1668 1401 1957 1457 confusus
1988 1417 2225 1456 crucem

559 1490 800 1561 Christi,
834 1506 944 1545 nec
971 1489 1269 1561 Christus;
1295 1490 1691 1546 confundetur
1731 1491 1791 1545 in
1824 1506 1914 1546 eo.
1949 1489 2091 1545 Vale
2123 1490 2228 1561 ﬁli,

558 1582 615 1636 et
633 1595 753 1635 non
773 1579 1098 1636 erubescas
1116 1582 1340 1650 patrem
1370 1580 1761 1652 interrogare,
1797 1579 1898 1651 qui
1930 1595 2049 1635 non
2080 1594 2223 1634 eru-

560 1669 765 1725 bescis
796 1668 856 1723 in
885 1668 1269 1739 passionibus
1299 1668 1520 1722 Christi
1550 1668 1814 1740 gloriari.

924 1774 1063 1838 902
1098 1781 1466 1837 EPIS’I‘OLA
1495 1783 1735 1837 XXVIII
1767 1783 1869 1854 (6).

563 1889 1025 1962 Pythagoricum
1054 1888 1348 1962 adagium,
1370 1904 1755 1962 communem,
1776 1890 1927 1944 viam
1958 1905 2097 1946 esse
2126 1890 2230 1947 de-

640 1958 995 2033 clinandam,
1022 1958 1477 2033 petit'umgfuissc
1498 1976 1576 2033 ex
1593 1960 1791 2033 sacris
1800 1962 2043 2033 paginis
2064 1961 2230 2017 inde-

641 2048 752 2104 que
772 2031 983 2104 colligi
1013 2030 1311 2104 aplebeia
1338 2031 1467 2104 _vita
1488 2030 1843 2104 abhorrere
1874 2030 2102 2088 debere
2132 2048 2232 2104 sa-

638 2101 1186 2175 cerdotalemflinc
1208 2101 1570 2175 Ambrosius
1592 2101 1883 2175 Irenaeum
1916 2110 1977 2157 ut
2003 2103 2234 2175 popula-

637 2188 743 2255 ζέε
772 2173 1078 2255 cpinimzes
1108 2178 1169 2255 et
1206 2172 1565 2255 cupiditates
1599 2173 1807 2255 fugiat,
1854 2172 2235 2255 ingrediatur:

636 2243 874 2316 Domini
882 2249 1092 2316 portas
1121 2245 1176 2297 ct
1213 2243 1362 2316 viam
1384 2250 1609 2299 arctam
1632 2243 1805 2316 atquc
1828 2243 2139 2301 ducentem
2158 2246 2233 2301 ad

639 2314 970 2387 superiora,
991 2314 1177 2369 calcet
1196 2315 1438 2368 excitat.

935 2420 1281 2475 Annaosms
1313 2419 1551 2476 lanium
1592 2420 1863 2477 salutem.

638 2529 690 2585 1.
721 2526 1222 2600 Phythagoricum
1252 2528 1587 2583 mandatum
1616 2528 1678 2583 in
1709 2529 2043 2601 aliquorum
2072 2530 2235 2585 scri-

568 2618 685 2690 ptis
713 2616 1027 2689 pradicari
1056 2616 1393 2671 invenimus
1423 2616 1522 2687 (Ἳ),
1564 2617 1723 2689 quod
1753 2618 1850 2673 ille
1898 2619 2227 2689 discipulos

570 2722 717 2764 suos
740 2720 1113 2761 communem
1132 2707 1307 2777 atque
1327 2706 1601 2760 usitatam
1622 2707 1841 2777 populo
1863 2708 2239 2778 prohibuerit

568 2793 804 2868 ingredi
834 2794 1011 2849 viam.
1045 2793 1161 2849 Sed
1193 2794 1306 2850 hoc
1339 2794 1493 2850 unde
1543 2796 1958 2866 assumpserit,
1996 2812 2115 2853 non
2142 2800 2237 2853 est

570 2884 959 2958 incognitum.
995 2883 1145 2937 Nam
1177 2899 1308 2938 cum
1331 2898 1406 2937 ex
1425 2884 1642 2954 populo
1669 2884 2012 2951 Judaorum
2041 2884 2142 2958 (8),
2177 2890 2242 2943 ut

573 2973 842 3045 plerique
862 2972 1240 3043 arbitrantur,
1255 2988 1449 3044 genus
1467 2974 1721 3044 duxerit,
1738 2990 1814 3029 ex
1825 2973 1960 3047 ejus
1979 2975 2239 3046 discipli-

574 3079 649 3117 na
673 3061 963 3118 derivavit
983 3061 1157 3115 etiam
1176 3061 1505 3133 magisterii
1537 3067 1866 3134 pracepta:
1910 3064 2238 3136 meritoque

572 3167 825 3223 magnus
870 3150 1025 3221 apud
1066 3150 1459 3221 philosophos
1509 3151 1780 3208 habitus:
1836 3153 2144 3225 aqualem,
2177 3157 2241 3209 ut

572 3241 750 3305 aiunt,
776 3240 878 3295 vix
895 3238 1111 3309 reperit
1132 3239 1230 3309 (9).
1254 3239 1509 3311 Legerat
1530 3238 1723 3312 itaque
1760 3242 1818 3295 in
1841 3242 2047 3297 Exodo
2072 3243 2240 3313 Moy-

580 3331 636 3385 si
653 3329 854 3385 divino
877 3330 1241 3400 praceptum
1282 3344 1419 3383 esse
1458 3329 1729 3384 oraculo:
1769 3353 1789 3379 α
1826 3330 2001 3386 Solve
2024 3331 2242 3386 calcea-

569 3420 829 3473 mentum
845 3417 1060 3488 pedum
1077 3420 1311 3471 tuorum
1332 3417 1548 3488 (Exod.
1574 3435 1653 3482 III,
1680 3419 1756 3489 5).
1789 3441 1809 3468 ιι
1830 3418 1891 3473 Id
1910 3420 2081 3474 etiam
2096 3436 2245 3491 pra-

571 3510 804 3578 ceptum
826 3506 856 3562 J
863 3522 971 3562 esu
991 3505 1157 3562 Nave
1179 3505 1379 3576 (Josue
1403 3523 1465 3577 v,
1489 3506 1599 3576 l6),
1624 3507 1900 3563 videlicet
1929 3512 1993 3563 ut
2011 3509 2239 3565 detrita

572 3600 629 3653 et
640 3596 942 3669 popularis
965 3596 1078 3651 via
1093 3595 1455 3667 deponerent
1474 3596 1801 3668 pulverem,
1820 3598 1922 3670 qui
1948 3598 2103 3652 viam
2120 3598 2241 3657 Do.-

647 3741 727 3811 (5)
759 3738 889 3811 Vet,
922 3740 1061 3796 edit.
1093 3743 1151 3795 et
1194 3742 1389 3795 cunct.
1424 3756 1597 3810 mss.,
1652 3763 1674 3792 α
1714 3741 2138 3797 Perveniamus
2167 3742 2243 3797 ad

578 3827 843 3882 murum;
872 3834 895 3862 η
912 3812 1049 3867 edit.
1074 3813 1267 3881 Rom.,
1291 3832 1314 3863 ι
1339 3812 1762 3868 Perveniamus
1778 3813 1853 3867 ad
1866 3814 2196 3879 humerum.
2216 3835 2237 3863 ι

578 3882 763 3955 Quam
785 3882 1021 3955 quidem
1059 3882 1487 3955 correctionem
1522 3900 1638 3938 non
1668 3885 1966 3955 potuimus
1999 3900 2117 3939 non
2144 3900 2245 3940 re-

577 3950 1190 4025 tinere._’Manifestum
1204 3953 1425 4025 quippe
1443 3958 1536 4008 est
1548 3950 1865 4009 Sichimam
1882 3956 1996 4011 hoc
2008 3956 2140 4010 loco
2153 3955 2250 4011 de-

581 4023 842 4096 signari,
860 4039 1037 4094 quam
1053 4023 1260 4079 vocem
1284 4025 1639 4096 Aimbrosius
1659 4042 1958 4096 nunquam
1990 4043 2107 4082 non
2138 4027 2246 4082 hu-

579 4111 810 4168 merum
830 4095 1265 4168 interpretatur.
1310 4095 1533 4168 Evolve
1564 4095 1861 4168 superiori
1883 4101 2040 4152 tomo
2078 4098 2179 4153 lib.
2204 4115 2243 4168 ι,

581 4166 656 4240 de
677 4166 1154 4240 Abraham,_cap.
1174 4165 1228 4236 2,
1253 4181 1413 4240 num.
1437 4167 1490 4236 5,
1512 4165 1681 4240 ctlib.
1698 4185 1767 4240 II,
1793 4184 1919 4239 cap.
1935 4168 1989 4240 3,
2006 4184 2163 4224 num.
2180 4165 2245 4240 8;

577 4237 680 4293 lib.
716 4237 791 4309 de
812 4236 1050 4309 Joseph,
1085 4235 1220 4309 cap.
1264 4235 1317 4303 3,
1352 4252 1512 4309 num.
1542 4237 1615 4307 9;
1668 4235 1771 4309 lib,
1816 4235 1891 4294 de
1929 4235 2242 4295 Benedict.

579 4252 680 4293 un.
716 4252 791 4292 ae
812 4252 1050 4308 dosepn,
1085 4252 1213 4361 cap
1264 4252 1317 4303 δ,
1352 4252 1512 4291 num.
1542 4252 1615 4307 υς

579 4308 945 4373 Patriam/2.,
983 4323 1111 4377 cap.
1185 4349 1198 4377 ,
1235 4323 1396 4362 num.
1429 4308 1516 4378 ll,
1548 4313 1660 4364 etc.

673 4379 728 4450 6)
758 4379 987 4450 Scripta
1019 4380 1175 4433 circa
1205 4394 1341 4433 ann.
1374 4379 1498 4433 387.

673 4382 728 4450 6)
758 4382 987 4450 Scripta
1019 4382 1175 4433 circa
1205 4394 1341 4433 ann.
1374 4382 1498 4433 387.

651 4382 730 4522 $7)
762 4449 905 4524 Non
924 4450 1103 4524 alium
1144 4450 1241 4504 hic
1271 4451 1658 4524 intelligimus
1705 4468 1881 4524 quam
1914 4453 2241 4524 Philonem,

580 4524 682 4594 qui
704 4523 869 4577 initio
894 4522 1049 4577 libri.
1078 4543 1100 4573 α
1127 4521 1293 4586 Quod
1316 4521 1510 4577 omnis
1527 4521 1751 4593 probus
1776 4525 1928 4579 liber
1951 4525 2048 4593 sit,
2076 4547 2098 4572 ιι
2128 4521 2246 4595 Py;

582 4582 928 4679 thagoream
987 4582 1341 4659 sententiam
1400 4582 1545 4663 ἰὀιίς⁸
1576 4599 1835 4676 λεωφόροις
1895 4604 1964 4676 μή
2023 4582 2250 4676 βαδίζξιν
2278 4582 2337 4659 D

581 4679 733 4759 ὁδοῖς,
801 4700 979 4757 quam
1036 4683 1311 4759 tepere:an
1373 4682 1550 4759 Qiao‘ov
1611 4687 1805 4759 vocat,
1857 4684 2164 4759 commode
2195 4687 2252 4738 et

586 4755 890 4827 eleganter
918 4755 1191 4827 explicat.
1224 4755 1503 4828 Eamdem
1533 4770 1769 4826 quoque
1787 4756 1939 4828 inter
1960 4755 2254 4828 Pythago-

584 4843 685 4882 rea
718 4828 985 4899 symbola
1015 4828 1197 4883 refert
1246 4827 1554 4896 Erasmus,
1589 4830 1647 4881 et
1676 4843 1751 4881 ex
1799 4827 2159 4898 Hieronymo
2189 4827 2249 4880 in

584 4899 854 4953 eumdem
885 4900 1055 4963 plane
1086 4898 1448 4953 intellectum
1477 4898 1736 4963 exponit.
1769 4897 1892 4963 Qua
1923 4903 2118 4952 autem
2148 4914 2239 4952 ra-

583 4913 854 4953 eumuem
885 4913 1055 4968 plane
1086 4913 1448 4953 Intellectum
1477 4913 1736 4968 exponit.
1769 4913 1892 4963 Qua
1923 4913 2118 4952 autem
2148 4914 2239 4952 ra-

584 4969 742 5050 tione
769 4975 1131 5039 praceptum
1163 4970 1308 5024 illud
1358 4969 1736 5050 observarint
1780 4969 2159 5050 Pythagorei,
2192 4972 2251 5050 et

588 5040 883 5095 maximus
907 5056 1110 5095 eorum
1130 5056 1434 5109 numerus,
1459 5040 1617 5110 quod
1637 5040 1698 5094 in
1716 5056 1782 5096 se
1803 5042 2049 5095 aliorum
2065 5041 2253 5095 homi-

590 5126 732 5166 num
760 5126 913 5182 quos
938 5111 1262 5181 fugiebant,
1296 5112 1493 5166 odium
1539 5113 1958 5181 concitassent,
1994 5111 2252 5166 interneo

590 5183 760 5237 cione
818 5182 1047 5236 deletus
1104 5182 1300 5238 fuerit.
1360 5186 1605 5237 narrant
1652 5183 1924 5237 Laertius
1968 5182 2070 5237 lib.
2121 5199 2245 5238 vm.

589 5198 760 5237 cione
818 5198 1047 5236 ueietus
1104 5198 1300 5252 tuerit,
1360 5198 1605 5237 narrant
1652 5198 1924 5237 Laertius
1968 5198 2070 5237 un.
2121 5199 2245 5252 vm,

588 5254 862 5336 Justinus
892 5253 994 5308 lib.
1029 5270 1129 5323 xx,
1180 5254 1483 5309 Arnobius
1529 5253 1634 5309 lib.
1668 5270 1688 5307 ι
1719 5255 1959 5309 advers.
2003 5254 2249 5324 Gentes,

592 5325 847 5469 “(gallie
876 5395 1232 5469 Pythagora
1261 5395 1439 5469 natali
1467 5395 1597 5451 solo
1636 5396 1815 5469 multa
1846 5395 2255 5469 controversia

596 5473 688 5526 est
722 5468 891 5540 apud
932 5470 1230 5539 antiquos,
1284 5468 1626 5540 utidiscere
1668 5468 1808 5540 licet
1835 5483 1911 5524 ex
1951 5468 2252 5540 Clemente

592 5539 904 5597 Alex.’lib.
939 5557 959 5595 I
1000 5540 1311 5611 Stromat.,
1354 5539 1856 5611 DiogeneﬁLaert.
1907 5539 2010 5611 lib.
2041 5556 2171 5611 vui,
2197 5540 2254 5593 et

594 5612 728 5667 aliis
768 5612 987 5684 quibus
1033 5611 1306 5666 addimus
1352 5610 1564 5684 erudit:
1613 5610 1890 5684 ljuetium
1936 5610 2054 5684 lib._
2083 5627 2103 5664 ι
2132 5610 2254 5684 De-

590 5679 808 5757 mens}:
830 5684 1331 5757 Evangtpropos.
1363 5697 1495 5757 cap.
1521 5680 1582 5757 2.
1615 5679 1782 5757 Quod
1827 5696 1970 5757 vero
2001 5680 2253 5757 plurima

596 5769 630 5820 θ
662 5751 1030 5825 δυὰεθοτιιιη’
1050 5751 1316 5827 testibus
1363 5751 1644 5819 hausisse
1690 5751 1788 5820 hic
1835 5751 2068 5836 dicitur,
2107 5752 2256 5822 nihil

2340 604 2474 660 dem
2486 603 2697 675 Moysi,
2714 606 2776 659 ut
2787 606 3045 659 montem
3057 618 3191 659 cum
3203 603 3605 659 sacerdotibus
3616 604 3914 673 ascenderet,

2337 693 2597 764 populus
2618 695 2815 749 autem
2832 709 3108 748 seorsum
3125 694 3309 748 staret
3336 691 3553 764 (Exod.
3571 709 3721 747 xxuv.
3742 691 3815 761 13,
3836 693 3912 759 lt).

2341 782 2647 853 Separavit
2673 782 2855 854 igitur
2881 782 3225 837 sacerdotes
3254 798 3287 836 a
3317 782 3551 852 populo,
3582 786 3637 836 et
3662 785 3838 851 postea
3853 783 3913 851 ip-

2342 887 2476 926 sum
2508 872 2755 942 Moysen
2781 872 2933 926 intra
2964 871 3182 927 nubem
3211 871 3453 926 introire
3483 874 3762 943 pracepit.

2413 961 2465 1015 2.
2500 961 2681 1021 ,Vides
2712 960 3041 1016 divisiones
3063 963 3091 1014 ?
3141 960 3300 1015 Nihil
3332 961 3394 1015 in
3432 960 3813 1017 sacerdotibus
3835 964 3917 1033 ple-

2341 1049 2540 1104 beium
2570 1050 2813 1121 requiri,
2837 1049 2985 1104 nihil
3015 1049 3318 1120 populare,
3351 1048 3497 1103 nihil
3529 1064 3808 1106 commune
3830 1068 3916 1107 cum

2343 1137 2540 1194 studio
2560 1140 2734 1209 atque
2751 1155 2866 1193 usu
2883 1141 2940 1193 et
2953 1138 3220 1193 moribus
3243 1137 3559 1193 incondita
3576 1138 3919 1194 multitudinis?

2345 1225 2616 1282 Sobriam
2638 1242 2670 1280 a
2690 1226 2884 1281 turbis
2906 1227 3277 1299 gravitatem,
3302 1228 3522 1282 seriam
3569 1227 3755 1298 vitam,
3782 1228 3920 1301 singu-

2342 1315 2465 1372 lare
2519 1315 2754 1386 pondus
2785 1315 3042 1388 dignitas
3101 1314 3217 1370 sibi
3270 1315 3534 1371 vindicat
3589 1315 3911 1371 sacerdotalis.

2345 1402 2651 1470 Quomodo
2684 1404 2841 1460 enim
2861 1406 3058 1475 potest
3087 1403 3397 1459 observari
3421 1420 3453 1459 a
3478 1404 3709 1476 populo,
3734 1404 3816 1476 qui
3831 1405 3919 1459 nihil

2345 1492 2524 1567 habet
2552 1493 2871 1564 secretum:
2896 1509 2931 1547 a
2974 1492 3214 1565 populo,
3267 1493 3475 1564 dispar
3517 1509 3550 1547 a
3596 1492 3919 1548 multitudine?

2346 1580 2497 1648 Quid
2527 1583 2685 1637 enim
2715 1581 2775 1636 in
2804 1584 2860 1637 te
2888 1581 3153 1652 miretur,
3186 1581 3239 1636 si
3270 1596 3381 1637 sua
3413 1582 3475 1637 in
3504 1584 3559 1636 te
3591 1584 3917 1655 recognoscat,

2348 1672 2400 1726 si
2418 1670 2563 1726 nihil
2583 1670 2641 1725 in
2660 1672 2717 1726 te
2737 1670 3004 1741 aspiciat,
3029 1670 3186 1742 quod
3208 1670 3362 1726 ultra
3383 1685 3453 1726 se
3476 1671 3759 1741 inveniat,|
3775 1672 3820 1725 si
3842 1687 3917 1741 qua

2344 1760 2405 1813 in
2438 1775 2505 1815 se
2537 1759 2857 1831 erubescit,
2888 1759 2948 1815 in
2975 1761 3033 1815 te
3063 1775 3241 1832 quem
3257 1761 3652 1816 reverendum
3671 1760 3916 1825 arbitratur,

2276 1866 2328 1930 Β
2349 1846 2605 1905 offendat
2626 1850 2655 1904 ‘?

2416 1937 2470 1993 8.
2505 1936 3042 2010 Supergrediamur
3071 1937 3256 2011 igitur
3285 1936 3558 2009 plebeias
3588 1937 3866 2009 Opiniones,
3888 1940 3915 1989 et

2348 2028 2530 2082 strata
2560 2026 2833 2099 quadam
2861 2026 3128 2100 gregalis
3158 2028 3657 2097 conversationis,
3686 2042 3747 2081 ac
3772 2025 3916 2081 detrita

2345 2116 2459 2171 via
2483 2114 2705 2171 orbitas
2736 2114 3123 2186 declinemus,
3147 2131 3216 2170 ac
3248 2115 3522 2188 vulgaris
3545 2116 3759 2171 semita
3776 2113 3912 2169 solum

2347 2220 2525 2276 quam
2545 2204 2727 2259 currit
2747 2204 2866 2275 ille,
2904 2203 3082 2277 cujus
3104 2205 3222 2258 vita
3259 2205 3455 2260 levior
3471 2220 3710 2262 cursore
3746 2202 3915 2274 (John.

2345 2293 2455 2363 25),
2491 2293 2563 2348 de
2594 2308 2711 2365 quo
2743 2292 2989 2349 dicitur:
3043 2315 3064 2341 α
3114 2293 3438 2365 Transivit,
3476 2297 3533 2350 et
3573 2310 3686 2350 non
3725 2292 3837 2346 vidit
3855 2291 3917 2359 (10}

2346 2382 2535 2452 (Psal.
2558 2382 2787 2453 xxxvx).
2826 2402 2848 2431 ι»
2901 2381 3019 2437 Sed
3048 2397 3390 2453 quammus
3439 2383 3615 2439 nobis
3663 2383 3795 2437 viam
3819 2382 3915 2435 inac-

2349 2487 2584 2527 cessam
2632 2470 3012 2527 sermonibus
3062 2470 3449 2543 insolentius,
3489 2472 3701 2527 inviam
3725 2468 3916 2541 operibus

2348 2562 2774 2632 imperitorum,
2808 2575 2983 2631 quam
3013 2560 3213 2615 nullus
3246 2561 3597 2616 maculosus
3626 2561 3832 2632 peierat,
3852 2570 3917 2609 me

2352 2650 2597 2705 culosus
2628 2648 2860 2705 scilicet
2912 2648 3170 2720 ignavia
3200 2664 3329 2703 sua
3392 2650 3692 2718 sordibus,
3736 2650 3783 2703 et
3824 2645 3918 2699 tumo

2352 2738 2676 2810 iniquitatis
2726 2736 2945 2793 oblitus
2994 2736 3128 2808 (11),
3176 2737 3569 2810 tenebrisque
3615 2740 3668 2794 et
3706 2733 3917 2809 parietinis

2350 2827 2706 2898 quibusdam
2736 2826 2946 2889 anima
2991 2826 3298 2897 ruinosus,
3358 2828 3464 2899 qui
3511 2827 3721 2885 nullam
3760 2821 3915 2877 virtutis

2352 2908 2497 2972 903
2528 2915 2877 2970 suavitatem
2899 2914 3364 2986 gustaverit,aut
3389 2918 3550 2971 certe
3572 2911 3823 2983 limis(12)
3837 2922 3914 2963 eam
3960 2954 3961 2986 λ

2351 3003 2730 3075 spectandam
2751 2976 2944 3075 magis
2976 3019 3151 3075 quam
3184 2976 3413 3059 directo
3446 3002 3674 3073 atl‘ectu,
3711 2976 3761 3058 et
3790 2976 3918 3070 aperto
3960 2976 3961 3051 i

2351 3093 2486 3147 sinu
2507 3092 2721 3147 mentis
2753 3091 3194 3162 suscipiendam
3226 3092 3552 3148 arbitratus
3583 3094 3690 3148 sit:
3736 3092 3784 3145 et
3802 3081 3916 3159 (quod

2282 3224 2333 3288 ο
2350 3181 2616 3253 plerique
2636 3183 2851 3250 amant,
2877 3181 2977 3252 qui
2995 3180 3111 3234 sibi
3135 3180 3307 3235 faceti
3351 3185 3530 3253 atque
3565 3179 3759 3236 urbani
3782 3176 3918 3229 viden-

2352 3273 2384 3288 A,
2493 3287 2515 3288 η
2573 3270 2653 3288 I,I,
2690 3269 2981 3288 .01,_J'A__._
3018 3269 3309 3288 m__.,'--_n!_-
3360 3269 3404 3288 9,
3474 3261 3918 3288 1_I-_.____-..-..t.'m

2350 3273 2464 3340 tur,
2490 3269 2988 3341 pulchritudinem
3011 3269 3316 3339 sapientia
3356 3269 3419 3325 in
3458 3269 3709 3326 dedecus
3727 3261 3919 3321 versutia

2350 3359 2868 3432 transtigurantes,
2900 3373 3102 3412 veram
3132 3374 3250 3413 non
3299 3357 3544 3415 intuens
3584 3358 3819 3431 gratiam,
3842 3355 3917 3404 tan-

2351 3465 2525 3521 quam
2549 3448 2607 3502 in
2629 3450 2801 3503 nocte
2820 3446 3074 3518 positus,
3095 3463 3213 3502 non
3234 3447 3429 3502 credit
3445 3449 3504 3503 in
3525 3448 3615 3503 die
3634 3440 3914 3501 viventibus:

2351 3538 2489 3609 quia
2509 3538 2580 3592 de
2601 3551 2847 3593 numero
2868 3536 3303 3591 Themanorum
3325 3540 3389 3592 et
3419 3536 3749 3592 Sabaorum
3767 3534 3836 3588 est
3856 3528 3915 3581 de-

2352 3627 2673 3682 ﬁcientium
2702 3629 2759 3681 et
2794 3625 3184 3680 avertentium
3214 3640 3281 3681 se
3325 3642 3363 3680 a
3395 3628 3657 3696 veritate,
3688 3624 3752 3679 de
3778 3617 3919 3693 quibus

2353 3786 2422 3827 ca
2450 3771 2523 3826 de
2568 3785 2634 3826 re
2662 3769 3044 3842 adjiciemus‘
3063 3768 3160 3842 his
3191 3785 3325 3842 qua
3380 3770 3568 3840 priori
3595 3773 3737 3825 temo
3762 3766 3810 3819 in
3828 3756 3918 3832 p511.

2352 3859 2553 3911 cxvm,
2589 3840 2769 3897 serm.
2803 3857 2839 3893 v
2869 3845 2927 3905 et
2953 3840 3095 3896 alibi
3125 3841 3604 3898 subnotavimus.

2422 3913 2505 3985 ('9)
2541 3905 2626 3968 Ita
2661 3916 2779 3985 vet.
2812 3912 2951 3985 edit.
3010 3915 3068 3968 et
3097 3913 3536 3985 cuncti__mss.;
3595 3913 3746 3985 Rom.
3797 3905 3919 3985 aujgm

2352 3973 2574 4056 ed'it.',_a
2597 3983 2842 4056 qualem
2869 3982 2973 4037 vix
2998 3984 3229 4053 reperis
3260 3983 3446 4056 ullum
3471 4000 3487 4053 ;
3526 3973 3565 4032 ἰ
3600 3981 3741 4056 quod
3760 3993 3824 4056 ex
3846 3973 3920 4056 Vir-

2352 4055 2481 4124 gilii
2500 4045 2673 4127 Epig.
2709 4045 3255 4127 desumptuniesse
3285 4045 3485 4127 addita
3512 4045 3792 4127 marginali
3816 4045 3919 4100 notu-

2350 4122 2405 4180 la
2423 4122 2725 4197 indicaVit.
2744 4122 2982 4197 Verum
3011 4125 3250 4197 quidem
3277 4130 3374 4180 est
3400 4126 3557 4181 inter
3584 4122 3677 4179 illa
3710 4122 3917 4197 epigram-

2352 4201 2505 4252 mata
2527 4196 2755 4252 Maroni
2792 4187 3052 4266 ascripta
3089 4212 3290 4265 unum,
3324 4198 3486 4267 quod
3523 4187 3828 4267 etiaminter
3847 4187 3919 4260 All:

2352 4268 2729 4339 soniildyllia
2758 4261 3052 4337 reperitur
3095 4261 3365 4337 exstare,-
3409 4268 3470 4322 in
3500 4284 3613 4339 quo
3661 4262 3783 4339 illud
3805 4261 3919 4339 hem!-

2353 4333 2633 4395 stichium
2679 4333 2948 4408 habetur,
2995 4339 3097 4393 ubi
3145 4333 3348 4393 tamen
3396 4362 3418 4387 α
3455 4333 3667 4409 reperit
3710 4359 3729 4382 ιι
3760 4333 3917 4409 tegili“)

2352 4427 2470 4466 non
2505 4434 2526 4458 «
2563 4411 2816 4481 reperis.
2873 4431 2895 4459 ι
2946 4410 3361 4464 Verumtamen
3392 4408 3533 4465 non
3558 4425 3625 4464 eo
3665 4408 3916 4481 respenssf

2352 4478 2735 4537 Ambrosium
2772 4481 2907 4553 jure
2943 4481 3190 4553 dixeris,
3216 4482 3323 4536 sed
3346 4481 3441 4536 vel
3462 4482 3534 4535 ad
3563 4478 3840 4553 Josephuyl
3860 4479 3917 4553 illi}

2352 4554 2457 4609 lib.
2511 4559 2665 4609 cont.
2696 4547 2952 4624 Appian.
3009 4547 3201 4626 eidem
3260 4553 3612 4626 Pythagora
3636 4547 3916 4626 Δρξσᾱ-ίρξίξίεῖξῖθ

2355 4626 2661 4696 sapientia
2691 4612 2946 4696 palmam
2993 4612 3330 4696 adjudicat;
3373 4612 3488 4696 ver
3513 4612 3917 4696 adq-viduitas}:

2353 4680 2614 4751 monium
2633 4680 2736 4752 lib.
2767 4712 2847 4750 xv
2878 4680 3210 4750 Trans't'nut.
3243 4680 3315 4749 de
3336 4695 3542 4750 eodem
3563 4680 3917 4765 philosophoita

2356 4768 2622 4825 canentis
2648 4782 2661 4822 :

2512 4874 2714 4940 luentes
2737 4872 2865 4940 deos
2885 4872 3029 4940 adiit,
3062 4878 3112 4921 et
3138 4887 3258 4940 qua
3279 4879 3466 4923 natura
3494 4870 3721 4940 negavith

2510 4937 2732 4985 Visibus
2758 4932 3021 4995 humanis,
3054 4932 3226 4985 oculis
3253 4950 3312 4985 ea
3337 4932 3768 4999 pcctoris'hausit;

2356 5037 2451 5092 vel
2468 5036 2721 5106 denique
2741 5034 2815 5088 ad
2836 5033 2985 5088 alios
2998 5034 3310 5106 quospiam
3328 5028 3841 5106 antiquorumloco§y
3854 5012 3913 5066 αθ

2357 5125 2476 5165 non
2505 5096 2913 5177 infrequentes
2940 5096 3297 5177 Pythagora
3328 5096 3530 5177 laudes
3559 5096 3857 5177 occurrunt;

2428 5159 2961 5249 (Ῑόῖἑάίῖζξωιίωω
2982 5159 3195 5246 Faris‘i,
3224 5200 3246 5224 υ
3277 5159 3747 5249 'transivi,_et_x_10n
3770 5159 3909 5249 vidi-ﬁ

2463 5232 2635 5318 infra,
2672 5248 2778 5303 ‘ubi
2816 5264 2928 5302 nos
2950 5263 3085 5343 qum
3117 5232 3254 5330 ant.
3278 5249 3489 5343 edituet
3518 5232 3910 5343 plut-inbui

2358 5296 2645 5392 ribusque
2691 5334 2862 5389 mss.,
2914 5340 2945 5392 «_
2974 5318 3496 5392 fumoiniquitatis
3652 5296 3909 5392 Ηοφρῗξίξίξ

2520 5376 2621 5446 αἸίί
2652 5406 2823 5460 mss.,
2849 5376 2882 5438 ἀ
2918 5390 3055 5465 fimo
3086 5376 3429 5465 iniquitatis.
3466 5412 3488 5437 ι
3520 5376 3645 5465 Non.
3668 5376 3792 5465 malo

2359 5449 2451 5521 su.
2511 5466 2586 5518 At
2614 5479 2758 5518 vero
2810 5449 2971 5532 quod
3004 5478 3111 5531 pro
3173 5449 3210 5513 «⁸
3233 5462 3449 5517 oblitus
3483 5482 3505 5507 ιι
3544 5452 3762 5532 quidam
3805 5449 3907 5494 mss-

2355 5534 2698 5610 Ρνφξθνρηι,
2733 5557 2755 5581 α
2792 5531 3150 5610 οξὲἓίεαίιξε)
3187 5531 3571 5610 melius?“

2451 5606 2539 5679 υ)
2571 5592 2736 5679 cadi.
2769 5592 2966 5679 quis";
3002 5607 3062 5662 et
3086 5604 3225 5661 ﬁmo
3253 5600 3563 5679 iniquitatis
3591 5592 3881 5679 οωίεροχςη

2424 5609 2539 5749 EH)
2571 5609 2736 5662 Com.
2769 5609 2908 5660 edit.
2944 5624 2966 5655 ι
3002 5609 3062 5662 et
3086 5609 3225 5661 fimo
3253 5609 3563 5685 iniquitatis
3591 5609 3790 5671 ουιιιμε.
3825 5609 3881 5655 ρ,

2451 5676 2539 5749 19)
2570 5677 2717 5735 Μεεο
2750 5675 2991 5751 {mquam
3026 5696 3055 5732 υ
3078 5679 3187 5737 aut
3217 5679 3372 5737 certe
3397 5674 3566 5749 lippis
3591 5662 3767 5728 oculis.
3793 5646 3906 5706 »Μι-

2359 5747 2473 5813 ω
2502 5747 2833 5817 commode.
