4072 6174
272 316 443 386 ’1097

1441 307 2055 384 EPISTOLARUM
2099 313 2441 382 CLASSIS
2483 317 2534 384 Ῑ.

3565 314 3727 383 1098

286 502 437 560 dicit
463 499 581 558 Job
604 515 620 556 :
640 520 685 597 ἰι
729 498 938 557 Videte
971 499 1104 597 vias
1139 500 1596 572 Themanorum,
1630 503 1689 558 et
1716 500 1960 557 semitas
1982 500 2040 570 Α
2069 502 2268 556 autem
2295 503 2464 572 porta
2492 501 2553 556 et
2579 500 2842 571 spatiosa
2869 499 2984 573 via,
3017 516 3136 573 qua
3162 499 3329 557 multi
3358 496 3729 574 gradiantur,

287 588 682 660 Sabaorum';
713 589 851 661 quia
882 588 1296 646 confusionem
1329 590 1608 661 incident,
1641 590 1741 661 qui
1780 590 1841 644 in
1872 591 1959 645 ci-
2069 589 2145 644 ad
2174 592 2420 645 mortem
2453 589 2673 661 dirigit,
2707 593 2765 645 et
2790 590 3051 645 viatores
3081 605 3226 645 suos
3255 604 3327 646 eo
3355 590 3533 645 ducit.

292 679 577 735 vitatibus
605 681 664 733 et
690 677 914 735 divitiis
943 693 1112 749 spem
1141 678 1379 734 habent.
1412 679 1495 733 Ita
1523 681 1580 733 et
1616 693 1729 733 vos
1758 678 1960 733 insur-

292 767 540 824 rexistis
569 768 633 822 in
660 782 754 822 me
798 766 929 822 sine
969 766 1419 837 misericordia;
1468 767 1623 822 unde
1665 767 1796 823 viso
1829 767 1960 821 vul-

295 866 439 913 nere
471 870 604 911 meo
634 855 834 911 timete
864 854 1021 926 (Job.
1051 872 1132 926 VI,
1165 853 1372 922 19-21).
1412 877 1435 904 ιο

2154 670 2302 732 904
2346 678 2401 732 ’7.
2453 677 2541 732 Sit
2581 693 2729 749 ergo
2771 677 2866 732 via
2914 680 3116 733 nostra
3164 678 3495 751 angustior,
3544 677 3734 734 virtus

2075 766 2517 835 exuberantior,
2568 769 2789 821 trames
2836 766 3132 837 pressior,
3193 767 3343 821 ﬁdes
3400 767 3732 836 sublimior,

2074 854 2244 909 callis
2275 856 2513 924 arctior,
2544 854 2720 927 vigor
2763 856 2979 910 mentis
3017 855 3347 926 exundans,
3381 856 3608 910 semitae
3636 870 3736 909 re-

365 945 423 1000 4.
444 944 569 1000 Has
586 943 768 1016 igitur
789 943 993 999 devias
1007 942 1250 999 semitas
1271 943 1707 1013 declinantium,
1724 946 1781 999 et
1799 943 1963 999 illum
2072 945 2181 997 cta
2205 959 2220 1012 ;
2253 944 2389 1014 quia
2418 944 2762 999 inflexibilia
2791 947 2930 999 sunt
2956 944 3237 1000 virtutum
3257 944 3532 1017 vestigia.
3566 944 3736 1000 Unde

299 1033 700 1091 deﬁcientium
726 1032 1052 1103 pulverem,
1085 1032 1186 1104 qui
1215 1035 1455 1103 prepter
1484 1048 1653 1087 suam
1682 1035 1964 1103 appeten-
2072 1031 2349 1087 Salomon

298 1124 440 1179 tiam
490 1121 833 1178 ceciderunt
870 1135 1035 1192 saepe
1071 1121 1132 1175 in
1169 1121 1427 1191 deserto,
1461 1120 1961 1191 derelinquamus.

294 1211 728 1268 Convertamur
754 1212 971 1280 autem,
1002 1212 1061 1265 et
1088 1224 1411 1281 sequamur
1449 1210 1756 1281 sapientia
1784 1209 1961 1278 viam,

294 1315 474 1373 quam
519 1314 641 1355 non
684 1299 1062 1355 calcaverunt
1108 1297 1217 1353 filii
1270 1297 1730 1371 gloriﬁcantium
1784 1312 1853 1354 se
1908 1299 1967 1352 et

2409 1048 2421 1087 :
2466 1055 2488 1079 α
2533 1032 2579 1086 Ο
2627 1032 2728 1104 qui
2772 1033 3210 1105 dereliquerunt
3260 1034 3502 1090 semitas
3543 1035 3738 1089 rectas

2074 1119 2283 1190 (Prov.
2316 1137 2377 1194 ιι,
2410 1119 2538 1191 13)!
2576 1142 2597 1170 ιι

2141 1207 2194 1264 8.
2228 1207 2317 1264 Sit
2343 1224 2599 1281 gressus
2627 1210 2701 1265 ad
2729 1209 3074 1282 superiora;
3106 1212 3244 1283 quia
3272 1211 3487 1267 melius
3517 1214 3612 1267 est
3640 1226 3738 1267 as-

2075 1296 2350 1352 cendere.
2385 1297 2671 1370 Denique,
2708 1300 2865 1354 sicut
2911 1299 3130 1356 leetum
3174 1304 3268 1356 est
3307 1300 3522 1356 hodie:
3572 1322 3596 1348 α
3631 1298 3735 1355 Va

290 1388 670 1462 jactantium,
715 1403 894 1460 quam
936 1387 1195 1443 interitio
1236 1386 1493 1460 ignorat,
1527 1402 1692 1443 mors
1735 1385 1962 1456 nescit;
2072 1384 2149 1439 iis
2189 1386 2292 1457 qui
2326 1385 2695 1443 descendunt
2733 1389 2795 1443 in
2832 1387 3163 1460 Egyptum
3201 1389 3344 1461 (Isa.
3374 1404 3540 1461 xxxx,
3575 1386 3668 1459 1)!
3713 1408 3736 1436 ιν

298 1476 440 1550 quia
468 1476 581 1548 (13)
613 1476 775 1531 Deus
803 1474 1020 1531 direxit
1043 1489 1212 1531 eam:
1250 1494 1275 1527 ι
1308 1474 1589 1546 Abyssus
1618 1472 1796 1529 dixit:
1831 1473 1966 1528 Non
2072 1472 2208 1529 Non
2239 1475 2442 1547 utique
2462 1477 2719 1532 transire
2748 1477 2810 1532 in
2836 1476 3167 1549 [Egyptum
3195 1478 3583 1534 criminosum
3611 1479 3736 1533 est:

300 1568 398 1622 est
424 1565 628 1636 inme;
660 1578 825 1620 mare
847 1564 1021 1619 dixit:
1054 1563 1190 1619 Non
1210 1565 1303 1618 est
1323 1578 1556 1619 mecum
1575 1562 1731 1633 (Joh.
1755 1578 1963 1633 xxvm,
2072 1561 2182 1617 sed
2230 1564 2487 1619 transire
2534 1564 2596 1619 in
2641 1579 2842 1620 mores
2885 1556 3328 1637 Egyptiorum,
3377 1566 3634 1622 transire
3680 1565 3741 1621 in

304 1653 415 1725 14).
452 1678 475 1703 ι
510 1651 625 1709 Sed
656 1652 711 1709 si
740 1652 963 1725 quaeris
994 1651 1151 1706 viam
1188 1650 1495 1722 sapientia
1525 1654 1582 1706 et
1610 1649 1962 1722 disciplina,
2072 1664 2279 1705 eorum
2312 1651 2577 1721 perﬁdiae
2611 1653 2960 1723 savitatem,
2992 1657 3050 1708 et
3097 1654 3351 1710 luxuria
3397 1654 3742 1710 deformita-

301 1743 497 1799 colere
518 1742 725 1812 Deum,
755 1744 931 1813 atque
963 1740 1019 1797 ei
1038 1740 1342 1796 subditum
1370 1755 1510 1796 esse
1531 1739 1818 1811 sapientia
1835 1742 1927 1796 est
1952 1754 1964 1795 :

295 1830 598 1887 abstinere
627 1832 821 1886 autem
850 1845 884 1884 a
910 1829 1194 1902 peccatis,
1220 1828 1535 1900 disciplina
1566 1831 1678 1884 est.

1998 1878 2052 1941 B

2071 1742 2189 1794 tem
2221 1738 2355 1810 (16).
2387 1738 2497 1804 Qui
2528 1755 2600 1796 eo
2630 1741 2861 1812 transit,
2895 1741 3242 1797 descendit:
3276 1743 3378 1813 qui
3409 1742 3739 1813 descendit,

2076 1827 2251 1882 cadit.
2284 1828 2663 1884 Declinemus
2711 1828 2908 1900 itaque
2951 1828 3304 1902 [Egyptium
3333 1830 3655 1903 hominem,
3686 1833 3745 1886 et

369 1938 428 1993 5.
463 1936 616 2004 Quid
646 1937 830 2011 igitur
864 1935 1041 1992 nobis
1088 1951 1222 1991 cum
1268 1935 1445 1992 istius
1494 1934 1703 1991 saeculi
1743 1934 1860 2006 via,
1909 1935 1970 1990 in
2000 1916 2052 1941 υ
2074 1931 2194 2011 “9n
2224 1916 2432 2011 D99“):
2466 1917 2642 2011 vim?
2668 1918 2827 2011 9mm
2857 1918 2994 2011 9"}?
3038 1920 3211 2011 θιίθσξ
3255 1920 3388 1991 ipse
3414 1934 3523 1975 rex
3552 1920 3746 2011 ίΕεΥο

303 2043 423 2101 qua
452 2028 548 2082 est
575 2025 837 2097 tentatio,
868 2024 988 2081 imo
1016 2025 1149 2096 ipsa
1174 2025 1294 2079 vita
1314 2024 1573 2080 hominis
1593 2025 1835 2080 tentatio
1855 2026 1967 2095 est,

301 2118 362 2171 et
416 2114 633 2172 exilior
687 2129 863 2187 quam
917 2128 1116 2169 sermo
1178 2112 1533 2185 fabularum,
1591 2112 1855 2168 habitare
1910 2112 1971 2168 in

302 2203 481 2259 luteis
511 2202 810 2275 domibus,
841 2202 971 2258 dies
1001 2204 1059 2257 et
1088 2204 1295 2258 noctes
1334 2203 1396 2257 in
1426 2200 1613 2257 lucris
1641 2217 1884 2273 ponere,
1917 2203 1974 2257 et

304 2291 380 2348 de
399 2292 588 2347 lucris
600 2306 843 2363 semper
852 2291 1135 2365 cogitare,
1154 2294 1210 2346 et
1224 2291 1381 2346 sicut
1395 2290 1795 2346 mercenarios
1816 2290 1974 2345 diur-

302 2395 441 2435 nam
469 2380 806 2437 mercedem
848 2394 1138 2452 quaerere,
1171 2381 1366 2451 atque,
1409 2381 1473 2435 ut
1515 2379 1751 2435 cicadas
1790 2378 1972 2450 aiunt,

299 2484 447 2523 aura
466 2469 720 2541 quadam
742 2468 910 2540 pasci
921 2468 1345 2540 cupiditatum?
1362 2468 1514 2523 Vere
1536 2468 1693 2523 sicut
1713 2467 1971 2538 cicadas,

298 2556 440 2630 quia
467 2558 540 2613 de
568 2558 663 2614 die
691 2558 752 2613 in
784 2557 942 2613 diem
966 2558 1196 2632 vivunt,
1229 2559 1447 2630 questu
1475 2557 1593 2629 (14)
1622 2559 1974 2628 rumpuntur

299 2662 437 2702 suo.
460 2645 611 2712 Quid
628 2646 783 2702 enim
803 2646 964 2703 aliud
986 2650 1126 2703 sunt
1142 2647 1418 2703 homines
1432 2647 1654 2703 nullius
1666 2647 1970 2718 ponderis,

299 2734 528 2792 nullius
558 2735 913 2808 disciplina,
945 2735 1066 2791 nisi
1096 2738 1160 2791 ut
1186 2736 1500 2792 videantur
1537 2736 1693 2792 sicut
1730 2736 1972 2807 cicadae,

296 2823 379 2879 ad
409 2827 659 2881 mortem
701 2825 824 2880 nati
854 2825 1147 2896 diurnam,
1180 2826 1516 2896 strepentes
1556 2825 1751 2897 magis
1800 2840 1975 2896 quam

296 2912 664 2986 loquentes?
693 2913 803 2980 Qui
834 2914 949 2970 sub
977 2914 1190 2970 ardore
1211 2913 1564 2970 ferventium
1594 2914 1975 2985 cupiditatum

300 3017 379 3058 se
408 3002 704 3058 mulceant
730 3004 908 3059 cantu
935 3002 1053 3058 sibi
1080 3004 1284 3075 noxio,
1315 3004 1649 3076 statimque,
1682 3003 1971 3074 occidant,

297 3090 536 3148 nullum
579 3091 837 3148 fructum
883 3091 1166 3165 ferentes,
1212 3092 1361 3148 nihil
1409 3092 1696 3149 habentes
1742 3092 1972 3165 gratia.

292 3180 547 3237 Illorum
574 3181 757 3254 igitur
783 3182 898 3237 via
928 3182 1125 3238 noxia
1155 3185 1558 3255 tortuosaeque
1589 3182 1973 3253 serpentium,

297 3270 414 3342 qui
441 3273 732 3326 venenato
760 3270 933 3342 lapsu
963 3271 1233 3343 corporis
1263 3287 1403 3326 sese
1434 3270 1689 3340 trahunt,
1721 3274 1895 3343 atque
1916 3270 1978 3325 in

297 3358 536 3430 spiram
563 3359 676 3431 (15)
707 3360 988 3432 nequitiae
1019 3376 1160 3418 sese
1192 3360 1498 3433 colligunt,
1522 3362 1577 3415 et
1596 3360 1828 3431 erigere
1858 3374 1976 3414 non

299 3450 534 3521 queunt
560 3448 636 3504 ad
666 3449 950 3505 coelestia.

378 3552 433 3611 6.
485 3555 897 3629 Ingrediamur
952 3558 1146 3612 autem
1200 3559 1403 3628 portas
1460 3556 1714 3629 Domini,
1774 3557 1976 3627 portas

290 3641 579 3717 justitia,
603 3661 753 3718 quas
771 3644 975 3718 justus
997 3645 1098 3718 qui
1118 3644 1646 3719 fueritingressus,
1667 3645 1979 3701 conﬁtetur

294 3733 560 3790 Domino
608 3734 801 3806 (Psal.
834 3751 1015 3807 cxvu,
1050 3733 1137 3807 19,
1169 3735 1281 3806 20).
1312 3734 1430 3791 Sed
1478 3735 1609 3791 haec
1652 3749 1976 3806 paucorum

298 3824 638 3896 ingressio,
659 3824 818 3880 unde
849 3824 1138 3881 Dominus
1160 3824 1259 3897 ait,
1282 3826 1419 3897 quia
1456 3846 1478 3874 ι
1498 3828 1753 3897 angusta
1786 3826 1971 3895 porta,

297 3916 371 3969 et
419 3914 578 3967 arcta
621 3915 715 3968 est
758 3913 874 3985 via,
921 3929 1055 3985 quae
1101 3912 1263 3969 ducit
1303 3913 1378 3968 ad
1426 3913 1641 3985 vitam;
1702 3916 1758 3968 et
1804 3912 1977 3984 pauci

300 4003 456 4058 sunt
496 4001 598 4074 qui
644 4001 952 4058 inveniunt
996 4017 1125 4058 eam
1173 4001 1414 4074 (Matth.
1461 4019 1564 4075 vn,
1611 4002 1721 4073 14).
1760 4022 1783 4052 ι
1836 4002 1979 4056 Lata

386 4144 499 4218 (13)
547 4144 831 4202 Nonnulli
876 4161 1064 4218 mss.,
1101 4164 1126 4197 α
1184 4144 1433 4201 interior
1484 4146 1975 4218 ignoratﬂmors:

296 4216 505 4273 nescit
533 4218 690 4288 quia,
729 4239 751 4266 ιο
785 4221 899 4273 etc.
932 4217 1146 4272 Melius
1176 4233 1319 4273 vero
1343 4216 1561 4289 caeteri,
1586 4220 1643 4273 et
1666 4217 1805 4272 edit.
1830 4222 1893 4272 ut
1921 4218 1982 4273 in

294 4290 500 4430 una?)
527 4357 657 4414 Vet.
690 4358 828 4415 edit.
837 4380 916 4441 ,μα
952 4361 1303 4441 quaestuque
1330 4374 1344 4415 :
1382 4378 1405 4409 ι
1438 4359 1637 4429 Rom.,
1664 4381 1687 4408 α
1722 4362 1982 4441 quaestu-

296 4444 465 4503 queg;
500 4453 524 4479 ιι
558 4445 709 4503 mss.
734 4432 1007 4487 omittunt
1034 4432 1303 4503 copulam
1338 4452 1361 4479 α
1387 4446 1523 4502 que,
1547 4453 1570 4480 ι»
1602 4447 1721 4487 ιιοιι
1752 4434 1984 4486 incom-

297 4501 526 4573 ﬁiode;
574 4502 914 4573 sediminus
954 4501 1244 4558 concinne
1278 4524 1301 4550 α
1334 4501 1572 4573 quaestu
1601 4525 1624 4551 ι»
1658 4518 1767 4573 per
1809 4503 1984 4573 diph-

2073 2004 2329 2076 ptiorum
2345 2005 2407 2059 in
2426 2007 2777 2076 potestatem
2796 2008 2887 2061 est
2904 2006 3097 2078 datus,
3112 2007 3290 2080 cujus
3306 2008 3745 2080 comparatione

2075 2093 2319 2165 Moyses
2352 2093 2513 2149 Deus
2543 2094 2870 2149 astimatus
2892 2097 3003 2165 est,
3019 2095 3319 2165 imperans
3348 2098 3576 2168 regnis,
3602 2097 3745 2152 sub-

2073 2181 2293 2254 jiciens
2325 2182 2444 2237 sibi
2480 2184 2826 2253 potestates.
2863 2182 3031 2239 Unde
3080 2184 3135 2239 ei
3181 2185 3401 2240 dictum
3446 2185 3740 2257 legimus:

2083 2292 2106 2319 «
2142 2268 2380 2324 Faciam
2402 2274 2458 2326 te
2488 2271 2548 2325 in
2578 2270 2765 2325 Deum
2792 2271 2925 2343 regi
2948 2271 3246 2329 Pharaoni
3276 2273 3494 2345 (Exod.
3527 2289 3630 2344 vn,
3665 2274 3738 2343 1).

2076 2359 2241 2430 Vale,
2274 2362 2334 2415 et
2359 2374 2496 2430 nos,
2527 2362 2591 2413 ut
2620 2358 2790 2428 facis,
2824 2361 2999 2431 quasi
3025 2360 3186 2417 ﬁlius
3216 2361 3418 2434 dilige.

2524 2447 2896 2503 EPISTOLA
2932 2449 3122 2504 XXIX
3160 2449 3294 2523 (ιτ).

2079 2536 2335 2611 Pulchri
2340 2537 2600 2592 tudinem
2611 2538 2825 2592 summi
2836 2537 2981 2611 boni
2992 2540 3367 2611 quaerendam
3379 2541 3605 2609 suadet,
3615 2541 3746 2598 fore

2156 2615 2215 2664 ut
2232 2608 2340 2685 illa
2369 2614 2687 2685 recreetur
2720 2608 2920 2664 oculus
2947 2608 3174 2685 adster,
3213 2618 3385 2685 atque
3414 2608 3607 2685 anima
3637 2631 3746 2669 nu-

2156 2679 2380 2755 triatur
2395 2680 2694 2755 Spondens
2704 2698 2724 2746 ;
2747 2696 2816 2736 eo
2837 2681 2986 2755 quo_d
3000 2681 3100 2737 hic
3121 2679 3331 2755 anima
3345 2684 3514 2739 cibus
3529 2686 3631 2755 sit,
3653 2701 3749 2740 cu-

2143 2752 2665 2828 juscognitionem
2677 2753 2906 2828 sanctis
2916 2752 3079 2828 Qeus
3088 2769 3158 2808 re
3168 2752 3631 2828 velat_,quemque
3642 2756 3752 2811 Da-

2162 2822 2264 2877 vid
2291 2822 2500 2898 cupide
2528 2822 2858 2898 indagavit.
2902 2822 3028 2898 Hoc
3046 2823 3259 2898 bonum
3290 2822 3638 2898 diligentem
3659 2833 3749 2882 te-

2157 2893 2412 2971 nendum
2444 2908 2580 2948 esse
2596 2893 2898 2971 Lquando
2914 2894 3072 2949 idem
3098 2896 3289 2971 ipsum
3304 2893 3437 2971 sit,
3467 2900 3618 2971 quod
3644 2914 3752 2971 an-

2156 2965 2362 3037 nuntia
2373 2970 2585 3037 verunt
2598 2964 2654 3018 E
2666 2964 3271 3037 vangeilistaﬁcilicet
3289 2964 3614 3025 Christum.
3629 2970 3753 3025 Hoc

2155 3035 2370 3113 bonum
2403 3036 2501 3108 qui
2531 3052 2657 3113 cum
2688 3035 2995 3113 deeiderio
3017 3035 3316 3108 hauserit,
3350 3055 3478 3113 eum
3526 3041 3601 3095 ad
3633 3058 3753 3113 my-

2158 3107 2480 3162 steriorum
2498 3107 2810 3161 scientiam
2824 3114 3282 3183 perventurum,
3296 3107 3354 3183 et
3367 3109 3496 3181 jam
3520 3107 3754 3183 neglec-

2160 3183 2353 3252 turum
2388 3193 2512 3248 qua
2541 3184 2678 3252 sunt
2708 3179 2998 3252 corporis,
3030 3179 3107 3252 ad
3137 3182 3284 3251 quod
3309 3179 3631 3252 Apostolus
3649 3197 3756 3237 nos

2158 3249 2532 3321 adhortatur.
2556 3248 2926 3321 Elevandam
2956 3248 3419 3321 igitur—animam
3437 3252 3512 3307 ab
3532 3251 3756 3308 affecti-

2158 3319 2287 3387 bus,
2323 3326 2383 3374 ut
2412 3320 2650 3375 feratur
2680 3321 2755 3396 ad
2779 3319 2998 3396 honuni
3028 3321 3194 3391 illud,
3226 3323 3289 3396 in
3322 3338 3431 3396 quo
3457 3323 3595 3396 fons
3621 3325 3757 3378 vita

2163 3397 2276 3462 est,
2312 3397 2370 3446 et
2413 3407 2521 3465 quo
2549 3392 2789 3465 nonnisi
2822 3392 3046 3465 virtute
3081 3392 3488 3464 perduciinur.
3540 3394 3751 3451 Verum

2153 3463 2677 3534 perseverantiam
2707 3463 2782 3517 ad
2815 3464 2880 3518 id
2909 3478 3051 3535 Opus
3081 3463 3216 3519 esse
3246 3472 3304 3519 et
3336 3467 3747 3521 constantiam.

2456 3552 2800 3607 Aueaosrus
2840 3551 3076 3609 lasmao
3115 3553 3386 3611 salutem.

2163 3643 2215 3699 1.
2248 3642 2405 3698 Inter
2445 3640 2785 3712 legendum,
2817 3656 2951 3695 cum
2984 3642 3284 3713 paululum
3323 3644 3759 3717 requievissem

2091 3734 2308 3802 animo,
2342 3730 2479 3802 quia
2508 3730 2914 3785 lucubratione
2945 3730 3285 3787 destiteram
3317 3731 3452 3805 (18),
3485 3733 3759 3789 versicu-

2092 3821 2214 3877 lum
2264 3821 2428 3875 illum
2472 3820 2625 3890 ccepi
2671 3834 2899 3875 mecum
2945 3820 3207 3893 volvere,
3255 3837 3374 3893 quo
3415 3823 3655 3894 vesperi
3700 3823 3760 3876 in

2095 3910 2323 3982 vigiliis
2375 3907 2472 3964 usi
2530 3907 2834 3963 fueramus
2892 3908 3050 3980 (19):
3125 3907 3334 3984 Ὠραῖος
3388 3908 3561 3964 κάλλει
3618 3912 3763 3984 παρᾶ

2092 3998 2212 4060 τοὺς
2270 3995 2413 4058 υἱοὺς
2469 3999 2570 4049 τῶν
2634 3996 2906 4071 ἀνθρώπῶν
2943 3998 3077 4071 (20).
3120 3996 3210 4060 Ὠς
3276 4000 3457 4075 ὡραῖοι
3516 4002 3564 4054 οὶ
3620 3995 3764 4061 πόδες

2165 4140 2280 4214 (16)
2310 4140 2614 4215 Vet.__edit.
2655 4143 2717 4215 et
2759 4156 2907 4215 mss.
2960 4157 3079 4199 non
3124 4144 3318 4215 pauci,
3355 4164 3379 4195 α
3430 4143 3757 4215 perﬁdiam,

2095 4213 2264 4287 escae
2284 4213 2681 4287 cupiditatem,
2706 4213 2956 4268 luxuriae
2981 4229 3055 4287 ;ﬁ»
3082 4213 3340 4287 quidam,
3369 4238 3391 4287 ιδ
3425 4213 3763 4270 aviditatem

2096 4283 2423 4340 etluxuria
2442 4283 2908 4356 deformitatem;
2945 4306 2967 4332 τι
2986 4283 3240 4356 Ρι-ᾱιθιι.
3267 4283 3540 4356 δι’(ῗιθιῐιη
3568 4308 3589 4333 α
3624 4301 3762 4356 per-

2100 4357 2335 4411 ﬁdiam:
2372 4371 2530 4410 esca
2561 4355 2896 4425 cupiditate,
2927 4359 2981 4409 et
3018 4355 3270 4410 luxuriae
3292 4355 3659 4410 deformitate
3686 4370 3699 4424 ;
3735 4374 3758 4404 ι

2099 4427 2221 4495 alii,
2255 4442 2323 4481 ac
2356 4428 2530 4481 Rom.
2564 4427 2725 4494 edit.,
2754 4446 2776 4476 ι
2801 4425 3068 4496 perﬁdia
3090 4427 3418 4482 savitatem
3445 4442 3460 4496 ;
3496 4448 3518 4474 ι»
3540 4426 3760 4497 Albim,

2102 4521 2125 4547 ει
2161 4498 2508 4565 cacitatem,
2546 4519 2568 4545 η
2603 4500 2714 4551 etc.

299 4564 1263 4658 tirongum'e.ﬁ‘erunt.‘i1}tenimnhic
1280 4564 1400 4630 non
1422 4564 1681 4630 obscure
1709 4564 1986 4629 alluditur
2012 4590 2067 4658 Β
2311 4564 2542 4658 Scripta
2572 4564 3048 4658 eirca‘ann:

302 4644 391 4699 ad
420 4644 565 4699 illud
599 4644 765 4716 Virg.
798 4661 874 4700 ex
903 4644 1006 4701 lib.
1039 4662 1102 4700 ιιι
1131 4645 1349 4717 Georg.
1379 4661 1391 4701 :

471 4745 535 4799 Et
557 4757 715 4801 cantu
737 4751 973 4815 querula
999 4758 1244 4815 rumpent
1263 4752 1478 4802 arbusta
1502 4752 1715 4802 cicada.

390 4848 558 4915 Quod
585 4853 780 4906 autem
809 4852 1052 4907 easdem
1083 4851 1320 4907 cicadas
1349 4866 1492 4906 aura
1522 4851 1791 4905 victitare
1812 4856 1985 4905 as'se-

304 4924 396 4982 rit
423 4927 668 4994 sanctus
697 4923 943 4994 prasul,
992 4924 1105 4979 etsi
1136 4925 1439 4994 respicere
1488 4923 1757 4994 potuerit
1786 4925 1891 4994 aut
1911 4922 1985 4975 ad

300 4995 499 5051 Arist.
531 4993 636 5048 lib.
660 5010 679 5047 ι
713 4993 789 5064 de
810 4994 969 5048 Hist.
1006 4993 1290 5063 Animal,
1326 5010 1453 5064 cap.
1478 4995 1531 5064 Ἴ,
1569 4996 1669 5047 aut
1697 4993 1768 5047 ad
1812 4993 1984 5046 Plinii

301 5066 431 5137 lib.
451 5081 514 5134 ιι,
548 5079 677 5136 cap.
709 5063 800 5137 26,
831 5065 1089 5121 maxime
1110 5081 1253 5121 vero
1276 5066 1349 5120 ad
1380 5063 1546 5137 Virg.
1566 5064 1772 5136 Eclog.
1805 5065 1857 5136 5,
1883 5065 1985 5119 ubi

302 5136 576 5209 legimus
601 5152 615 5191 :

438 5242 688 5304 Dumque
712 5242 891 5306 thymo
912 5248 1197 5307 pascentur
1218 5256 1362 5306 apes,
1396 5243 1520 5293 dum
1543 5256 1660 5293 rore
1681 5242 1896 5292 cicada.

393 5347 633 5406 Certum
663 5351 857 5405 tamen
888 5352 981 5405 est
1011 5350 1391 5407 imitationem
1422 5350 1520 5406 hic
1549 5350 1817 5406 Philonis
1848 5366 1987 5405 esse

309 5438 397 5478 ex
426 5421 811 5504 citato‘l’ibro,
849 5420 1013 5488 Quod
1043 5424 1234 5478 omnis
1245 5423 1473 5493 probus
1492 5422 1673 5495 liber,
1708 5439 1826 5478 non
1855 5422 1983 5497 lon-

305 5509 395 5566 ge
424 5493 498 5547 ab
531 5493 719 5547 initio.
1660 5493 1666 5495 ⁷
1909 5493 1917 5497 ’

388 5563 505 5646 (15)
536 5564 686 5645 ltiss.
720 5563 963 5690 eliceret,
1000 5563 1119 5646 {in
1163 5563 1499 5636 sphaeram;
1536 5587 1558 5612 ιι
1591 5564 1689 5620 alii
1734 5566 1791 5620 et
1828 5564 1990 5636 edit.,

315 5657 346 5687 ιι
384 5650 447 5690 ιιι
477 5649 721 5690 smram.
759 5657 782 5685 ο
867 5652 983 5690 ινιτ.
1010 5635 1115 5690 lib.
1148 5652 1196 5690 ιι
1227 5635 1445 5690 Geora.
1465 5655 1483 5690 .-

315 5657 346 5687 ιι
384 5634 447 5692 in
477 5635 721 5710 spiram.
759 5657 782 5685 ο
816 5634 983 5709 Virg.
1010 5635 1115 5693 lib.
1148 5634 1483 5710 n’GeorgJ

481 5740 785 5812 Squameus
808 5746 863 5797 in
896 5746 1094 5810 spiram
1118 5751 1290 5799 tractu
1317 5760 1375 5798 se
1406 5744 1607 5815 colligit
1628 5745 1841 5814 anguis.

598 5853 858 5921 ΡΑτιιοι.
896 5854 1053 5919 XVI.

2169 4638 2282 4710 (18)
2318 4638 2551 4711 Edit’.”
2584 4638 2868 4711 nonquia
2896 4638 3183 4694 innocens
3215 4638 3592 4711 approbatur.
3632 4663 3653 4688 »

2172 4709 2284 4781 (19)
2318 4712 2399 4766 De
2429 4710 2636 4783 primis
2666 4709 2891 4783 vigiliis
2923 4726 3057 4783 qua
3106 4709 3310 4764 statim
3350 4713 3536 4783 prima
3567 4710 3760 4767 noctis

2099 4783 2245 4838 hora
2267 4780 2777 4852 persolvebantur,
2813 4780 2909 4833 hic
2927 4781 3095 4836 locus
3118 4787 3228 4836 est.
3254 4783 3337 4837 De
3351 4780 3569 4837 iisdem
3591 4785 3766 4838 etiam

2099 4853 2793 4925 loquiturHieronymus,
2815 4852 2987 4920 epist.
3011 4853 3063 4917 ’7,
3089 4854 3165 4908 ad
3184 4854 3425 4924 Laetam,
3445 4855 3612 4909 hisce
3634 4871 3766 4909 ver-

2100 4923 2219 4993 bis,
2256 4946 2278 4972 «
2312 4938 2687 4993 accensaque
2717 4923 2958 4976 lucerna
2987 4925 3236 4979 reddere
3267 4923 3626 4981 sacriﬁcium
3657 4942 3765 4980 ve-

2106 4996 2514 5066 spertinum,»
2568 4993 2777 5066 supple
2825 4998 3155 5049 assuescat.
3187 4998 3237 5049 A
3284 4997 3524 5051 lucerna
3574 5002 3768 5052 autem

2106 5064 2413 5121 dicebatur
2459 5064 2875 5137 lucernarium,
2913 5066 2984 5120 de
3025 5082 3141 5137 quo
3187 5066 3473 5137 Epiphan.
3508 5069 3567 5123 in
3614 5071 3768 5123 Ana-

2107 5137 2501 5223 eeph.,§asi‘l.
2517 5135 2854 5223 delSpi‘rit'u‘
2868 5135 3091 5223 sancto,
3117 5135 3255 5223 cap:
3268 5135 3433 5223 ἓξ)νῴ
3453 5140 3764 5223 Οιινγερξῑ.

2105 5207 2264 5264 hom.
2301 5207 2366 5284 19
2397 5208 2775 5284 adhntioch.
2809 5207 2993 5284 Porro
3026 5210 3096 5263 de
3127 5207 3261 5265 aliis
3292 5207 3524 5267 duabus
3538 5207 3768 5284 rvigiliis

2106 5297 2240 5356 quae
2271 5283 2327 5356 e_t
2358 5279 2547 5356 media
2578 5281 2774 5356 nocte,
2808 5283 2866 5356 et
2893 5280 3218 5356 sub-ortum
3249 5284 3396 5356 solis
3418 5279 3763 5356 agebantur,

2105 5350 2213 5406 cla:
2232 5351 2555 5423 eloquitur
2590 5350 2947 5423 Ambrosius
2976 5352 3080 5407 lib.
3112 5371 3132 5407 ι
3163 5354 3237 5409 dc
3271 5350 3504 5409 Ahrah.
3550 5369 3676 5423 cap.
3710 5352 3766 5420 9,

2104 5423 2207 5496 lib.
2240 5421 2470 5496 deEIia
2502 5421 2986 5496 etjcjunio,_cap.
3021 5425 3108 5494 15,
3141 5426 3202 5480 in
3219 5426 3370 5496 psal.
3396 5440 3582 5480 xxxvi
3603 5421 3764 5478 vers.

2104 5495 2192 5563 25,
2227 5496 2283 5548 et
2313 5494 2372 5548 in
2405 5509 2586 5548 cxvm
2616 5509 2795 5548 serm.
2829 5494 2915 5549 19.

2179 5565 2295 5638 (20)
2320 5565 2487 5620 Hunc
2508 5580 2754 5620 versum
2775 5566 2847 5638 de
2869 5582 3155 5638 corporea
3176 5566 3397 5623 Christi
3418 5566 3620 5636 specie
3642 5564 3768 5619 vul-

2110 5650 2190 5709 go
2219 5636 2676 5710 interpretantur
2703 5636 3159 5710 noviTheologi
3185 5655 3199 5709 ;
3232 5653 3364 5693 cum
3396 5643 3632 5694 veteres
3659 5639 3769 5692 Pa-

2109 5708 2234 5769 tres
2264 5723 2399 5769 eum
2429 5708 2501 5767 de
2532 5709 2661 5771 sola
2690 5709 2957 5772 interiori
2992 5708 3427 5793 pulchritudine
3456 5710 3768 5769 intellexe-

3414 5856 3486 5931 35
