3942 6168
412 284 571 357 1099

1863 290 1929 354 S.
1976 288 2421 356 AMBROSII.

3640 296 3774 365 1100

409 489 513 542 τῶν
578 482 1028 561 etiannum
1089 481 1246 542 αὐτόν
1280 486 1420 559 (Isa.
1481 504 1592 560 nn,
1666 484 1745 561 '7).
1808 488 1883 545 Et
1941 505 2050 546 ver

2197 491 2371 563 nique
2400 490 2515 547 hoc
2546 504 2686 546 esse
2716 504 3013 547 summum
3058 488 3280 546 bonum
3316 488 3586 549 subtexuit
3610 496 3775 552 statim

410 576 560 632 nihil
592 576 931 646 speciosius
952 577 1054 633 illo
1084 592 1316 632 summo
1337 577 1517 648 bono,
1541 576 1719 649 cujus
1747 579 1922 633 etiam
1941 594 2086 649 prae-

410 663 626 719 dicatio
658 665 936 735 speciosa
956 668 1050 720 est
1070 665 1269 737 nimis,
1295 669 1351 721 et
1364 666 1618 721 maxime
1639 667 2081 737 perseverantis

412 754 712 809 sermonis
723 770 1072 826 processus,
1088 758 1148 809 et
1159 755 1429 826 quaedam
1440 756 1786 826 apostolicae
1798 756 2083 825 praedica-

412 842 593 898 tionis
612 843 890 916 vestigia.
927 843 1044 898 Sed
1074 844 1172 898 illa
1204 845 1305 915 qui
1332 845 1625 915 possunt?
1651 842 1879 907 Quibus
1910 844 2087 898 dona-

413 930 498 985 vit
545 931 727 998 Deus,
778 948 897 987 non
943 932 1139 987 solum
1188 936 1251 987 ut
1298 931 1602 988 Christum
1646 930 2080 1002 annuntiarent,

414 1020 520 1075 sed
554 1020 726 1075 etiam
757 1036 865 1091 pro
896 1020 997 1075 illo
1028 1023 1386 1092 paterentur.

488 1110 540 1163 2.
574 1108 702 1164 Nos
733 1112 1015 1180 quantum
1045 1125 1391 1181 possumus,
1427 1109 1802 1164 intendamus
1830 1108 1931 1164 illo
1960 1109 2083 1163 ani-

413 1213 596 1268 mum,
620 1200 679 1251 et
706 1198 768 1252 in
794 1197 896 1252 illo
925 1198 1135 1267 simus,
1168 1198 1312 1253 illud
1340 1199 1535 1253 animo
1563 1200 1890 1267 teneamus,
1925 1197 2084 1268 quod

415 1288 512 1342 est
530 1285 866 1357 pulchrum,
885 1285 1188 1356 decorum,
1204 1287 1448 1358 bonum,
1461 1289 1525 1341 ut
1545 1287 1642 1340 ﬁat
1660 1285 2085 1340 illuminatione

415 1373 554 1447 ejus
584 1378 643 1430 et
672 1374 907 1447 fulgore
928 1375 1206 1446 speciosa
1225 1375 1418 1431 anima
1434 1378 1658 1446 nostra,
1678 1379 1736 1429 et
1754 1390 1923 1429 mens
1942 1374 2086 1430 dilu-

417 1464 571 1519 cida.
602 1464 755 1519 Nam
784 1463 838 1519 si
868 1464 1027 1519 oculi
1071 1465 1262 1519 nostri
1302 1480 1437 1520 cum
1474 1464 1671 1535 aliqua
1713 1462 2086 1519 obducuntur

417 1552 694 1625 caligine,
716 1555 1042 1624 pascuntur
1057 1568 1338 1626 agrorum
1355 1552 1649 1608 viriditate
1667 1554 1726 1607 et
1745 1552 1946 1623 specie
1974 1567 2083 1607 ne-

416 1641 624 1711 moris,
646 1641 742 1697 vel
760 1641 931 1696 collis
948 1633 1094 1697 905
1115 1642 1361 1697 herbosi
1377 1656 1613 1697 omnem
1627 1640 2084 1712 inaequalitatem

418 1729 809 1802 mgrescentis
840 1730 1081 1786 obtutus
1112 1729 1423 1801 repellunt,
1455 1732 1514 1784 et
1561 1729 1814 1801 quadam
1855 1728 2082 1783 salubri

2193 580 2254 634 in
2283 579 2490 635 eodem
2518 579 2747 650 psalmo
2772 596 2786 635 :
2834 603 2856 627 κ
2887 578 3081 635 Credo
3109 579 3313 635 videre
3338 564 3482 637 bona
3509 582 3709 638 Domini
3730 585 3778 641 in

2192 671 2349 724 terra
2393 669 2716 724 viventium
2758 668 2935 738 (Ibid.
2971 668 3080 738 13).
3119 692 3141 716 ιι
3178 668 3291 723 Hic
3338 669 3482 724 enim
3527 673 3777 743 quaeritur,

2193 757 2314 813 illic
2344 757 2501 813 facie
2528 757 2603 812 ad
2632 756 2845 812 faciem
2874 756 3049 827 plene
3068 757 3378 813 videbitur.
3399 758 3518 813 Hoc
3532 758 3783 816 bonumin

2195 846 2368 902 domo
2401 847 2507 901 Dei
2528 848 2639 917 est,
2671 846 2732 900 in
2762 845 2863 901 illo
2885 848 3118 901 secreto
3138 845 3273 916 ejus
3302 861 3367 901 ac
3387 861 3628 903 recessu.
3648 848 3781 904 Unde

2195 936 2407 989 iterum
2426 936 2505 989 ait
2524 950 2537 989 :
2577 957 2601 982 ιι
2625 934 3007 1004 Replebimur
3021 934 3269 989 inbonis
3292 935 3491 990 domus
3510 938 3615 991 tua;
3634 936 3782 1006 (Psal.

2195 1040 2352 1093 Lxrv,
2385 1025 2460 1094 5).
2503 1046 2526 1072 ι
2559 1022 2719 1077 Alibi
2745 1038 2981 1094 quoque
3012 1023 3164 1078 hanc
3192 1038 3473 1078 summam
3500 1039 3625 1079 esse
3646 1024 3786 1080 bene-

2196 1112 2472 1167 dictionis
2504 1112 2820 1183 expressit,
2855 1111 3100 1167 dicens:
3146 1134 3170 1159 α
3205 1111 3513 1167 Benedicat
3543 1115 3595 1167 te
3628 1112 3786 1168 Domi-

2198 1216 2312 1255 nus
2339 1216 2416 1255 ex
2444 1199 2609 1271 Sion,
2642 1202 2701 1255 et
2725 1199 2933 1255 videas
2967 1216 3101 1271 qum
3131 1199 3287 1256 bona
3318 1203 3454 1255 sunt
3478 1200 3787 1257 Hierusalem

2195 1289 2383 1360 (Psal.
2415 1305 2637 1359 cxxvu,
2668 1288 2745 1358 5).
2783 1309 2806 1337 ι
2843 1289 2982 1344 Ideo
3011 1288 3222 1344 beatus
3253 1289 3356 1361 qui
3385 1288 3501 1344 illic
3535 1288 3788 1345 habitatin

2194 1377 2479 1450 ingressu
2509 1377 2666 1448 ﬁdei,
2690 1377 3069 1449 hospitioque
3091 1378 3327 1449 mentis,
3352 1377 3792 1434 devotionishabi

2191 1464 2407 1536 taculo,
2440 1466 2895 1521 conversatione
2922 1466 3181 1521 virtutis.

2263 1589 2317 1645 6.
2347 1588 2414 1645 In
2440 1589 2541 1646 illo
2570 1589 2754 1663 igitur
2798 1590 3009 1662 simus,
3042 1593 3215 1663 atque
3264 1589 3326 1645 in
3374 1605 3444 1646 eo
3487 1603 3788 1660 maneamus,

2194 1678 2266 1734 de
2296 1694 2412 1750 quo
2445 1681 2502 1734 et
2531 1679 2719 1735 Isaias
2749 1679 2892 1735 dicit
2920 1678 3033 1753 (22)
3059 1695 3071 1736 :
3109 1702 3131 1728 ιι
3164 1678 3352 1745 Quam
3381 1679 3627 1750 speciosi
3652 1678 3790 1750 pedes

2194 1767 2725 1840 evangelizantium
2786 1783 2993 1840 pacem
3019 1810 3034 1840 ,
3107 1767 3626 1840 evangelizantium
3679 1766 3792 1822 bona

417 1818 633 1930 ῗξῖῗῗίὶ
648 1817 1271 1930 Ρὲἒὲἓῗιίειῖθῗέἷίέῗῗ
1284 1818 1765 1930 3T3?i“.‘.’.‘?1°}l‘.‘_‘i
1774 1817 2081 1930 illi???
2109 1841 2161 1907 Β
2195 1817 2463 1927 {iam}.
2470 1817 2577 1928 ‘5)"
2578 1817 2598 1912 ί
2604 1817 2663 1906 ’ἶ
2669 1817 2819 1922 Eni
2828 1817 3104 1928 ἐᾷἶιῖἇιιί
3112 1817 3706 1930 ᾏπῖἕιῗέἑίἷὲεἷιέὶῖῖίεῖ
3712 1817 3791 1910 1333

417 1909 636 1979 quanto
668 1907 864 1978 magis
887 1906 985 1961 hic
1005 1906 1222 1961 mentis
1240 1906 1450 1963 oculus
1473 1922 1608 1962 cum
1626 1904 1771 1961 illud
1787 1921 2083 1961 summum

416 1996 676 2051 intuetur
704 1995 947 2064 bonum,
978 1998 1037 2051 et
1063 1996 1126 2049 in
1156 2010 1227 2051 eo
1255 1998 1547 2066 versatur,
1577 1997 1751 2066 atque
1781 2009 1853 2049 eo
1881 1994 2079 2065 pasci-

416 2087 535 2155 tur,
589 2084 959 2155 splendescit
1012 2086 1188 2155 atque
1229 2085 1429 2154 enitet,
1469 2087 1533 2138 ut
1572 2084 1673 2139 fiat
1719 2083 1864 2139 illud
1921 2083 2082 2155 quod

416 2173 710 2243 scriptum
740 2176 860 2229 est:
899 2195 923 2221 α
957 2172 1261 2245 Tanquam
1290 2173 1461 2244 adipe
1492 2174 1550 2227 et
1583 2172 1943 2245 pinguedine
1982 2187 2083 2227 re-

412 2262 645 2335 pleatur
672 2262 866 2317 anima
904 2277 1034 2317 mea
1075 2262 1264 2332 (Psal.
1298 2278 1439 2332 an,
1470 2260 1561 2332 6)l
1600 2284 1623 2310 ι
1678 2260 1943 2333 Denique
1981 2261 2083 2333 qui

414 2350 678 2406 scienter
698 2352 974 2423 agnoscit
991 2350 1220 2406 animas
1238 2350 1448 2424 gregis
1479 2350 1596 2421 sui,
1621 2366 1824 2405 curam
1844 2349 2084 2405 adhibet

413 2439 621 2495 herbis
660 2440 1118 2511 campestribus,
1160 2443 1224 2495 ut
1261 2442 1383 2495 sint
1429 2439 1485 2495 ei
1530 2455 1753 2511 pascua
1794 2439 2080 2511 plurima;

413 2529 622 2585 herbis
652 2529 810 2586 enim
840 2529 1222 2585 suavioribus
1260 2531 1319 2584 et
1347 2529 1488 2601 agni
1522 2529 1871 2601 pinguiores
1912 2528 2079 2599 ﬁunt,

412 2621 471 2674 et
499 2635 722 2676 succus
750 2619 923 2674 lactis
955 2618 1274 2674 salubrior.
1296 2617 1524 2684 Quibus
1546 2618 1790 2688 pascuis
1818 2618 1915 2672 usi
1943 2620 2083 2672 sunt

410 2707 628 2765 divites
680 2708 764 2763 illi
814 2709 916 2782 qui
960 2730 982 2758 ε
1029 2707 1536 2764 manducaverunt
1582 2710 1640 2763 et
1686 2708 2082 2763 adoraverunt

411 2797 601 2870 (Psal.
634 2814 759 2868 χχι,
792 2797 914 2868 30);
943 2820 965 2847 ι»
1013 2799 1153 2852 sunt
1193 2797 1350 2851 enim
1386 2796 1542 2852 bona
1582 2796 1718 2851 ﬁdei
1757 2811 1979 2867 pascua
2018 2796 2080 2851 in

411 2888 633 2959 quibus
664 2886 990 2942 collocatur
1017 2889 1262 2941 sanctus
1294 2885 1403 2940 Dei
1432 2885 1620 2955 (Psal.
1652 2903 1798 2956 χχιι,
1830 2884 1907 2957 2).

481 2977 535 3033 8.
571 2977 679 3031 Est
708 2992 854 3049 ergo
884 2978 941 3032 et
971 2975 1191 3046 fenum,
1218 2990 1334 3047 quo
1356 2975 1593 3030 aluntur
1612 2990 1833 3048 greges
1854 2975 2074 3046 ovium,

408 3066 513 3139 qui
550 3066 819 3122 emittunt
865 3064 1086 3120 vellera
1138 3065 1465 3136 sapientiae,
1511 3067 1568 3119 et
1618 3065 1756 3119 dant
1800 3066 2077 3119 amictum

411 3154 2076 3272 Ρέῗῗῗηῗῗθ.ῖῗ⁵ίωὶῗ¹’¹ῗῗ⁸ῗ..ῗξθ..ῗῗξ,ἷθ,ῗὶ¹,ῗῗ-ῗ¹ἑῗῖ¹ξῗ⁰ὶὶ¹ἰ¹’
2106 3201 2161 3272 c
2189 3154 2411 3265 Ξὲὲῖὸῖ
2422 3154 3025 3264 ινῦὲῖἐῆιῖἐὲὲῖἓῷ

408 3245 618 3318 (Prov.
650 3262 835 3315 χχνιι,
869 3245 982 3315 25),
1016 3244 1078 3299 in
1109 3244 1269 3316 quod
1302 3244 1488 3300 verba
1528 3244 1898 3300 descendunt
1934 3258 2076 3314 pro-

406 3333 631 3407 phetae:
670 3355 693 3384 ι
728 3334 883 3389 sicut
910 3335 1014 3388 nix
1034 3348 1219 3404 super
1243 3333 1444 3389 fenum
1472 3333 1668 3404 (Deut.
1692 3349 1878 3404 xxxu,
1913 3333 2021 3404 (2);
2048 3356 2070 3382 η

411 3426 471 3481 et
500 3424 659 3496 quod
688 3421 1006 3496 diligenter
1034 3423 1261 3497 colligit
1298 3423 1562 3495 sapiens,
1595 3426 1659 3478 ut
1696 3425 1817 3478 sint
1846 3422 1900 3477 ei
1932 3437 2078 3478 oves

406 3513 483 3568 ad
513 3514 813 3584 vestitum,
855 3512 1142 3585 spiritalis
1172 3513 1372 3585 utique
1403 3512 1732 3568 velaminis.
1767 3512 1959 3568 Habet
1987 3528 2080 3568 er-

409 3620 491 3678 go
522 3604 720 3660 cibum
751 3618 928 3659 suum
948 3606 1007 3657 et
1037 3604 1315 3677 amictum
1343 3603 1557 3674 anima,
1582 3619 1715 3675 quae
1743 3602 1828 3658 illi
1845 3618 2077 3659 summo

405 3692 568 3749 bono
579 3692 862 3763 adhaeret,
876 3692 1035 3764 quod
1057 3694 1149 3747 est
1166 3692 1428 3748 divinum
1446 3709 1459 3749 :
1477 3693 1635 3765 quod
1647 3690 1955 3764 apostolus
1976 3693 2081 3748 Pe-

405 3784 538 3837 trus
581 3782 793 3837 suadet
829 3782 1215 3852 quaerendum
1249 3798 1261 3837 :
1302 3786 1365 3837 ut
1401 3798 1509 3853 per
1545 3781 1681 3854 ejus
1720 3781 2078 3855 cognitionis

408 3871 861 3943 acquisitionem
934 3871 1153 3927 divinae
1221 3872 1411 3928 simus
1479 3876 1792 3929 consortes
1850 3876 2077 3930 naturae

418 3958 611 4030 (Petr.
627 3976 667 4030 ι,
700 3960 779 4030 4).

478 4048 534 4105 4.
558 4048 755 4121 Hujus
778 4047 1179 4121 cognitionem
1196 4050 1384 4121 aperit
1404 4052 1628 4108 sanctis
1650 4053 1781 4109 suis
1803 4053 1964 4109 Deus
1981 4054 2081 4110 bo-

409 4154 547 4211 nus,
567 4142 625 4195 et
651 4139 830 4195 donat
848 4137 963 4194 hoc
984 4140 1056 4194 de
1076 4139 1358 4195 thesauro
1391 4157 1501 4197 suo
1524 4142 1701 4212 bono,
1727 4144 1882 4197 sicut
1906 4144 2078 4198 testi-

409 4231 621 4285 ﬁcatur
648 4229 746 4285 lex
776 4244 968 4299 sacra,
1002 4229 1243 4285 dicens:
1290 4250 1313 4280 ε
1349 4229 1495 4296 Quia
1527 4231 1753 4302 juravit
1790 4232 2078 4288 Dominus

407 4319 679 4393 patribus
709 4318 828 4374 tuis
873 4317 1014 4374 dare
1057 4318 1163 4373 tibi
1211 4322 1267 4373 et
1312 4319 1543 4390 aperire
1591 4319 1937 4376 thesaurum
1968 4319 2080 4392 (‘21)

412 4426 589 4467 suum
604 4409 827 4465 bonum
847 4407 1045 4480 (Deut.
1069 4425 1276 4479 xxvm,
1302 4408 1390 4479 11,
1416 4406 1533 4479 12);
1564 4430 1585 4459 ιο
1609 4409 1681 4464 de
1702 4426 1819 4481 quo
1839 4410 2079 4465 thesau-

409 4517 478 4557 ro
502 4500 731 4557 coalesti
752 4499 849 4555 dat
864 4498 1122 4569 pluviam
1142 4500 1315 4553 terrae
1338 4515 1486 4569 suae,
1507 4498 1860 4554 benedicere
1882 4501 2077 4555 omnia

2193 1948 2341 2015 trus,
2376 1946 2495 2001 nisi
2523 1946 2765 2017 Paulus,
2797 1947 2917 2002 nisi
2946 1961 3153 2002 omnes
3169 1946 3426 2017 apostoli
3446 1947 3475 2001 ?
3502 1945 3642 2011 Quid
3666 1959 3794 2000 evan-

2194 2035 2450 2107 gelizant
2477 2034 2674 2106 nobis,
2708 2035 2828 2090 nisi
2856 2035 3169 2091 Dominum
3200 2034 3487 2106 Jesum(1
3505 2034 3631 2090 Cor.
3650 2032 3794 2105 1,23)?

2198 2123 2313 2179 Hic
2341 2125 2433 2179 est
2461 2138 2577 2195 pax
2605 2128 2831 2196 nostra,
2866 2124 2965 2180 hic
2992 2127 3087 2180 est
3112 2123 3339 2180 bonum
3360 2123 3503 2179 illud
3522 2137 3795 2191 summum;

2193 2212 2331 2285 quia
2361 2213 2491 2284 ipse
2519 2212 2716 2268 bonus
2745 2228 2822 2268 ex
2848 2212 3028 2283 bono,
3054 2229 3132 2269 ex
3150 2213 3370 2269 arbore
3400 2214 3555 2268 enim
3568 2212 3704 2267 bona
3723 2210 3795 2264 bo-

2192 2317 2307 2357 nus
2339 2300 2569 2357 fructus
2597 2301 2818 2374 legitur
2846 2302 3083 2373 (Matth.
3107 2319 3207 2374 vn,
3241 2301 3360 2374 18).
3382 2301 3638 2374 Denique
3653 2303 3699 2355 et
3715 2298 3799 2370 spi-

2191 2391 2342 2446 ritus
2372 2389 2507 2462 ejus
2537 2390 2755 2463 bonus,
2780 2392 2883 2463 qui
2910 2407 2986 2447 ex
3001 2391 3134 2463 ipso
3162 2392 3403 2464 accipit,
3427 2395 3485 2447 et
3504 2387 3799 2446 deducitDei

2194 2480 2469 2535 servulos
2512 2480 2574 2535 in
2616 2480 2774 2535 viam
2819 2484 3041 2535 rectam
3087 2480 3279 2552 (PsaI.
3334 2496 3506 2552 οχιιι,
3557 2479 3657 2550 10).
3696 2477 3800 2543 Quis

2192 2570 2387 2623 autem
2420 2567 2648 2623 habens
2679 2566 2962 2639 Spiritum
2989 2569 3097 2624 Dei
3135 2561 3283 2625 906
3330 2569 3394 2624 in
3425 2584 3513 2638 se,
3544 2569 3702 2640 neget
3722 2565 3800 2619 bo-

2192 2672 2353 2729 num,
2379 2672 2513 2712 cum
2533 2658 2663 2728 ipse
2688 2657 2875 2715 dicat:
2915 2680 2937 2707 ι
2964 2659 3057 2713 An
3078 2658 3291 2714 oculus
3312 2662 3455 2713 tuus
3476 2670 3707 2729 nequam
3723 2655 3800 2721 est,

2192 2747 2331 2818 quia
2362 2762 2475 2819 ego
2505 2747 2702 2803 bonus
2733 2764 2868 2803 sum
2908 2747 3148 2818 (Matth.
3182 2764 3331 2818 xxx,
3367 2748 3457 2817 15)
3477 2747 3506 2802 ?
3537 2766 3559 2797 ι
3591 2745 3702 2800 Hoc
3726 2743 3803 2797 bo-
3896 2792 3897 2819 ξ

2192 2852 2331 2891 num
2359 2836 2557 2891 veniat
2585 2838 2647 2892 in
2675 2836 2929 2891 animam
2959 2838 3244 2907 nostram,
3278 2836 3343 2891 in
3387 2837 3605 2891 nostris
3638 2831 3803 2888 mentis

2188 2925 2444 2995 viscera,
2477 2925 2635 2997 quod
2656 2925 2947 2997 propitius
2969 2926 3130 2981 Deus
3158 2926 3258 2980 dat
3276 2925 3615 2997 petentibus
3630 2937 3706 2978 se.
3726 2920 3805 2975 Hic

2200 2962 2444 2995 "sunt,
2477 2962 2635 2997 ιιιιυυ
2656 2962 2947 2997 tuor...“
2969 2962 3130 2981 υυιιο
3158 2962 3258 2980 υ...
3276 2962 3615 2997 νωνωιυιω
3630 2962 3706 2978 σν.
3726 2962 3804 2975 ....

2191 3016 2285 3069 est
2303 3014 2624 3070 thesaurus
2654 3018 2880 3086 noster,
2911 3014 3009 3070 hic
3039 3017 3134 3071 est
3161 3015 3260 3070 via
3292 3018 3521 3085 nostra,
3544 3012 3635 3069 hic
3648 3013 3725 3067 est
3739 3023 3805 3064 ει·
3892 2962 3898 3067 ³

2189 3103 2411 3175 pientia
2454 3108 2680 3176 nostra,
2725 3104 2957 3177 justitia
3000 3108 3225 3176 nostra,
3276 3107 3491 3176 pastor
3538 3105 3733 3169 noster,
3770 3101 3808 3151 et

3046 3197 3271 3251 nostra.
3295 3194 3484 3250 Vides
3515 3193 3711 3266 quanta
3733 3188 3806 3243 ho-

2191 3298 2267 3338 na
2294 3282 2355 3337 in
2386 3298 2503 3338 uno
2534 3282 2691 3339 bono
2718 3282 2732 3338 l

2260 3408 2314 3463 '7.
2348 3408 2493 3464 Hinc
2520 3408 2677 3465 bona
2695 3408 2871 3465 nobis
2900 3404 3226 3481 praedicant
3255 3403 3675 3483 Evangelistaa.
3703 3400 3807 3460 Haec

2188 3496 2345 3553 bona
2375 3498 2689 3570 requirens
2729 3497 2937 3569 David,
2968 3498 3077 3557 ait:
3121 3520 3145 3551 ι
3185 3498 3340 3564 Quis
3392 3499 3647 3555 ostendit
3678 3491 3807 3549 nobis

2188 3584 2345 3642 bona
2374 3586 2563 3658 (Psal.
2597 3600 2676 3658 1v,
2708 3588 2809 3657 6)?
2843 3609 2865 3637 ι
2902 3586 2975 3643 Et
3004 3588 3265 3644 ostendit
3294 3588 3501 3661 ipsum
3516 3601 3648 3643 esse
3674 3584 3806 3648 bona,

2189 3675 2578 3775 subjiciens
2607 3699 2630 3724 α
2663 3675 2972 3775 signatum
3002 3679 3096 3733 est
3129 3677 3192 3775 in
3222 3677 3409 3733 nobis
3439 3676 3635 3733 lumen
3642 3671 3808 3775 fultus
3890 3702 3891 3775 ι

2188 3765 2274 3819 tui
2318 3764 2498 3834 (Ibid.
2529 3763 2605 3837 ⁸7).
2644 3788 2666 3814 ιι
2701 3764 2851 3831 Quid
2900 3769 3097 3821 autem
3141 3764 3349 3823 lumen
3398 3767 3599 3821 vultus
3642 3759 3805 3825 Patris,

2188 3852 2307 3909 nisi
2325 3852 2609 3924 splendor
2623 3850 2853 3927 gloriae,
2877 3858 2935 3910 et
2949 3854 3144 3928 imago
3162 3852 3499 3917 invisibilis
3531 3851 3632 3910 Dei
3648 3848 3809 3924 (Hebr.

2188 3959 2227 4014 ι,
2261 3941 2337 4013 3),
2371 3943 2431 3997 in
2458 3958 2575 4016 quo
2604 3946 2663 3999 et
2691 3943 2926 3999 videtur
2975 3947 3034 4000 et
3080 3942 3451 4000 clariﬁcatur
3486 3945 3670 4013 Pater,
3697 3937 3808 3993 sicut
3888 3934 3889 4011 ξ

2188 4032 2319 4104 ipse
2351 4032 2635 4087 clarificat
2664 4031 2879 4087 Filium
2911 4048 3089 4088 suum
3122 4033 3316 4103 (Joan.
3352 4050 3506 4105 xvn,
3537 4032 3636 4104 5)?

2258 4139 2311 4195 8.
2336 4140 2471 4211 Ipse
2493 4142 2586 4195 est
2606 4155 2751 4212 ergo
2774 4139 3061 4196 Dominus
3084 4140 3119 4195 J
3124 4155 3273 4196 esus
3295 4155 3601 4197 summum
3619 4139 3805 4197 bonum.

2189 4229 2349 4301 quod
2379 4229 2555 4285 nobis
2583 4230 2991 4284 annuntiatum
3022 4244 3065 4284 ιι
3112 4229 3453 4301 prophetis,
3486 4226 3808 4302 prmdicatum

2188 4319 2261 4373 ab
2292 4318 2545 4390 angelis,
2577 4319 2943 4389 promissum
2972 4333 3007 4373 a
3034 4319 3231 4389 Patre,
3267 4318 3725 4393 evangelisatum
3745 4311 3808 4365 est

2189 4407 2263 4463 ab
2306 4407 2596 4478 apostolis
2644 4407 2702 4478 (Ι
2733 4407 2877 4463 Tim.
2908 4406 3016 4478 III,
3052 4407 3161 4477 16).
3192 4407 3311 4473 Qui
3355 4408 3560 4479 nobis,
3589 4410 3808 4476 tanquam

2189 4496 2517 4567 maturitas,
2550 4496 2820 4552 advenit:
2855 4511 2966 4551 nec
2994 4496 3192 4551 solum
3220 4498 3512 4569 tanquam
3535 4492 3805 4553 maturitas.

412 4604 593 4660 opera
619 4604 899 4644 manuum
928 4591 1181 4643 tuarum.
1218 4588 1361 4643 Haec
1390 4592 1482 4643 est
1528 4588 1727 4659 pluvia
1777 4588 2076 4661 eloquium
2101 4572 2156 4636 ι)
2190 4586 2298 4641 sed
2346 4586 2651 4641 maturitas
2696 4586 2757 4640 in
2787 4585 3087 4640 montibus
3124 4585 3331 4656 adest;
3385 4590 3451 4641 ut
3501 4583 3640 4641 nihil
3680 4592 3806 4637 acer-

412 4676 567 4750 legis
599 4679 795 4750 (Deut.
829 4694 1020 4749 xxxu,
1049 4677 1125 4749 2),
1175 4676 1333 4749 quod
1364 4676 1577 4732 irrorat
1621 4677 1873 4732 animam
1920 4678 2078 4732 illam

414 4762 728 4821 fecundam
760 4770 818 4821 et
846 4766 1101 4823 fertilem
1128 4766 1422 4822 bonorum
1454 4782 1737 4839 operum;
1772 4769 1832 4821 ut
1865 4767 2081 4823 habeat

416 4850 727 4909 humorem
756 4857 984 4925 gratiae.

486 4942 541 4995 5.
574 4941 774 5013 Hujus
803 4944 942 4999 boni
976 4946 1374 5018 cognitionem
1396 4946 1701 5019 quaerebat
1722 4945 1909 5003 David
1924 4945 2082 5001 sicut

416 5029 549 5102 ipse
587 5030 905 5103 signiﬁcat,
939 5034 1183 5091 dicens:
1238 5058 1260 5083 τι
1296 5036 1484 5090 Unam
1530 5036 1708 5106 petivi
1758 5053 1791 5090 a
1832 5034 2081 5090 Domino

417 5120 570 5177 hanc
600 5118 919 5190 requiram,
951 5125 1015 5175 ut
1042 5122 1362 5179 inhabitem
1394 5125 1454 5179 in
1485 5124 1657 5181 domo
1690 5124 1924 5180 Domini
1953 5140 2082 5180 om-

419 5223 530 5266 nes
560 5208 691 5263 dies
720 5207 856 5263 vitae
886 5223 1053 5278 meae,
1075 5214 1130 5264 et
1146 5212 1377 5266 videam
1398 5213 1823 5270 delectationes
1848 5214 2085 5269 Domini

420 5302 479 5357 et
507 5296 881 5354 considerem
911 5297 1189 5366 templum
1221 5299 1356 5371 ejus
1385 5302 1573 5371 (Psal.
1607 5320 1768 5375 xxvr,
1799 5303 1876 5376 4).
1916 5327 1938 5352 ι»
1971 5304 2083 5358 De-

419 5443 559 5514 rint,
592 5455 895 5514 corporeae
928 5439 1132 5514 formae
1155 5440 1581 5514 ignobilitatem
1602 5445 1675 5498 ad
1698 5445 2082 5503 humilitatem

419 5512 1206 5601 incarnationis“pertinere
1249 5513 1679 5601 existimantes;
1726 5514 1873 5601 ‘Qua.
1899 5518 1979 5601 de
2016 5534 2081 5574 re

423 5586 672 5715 ἓῖιιειιὲφ
702 5582 945 5659 Rigaltii
991 5582 1469 5639 dissertationem
1499 5586 1573 5641 de
1617 5584 2081 5646 Pulchritudine

515 5673 609 5712 ns
637 5674 679 5713 ι.

493 5729 609 5821 (21)
637 5729 943 5791 Nonnullli
988 5743 1161 5805 mss.,
1200 5746 1223 5783 ι
1254 5727 1524 5810 patribus
1564 5728 1706 5807 tuis,
1746 5733 1813 5790 ut
1848 5733 2079 5811 aperire

2189 4676 2352 4746 bum,
2397 4675 2546 4731 nihil
2601 4675 2974 4729 immaturum
3028 4674 3091 4729 in
3143 4674 3376 4730 nostris
3436 4673 3693 4731 consiliis
3739 4666 3807 4731 sit
3882 4686 3883 4721 ὲ

2190 4764 2338 4819 nihil
2377 4764 2617 4834 immite,
2674 4762 2820 4818 nihil
2866 4778 3147 4834 asperum
3193 4764 3255 4818 in
3296 4764 3587 4836 operibus
3630 4775 3691 4817 ac
3725 4768 3810 4811 m0-

2189 4854 2360 4909 ribus
2392 4896 2407 4925 ,
2476 4854 2579 4925 qui
2642 4853 2871 4923 primus
2939 4851 3365 4925 evangelizans
3434 4854 3590 4910 bona
3648 4844 3806 4903 adfuit.

2193 4940 2361 4998 Unde
2392 4944 2449 4997 et
2490 4942 2606 4997 ait:
2660 4942 2796 5013 Ipse
2843 4941 2946 5014 qui
2983 4940 3292 5014 loquebar,
3336 4941 3553 4998 adsum
3579 4938 3675 5013 (εδ)
3702 4932 3806 5005 (lsa.
3880 4930 3881 4957 ξ

2190 5048 2287 5102 nn,
2321 5031 2397 5102 6),
2448 5031 2507 5086 id
2546 5033 2657 5102 est,
2709 5030 2809 5103 qui
2859 5030 3149 5103 loquebar
3192 5031 3251 5086 in
3298 5031 3612 5103 prophetis
3641 5021 3806 5098 (Hebr.

2190 5138 2230 5192 ι,
2260 5121 2338 5192 4),
2371 5120 2583 5175 adsum
2612 5121 2672 5174 in
2720 5136 2991 5191 corpore,
3024 5120 3184 5192 quod
3234 5121 3488 5192 suscepi
3532 5134 3606 5175 ex
3646 5110 3803 5184 Virgi-
3878 5154 3879 5193 ι

2191 5227 2264 5266 ne
2289 5227 2301 5266 :
2334 5210 2544 5265 adsum
2572 5210 2818 5265 interior
2847 5208 3042 5281 imago
3073 5209 3199 5280 Dei,
3231 5209 3547 5266 character
3573 5207 3804 5263 substan—

2190 5302 2309 5371 tiis,
2343 5303 2400 5355 et
2427 5300 2639 5355 adsum
2682 5302 2748 5354 ut
2774 5298 2969 5356 homo.
3003 5298 3122 5355 Sed
3167 5299 3304 5372 quis
3356 5296 3659 5372 cognoscit
3691 5286 3804 5346 me?
3876 5332 3877 5381 ἦ

2188 5445 2556 5502 thesaurum.
2594 5464 2617 5494 ι
3626 5510 3639 5514 _
3744 5502 3774 5514 _,
3876 5388 3877 5431 ι

2231 5518 2377 5601 “(22)
2410 5518 2580 5573 Rom.
2611 5516 2749 5573 edit.
2784 5515 2935 5588 sola,
2974 5536 2996 5567 ι
3031 5514 3103 5572 de
3152 5531 3268 5589 quo
3299 5518 3362 5572 ει
3405 5510 3706 5587 Apostolus
3731 5502 3799 5560 di-
3874 5534 3875 5601 ἐ

2193 5592 2378 5732 ωιξῖἓ)
2406 5659 2666 5735 Quidam,
2695 5673 2871 5735 mss.,
2907 5679 2931 5735 ς
2980 5659 3083 5733 qui
3125 5657 3500 5735 loquebatur,
3531 5656 3731 5727 adsunt,
3753 5643 3799 5703 ίά
3874 5594 3875 5667 ι

2191 5730 2303 5811 est,
2336 5730 2439 5813 qui
2470 5730 3048 5811 loquebatur,'etc.'.
