4070 6180
221 289 375 361 1101
1448 295 1895 362 EPISTOLAI

2008 299 2060 361 id
2092 293 2432 361 CLASSIS
2463 299 2511 360 Ι.
3517 294 3678 365 1102

220 493 542 549 Hominem
558 493 716 549 enim
737 493 1030 564 viderunt,
1056 495 1162 550 sed
1187 496 1468 566 operibus
1484 497 1681 569 [supra
1702 485 2152 555 homi-lKnans
2184 497 2471 567 requiem,
2518 498 2766 570 rogabat
2802 501 2866 554 ut
2896 499 3266 570 acciperetur
3313 515 3348 553 a
3377 515 3445 554 se
3478 501 3674 554 anima

217 599 356 638 nem
387 583 785 648 crediderunt.
825 583 917 637 An
959 599 1077 638 non
1111 588 1174 638 ut
1203 585 1401 656 homo,
1447 602 1581 640 cum
1611 587 1897 641 Lazarum
2002 602 2110 640 sua
2141 585 2261 655 (ΙΙΙ
2290 586 2438 657 Reg.
2473 603 2595 656 x111,
2626 587 2682 657 4)
2710 604 2720 640 :
2762 589 2976 642 Petrus
3023 589 3324 658 aspiciens
3369 592 3427 642 et
3454 589 3584 658 ipse
3613 589 3676 643 in

223 672 388 726 ﬂeret
410 672 602 740 (Joan.
628 688 710 741 x1,
733 671 857 740 35):
886 675 942 726 et
965 688 1176 727 rursus
1201 690 1381 744 supra
1401 674 1718 744 hominem,
1765 693 1896 730 cum
2007 678 2203 728 monte
2259 675 2581 729 Dominicaa
2629 677 3088 731 resurrectionis
3119 678 3388 748 gloriam,
3420 677 3678 747 {nolebat

222 775 355 814 eum
387 759 783 814 resuscitaret
815 759 990 820 (Ibid.
1018 761 1107 821 43)
1126 764 1153 815 ‘2
1182 763 1274 815 An
1310 779 1428 817 non
1451 766 1513 817 ut
1533 763 1729 832 homo,
1766 779 1900 816 cum

221 848 566 918 vapularet;
620 851 676 902 et
715 864 930 902 rursus
962 865 1142 918 supra
1190 850 1514 919 hominem,
1552 868 1682 905 cum
1715 853 1898 905 totius

220 937 427 992 mundi
456 939 766 1006 peccatum
797 937 1028 992 tolleret
1057 939 1248 1009 (Joan.
1269 957 1306 1009 1,
1331 939 1421 1009 29)
1442 941 1470 993 εἲ

291 1042 346 1098 9.
374 1043 464 1097 Ad
484 1043 648 1097 illum
685 1043 868 1114 igitur
904 1059 1315 1114 properemus,
1358 1046 1418 1100 in
1455 1062 1572 1117 quo
1605 1063 1898 1101 summum

219 1135 316 1188 est
343 1132 606 1188 bonum:
657 1132 935 1204 quoniam
978 1133 1108 1204 ipse
1157 1133 1418 1203 bonitas,
1463 1136 1591 1206 ipse
1621 1137 1898 1206 patientia

217 1221 430 1292 Israel,
466 1221 568 1292 qui
599 1221 671 1275 ad
702 1221 1103 1292 paenitentiam
1132 1225 1189 1277 te
1219 1226 1392 1278 vocat
1418 1239 1432 1294 ;
1483 1239 1558 1278 ne
1597 1225 1805 1279 venias
1836 1227 1896 1279 in

216 1308 532 1380 judicium,
586 1309 695 1364 sed
745 1309 1006 1380 accipias
1037 1311 1456 1366 remissionem
1496 1316 1894 1383 peccatorum.

223 1419 247 1445 ιι
281 1398 478 1470 Agite,
518 1418 540 1448 ι
584 1398 794 1470 inquit,
863 1421 884 1446 ιι
919 1400 1320 1470 paenitentiam
1350 1400 1588 1468 (Matth.
1612 1419 1690 1471 1v,
1725 1401 1833 1472 17).
1871 1426 1892 1450 ι.

219 1487 358 1557 Ipse
376 1490 468 1542 est
491 1487 562 1541 de
579 1502 698 1558 quo
723 1487 935 1541 clamat
954 1489 1138 1542 Amos
1161 1488 1481 1559 propheta:
1522 1511 1544 1539 ε
1591 1490 1898 1562 Exquirite

221 1575 445 1631 bonum
473 1575 697 1646 (Amos.
728 1591 791 1646 v,
811 1575 922 1645 1-1).
953 1599 973 1623 ιι
1029 1577 1164 1646 Ipse
1195 1579 1288 1632 est
1329 1593 1624 1632 summum
1672 1580 1894 1634 bonum

226 1665 331 1736 qui
375 1665 598 1719 nullius
647 1665 893 1737 indiget,
944 1667 1001 1719 et
1048 1665 1307 1720 abundat
1357 1667 1656 1722 omnibus.
1700 1666 1896 1723 Facile

219 1753 499 1823 abundat,
533 1754 594 1807 in
645 1769 762 1825 quo
793 1752 1096 1823 plenitudo
1145 1754 1470 1810 divinitatis
1518 1755 1740 1810 habitat
1761 1772 1898 1811 cor-

2003 763 2395 832 descendere,
2421 764 2629 818 dicens
2656 781 2667 818 :
2707 788 2727 811 u
2768 766 3035 836 Domine,
3078 767 3296 820 bonum
3316 771 3408 821 est
3438 783 3549 821 nos
3579 767 3676 819 hic

2005 867 2145 905 esse
2179 853 2420 921 (Matth.
2464 870 2605 924 xv11,
2638 854 2713 922 4).
2753 877 2774 901 ιι
2827 853 3053 918 Quanta
3101 855 3284 925 igitur
3326 855 3427 908 illa
3456 855 3672 909 divinae

2004 940 2354 994 substantiae
2379 941 2588 1012 gloria,
2625 947 2840 1013 quanta
2864 943 3042 997 Verbi
3063 943 3236 1013 bona,
3263 943 3323 997 in
3363 961 3496 1015 quae
3530 959 3674 998 con-

2006 1029 2320 1098 cupiscunt
2346 1033 2402 1082 et
2431 1031 2627 1102 angeli
2659 1031 3003 1101 prospicere
3036 1032 3088 1102 (Ι
3114 1033 3265 1104 Reg.
3291 1051 3329 1103 1,
3365 1032 3452 1101 12)
3478 1031 3491 1088 l

2074 1132 2162 1189 12.
2219 1136 2427 1189 Anima
2474 1137 2658 1209 igitur
2703 1153 2837 1208 quae
2877 1138 3020 1192 illud
3067 1138 3245 1208 videt,
3290 1154 3509 1209 corpus
3559 1139 3675 1194 hoc

2002 1238 2120 1277 non
2153 1223 2421 1295 requirit,
2462 1225 2878 1297 minimamque
2901 1227 3014 1280 sibi
3054 1227 3507 1282 familiaritatem
3539 1244 3674 1282 cum

2001 1326 2071 1366 eo
2102 1327 2241 1366 esse
2272 1313 2490 1368 debere
2514 1314 2807 1386 intelligit,
2841 1316 3134 1370 renuntiat
3157 1317 3403 1387 saeculo,
3424 1316 3667 1371 abducit

2000 1414 2067 1454 se
2096 1415 2130 1453 a
2159 1400 2416 1456 vinculis
2450 1403 2668 1472 carnis,
2705 1403 2866 1458 exuit
2899 1404 3173 1460 omnibus
3202 1405 3565 1475 voluptatum
3587 1406 3670 1460 is-

2000 1491 2191 1543 tarum
2239 1491 2516 1545 nexibus.
2565 1492 2831 1564 Denique
2879 1492 3214 1564 Stephanus
3264 1495 3472 1549 Jesum
3501 1493 3670 1549 vide-

1999 1576 2117 1647 bat,
2153 1581 2209 1632 et
2238 1578 2482 1648 lapidari
2518 1595 2637 1634 non
2687 1580 3081 1652 formidabat;
3126 1584 3244 1638 imo
3276 1599 3409 1638 cum
3439 1584 3664 1655 lapida—

1999 1669 2180 1734 retur,
2201 1683 2320 1721 non
2341 1683 2447 1737 pro
2480 1683 2567 1738 se,
2591 1669 2697 1723 sed
2718 1685 2824 1738 pro
2866 1669 2984 1723 illis
3013 1687 3046 1723 a
3086 1672 3303 1741 quibus
3333 1673 3670 1742 perimeba-

1998 1756 2112 1823 tur,
2145 1754 2394 1826 rogabat
2441 1756 2598 1825 (Act.
2641 1773 2742 1825 v11,
2773 1757 2976 1826 35-59).
3010 1758 3230 1814 l’aulus
3263 1777 3500 1832 quoque
3531 1777 3669 1831 rap-

215 1841 505 1912 poraliter
547 1841 799 1912 (Coloss.
832 1858 896 1909 11,
927 1842 1005 1912 9).
1061 1841 1259 1898 Facile
1304 1843 1580 1915 abundat,
1617 1845 1687 1900 de
1722 1845 1897 1917 cujus
1927 1844 2092 1927 Btus
2124 1859 2316 1914 usque
2366 1843 2438 1897 ad
2485 1845 2718 1899 tertium
2753 1845 2986 1917 coelum,
3023 1862 3156 1901 cum
3203 1864 3451 1920 corpore
3481 1853 3666 1905 esset.

217 1930 584 2001 plenitudine
615 1945 822 1985 omnes
853 1932 1215 2002 accepimus,
1248 1935 1305 1987 et
1334 1933 1395 1988 in
1426 1933 1527 1988 illo
1555 1934 1763 2004 repleti
1794 1950 1894 1989 su-

217 2035 377 2089 mus,
409 2021 475 2074 ut
503 2019 646 2073 dicit
676 2019 1064 2091 Evangelista
1091 2021 1282 2091 (Joan.
1307 2038 1345 2092 1,
1371 2022 1480 2092 16).

292 2125 380 2180 10.
403 2125 514 2180 Hic
532 2126 716 2198 igitur
753 2141 960 2181 verum
1002 2131 1059 2182 et
1099 2144 1397 2182 summum
1438 2128 1682 2194 bonum.
1711 2131 1764 2184 si
1796 2131 1896 2186 illo

220 2215 676 2285 concupiscibili
708 2231 820 2270 suo
853 2214 967 2286 (24)
1000 2219 1058 2270 et
1087 2215 1423 2271 delectabili
1453 2218 1646 2272 anima
1685 2223 1896 2290 gusta-

220 2305 394 2373 verit,
409 2306 466 2359 et
485 2304 716 2359 duabus
731 2304 825 2359 his
839 2304 1104 2360 hauserit
1117 2304 1552 2377 aﬂ'ectionibus,
1570 2307 1896 2362 excludens

220 2392 488 2448 dolorem
506 2396 562 2447 et
578 2393 974 2463 formidinem,
996 2394 1422 2449 incredibiliter
1444 2400 1754 2450 exaestuat.
1781 2397 1896 2452 Os-

223 2482 416 2537 culata
465 2483 620 2537 enim
655 2482 916 2537 Verbum
970 2483 1098 2553 Dei,
1145 2485 1380 2538 modum
1412 2500 1530 2538 non
1579 2487 1751 2556 capit,
1785 2502 1894 2540 nec

221 2572 514 2642 expletur,
535 2572 741 2626 dicens
768 2587 780 2626 :
822 2595 844 2619 ιι
869 2571 1084 2626 Suavis
1106 2587 1192 2641 es,
1220 2572 1484 2643 Domine,
1511 2577 1566 2628 et
1595 2575 1654 2628 in
1682 2575 1895 2644 jucun-

219 2661 399 2716 ditate
417 2663 517 2715 tua
539 2661 684 2716 doce
705 2675 796 2715 me
827 2659 1288 2731 justiﬁcationes
1316 2665 1447 2716 tuas
1485 2663 1891 2735 (Psal.cxvn1,

215 2749 334 2820 68).
368 2749 643 2804 Osculata
680 2750 786 2803 Dei
820 2749 1100 2804 Verbum.
1146 2751 1515 2821 concupiscit
1554 2768 1734 2823 super
1767 2770 1894 2808 om-

219 2855 359 2895 nem
378 2840 674 2910 decorem,
702 2839 893 2912 diligit
912 2854 1096 2909 super
1117 2855 1349 2894 omnem
1379 2840 1660 2912 laetitiam,
1695 2843 1895 2897 delec-

218 2931 380 2984 tetur
398 2943 581 2999 super
603 2928 797 2984 omnia
815 2931 1097 2998 aromata,
1119 2930 1278 2999 cupit
1304 2929 1644 3001 frequenter
1670 2932 1893 3001 videre,

220 3033 388 3088 saepe
418 3018 745 3087 intendere,
780 3018 940 3088 cupit
970 3017 1203 3088 attrahi,
1227 3021 1289 3072 ut
1321 3020 1491 3090 sequi
1516 3022 1706 3089 possit
1733 3045 1753 3067 «ι
1777 3021 1898 3075 Un-

220 3109 529 3180 guentum,
568 3131 588 3155 η
621 3107 830 3179 inquit,
870 3131 892 3155 ιι
928 3107 1291 3162 exinanitum
1343 3112 1435 3162 est
1487 3125 1700 3164 nomen
1735 3113 1896 3164 tuum

1996 1947 2070 1985 an
2105 1932 2235 1987 sine
2270 1948 2538 2003 corpore,
2573 1933 2909 1989 nesciebat:
2947 1938 3171 2006 raptus,
3205 1937 3464 2008 inquam,
3497 1939 3558 1992 in
3574 1955 3669 2009 pa-

1997 2021 2283 2091 radisum,
2304 2037 2478 2075 usum
2500 2023 2726 2092 proprii
2741 2022 2867 2094 jam
2889 2040 3008 2078 non
3031 2026 3323 2080 sentiebat
3351 2028 3619 2097 corporis
3647 2043 3661 2082 :

1998 2113 2054 2164 et
2076 2110 2325 2165 audiens
2349 2110 2533 2164 verba
2553 2110 2678 2181 Dei,
2701 2112 2995 2181 quomodo
3017 2113 3088 2167 ad
3114 2116 3383 2184 corporis
3413 2115 3664 2169 infirmi-

1996 2202 2150 2252 tates
2180 2198 2592 2267 descenderet,
2627 2200 3019 2255 erubescebat
3048 2201 3134 2271 (ΙΙ
3148 2202 3285 2258 Cor.
3317 2220 3420 2273 x11,
3453 2203 3591 2274 2-1).

2070 2303 2158 2359 13.
2191 2304 2390 2376 Itaque
2423 2306 2624 2359 sciens
2658 2306 2800 2376 quid
2847 2306 3098 2361 vidisset
3129 2309 3189 2362 in
3238 2309 3536 2379 paradiso,
3568 2310 3663 2365 vel

1997 2393 2137 2464 quid
2157 2393 2445 2464 audisset,
2491 2394 2779 2448 clamabat
2817 2395 3062 2450 dicens:
3102 2419 3123 2443 «ι
3159 2395 3309 2460 Quid
3341 2399 3534 2453 adhuc
3556 2415 3662 2454 ve-

2000 2483 2084 2536 lut
2113 2483 2386 2536 videntes
2419 2483 2490 2536 de
2523 2483 2636 2536 hoc
2668 2485 2885 2538 mundo
2929 2485 3294 2540 decernitis?
3339 2487 3427 2542 Ne
3455 2489 3664 2560 tetige-

2004 2572 2154 2640 ritis,
2191 2587 2263 2625 ne
2296 2573 2800 2642 attaminaveritis,
2833 2589 2907 2627 ne
2941 2575 3324 2644 gustaveritis
3365 2593 3496 2647 quae
3526 2581 3666 2632 sunt

2005 2660 2198 2715 omnia
2231 2661 2303 2714 ad
2345 2661 2738 2731 corruptelam
2779 2662 2910 2732 ipso
2945 2679 3060 2716 usu
3099 2663 3431 2735 (001058.11,
3464 2667 3557 2736 20,
3586 2668 3663 2738 2).

2004 2750 2251 2804 Volebat
2268 2750 2424 2804 enim
2464 2767 2574 2804 nos
2597 2753 2656 2805 in
2677 2752 2866 2823 figura
2906 2767 3044 2806 esse
3079 2753 3254 2808 istius
3295 2756 3497 2809 mundi
3528 2757 3665 2826 (‘25),

2001 2855 2119 2893 non
2149 2840 2209 2892 in
2240 2841 2630 2908 possessione
2681 2844 2855 2911 atque
2887 2857 3001 2894 usu
3028 2856 3042 2910 ;
3073 2844 3135 2895 ut
3172 2843 3250 2896 ita
3287 2847 3521 2898 utamur
3552 2845 3667 2900 hoc

2003 2927 2220 2981 mundo
2243 2931 2516 2998 tanquam
2549 2944 2667 2983 non
2699 2933 2948 2996 utamur,
2992 2931 3269 3000 tanquam
3297 2935 3667 3002 praetereun-

1999 3019 2115 3086 tes,
2176 3032 2293 3070 non
2341 3020 2618 3087 tanquam
2668 3018 3038 3073 residentes:
3111 3015 3479 3076 ambulantes
3534 3027 3667 3076 tan-

2002 3121 2176 3176 quam
2199 3105 2256 3159 in
2280 3106 2536 3177 imagine
2568 3107 2795 3176 saeculi,
2828 3123 2946 3161 non
2993 3107 3052 3161 in
3086 3109 3419 3181 cupiditate,
3469 3115 3533 3165 ut
3561 3128 3667 3167 ve-

219 3197 422 3267 (Cant.
454 3214 494 3268 1,
527 3197 620 3268 9):
661 3219 682 3245 ιι
717 3199 1030 3267 propterea
1058 3199 1115 3251 te
1146 3196 1451 3268 diligimus
1483 3197 1895 3254 adolescenti]-
1935 3195 2306 3285 clocissima
2339 3195 2733 3264 disputatione
2767 3196 2880 3285 (‘26)
2911 3197 3102 3264 ipsam
3135 3197 3451 3268 imaginem
3481 3200 3664 3271 hujus

216 3286 318 3356 ιω,
342 3289 654 3357 propterea
673 3289 992 3356 certamus,
1017 3286 1125 3340 sed
1158 3286 1660 3356 comprehendere
1685 3292 1741 3342 te
1776 3305 1895 3343 non
1955 3283 1978 3285 ⁷
2004 3283 2203 3337 mundi
2253 3286 2647 3338 transeamus.
2698 3284 2962 3355 Denique
3009 3285 3138 3354 ipse
3171 3286 3284 3340 fide
3331 3287 3665 3359 ambulans,

218 3391 574 3448 possumus.
611 3375 854 3431 Attrahe
904 3391 1039 3445 nos,
1073 3377 1137 3429 ut
1182 3375 1488 3446 possimus
1541 3391 1798 3443 currere,
1833 3381 1896 3432 ut

221 3465 408 3521 odore
437 3467 876 3538 unguentorum
926 3467 1163 3520 tuorum
1209 3464 1570 3534 accipiamus
1619 3466 1892 3520 virtutem

219 3554 540 3626 sequendL

305 3653 572 3717 90711.
633 3660 900 3716 Festinat
954 3660 1128 3715 etiam
1186 3660 1416 3714 interna
1474 3660 1755 3731 mysteria
1803 3661 1894 3716 vi-

217 3751 386 3822 dere,
409 3751 599 3821 ipsam
620 3750 888 3822 requiem
911 3749 1114 3819 Verbi,
1134 3750 1326 3820 ipsam
1346 3749 1486 3804 boni
1533 3749 1694 3804 illius
1728 3767 1896 3805 sum-

219 3840 307 3896 mi
336 3839 778 3910 habitationem,
839 3842 896 3893 et
942 3838 1135 3893 lucem
1164 3837 1320 3910 ejus,
1371 3841 1427 3892 et
1458 3838 1798 3894 claritatem.
1832 3840 1897 3894 In

219 3927 328 3985 illo
357 3929 498 4015 sjnu
527 3944 596 3983 ac
623 3943 875 3984 recessu
905 3927 1092 3998 patrio
1148 3927 1388 3982 festinat
1417 3928 1620 3982 audire
1664 3945 1896 3984 sermo—

220 4035 333 4075 nes
365 4017 540 4090 ejus;
573 4020 630 4072 et
661 4033 794 4072 cum
826 4016 1094 4084 audierit,
1144 4032 1327 4086 super
1355 4032 1586 4072 omnem
1633 4018 1896 4072 suavita-

219 4111 341 4163 tem
372 4107 604 4178 accipit.
638 4107 860 4161 Doceat
906 4109 963 4160 te
996 4105 1309 4175 Propheta,
1359 4106 1457 4177 qui
1506 4107 1788 4178 gustabit,
1840 4111 1896 4162 et

221 4198 339 4251 ait:
380 4219 401 4244 ιι
435 4195 621 4261 Quam
651 4195 846 4250 dulcia
895 4194 1172 4249 faucibus
1221 4195 1371 4249 meis
1419 4195 1602 4248 verba
1633 4198 1751 4264 tua,
1786 4213 1891 4250 su-

220 4302 332 4358 per
375 4285 490 4339 mel
540 4287 598 4340 et
635 4283 834 4338 favum
874 4283 964 4338 ori
1004 4299 1134 4338 meo
1183 4283 1372 4352 (Psal.
1415 4299 1614 4354 cxvm,
1658 4283 1819 4352 103)!
1867 4309 1888 4333 υ

221 4375 376 4441 Quid
411 4374 567 4429 enim
598 4373 758 4427 aliud
789 4372 1088 4426 desiderat
1127 4373 1339 4442 anima,
1370 4389 1502 4444 quae
1536 4373 1719 4427 semel
1751 4390 1892 4427 sua-

219 4465 463 4519 vitatem
505 4463 682 4518 Verbi
733 4462 1086 4534 gustaverit,
1143 4477 1275 4532 quae
1329 4463 1513 4516 semel
1573 4463 1892 4516 claritatem

2002 3387 2120 3426 non
2153 3372 2376 3441 specie,
2410 3373 2901 3444 peregrinabatur
2931 3390 2964 3426 a
2995 3389 3264 3444 corpore,
3298 3375 3499 3431 aderat
3545 3378 3665 3433 Do-

2005 3461 2202 3531 mino;
2235 3463 2292 3516 et
2323 3477 2455 3515 cum
2498 3465 2661 3517 esset
2688 3463 2748 3516 in
2794 3462 3048 3517 terrenis
3082 3463 3189 3517 sed
3217 3464 3277 3518 in
3322 3465 3667 3522 coelestibus

2003 3550 2490 3605 conversabatur.

2077 3656 2161 3711 14.
2201 3656 2362 3728 Ergo
2385 3657 2577 3710 anima
2617 3660 2840 3726 nostra,
2879 3675 3012 3729 quae
3035 3659 3156 3714 Deo
3197 3660 3321 3715 vult
3348 3664 3667 3733 appropin-

2005 3762 2208 3817 quare,
2233 3746 2426 3800 elevet
2448 3761 2514 3800 se
2533 3761 2566 3799 a
2588 3761 2856 3817 corpore,
2901 3764 3136 3818 semper
3157 3748 3258 3804 illo
3299 3766 3530 3806 summo
3562 3753 3668 3806 ad-

2006 3835 2246 3904 haereat,
2272 3835 2354 3888 illi
2373 3835 2529 3889 bono
2557 3835 2714 3906 quod
2739 3839 2830 3889 est
2858 3837 3142 3907 divinum,
3194 3839 3353 3909 quod
3384 3844 3476 3894 est
3514 3858 3668 3896 sem-

2002 3941 2130 3994 per,
2187 3928 2246 3978 et
2303 3924 2460 3994 quod
2507 3927 2630 3978 erat
2677 3924 2751 3978 ab
2801 3925 2991 3994 initio,
3037 3929 3092 3980 et
3136 3929 3293 3997 quod
3341 3932 3466 3982 erat
3513 3931 3669 4001 apud

2006 4013 2212 4083 Deum,
2238 4013 2351 4067 hoc
2389 4015 2501 4081 est,
2541 4012 2649 4066 Dei
2670 4012 2950 4068 Verbum.
2986 4014 3188 4084 Ipsum
3224 4019 3316 4070 est
3349 4017 3491 4072 illud
3522 4020 3669 4073 divi-

2003 4119 2163 4172 num,
2199 4102 2258 4155 in
2290 4117 2408 4172 quo
2435 4101 2713 4170 vivimus,
2741 4105 2797 4156 et
2827 4119 3057 4173 sumus,
3083 4109 3140 4158 et
3171 4121 3478 4160 movemur
3506 4109 3663 4177 (Act.

2002 4208 2145 4261 xvu,
2178 4191 2294 4258 28).
2331 4211 2353 4240 ιι
2405 4190 2604 4260 Ipsum
2640 4194 2732 4245 est
2778 4193 2933 4262 quod
2966 4197 3090 4246 erat
3138 4195 3198 4247 in
3228 4195 3539 4266 principio,
3575 4197 3660 4266 ip-

2001 4296 2132 4334 sum
2167 4283 2258 4334 est
2301 4280 2459 4350 quod
2490 4283 2612 4334 est:
2669 4301 2690 4330 α
2726 4281 2831 4334 Dei
2861 4281 3015 4335 enim
3047 4282 3232 4336 Filius
3282 4283 3461 4337 Jesus
3495 4285 3664 4338 Chri-

2002 4373 2133 4422 stus
2164 4370 2225 4423 in
2254 4369 2448 4439 vobis,
2482 4370 2690 4439 inquit,
2725 4372 2852 4423 est:
2887 4370 2945 4422 in
2976 4386 3092 4440 quo
3124 4387 3240 4424 non
3274 4371 3381 4424 fuit
3397 4373 3532 4443 (27),
3562 4373 3668 4427 Est

2001 4463 2055 4512 et
2087 4459 2259 4529 Non;
2313 4459 2419 4512 sed
2454 4461 2548 4512 est
2593 4459 2651 4510 in
2691 4457 2791 4511 illo
2842 4458 2949 4511 fuit
2979 4458 3058 4528 (ΙΙ
3086 4459 3219 4511 Cor.
3256 4475 3294 4527 1,
3329 4459 3432 4522 19).
3472 4481 3492 4507 »
3530 4461 3665 4530 Ipse

223 4553 360 4625 ejus
377 4552 639 4606 viderit?
668 4551 909 4622 Moyses
935 4550 995 4604 in
1019 4554 1213 4605 monte
1232 4551 1464 4621 positus
1501 4552 1888 4624 quadraginta
1929 4547 2148 4642 Ddixit
2179 4547 2390 4618 Moysi,
2413 4538 2574 4642 “908
2603 4549 2664 4599 ut
2693 4545 2916 4599 diceret
2943 4561 2954 4600 :
3007 4569 3027 4592 «
3079 4545 3186 4609 Qui
3218 4549 3328 4615 est,
3382 4547 3542 4601 misit
3571 4565 3664 4604 me

227 4643 446 4697 diebus
476 4641 672 4712 legem
711 4639 1032 4710 accipiens,
1085 4639 1281 4694 cibum
1330 4641 1599 4710 corporis
1647 4657 1765 4695 non
1794 4657 1892 4695 re-

223 4730 498 4804 quirebat
526 4728 743 4800 (Exod.
787 4745 994 4799 xxx1v,
1032 4728 1167 4798 20):
1210 4728 1373 4783 Elias
1419 4730 1493 4782 ad
1539 4729 1698 4783 illam
1729 4729 1891 4785 festi-

295 4872 414 4944 (:24)
452 4871 598 4944 Mss.
643 4871 886 4944 aliquot,
916 4871 1072 4926 sicut
1109 4871 1250 4941 illo;
1288 4893 1309 4918 ιι
1345 4869 1602 4941 quidam,
1633 4893 1653 4918 α
1679 4871 1738 4925 in
1769 4872 1888 4942 illo,
1921 4873 1929 4877 ’

223 4943 686 5014 concupiscibili
717 4958 849 4997 suo.
890 4966 911 4990 ιι

295 5012 856 5086 (25)Subobscurus
879 5029 1096 5083 sermo,
1121 5013 1308 5084 inquit
1329 5012 1626 5086 Nannius;
1650 5028 1895 5068 sensum

223 5084 650 5156 huncopinor:
677 5085 924 5139 Volebat
963 5101 1074 5139 nos
1111 5085 1422 5156 versariin
1456 5084 1692 5152 mundo,
1724 5086 1896 5155 quasi

222 5161 283 5214 in
316 5175 382 5213 re
417 5154 888 5228 imaginaria,iet
918 5172 1050 5228 quae
1085 5155 1243 5209 nulla
1273 5154 1567 5228 soliditate
1610 5154 1898 5210 subSiste-

223 5233 333 5286 ret.
372 5229 520 5282 Puto
548 5227 708 5282 enim
756 5227 920 5281 illum
951 5227 1233 5280 allusisse
1281 5227 1352 5280 ad
1394 5227 1536 5280 illud
1593 5227 1794 5295 primae
1823 5228 1896 5281 ad

222 5301 491 5356 Corinth.
543 5315 670 5368 cap.
705 5313 820 5352 vn:
878 5320 900 5344 υ
955 5298 1225 5352 Praeterit
1269 5298 1427 5351 enim
1463 5298 1662 5369 figura
1711 5297 1892 5369 hujus

223 5371 472 5439 mundi;
529 5392 550 5418 ιι
605 5386 739 5423 nam
788 5373 995 5439 postea
1039 5369 1231 5422 addit:
1271 5392 1302 5439 ιι
1344 5368 1730 5423 Ambulantes
1771 5375 1895 5423 tan-

224 5460 402 5516 quam
435 5437 1036 5516 h1_imqgine_saepuli.
1077 5464 1098 5488 ιι
1137 5437 1365 5516 lta_ille_.

295 5514 415 5585 (26)
435 5512 585 5585 Edit.
611 5511 780 5585 Erae.
802 5515 858 5565 et
879 5511 1011 5566 Gill.
1029 5527 1184 5585 ﬁcum
1213 5511 1448 5585 duobus
1471 5527 1642 5585 mss.,
1669 5534 1689 5558 α
1724 5511 1891 5566 velo-

226 5581 474 5641 cissima
504 5583 935 5655 dispositione:
963 5603 990 5634 ιι
1027 5584 1222 5655 Rom.,
1267 5604 1288 5630 α
1332 5581 1712 5655 velocissima
1742 5599 1890 5654 prae-

224 5657 497 5720 teritione
522 5671 538 5735 ;
573 5653 872 5714 nlAmerb.
899 5656 955 5713 et
972 5654 1168 5713 caeteri
1191 5667 1432 5730 mss.,...
1470 5653 1889 5733 (Ιίεριιιαιίοηθ.

2001 4637 2215 4707 (Exod.
2248 4654 2330 4706 111,
2364 4634 2474 4705 14).
2507 4658 2526 4681 ιι

2073 4727 2159 4780 15.
2202 4724 2348 4780 Cum
2377 4723 2490 4778 hoc
2521 4723 2703 4794 igitur
2747 4723 2960 4791 anima,
3011 4726 3214 4778 nostra
3246 4724 3343 4794 sit,
3393 4729 3449 4780 et
3480 4725 3558 4780 sit
3587 4727 3663 4798 (si

1999 4868 2320 4923 Commodo
2373 4881 2599 4933 sensu;
2642 4865 2786 4918 nihil
2819 4865 2974 4919 enim
3015 4865 3173 4920 aliud
3222 4868 3497 4937 exprimit
3527 4871 3664 4924 Am-

1998 4940 2261 5006 brosius,
2298 4938 2414 4992 nisi
2446 4937 2595 4991 velle
2628 4952 2695 4990 se
2725 4952 2902 5006 quam
2943 4939 3325 5006 paucissimis
3356 4941 3560 4994 verbis
3592 4944 3663 4997 de

2000 5012 2256 5081 imagine
2288 5008 2487 5081 mundi
2522 5008 3095 5081 disputare.__lterum
3125 5013 3318 5064 autem
3346 5017 3482 5080 post
3511 5013 3663 5070 duos

2001 5078 2219 5136 vei-Qus
2259 5080 2361 5135 ubi
2400 5095 2687 5153 nos_cum
2717 5078 2991 5153 pluribus
3042 5095 3190 5153 mss.
3224 5085 3280 5134 et
3309 5078 3470 5153 edit.,
3509 5106 3530 5132 α
3565 5085 3665 5138 ad-

2000 5157 2124 5207 erat
2157 5153 2402 5206 Domino
2431 5166 2442 5204 :
2481 5151 2707 5223 »Rom.,
2735 5173 2756 5196 «
2781 5150 2888 5223 sed
2918 5151 3120 5223 aderat
3144 5152 3390 5207 Domino
3417 5169 3430 5223 ;
3455 5150 3480 5202 ἰι
3506 5171 3662 5209 unus

2001 5241 2147 5278 mss.
2182 5223 2400 5296 exibet,
2442 5244 2463 5271 ιι
2499 5221 2797 5275 adhaereat
2829 5221 3118 5292 Domino;
3157 5242 3178 5271 ιι
3213 5223 3380 5296 alter,
3418 5221 3438 5272 ἐι
3465 5226 3665 5280 adhae-

1998 5297 2167 5350 rebat
2194 5295 2336 5347 Deo.
2379 5315 2398 5340 ιι

2070 5365 2183 5435 (:27)
2216 5366 2384 5419 Rom.
2421 5363 2580 5432 edit,
2620 5385 2640 5411 ιι
2676 5362 2778 5434 qui
2808 5363 2868 5418 in
2898 5363 3070 5418 vobis
3105 5367 3214 5419 est.
3248 5381 3367 5420 non
3415 5365 3541 5435 fuit,
3576 5368 3662 5420 in-

1997 5439 2140 5508 quit,
2168 5438 2227 5490 in
2259 5452 2328 5490 eo
2358 5452 2372 5506 ;
2411 5459 2432 5484 ιι
2469 5439 2582 5490 vet.
2637 5438 2832 5508 autem
2881 5451 2952 5490 ac
2978 5439 3226 5508 mss.ut
3269 5439 3330 5489 in
3362 5441 3658 5508 contextu,

1998 5505 2113 5592 nisi
2139 5508 2296 5634 qugd
2330 5523 2437 5577 pro
2477 5530 2498 5555 α
2527 5508 2587 5563 in
2605 5506 2802 5582 vobis,
2847 5530 2869 5558 ιι
2904 5510 3022 5566 vet.
3055 5506 3192 5562 edit.
3243 5505 3658 5584 praeferebant,

2001 5602 2022 5630 (ι
2057 5596 2118 5634 1n
2148 5595 2222 5634 no
2270 5595 2342 5634 IS.
2380 5602 2403 5632 ι»

2001 5602 2022 5630 (ι
2057 5596 2118 5636 1n
2148 5595 2342 5636 noms.
2380 5602 2403 5632 ιι
3699 5615 3701 5618 .
