3942 6168
362 271 523 337 1103

1800 271 1868 336 S.
1897 270 2342 338 AMBROSII.

3590 283 3721 349 1101

383 469 518 526 ﬁeri
544 469 764 541 potest)
813 484 1087 542 semper;
1130 472 1197 526 ut
1242 473 1300 527 et
1345 473 1615 527 nostrum
1661 472 1858 543 possit
1900 460 2113 545 quis]
2158 472 2491 543 pulchrius,
2524 487 2699 544 quam
2745 473 2801 528 ei
2845 473 3326 546 appropinquare,
3360 476 3409 530 ei
3433 471 3726 536 adherere?

364 558 605 615 dicere:
665 581 687 606 σι
750 559 964 614 Anima
1024 575 1154 615 mea
1199 560 1259 614 in
1306 562 1583 617 manibus
1639 562 1760 616 tuis
1800 577 2038 632 semper

365 646 557 718 (Psal.
600 662 801 718 cxvm,
846 648 990 719 109).
1014 672 1037 697 ιι
1079 648 1207 703 Erit
1242 652 1459 719 autem,
1496 651 1549 706 si
1580 666 1699 706 non
1730 666 1907 706 carne
1937 652 2033 720 sit,

367 736 479 792 sed
508 736 571 791 in
599 734 858 808 Spiritu:
920 738 1050 807 erit,
1101 738 1154 792 si
1204 755 1271 794 se
1305 741 1555 795 terrenis
1603 755 1722 795 non
1767 740 2032 794 misceat.

365 822 513 881 Cum
534 825 695 881 enim
729 826 803 880 ad
839 827 1099 881 carnalia
1138 828 1480 898 reﬂectitur,
1514 832 1654 884 tunc
1677 829 1732 883 ei
1760 827 2039 883 illecebra

367 914 603 986 obrepit
624 917 917 986 corporis,
942 919 1082 971 tunc
1102 916 1191 970 ira
1208 920 1265 970 et
1286 918 1691 990 indignatione
1727 919 2039 986 exaestuat,

369 1006 511 1059 tunc
542 1005 823 1060 maestitia
863 1005 1141 1076 afficitur,
1192 1010 1332 1062 tunc
1381 1007 1695 1077 supinatur
1738 1022 1846 1078 per
1871 1021 2042 1061 arro-

367 1094 631 1167 gantiam
664 1094 799 1165 (28),
833 1096 974 1149 tunc
1003 1096 1207 1151 dolare
1238 1095 1542 1167 afﬂigitur.

442 1181 531 1238 16.
553 1183 663 1237 Hae
698 1185 838 1239 sunt
878 1184 1267 1256 aegritudines
1304 1185 1519 1239 animae
1550 1196 1791 1254 graves,
1825 1180 2044 1252 quibus

367 1268 721 1344 plerumque
779 1272 854 1326 ad
912 1276 1162 1328 mortem
1206 1274 1480 1345 cogitur;
1524 1272 1665 1326 dum
1710 1270 1869 1325 oculi
1909 1268 2045 1340 ejus

374 1364 696 1433 caecantur,
729 1363 794 1415 ut
840 1377 959 1417 non
1002 1361 1239 1417 videant
1281 1378 1442 1418 verae
1486 1361 1685 1416 lumen
1728 1357 1959 1432 gloriae,
1991 1358 2049 1411 et

373 1448 614 1505 divitias
637 1452 879 1505 aeternae
909 1449 1297 1506 hwreditatis.
1319 1450 1489 1517 Quod
1522 1450 1577 1504 si
1606 1464 1712 1504 eos
1751 1447 1828 1501 ad
1862 1447 2049 1500 Deum

373 1553 616 1609 semper
644 1539 929 1610 intendat,
972 1540 1225 1611 accipiet
1268 1555 1302 1593 a
1330 1537 1570 1593 Christo
1622 1536 1919 1609 fulgorem
1947 1549 2049 1588 sa-

371 1628 653 1700 pientiai;
705 1632 769 1683 ut
815 1628 1207 1683 illuminatum
1254 1628 1316 1683 in
1357 1627 1657 1699 agnitione
1697 1624 1803 1679 Dei
1836 1624 2051 1678 habeat

376 1717 666 1789 obtutum,
720 1717 920 1771 videat
977 1717 1137 1771 illam
1189 1732 1362 1788 spem
1418 1717 1641 1770 nostrae
1696 1712 2049 1780 vocationis,

376 1807 628 1877 aspiciat
644 1805 790 1861 illud
820 1804 978 1877 quod
1008 1808 1100 1860 est
1127 1804 1371 1875 bonum,
1403 1806 1460 1859 et
1501 1803 1801 1874 placitum,
1834 1803 1892 1855 et
1919 1816 2052 1871 per-

378 1894 620 1951 fectum.
652 1894 821 1960 Quod
852 1894 1011 1949 enim
1037 1894 1280 1963 bonum,
1305 1896 1363 1948 et
1393 1891 1828 1962 complacitum,
1851 1890 2013 1944 Patri
2037 1905 2050 1944 :

380 1985 544 2057 quod
600 1984 1042 2055 complacitiun,
1100 1982 1430 2053 perfectum
1450 1978 1480 2052 l;
1539 1981 1693 2035 sicut
1750 1980 1937 2034 habes
1994 1979 2056 2032 in

383 2073 737 2145 Evangelia,
770 2072 871 2127 ubi
906 2072 1048 2127 dicit
1075 2072 1397 2127 Dominus:
1439 2093 1460 2117 α
1503 2070 1741 2142 Diligite
1773 2068 2052 2123 inimicas

383 2164 647 2232 vestros,
671 2165 728 2216 et
747 2162 1056 2216 imitemini
1086 2162 1339 2231 Patrem,
1387 2160 1489 2231 qui
1527 2158 1674 2229 pluit
1709 2173 1891 2228 super
1915 2156 2056 2228 jus-

385 2255 482 2308 tas
531 2256 589 2306 et
635 2250 897 2322 injustas
947 2250 1185 2321 (Matth.
1218 2266 1278 2318 v,
1309 2249 1533 2319 44-45):
1572 2267 1595 2297 ι
1631 2247 1789 2318 quod
1820 2249 1912 2300 est
1940 2245 2057 2299 uti-

388 2357 505 2414 que
526 2341 829 2397 bonitatis.
857 2340 926 2394 Et
943 2342 1148 2411 postea
1173 2338 1492 2408 concludit,
1517 2337 1753 2391 dicens:
1803 2358 1825 2382 u
1854 2334 2057 2389 Estote

387 2430 639 2503 perfecti
671 2431 826 2485 sicut
857 2431 1031 2484 Pater
1063 2432 1284 2499 vester,
1334 2427 1435 2499 qui
1465 2427 1524 2481 in
1574 2425 1742 2480 ccelis
1785 2428 1895 2494 est,
1928 2439 2060 2494 per-

391 2520 587 2575 fectus
611 2523 704 2575 est
724 2519 901 2589 (Ibid.
925 2520 1037 2589 48).
1066 2540 1088 2567 ι
1116 2518 1386 2572 Charitas
1417 2517 1576 2571 enim
1620 2514 1883 2587 perfecta
1928 2516 2054 2569 est:

393 2610 649 2682 denique
691 2608 996 2679 plenitudo
1034 2606 1190 2679 legis
1236 2610 1329 2661 est
1356 2607 1546 2662 (Rom.
1586 2622 1708 2676 xiv,
1747 2604 1857 2674 10).
1908 2602 2059 2668 Quid

394 2701 593 2754 autem
612 2702 730 2751 tam
761 2696 984 2752 bonum
1002 2713 1178 2769 quam
1207 2696 1485 2767 charitas,
1521 2711 1655 2767 quae
1694 2693 1914 2749 malum
1942 2708 2061 2748 non

396 2788 620 2860 cogitat
631 2788 662 2841 ?

469 2877 558 2932 1⁸7.
583 2875 656 2930 Et
682 2875 817 2931 ideo
846 2877 1038 2931 terras
1067 2874 1257 2948 fugito
1306 2873 1441 2945 (29),
1474 2874 1535 2929 in
1576 2872 1797 2946 quibus
1839 2871 2062 2926 invidia

410 2968 524 3038 est,
555 2965 660 3021 ubi
708 2965 972 3037 ambitio,
1005 2965 1107 3020 ubi
1151 2965 1468 3020 contentio.
1521 2963 1669 3018 Boni
1717 2977 1862 3035 ergo
1906 2960 2066 3015 illius

2156 579 2289 634 quae
2319 561 2512 633 major
2540 562 2814 632 voluptas
2841 563 2980 617 est?
3025 561 3191 628 Quod
3222 563 3314 618 his
3354 565 3445 635 qui
3469 567 3665 640 viderit,
3690 573 3735 626 et

2154 651 2228 706 de
2276 652 2436 705 fonte
2484 667 2654 722 aqua)
2704 653 2855 706 vivm
2898 652 3084 723 gratis
3129 654 3459 724 gustaverit,
3499 656 3621 726 quid
3655 673 3736 728 po-

2154 743 2271 796 test
2310 741 2422 811 (31)
2459 740 2619 794 aliud
2655 740 3044 795 desiderare?
3081 756 3213 811 quae
3250 743 3471 813 regna?
3507 759 3635 814 quas
3664 763 3740 817 ῃος

2161 831 2454 884 testatas?
2510 845 2685 899 quam
2721 830 3078 899 pecuniam?
3133 845 3266 883 cum
3319 830 3559 885 advertat
3602 848 3739 904 quam

2155 919 2394 973 miserae
2442 919 2616 973 etiam
2645 918 2743 972 hic
2789 934 2996 990 regum
3051 919 3412 974 conditiones
3456 920 3578 990 sint,
3607 937 3743 992 quam

2157 1007 2472 1061 mutabiles
2503 1007 2733 1077 imperii
2761 1009 2971 1077 status,
3004 1023 3179 1079 quam
3219 1007 3431 1079 exigua
3454 1008 3577 1063 vita
3600 1009 3742 1080 hujus

2158 1096 2371 1166 spatia,
2422 1082 2637 1166 quanta
2682 1096 2745 1150 in
2775 1096 2908 1167 ipsa
2955 1096 3202 1168 imperia
3248 1096 3513 1167 servitia;
3554 1112 3667 1153 cum
3689 1100 3746 1154 ad

2156 1184 2429 1253 aliorum,
2462 1200 2581 1239 non
2611 1184 2682 1239 ad
2713 1200 2891 1241 suum
2916 1185 3117 1240 vivant
3142 1184 3461 1241 arbitrium.

2240 1264 2386 1327 909
2420 1272 2507 1327 19.
2555 1271 2701 1338 Quis
2745 1277 2941 1330 autem
2975 1275 3305 1346 peculiatus
3334 1275 3405 1330 ad
3427 1275 3591 1330 vitam
3616 1278 3748 1334 eter-

2162 1376 2298 1417 nam
2341 1362 2571 1428 transit,
2619 1362 2739 1418 nisi
2785 1364 3069 1420 virtutum
3127 1363 3316 1419 fultus
3367 1364 3603 1435 peculio,
3635 1368 3753 1438 quod

2161 1452 2463 1521 receptum
2480 1450 2778 1522 omnibus,
2803 1451 2953 1507 salis
2973 1452 3258 1507 divitibus
3275 1452 3628 1522 impossibile
3649 1470 3751 1525 pro-

2163 1539 2467 1594 nuntiatur
2494 1539 2731 1609 (Matth.
2772 1557 2897 1611 xix,
2938 1540 3078 1611 26)?
3106 1542 3241 1596 Non
3268 1555 3413 1613 ergo
3441 1541 3533 1596 his
3560 1543 3634 1596 uti
3656 1543 3757 1597 bee-

2163 1631 2286 1683 tum
2314 1631 2427 1699 est,
2477 1629 2593 1684 sed
2635 1628 2781 1684 illud
2826 1629 3051 1700 videre,
3104 1645 3220 1701 quo
3251 1629 3367 1685 ista
3413 1630 3695 1700 despicias,
3718 1636 3757 1687 et

2160 1733 2311 1772 vana
2337 1718 2469 1771 veri
2509 1716 2750 1772 refellas
2798 1717 2934 1788 (32),
2985 1720 3160 1790 atque
3201 1718 3400 1773 inania
3426 1722 3482 1773 et
3520 1734 3671 1773 cassa
3688 1720 3758 1791 jn-

2163 1807 2350 1877 dices,
2375 1806 2533 1861 illam
2564 1806 2740 1863 nudae
2767 1806 3035 1862 veritatis
3054 1806 3545 1877 pulchritudinem
3569 1807 3756 1879 diligas,

2163 1912 2296 1968 quae
2316 1895 2445 1951 haec
2466 1896 2677 1951 saeculi
2712 1894 3135 1951 fucosissimas
3159 1896 3450 1951 vanitates
3478 1895 3757 1969 redarguat

2233 1985 2322 2039 20.
2343 1983 2521 2056 Erige
2542 1984 2725 2057 igitur
2739 1984 2968 2055 oculos,
2992 1984 3205 2055 anima,
3227 1988 3393 2055 tuos;
3431 1984 3561 2039 illos
3581 1984 3758 2052 oculos,

2163 2072 2235 2128 de
2272 2072 2491 2144 quibus
2528 2073 2636 2128 tibi
2688 2073 2950 2128 Verbum
3006 2073 3113 2127 Dei
3169 2073 3350 2128 dicit:
3396 2095 3419 2124 ι
3476 2072 3653 2129 Corde
3682 2088 3762 2128 nos

2166 2161 2379 2232 cepisti
2408 2160 2543 2233 (33),
2571 2177 2745 2217 soror
2772 2177 2904 2217 mea
2947 2177 3191 2232 sponsa,
3239 2162 3423 2218 corde
3458 2177 3563 2217 nos
3606 2161 3765 2232 cepisti

2165 2266 2283 2306 uno
2311 2250 2384 2304 ab
2417 2251 2607 2306 oculis
2639 2251 2757 2305 tuis
2788 2250 2982 2320 (Cant.
3008 2267 3085 2321 iv,
3125 2250 3203 2321 9).
3232 2273 3255 2300 ι
3303 2251 3574 2307 Ascende
3597 2251 3647 2305 in
3678 2249 3767 2320 pal-

2166 2355 2342 2409 mam,
2367 2339 2539 2395 vince
2569 2340 2875 2409 saaculum,
2911 2342 2972 2393 ut
2992 2342 3196 2395 teneas
3230 2340 3416 2396 Verbi
3445 2339 3766 2394 altitudinem.

2167 2428 2489 2500 Imaginem
2525 2428 2700 2484 istam
2740 2428 2946 2483 mundi
2977 2427 3123 2482 foris
3153 2428 3448 2501 relinque,
3479 2429 3617 2484 foris
3641 2427 3770 2482 mali-

2166 2518 2305 2571 tiam
2330 2533 2342 2571 :
2377 2517 2647 2572 introduc
2670 2519 2863 2572 autem
2886 2517 3206 2572 bonitatem
3226 2520 3465 2584 mentis,
3490 2535 3614 2591 quae
3643 2516 3775 2572 habet
3890 2516 3891 2591 ξ

2168 2607 2417 2679 gratiam
2445 2606 2506 2660 in
2546 2607 2710 2679 ligno
2758 2607 2932 2676 vitae;
2968 2607 3021 2661 si
3072 2607 3286 2662 laverit
3314 2608 3525 2663 stolam
3552 2622 3713 2674 suam,
3736 2606 3776 2659 et

2167 2696 2536 2768 ingrediatur
2564 2696 2626 2750 in
2656 2695 2971 2765 civitatem,
3005 2711 3140 2768 quae
3168 2713 3315 2753 vera
3360 2701 3454 2753 est
3480 2698 3654 2769 gratia
3678 2710 3778 2749 sam

2169 2787 2417 2855 ctorum,
2449 2784 2511 2839 in
2541 2800 2657 2857 qua
2687 2788 2779 2840 est
2809 2785 2916 2840 Dei
2955 2785 3426 2857 tabernaculum,
3477 2787 3624 2841 circa
3661 2782 3778 2855 quod

2170 2872 2386 2928 scribas
2419 2873 2655 2929 Domini
2681 2874 3056 2946 praetendunt
3086 2875 3225 2948 (34),
3259 2876 3364 2931 ubi
3392 2890 3511 2931 non
3540 2875 3673 2943 dies,
3711 2874 3782 2927 aut

2169 2962 2283 3033 sol,
2316 2965 2415 3018 aut
2442 2962 2581 3018 luna
2610 2967 2807 3019 tamen
2854 2964 3212 3034 ministrant,
3246 2964 3361 3019 sed
3390 2964 3520 3034 ipse
3549 2961 3781 3019 Dominus

400 3071 679 3127 capacem
707 3072 775 3111 se
819 3055 1012 3110 anima
1053 3059 1153 3110 tua
1199 3054 1494 3126 praebeat;
1542 3056 1605 3108 ut
1650 3067 1831 3122 supra
1870 3050 2060 3105 nubes
2168 3051 2367 3107 lumen
2384 3056 2495 3124 est,
2519 3056 2701 3108 totam
2722 3053 2883 3108 illam
2921 3052 3218 3107 civitatem
3256 3053 3597 3108 illuminans
3624 3050 3782 3122 (Apoc.

397 3146 578 3216 valet,
612 3147 769 3200 sicut
794 3143 990 3216 aquila
1037 3146 1375 3213 renovetur,
1408 3144 1564 3197 sicut
1610 3141 1805 3214 aquila
1836 3155 2062 3211 pennas
2102 3158 2291 3216 _xxi,
2312 3142 2440 3212 23);
2472 3145 2565 3196 est
2599 3142 2756 3195 enim
2792 3142 2897 3196 lux
2932 3142 3135 3197 mundi
3164 3142 3363 3211 (Joan.
3404 3159 3527 3212 VIII,
3556 3140 3637 3210 12)
3660 3155 3672 3195 :
3698 3153 3784 3194 non

399 3199 773 3306 emittat;ut
813 3199 1117 3289 renovatis
1161 3199 1390 3288 alarum
1446 3199 1716 3303 remigiis
1774 3199 1908 3300 (36),
1951 3229 2066 3283 alta
2098 3199 2513 3301 antique’l'ux
2550 3230 2831 3299 visibilis,
2892 3231 3001 3285 sed
3060 3199 3417 3302 animarum,
3463 3199 3594 3303 quas
3620 3199 3672 3284 in
3701 3227 3787 3283 hoc

397 3329 600 3398 petere
640 3340 759 3380 non
796 3323 1157 3393 reformidet,
1219 3322 1369 3377 hanc
1425 3321 1845 3375 habitationem
1881 3318 2065 3373 relin-
2169 3319 2387 3374 mundo
2441 3321 2598 3388 sunt,
2651 3317 3045 3391 intelligibilis
3102 3318 3419 3390 claritudo,
3488 3319 3690 3391 quibus
3739 3330 3788 3369 se

400 3418 579 3488 quat:
612 3418 915 3470 terrenum
942 3412 1098 3467 enim
1128 3411 1529 3466 habitaculum
1564 3412 1775 3482 gravat
1807 3408 2067 3462 animam
2169 3407 2503 3479 splendenti
2531 3407 2752 3463 lumine
2781 3407 3153 3463 rationabilis
3199 3408 3465 3464 infundit
3491 3405 3788 3480 prudentia.

399 3505 565 3577 (Sap.
598 3521 680 3575 ix,
713 3504 822 3574 15).
857 3502 1050 3557 Exuat
1098 3507 1321 3571 vetera,
1369 3499 1612 3571 abjiciat
1653 3498 1877 3555 erroris
1910 3498 2069 3552 desi-
2167 3497 2525 3568 praedicatur
2562 3497 2622 3551 in
2663 3496 2987 3568 Evangelia
3038 3497 3152 3566 (35)
3188 3497 3565 3568 incorporea:
3600 3494 3788 3550 virtutis

399 3593 584 3666 deria,
615 3592 814 3649 abluat
844 3591 1053 3646 oculos
1084 3605 1269 3646 suos:
1321 3592 1385 3643 ut
1414 3589 1611 3643 videat
1652 3586 1813 3642 illam
1842 3586 2065 3641 fantem
2168 3586 2540 3641 inﬂammans
2577 3601 2799 3656 vapore
2837 3588 3069 3641 secreta
3122 3587 3417 3642 mentium
3456 3586 3779 3656 animorum.

398 3683 537 3740 vitae
569 3686 827 3752 aeternae,
878 3680 977 3752 qui
1007 3678 1195 3733 afﬂuit
1231 3682 1407 3751 atque
1454 3679 1712 3733 exundat
1758 3677 2056 3747 omnibus,

403 3770 626 3828 nullius
654 3772 955 3843 indigens.
1005 3767 1173 3834 Quos
1221 3770 1378 3822 enim
1417 3767 1578 3822 dedit
1626 3767 1732 3838 illi,
1768 3782 1903 3821 cum
1934 3789 1954 3813 α
1992 3780 2069 3820 ex

399 3859 557 3931 ipsa,
590 3863 648 3915 et
675 3875 783 3930 per
810 3859 1028 3931 ipsum,
1061 3861 1119 3913 et
1144 3859 1206 3913 in
1235 3858 1369 3927 ipso
1425 3877 1447 3907 ι
1483 3857 1678 3912 omnia
1727 3856 1847 3910 sint
1875 3856 2062 3927 (Rom.

400 3966 484 4021 ιι,
508 3948 599 4021 35,
630 3949 765 4019 se)?

474 4038 563 4094 18.
605 4038 732 4092 Viae
768 4035 951 4108 igitur
984 4036 1120 4091 fons
1155 4037 1249 4090 est
1294 4050 1592 4090 summum
1634 4035 1780 4091 illud
1816 4035 2060 4106 bonum,

403 4143 481 4185 ex
495 4144 613 4202 quo
634 4126 878 4181 vivendi
909 4124 1241 4180 substantia
1271 4124 1718 4179 ministrabatur
1747 4125 2023 4180 omnibus
2050 4141 2064 4181 :

356 4224 361 4233 '
402 4220 601 4293 ipsum
622 4218 820 4273 autem
853 4215 915 4270 in
941 4229 1008 4269 se
1030 4213 1206 4268 habet
1238 4213 1418 4267 vitam
1447 4216 1799 4269 manentem.
1823 4216 1875 4269 A
1905 4214 2066 4270 nullo

402 4310 577 4385 quasi
604 4309 781 4380 inops
811 4304 1061 4377 accipit:
1094 4303 1346 4376 largitur
1374 4303 1530 4358 bona
1549 4304 1706 4375 aliis,
1740 4320 1859 4359 non
1885 4304 2068 4359 aliun-

401 4403 476 4459 de
504 4399 760 4457 assumit
790 4396 943 4466 sibi;
976 4409 1169 4466 neque
1205 4392 1362 4448 enim
1402 4394 1589 4448 nostri
1620 4393 1865 4466 indiget.
1898 4393 2069 4449 Unde

2169 3689 2283 3746 que
2314 3674 2635 3745 penetralia
2667 3675 2830 3746 (Luc.
2865 3691 3030 3745 xxiv,
3061 3674 3175 3744 32).

2243 3764 2330 3819 21.
2354 3763 2417 3818 Si
2448 3764 2584 3836 quis
2614 3763 2797 3836 igitur
2826 3763 3018 3819 incola
3048 3779 3191 3819 esse
3221 3764 3476 3836 coeperit
3504 3764 3654 3819 illius
3682 3759 3794 3817 civi—

2170 3854 2307 3909 tatis
2347 3869 2644 3924 supernae,
2689 3852 2892 3909 incola
2948 3852 3229 3908 videlicet
3279 3854 3717 3909 conversatione
3744 3864 3796 3903 ac

2172 3942 2463 4013 moribus,
2504 3958 2622 3997 non
2660 3941 2928 3997 discedat
2962 3942 3037 3997 ab
3076 3957 3167 4012 ea,
3209 3958 3332 3998 non
3372 3947 3567 4012 exeat,
3604 3956 3707 3998 non
3735 3953 3799 3992 re-

2172 4033 2369 4087 ﬂectat
2404 4032 2745 4105 vestigium,
2785 4046 2904 4087 non
2942 4031 3215 4101 corporis
3255 4032 3417 4103 dico,
3465 4033 3573 4088 sed
3626 4028 3796 4085 mentis

2172 4121 2516 4194 vestigium,
2557 4136 2676 4176 non
2732 4123 3061 4176 revertatur
3109 4123 3292 4176 retro.
3358 4123 3541 4178 Retro
3591 4116 3798 4181 luxuria,

2174 4213 2332 4266 retro
2356 4211 2662 4281 impuritas
2692 4212 2803 4265 est.
2831 4209 3095 4281 Denique
3126 4211 3473 4267 ascendens
3497 4211 3570 4266 ad
3587 4210 3796 4265 montem

2176 4301 2350 4372 Loth,
2382 4304 2542 4356 retro
2570 4300 2811 4371 reliquit
2858 4299 3231 4355 sodamitana
3278 4299 3543 4373 ﬂagitia:
3578 4314 3696 4371 quae
3726 4309 3800 4347 au-

2174 4394 2294 4445 tem
2324 4390 2589 4462 reSpexit
2626 4392 2805 4460 retro,
2858 4404 2978 4444 non
3014 4389 3206 4459 patuit
3242 4389 3317 4444 ad
3358 4388 3664 4460 superiora
3695 4398 3802 4440 eva-

402 4495 461 4549 et
491 4492 571 4547 ait
598 4506 677 4547 ex
716 4501 976 4561 persona
1024 4484 1283 4540 hominis
1309 4499 1322 4538 :
1375 4503 1399 4533 ε
1444 4482 1733 4548 Quoniam
1774 4483 2068 4539 bonorum
2098 4558 2136 4561 _
2175 4481 2316 4536 dere
2346 4478 2521 4550 (Gen.
2544 4495 2666 4544 xxx,
2703 4478 2813 4549 26).
2849 4477 2984 4533 Non
3010 4493 3163 4550 ergo
3192 4478 3384 4550 pedes
3413 4478 3507 4553 tui,
3531 4480 3695 4544 retro,
3722 4468 3800 4526 sed

402 4597 671 4638 meorum
716 4558 836 4635 non
882 4575 1119 4649 indiges
1169 4574 1359 4645 (Psal.
1409 4591 1510 4645 xv,
1565 4574 1639 4645 2).
1679 4595 1700 4622 ι
1737 4571 1888 4639 Quid
1922 4588 2066 4645 ergo
2095 4558 2373 4625 D-‘mores
2402 4584 2521 4623 non
2564 4571 2957 4623 revertantur.
3005 4566 3141 4623 Non
3170 4568 3313 4622 ﬂant
3356 4582 3571 4623 manus
3600 4569 3703 4620 tuae
3726 4573 3800 4615 re-

476 4722 592 4793 (28)
638 4721 940 4777 Describit
980 4720 1205 4776 vultum
1244 4718 1515 4793 superbi,
1566 4718 1668 4793 qui
1714 4732 1784 4772 os
1814 4716 2069 4793 sublime

405 4793 469 4846 in
490 4789 715 4847 coelum
748 4793 957 4862 erigit:
995 4792 1332 4845 contrarius
1362 4794 1453 4844 est
1470 4790 1795 4860 demissus,
1829 4791 1932 4861 qui
1951 4789 2074 4843 vul-

402 4866 529 4917 tum
558 4864 618 4915 in
646 4867 864 4932 terram
894 4862 1114 4932 dejicit.
1152 4863 1233 4915 ita
1264 4863 1555 4916 Nannius.

477 4931 592 5002 (29)
624 4931 769 5004 Qad.
797 4931 983 5004 ἣδε..
1016 4956 1037 4979 «
1074 4934 1145 4987 Et
1173 4934 1306 4987 ideo
1338 4938 1571 4988 terrena
1605 4932 1812 5004 fugito.
1852 4955 1874 4980 ι»

477 5006 594 5075 (30)
616 5002 762 5076 cum
792 5002 850 5076 id_
879 5005 1091 5057 avibus
1120 5004 1229 5058 alae
1263 5006 1399 5071 sint,
1434 5005 1591 5075 quod
1621 5002 1931 5076 remigium
1963 5018 2071 5076 na-

405 5072 584 5131 vibus
610 5090 625 5144 ;
660 5072 798 5126 hinc
820 5073 991 5145 ducta
1012 5080 1103 5128 est
1142 5090 1175 5127 a
1210 5078 1423 5145 poetis,
1451 5072 1511 5131 et
1541 5072 1801 5129 maxime
1821 5091 1854 5128 a
1878 5075 2069 5145 Virgi-

406 5148 509 5231 lio,
541 5147 655 5201 ista
699 5143 1060 5214 metaphora,
1092 5143 1248 5200 unde
1295 5143 1453 5201 illam
1491 5146 1789 5201 transtulit
1817 5143 2070 5200 Ambra-

410 5235 561 5276 SlllS.

478 5288 595 5363 (31)
611 5286 763 5363 Edit_.
800 5286 1011 5363 vet.,_‘-
1037 5285 1179 5350 Quae
1208 5289 1406 5363 major
1441 5290 1715 5363 voluptas
1747 5292 1859 5359 est,
1892 5304 2069 5360 quam

410 5355 639 5437 quod'is
656 5358 757 5430 qui
774 5356 1005 5437 viderit.
1018 5355 1411 5437 .igustaverit
1424 5364 1450 5413 ‘?
1471 5355 1620 5437 Quid
1635 5355 1853 5437 potest,
1871 5381 1893 5409 ι
1910 5355 2023 5415 etc.
2051 5376 2063 5414 :

411 5428 509 5493 liis
539 5428 712 5490 etiam
742 5429 989 5503 accedit.
1033 5428 1205 5503 itam.
1253 5431 1368 5503 nisi
1400 5432 1558 5503 quod
1591 5428 1783 5499 habet,
1834 5428 1856 5481 ὰ
1891 5447 2069 5502 quam

410 5524 547 5564 cum
592 5504 729 5577 quis
768 5499 1105 5577 idviderit:
1159 5524 1183 5550 ι»
1217 5499 1438 5557 melius
1479 5516 1625 5557 vero
1673 5504 1889 5558 exarati
1909 5499 2066 5560 _cod.

408 5594 567 5657 quas
577 5574 999 5657 _e't_sequimnur.

480 5652 595 5732 (32)
643 5644 791 5708 Mss.
842 5647 1083 5724 aliquot,
1138 5667 1167 5702 ς(
1216 5647 1275 5707 et
1322 5647 1483 5705 velut
1521 5660 1671 5706 vana
1715 5644 1986 5727 refellas;
2040 5672 2063 5702 ιν

2176 4712 2436 4785 quidam,
2466 4735 2499 4785 pg
2515 4713 2573 4785 et
2616 4726 2768 4765 vana
2797 4709 2960 4766 veris
2974 4730 3012 4785 ξ.
3048 4710 3229 4779 (unus
3266 4733 3290 4761 α
3322 4726 3472 4766 vere
3501 4709 3552 4780 ν)
3572 4703 3806 4785 refellas;

2176 4778 2400 4838 rectius
2424 4778 2548 4853 alii,
2581 4787 2639 4836 et
2668 4797 2876 4836 omnes
2923 4781 3085 4851 edit.,
3124 4804 3147 4832 ι
3199 4786 3255 4838 et
3288 4798 3443 4837 vana
3471 4778 3617 4852 veri,
3650 4799 3670 4829 ι
3699 4778 3804 4840 etc.,

2177 4856 2250 4909 de
2286 4871 2401 4925 qua
2429 4855 2726 4909 locutione
2750 4853 2874 4925 jam
2906 4853 3188 4907 diximus.

2250 4935 2361 5004 (33)
2391 4936 2662 4991 Graecum
2710 4934 2972 5006 verbum»
2997 4926 3551 5006 txxapdi'mgquod
3589 4929 3681 5006 hic
3699 4936 3803 5005 ver-

2178 4999 2320 5062 titur
2343 4999 2420 5062 ab
2461 5005 2803 5072 Ambrosio,
2857 4999 3146 5075 majorem
3177 4999 3493 5075 quamdam
3540 4999 3803 5075 emphasin

2179 5080 2400 5133 habere
2433 5078 2712 5132 observat
2741 5073 3052 5151 Nannius;
3084 5073 3237 5151 cum
3269 5076 3625 5151 idem_s_on_et
3665 5073 3804 5151 a‘tgqe

2180 5151 2424 5205 excardi
2444 5152 2555 5203 asti
2581 5163 2593 5202 :
2628 5148 2786 5218 quod
2816 5151 2989 5201 vetus
3014 5135 3307 5217 interpres
3344 5144 3614 5211 reddidit,
3636 5161 3657 5190 ι
3688 5135 3803 5191 Vul-

2177 5223 2401 5276 nerasti
2432 5237 2535 5275 cor
2566 5236 2781 5285 meum,
2820 5240 2842 5265 ι»
2878 5222 2988 5273 etc.
3692 5282 3699 5285 _
3765 5275 3774 5285 ,

2250 5291 2364 5361 (34)
2399 5314 2421 5342 ε
2459 5282 2857 5358 Praetendunt,
2915 5311 2937 5337 ιι
2970 5287 3029 5361 id
3075 5291 3187 5357 est,
3212 5289 3354 5361 ante
3398 5285 3549 5361 alios
3596 5282 3801 5361 tentoria

2179 5348 2287 5419 sua
2319 5348 2528 5435 figunt,
2564 5367 2621 5416 et
2653 5376 2760 5435 eos
2793 5348 3083 5435 custodiis
3126 5348 3264 5435 suis
3289 5359 3561 5435 cingunt,
3603 5348 3803 5435 utsqu

2176 5422 2478 5491 adnotavit
2509 5422 2804 5501 Nannius,
2836 5435 2893 5485 et
2936 5432 3063 5504 jam
3090 5431 3309 5486 alicubi
3359 5422 3599 5484 a'nabis
3626 5422 3803 5480 obser-

2175 5514 2375 5564 vatum
2408 5521 2547 5562 esse
2578 5505 2975 5559 meminimus.

2248 5580 2364 5657 (35)
2394 5580 2571 5661 Edit.,
2595 5597 2618 5629 ι
2652 5578 2710 5633 et
2738 5579 2801 5631 ut
2830 5574 3195 5651 praedicatur
3220 5575 3281 5632 in
3311 5567 3647 5653 Evangelia.
3680 5587 3701 5616 ι
