3942 6168
154 406 288 475 1105

1269 397 1883 469 EPISTOLARUM
1927 404 2266 474 CLASSIS
2305 410 2354 473 Ι.

3390 411 3554 482 1106

153 610 318 666 missae
345 607 398 659 et
423 601 749 658 devotionis
779 605 896 659 tuae
926 618 997 658 ac
1030 604 1168 660 ﬁdei
1205 618 1401 676 genua
1451 605 1764 662 dissoluta.
1798 591 1849 657 Αἱ

156 700 255 754 Νοιι
282 695 370 748 ﬁat
398 691 705 746 voluntatis
735 694 852 747 tuae
881 693 1140 747 recidiva
1169 694 1510 764 inﬁrmitas,
1545 711 1664 750 non
1682 696 1769 750 ul-

153 789 224 841 lus
250 785 592 838 intercursus
621 781 953 836 criminum.
988 781 1104 838 Sed
1136 783 1455 854 ingressus
1499 800 1587 853 es,
1637 801 1766 839 ma-

147 891 203 930 ne
230 889 240 927 :
270 869 594 942 pervenisti,
630 869 893 925 consiste
929 888 939 925 :
979 890 1005 921 «
1039 871 1292 926 Salvans
1325 871 1490 926 salva
1511 873 1766 929 animam

144 969 270 1018 tuam
299 959 460 1028 (Gen.
493 976 615 1028 XIX,
652 959 762 1026 17).
807 983 828 1007 ι)

199 1051 270 1104 22.
306 1048 641 1103 Ascendens
687 1048 972 1102 directum
1021 1049 1218 1104 attolle
1253 1051 1522 1121 gradum,
1565 1052 1765 1108 nullus

135 1139 244 1195 inde
268 1140 375 1192 tuto
404 1136 571 1191 redit.
609 1136 764 1191 Hinc
794 1136 908 1206 via,
943 1137 1080 1192 inde
1110 1138 1280 1192 ruina
1311 1143 1422 1193 est.
1476 1140 1629 1195 Hinc
1658 1157 1762 1196 as-

137 1242 337 1294 census,
367 1224 495 1279 inde
523 1226 937 1295 praecipitium.
986 1227 1368 1282 Ascendendi
1397 1229 1638 1299 quidem
1670 1230 1760 1284 la-

130 1316 234 1381 bor,
265 1315 357 1368 sed
387 1314 787 1368 descendendi
835 1316 1165 1384 periculum
1200 1332 1211 1371 :
1248 1317 1355 1370 sed
1404 1320 1616 1388 potens
1662 1321 1756 1374 est

131 1403 392 1472 Dominus,
425 1403 524 1474 qui
554 1405 612 1457 te
646 1403 953 1458 fundatum
1003 1405 1123 1458 illic
1174 1406 1467 1461 custodiat
1517 1411 1755 1478 septum

130 1491 446 1563 propheticis
478 1492 666 1546 muris
702 1495 758 1546 et
788 1493 1134 1564 apostolicis
1167 1495 1452 1550 turribus.
1487 1497 1624 1552 Ideo
1653 1498 1762 1552 tibi

132 1582 246 1635 dicit
273 1581 541 1635 Dominus
579 1597 591 1635 :
624 1581 861 1651 Intrate,
896 1583 1136 1653 calcate,
1169 1585 1308 1654 quia
1352 1586 1584 1641 assistit
1626 1587 1760 1641 vin-

128 1670 285 1724 demia
325 1669 478 1738 (Joel
501 1686 586 1739 ιιι,
623 1669 733 1740 13).
785 1671 978 1741 Intus,
1013 1688 1130 1727 non
1163 1673 1311 1728 foris
1344 1674 1555 1729 simus.
1601 1675 1671 1730 Et
1700 1676 1761 1731 in

128 1757 407 1830 Evangelio
439 1758 544 1813 Dei
579 1757 768 1813 Filius
803 1760 944 1814 dicit
976 1776 988 1814 :
1029 1783 1049 1809 «ι
1077 1760 1184 1826 Qui
1215 1765 1308 1816 est
1341 1764 1401 1817 in
1429 1766 1606 1833 tecto,
1639 1780 1760 1820 non

127 1846 407 1902 descendat
435 1862 580 1901 vasa
611 1863 720 1901 sua
764 1848 970 1904 tollere
1017 1850 1186 1919 (Luc.
1220 1867 1364 1920 xvu,
1398 1849 1512 1921 31).
1551 1872 1572 1902 ι
1627 1853 1760 1908 Non

2345 665 2710 724 EPISTOLA
2729 670 2892 726 XXX
2915 669 3046 743 (39).

1879 787 2063 845 Docet
2086 806 2206 868 non
2240 791 2621 868 habitandum
2656 795 2718 849 in
2749 795 2898 851 locis
2926 797 3238 868 depressis
3266 812 3432 854 more
3462 797 3552 855 Iu-

1953 863 2348 942 xuriosorum,
2367 866 2476 942 sed
2503 863 3060 942 sanetorum_insta_r
3090 869 3548 942 ineditioribus,

1953 933 2054 1006 ubi
2079 933 2487 990 aediﬁcandum
2531 943 2621 991 est
2673 938 2945 1006 templum
2992 939 3258 1006 Domino,
3311 933 3552 997 scilicet

1950 1004 2012 1076 in
2038 1006 2307 1076 prepriis
2337 1008 2654 1062 mentibus.
2688 1009 2739 1062 A
2774 1004 3102 1064 luxuriosis
3125 1004 3552 1068 nonaedilieari

1950 1075 2058 1152 hoc
2089 1075 2389 1152 templum,
2425 1079 2591 1149 cujus
2618 1080 2925 1152 fastigium
2955 1083 3256 1152 aequitatis
3285 1084 3394 1138 hoc
3422 1099 3552 1139 me-

1953 1148 2150 1226 timur.
2203 1148 2453 1226 Quinam
2479 1148 3079 1226 Sepulcranegantur
3107 1153 3230 1207 sibi
3269 1155 3549 1226 condere,

1953 1224 2010 1296 et
2054 1220 2382 1296 ascendere
2430 1221 2492 1274 in
2545 1220 2972 1296 domum‘D—ei;
3025 1240 3211 1295 quove
3251 1233 3427 1296 pacto
3473 1220 3551 1283 ειᾶ

1949 1289 2293 1400 ptruenf’lam
2325 1307 2480 1362 eam,
2518 1309 2624 1365 qua
2652 1293 2860 1362 minis,
2899 1311 3004 1367 qua
3029 1289 3353 1366 promissis
3386 1297 3549 1354 exci-

1967 1375 2050 1400 ,ΩΠ
2072 1377 2154 1400 ,ΙΙΥ

1953 1365 2187 1416 tantur?

2252 1470 2592 1525 Aueaosms
2634 1471 2868 1527 Ianumo
2903 1473 3174 1529 salutem.

1947 1575 1997 1630 1.
2042 1576 2155 1630 Ubi
2188 1578 2556 1647 superiorem
2586 1579 2820 1634 absolvi
2861 1581 3194 1651 epistolam,
3242 1582 3299 1636 et
3340 1581 3544 1653 perfe-

1875 1665 2117 1719 rendam
2161 1665 2265 1720 tibi
2316 1667 2554 1737 tradidi,
2604 1669 2766 1723 venit
2815 1670 2877 1724 in
2923 1674 3178 1725 mentem
3207 1670 3353 1726 illud
3383 1672 3544 1743 quod

1876 1754 2161 1809 Dominus
2212 1756 2272 1808 in
2320 1771 2498 1811 manu
2544 1760 2759 1828 Aggaei
2807 1759 3112 1828 prophetae
3157 1761 3396 1816 locutus
3429 1763 3542 1831 est,

1874 1843 2080 1898 dicens
2115 1859 2126 1898 :
2164 1865 2185 1891 «
2222 1843 2282 1898 Si
2310 1846 2545 1914 tempus
2577 1846 2752 1900 vobis
2783 1849 2874 1900 est
2903 1851 2965 1902 ut
2996 1847 3274 1902 habitetis
3323 1848 3384 1902 in
3434 1849 3546 1904 do-

126 1937 295 2007 utique
340 1936 408 1990 de
455 1936 569 1991 hoc
622 1939 776 1992 tecto
810 1937 970 2008 dicit,
1005 1939 1112 1993 sed
1142 1939 1214 1994 de
1243 1939 1342 1994 illo
1377 1956 1390 1995 :
1431 1964 1452 1989 ιι
1486 1941 1754 1997 Extendit

1946 1932 2070 1986 Lbus
2104 1933 2327 1988 caelatis
2358 1933 2470 2003 (40)
2501 1933 2737 2006 (Aggoei
2766 1952 2804 2005 ι,
2837 1935 2933 2004 4)?
2966 1959 2988 1984 ιι
3025 1935 3176 2002 Quid
3207 1953 3354 2009 ergo
3385 1936 3547 1994 istud

125 2025 302 2079 coelum
331 2026 480 2079 sicut
508 2041 806 2080 cameram
834 2025 951 2096 (1V
970 2027 1156 2082 Esdr.
1191 2045 1312 2098 xw,
1347 2028 1460 2100 60).
1503 2049 1525 2080 ι

179 2113 254 2168 23.
292 2113 446 2168 Intus
476 2129 627 2186 ergo
659 2117 809 2185 esto,
843 2115 994 2170 intra
1024 2116 1380 2188 Jerusalem,
1415 2119 1566 2173 intra
1605 2119 1751 2183 910

124 2203 338 2256 animam
363 2204 518 2256 tuam
549 2203 878 2273 paciﬁcam,
914 2205 1112 2260 mitem
1142 2209 1316 2278 atque
1355 2206 1754 2278 tranquillam.

121 2291 230 2346 Non
257 2306 425 2346 exeas
457 2292 529 2346 de
563 2307 654 2362 ea,
706 2308 901 2364 neque
951 2294 1283 2350 descendas
1321 2311 1428 2350 vas
1473 2299 1636 2351 tuum
1667 2297 1756 2351 is-

120 2380 217 2448 tud,
245 2384 333 2434 aut
363 2380 713 2449 honoribus,
747 2385 844 2436 aut
873 2382 1116 2452 divitiis,
1159 2387 1256 2438 aut
1285 2385 1621 2456 arrogantia
1666 2387 1756 2440 at-

118 2467 306 2524 tollere.
337 2469 495 2525 Intus
526 2473 681 2539 esto,
712 2472 776 2524 ut
805 2486 912 2541 per
942 2473 998 2526 te
1027 2472 1380 2545 alienigenae
1407 2489 1527 2529 non
1560 2476 1755 2529 trans-

119 2559 244 2628 eant,
271 2563 501 2628 peccata
533 2559 793 2613 animam
839 2562 997 2614 tuam
1043 2575 1163 2616 non
1208 2564 1529 2630 transeant,
1579 2579 1751 2617 vanae

121 2647 454 2715 operationes
485 2650 544 2702 et
577 2648 969 2719 cogitationes
1001 2650 1244 2704 inanes:
1273 2665 1392 2704 non
1421 2651 1756 2706 transibunt

115 2738 276 2790 autem
303 2737 354 2790 si
383 2737 856 2792 sanctiﬁcaveris
888 2735 1002 2808 (36)
1032 2738 1256 2792 bellum
1286 2755 1394 2808 pro
1417 2740 1752 2794 devotionis

115 2827 159 2876 et
198 2823 317 2880 fidei
367 2827 708 2895 certamine,
763 2841 869 2896 pro
920 2826 1186 2882 veritatis
1232 2828 1427 2882 studio
1459 2829 1752 2884 adversus

113 2913 426 2980 passionum
455 2914 798 2984 illecebras,
833 2917 890 2969 et
920 2917 1257 2986 sumpseris
1287 2932 1450 2971 arma
1495 2917 1599 2972 Dei
1643 2918 1752 2971 ad-

115 3015 320 3057 versum
365 3002 668 3074 spiritales
718 3004 1015 3075 nequitias
1042 3047 1056 3075 ,
1109 3008 1168 3059 et
1209 3007 1485 3060 astutiam
1532 3006 1750 3062 diaboli

112 3091 192 3158 qui
217 3095 492 3160 pertentat
522 3109 750 3148 sensus
781 3095 1020 3148 nostros
1046 3093 1248 3149 fraude
1279 3111 1348 3150 ac
1370 3095 1541 3164 dolo;
1575 3111 1750 3166 quem

113 3185 418 3236 mansuetus
467 3182 726 3239 bellator
773 3182 886 3252 (3’1)
936 3182 1108 3238 facile
1158 3183 1439 3253 proterit,
1489 3185 1591 3254 qui
1630 3201 1748 3240 non

111 3269 480 3343 seratjurgia,
515 3272 628 3326 sed
657 3271 813 3326 sicut
840 3271 1011 3326 decet
1040 3286 1284 3326 servum
1324 3273 1578 3342 Domini,
1615 3289 1750 3327 cum

1831 2033 1836 2036 ·
1873 2025 1983 2091 est,
2017 2022 2136 2075 nisi
2165 2021 2224 2074 in
2254 2022 2666 2092 superioribus
2697 2023 3099 2094 habitandum,
3133 2041 3254 2080 non
3299 2027 3362 2080 in
3408 2025 3540 2082 val-

1870 2110 2156 2166 lestribus
2208 2113 2264 2164 et
2311 2111 2719 2166 subterraneis
2772 2112 3178 2168 habitaculis?
3223 2113 3335 2178 Qui
3384 2116 3544 2172 enim

1869 2199 2023 2254 infra
2053 2202 2270 2253 terram
2303 2199 2584 2268 habitant,
2633 2215 2754 2256 non
2783 2205 3037 2271 possunt
3066 2202 3360 2257 aedificare
3389 2205 3542 2258 tem-

1869 2288 2031 2358 plum
2062 2288 2187 2357 Dei,
2221 2291 2277 2342 et
2309 2289 2510 2342 dicunt
2544 2304 2555 2342 :
2594 2308 2617 2338 α
2652 2289 2786 2344 Νοιι
2816 2291 2977 2343 venit
3005 2292 3238 2360 tempus
3273 2294 3336 2345 ut
3365 2292 3546 2347 aediﬁ-

1871 2379 2036 2431 cetur
2066 2377 2277 2432 domus
2309 2377 2543 2431 Domini
2576 2377 2752 2448 (Ibid.
2784 2377 2880 2449 2);
2919 2400 2941 2426 η
2986 2379 3163 2433 simul
3192 2380 3330 2450 quia
3358 2381 3537 2437 luxu-

1868 2465 2164 2521 riosorum
2211 2466 2323 2537 (41)
2370 2469 2462 2522 est
2503 2467 2793 2539 hypogaea
2840 2484 3129 2539 quaerere,
3183 2470 3542 2539 captantium

1869 2554 2061 2626 frigus
2113 2556 2406 2624 aestivum,
2459 2571 2528 2610 eo
2578 2558 2734 2627 quod
2779 2557 3028 2613 resoluti
3079 2556 3311 2612 deliciis
3353 2561 3541 2616 aestus

1867 2643 2036 2699 aliter
2063 2644 2219 2699 ferre
2250 2660 2318 2698 ac
2350 2645 2600 2700 tolerare
2633 2661 2749 2700 non
2783 2650 3021 2717 queant,
3055 2650 3113 2702 et
3157 2647 3290 2702 ideo
3343 2648 3542 2720 requi-

1866 2736 1994 2787 rant
2027 2734 2307 2788 umbrosa
2337 2734 2658 2804 penetralia
2693 2750 2705 2789 :
2742 2735 2834 2790 vel
2863 2736 3021 2807 quod
3053 2736 3342 2791 desidiosi
3370 2737 3538 2809 igna-

1829 2819 1833 2824 ’
1864 2838 1937 2875 va
1968 2823 2080 2876 sub
2110 2823 2285 2876 terris
2316 2826 2494 2895 agant
2547 2824 2702 2893 otia;
2753 2825 2963 2880 deinde
3014 2825 3173 2896 quod
3218 2825 3540 2881 tenebrosa

1865 2911 2001 2966 illos
2035 2914 2090 2966 et
2121 2927 2304 2980 opaca
2335 2911 2629 2967 delectent
2656 2914 2870 2984 magis,
2905 2913 3124 2985 quibus
3146 2915 3283 2978 911
3317 2915 3537 2986 aperiri

1865 3001 2086 3072 ﬂagitia
2135 3017 2244 3056 sua
2297 3001 2557 3071 credant,
2601 3003 2930 3057 secundum
2961 3003 3103 3058 illud
3137 3020 3148 3058 :
3187 3024 3209 3054 ι
3244 3003 3534 3061 Tenebrae

1866 3090 2232 3145 circumdant
2273 3107 2366 3146 me
2415 3094 2477 3146 ut
2523 3092 2800 3162 parietes,
2854 3108 3030 3163 quem
3078 3107 3286 3148 vereor
3315 3093 3532 3163 (Eccli.

1863 3197 2028 3248 χχιιι,
2062 3180 2183 3252 26)?
2214 3179 2331 3234 Sed
2361 3179 2580 3235 frustra
2610 3181 2723 3236 hoc
2755 3185 3014 3253 sperant,
3065 3198 3199 3237 cum
3232 3181 3533 3252 profunda

1863 3270 2067 3341 abyssi
2100 3273 2156 3324 ct
2184 3270 2530 3324 abscondita
2564 3271 2724 3325 Deus
2759 3273 2978 3340 cernat,
3013 3273 3068 3326 et
3101 3269 3297 3325 omnia
3328 3271 3532 3342 depre-

111 3333 570 3414 modestiavﬁd'em
605 3360 833 3428 doceat,
878 3363 934 3414 et
965 3375 1071 3415 eos
1102 3361 1202 3431 qui
1234 3333 1629 3416 adversantur
1657 3377 1749 3416 re-
1781 3333 2096 3429 albet-idat,
2130 3362 2442 3430 antequam
2473 3359 2611 3414 fiant
2642 3359 2804 3431 (Sep.
2839 3333 2975 3429 vni,
2997 3360 3072 3431 8).

109 3443 337 3520 darguat.
372 3449 454 3505 De
484 3450 604 3504 hoc
634 3449 775 3503 dicit
805 3448 1111 3519 Scriptura
1143 3467 1155 3505 :
1196 3471 1217 3497 α
1252 3449 1362 3515 Qui
1392 3453 1742 3506 mansuetus

109 3538 197 3604 est,
240 3536 478 3594 bellator
527 3541 820 3610 exsurgat
862 3538 1022 3606 (Joel
1050 3556 1134 3608 ιιι,
1186 3539 1262 3608 9),
1322 3560 1342 3588 »
1377 3542 1436 3594 et
1475 3540 1748 3596 infirmus

109 3621 235 3678 dicat
276 3642 287 3680 :
342 3649 362 3674 ιι
415 3627 626 3683 Omnia
671 3643 921 3698 possum
968 3628 1028 3681 in
1075 3642 1146 3683 eo
1196 3628 1296 3699 qui
1332 3644 1424 3684 me
1455 3629 1758 3684 confortat-

106 3711 318 3787 (Philip.
351 3733 430 3787 xv,
467 3717 584 3786 13).

163 3799 239 3858 24.
277 3805 398 3860 Hac
428 3807 546 3862 ﬁde
578 3804 770 3861 fretus
804 3805 978 3861 etiam
1009 3806 1106 3877 qui
1137 3806 1410 3862 inﬁrmus
1444 3810 1552 3877 est,
1590 3824 1747 3882 pree-

106 3891 308 3963 valebit,
339 3897 396 3950 et
425 3897 538 3950 erit
568 3898 775 3950 sancta
806 3895 998 3949 anima
1029 3896 1186 3966 ejus,
1241 3899 1298 3951 et
1341 3897 1650 3952 stillabunt
1693 3899 1747 3952 ei

109 3985 305 4038 montes
333 3985 670 4056 prophetici
702 3985 858 4047 (Joel
884 4001 966 4054 ιιι,
1003 3985 1116 4055 18),
1147 3985 1242 4040 vel
1274 3987 1586 4056 apostolici
1614 3987 1746 4041 dul-

107 4071 360 4145 cedinem,
392 4077 452 4128 et
484 4073 674 4129 colles
705 4074 886 4129 ﬂuent
917 4074 1008 4128 lac
1041 4090 1052 4128 :
1087 4074 1280 4145 qualis
1301 4075 1398 4130 ille
1421 4076 1612 4146 collis,
1646 4077 1747 4147 qui

107 4156 247 4214 lactis
291 4166 492 4232 potum
535 4163 861 4218 Corinthiis
905 4163 1080 4218 dabat
1127 4164 1183 4229 (Ι
1224 4164 1358 4219 Cor.
1411 4182 1494 4234 ιιι,
1546 4166 1639 4235 2);
1691 4168 1748 4220 et

105 4245 254 4304 ﬂuent
280 4251 328 4304 ei
358 4267 533 4323 aquae
566 4252 638 4306 de
669 4252 798 4306 suis
831 4252 1016 4321 vasis,
1049 4255 1106 4306 et
1134 4253 1205 4307 de
1238 4257 1548 4323 puteorum
1597 4270 1742 4310 suo-

105 4350 209 4390 mm
236 4338 500 4396 fontibus
539 4358 550 4396 :
586 4340 682 4396 vel
711 4341 783 4395 de
812 4344 1016 4395 ventre
1050 4343 1183 4412 ejus
1215 4358 1384 4413 aquae
1409 4344 1580 4412 vivae,
1616 4345 1742 4414 spi-

103 4424 274 4483 ritales
304 4430 584 4486 videlicet
615 4445 764 4501 quas
797 4430 1074 4484 ﬁdelibus
1120 4431 1250 4486 suis
1301 4431 1556 4502 Spiritus
1606 4449 1744 4488 san-

105 4516 209 4569 ctus
238 4518 546 4589 ministrat,
582 4519 684 4591 qui
734 4519 906 4573 etiam
956 4520 1212 4574 animam
1260 4525 1418 4576 tuam
1467 4522 1744 4594 dignetur

103 4602 288 4675 rigare,
334 4612 396 4663 ut
423 4609 687 4664 abundet
715 4610 776 4663 in
806 4611 861 4663 te
891 4608 1027 4662 fons
1056 4625 1226 4679 aquze
1259 4611 1530 4666 salientis
1561 4612 1621 4666 in
1649 4611 1740 4664 vi-

1932 3450 1984 3504 2.
2027 3451 2103 3503 At
2133 3464 2251 3504 non
2285 3449 2444 3503 Elias
2474 3449 2534 3503 in
2567 3449 2898 3520 bypogaeis,
2933 3465 3051 3504 non
3083 3449 3342 3506 Eliseeus
3370 3449 3536 3506 habi-

1859 3538 2080 3593 tabant.
2115 3539 2379 3610 Denique
2412 3539 2560 3594 alter
2588 3541 2883 3594 mortuum
2923 3540 3118 3594 viduae
3169 3539 3354 3594 ﬁlium
3400 3540 3534 3598 tulit

1861 3629 1934 3682 ad
1965 3628 2292 3698 superiora,
2326 3629 2386 3681 in
2416 3628 2633 3698 quibus
2664 3632 3056 3683 consueverat
3085 3629 3316 3700 sedere,
3361 3632 3418 3685 et
3446 3630 3533 3685 ibi

1861 3732 1995 3772 eum
2025 3716 2404 3771 resuscitavit
2435 3716 2552 3788 (ΙΙΙ
2574 3717 2723 3789 Reg.
2757 3734 2901 3786 xvn,
2937 3717 3028 3787 2‘2)
3055 3734 3069 3788 ;
3099 3719 3266 3772 alteri
3291 3734 3529 3791 quoque

1861 3806 2181 3862 Sunamitis
2215 3805 2312 3860 illa
2343 3820 2557 3878 magna
2586 3806 2816 3876 mulier,
2868 3809 2932 3861 ut
2975 3807 3278 3877 Scriptura
3322 3808 3534 3864 testiﬁ-

1862 3898 2026 3950 catur
2056 3894 2169 3964 (IV
2193 3895 2342 3966 Reg.
2373 3911 2453 3964 ιν,
2507 3893 2708 3965 16-37),
2755 3896 2816 3950 in
2861 3896 3275 3966 superioribus
3319 3897 3531 3968 hospi-

1859 3986 2002 4040 tium
2032 3984 2275 4055 paravit,
2309 3987 2366 4039 et
2395 3984 2476 4038 ibi
2508 3985 2913 4054 concipiendas
2944 3986 3195 4057 sobolis,
3240 3987 3377 4058 quia
3408 4003 3529 4043 non

1862 4074 2133 4143 habebat,
2165 4073 2376 4128 meruit
2407 4075 2883 4146 praerogativam,
2909 4075 3301 4147 ejusdemque
3323 4093 3532 4132 resus-

1862 4164 2017 4218 citati
2064 4163 2334 4235 pignoris
2387 4164 2534 4217 vidit
2581 4164 2884 4218 miracula.
2933 4165 3083 4229 Quid
3129 4167 3200 4220 de
3232 4166 3408 4222 Petro
3441 4167 3527 4222 di-

1861 4269 2007 4323 cam,
2043 4253 2142 4325 qui
2173 4253 2246 4307 ad
2277 4253 2484 4307 horam
2517 4257 2747 4308 sextam
2779 4255 3113 4309 ascendens
3136 4255 3195 4309 in
3216 4255 3529 4325 superiora

1857 4343 1990 4413 (42),
2043 4343 2521 4413 baptizandarum
2569 4344 2835 4414 gentium
2901 4345 3182 4415 cognovit
3243 4344 3526 4414 mysteria

1859 4432 2016 4499 (Act.
2067 4451 2124 4498 x,
2158 4433 2192 4486 9
2224 4438 2282 4487 et
2315 4433 2497 4504 seq.)?
2545 4435 2620 4486 At
2664 4448 2804 4488 vero
2849 4433 3143 4503 parricida
3189 4431 3526 4489 Abessalon

1858 4522 1917 4576 in
1948 4521 2100 4576 valle
2133 4522 2318 4593 Regis
2349 4520 2466 4574 sibi
2496 4520 2724 4574 titulum
2757 4522 2975 4590 statuit,
3029 4524 3084 4574 et
3114 4522 3173 4574 in
3204 4520 3432 4577 fossam
3461 4522 3522 4578 in

1858 4611 2008 4666 valle
2041 4612 2227 4682 Regis
2259 4610 2373 4665 sibi
2406 4610 2634 4664 titulum
2667 4611 2888 4678 statuit,
2936 4613 2992 4664 et
3036 4611 3095 4663 in
3127 4610 3355 4664 fossam
3385 4627 3522 4682 pro-

103 4693 198 4748 tam
220 4700 494 4753 aaternam
527 4698 717 4768 (Joan.
753 4715 830 4767 iv,
863 4697 976 4767 14).
1013 4698 1176 4766 Vale,
1229 4703 1285 4752 et
1330 4716 1442 4755 nos
1491 4705 1552 4754 ut
1581 4701 1740 4756 ﬁlius
1769 4697 1822 4759 D
1851 4700 2050 4771 jectus
2099 4703 2210 4768 est,
2259 4715 2393 4754 cum
2439 4701 2604 4754 esset
2651 4701 2990 4770 peremptus
3041 4699 3127 4768 (II
3152 4699 3298 4769 Reg.
3352 4716 3522 4771 xvm,

104 4777 275 4857 dilige,
307 4789 444 4858 quia
475 4802 589 4843 nos
619 4789 674 4842 te
705 4788 767 4842 ut
797 4789 1072 4857 parentes
1100 4786 1406 4859 diligimus
1435 4789 1571 4859 (38).

160 4924 572 5002 (36)_Plerique
622 4944 792 4998 mss.,
852 4952 871 4975 α
921 4929 1314 5001 cogitationes
1365 4932 1573 4985 inanes
1623 4948 1741 4986 non

102 4995 441 5071 transibunt;
473 4995 502 5050 ii
541 5017 716 5070 unus,
755 4995 787 5048 α⁷
813 5015 929 5055 non
959 4995 1281 5070 transeant,
1315 5002 1580 5057 siautem
1613 5019 1745 5058 san-

103 5069 467 5144 ctiﬁcaveris';
509 5092 531 5122 ι
568 5069 919 5126 conCinnius
951 5087 1092 5144 vero
1123 5073 1221 5144 alii
1251 5069 1307 5128 et
1338 5074 1474 5128 edit.
1520 5077 1580 5129 ut
1627 5091 1738 5130 nos

103 5141 149 5217 in
175 5141 342 5210 textu,
378 5141 495 5198 nisi
525 5144 823 5217 quodvet.
868 5144 1005 5217 edit.
1053 5143 1290 5214 habent,
1342 5168 1363 5191 «ι
1413 5147 1744 5202 suscitave-

103 5215 199 5284 ris,
223 5238 242 5260 η
276 5231 379 5284 pro
417 5239 438 5262 ιι
477 5215 966 5270 sanctificaveris.
1007 5238 1029 5262 ιι

105 5281 582 5404 la(3'l)'Nonnulli
613 5303 784 5354 mss.,
824 5309 844 5335 α
883 5301 1058 5358 quem
1102 5302 1348 5342 manens
1389 5292 1560 5343 vetus
1609 5289 1738 5344 bel-

174 5369 250 5404 or-
291 5380 310 5404 η

123 5365 250 5409 ΒῙΟΓ.
291 5380 310 5404 n

154 5425 513 5504 (38)_Ultima
559 5431 691 5504 edit.
746 5429 959 5499 Paris.,
1013 5451 1036 5480 tl
1090 5432 1152 5483 ut
1202 5429 1355 5484 ﬁlios
1396 5431 1642 5504 dilige...
1680 5435 1741 5485 ut

101 5502 373 5573 βδῖζθέιίβῐῐὶ
407 5502 712 5572 diligimus
747 5517 758 5556 :
799 5524 820 5551 ι
859 5518 1042 5557 sensu
1077 5506 1461 5573 praepostero.

159 5566 261 5639 (39)
291 5566 710 5644 Scriptavcirca
742 5590 876 5628 ann.
913 5573 1037 5628 387.

158 5649 258 5725 (49)
297 5653 546 5725 Legitur
586 5655 643 5707 in
675 5655 900 5722 Graeco,
935 5653 984 5705 ἐν
1025 5651 1180 5713 οἴκοις
1219 5650 1621 5725 κούοστάομοις,
1686 5655 1743 5709 id

101 5720 281 5795 ξετηὶιι
310 5720 584 5795 domibus
617 5727 838 5780 cavatis
866 5720 893 5795 ;’
933 5727 1088 5781 unde
1127 5725 1394 5779 Nannius
1444 5720 1744 5780 existimat

101 5789 455 5865 Ambrosium
506 5811 609 5865 per
654 5813 836 5851 voces
871 5789 896 5843 ὐ
935 5798 994 5851 in
1027 5797 1303 5852 domibus
1338 5795 1561 5850 caelatis
1600 5818 1620 5845 ι)
1657 5798 1738 5851 si-

107 5861 420 5925 gnificatum
469 5861 734 5924 voluisse
783 5870 840 5923 in
892 5869 1009 5923 illis
1057 5868 1288 5924 (edibus
1323 5867 1743 5925 subterraneus

1857 4790 1965 4860 l7).
1999 4790 2158 4862 Ergo
2191 4790 2382 4844 sancti
2412 4788 2740 4843 ascendunt
2770 4788 2842 4842 ad
2874 4788 3205 4859 Dominum,
3235 4789 3519 4862 ﬂagitiosi

1855 4932 2034 5005 cellas
2067 4931 2391 5005 exstitisse.
2427 4930 2826 5005 Nihilominus
2857 4932 3526 5005 tamenidemagnoscit

1852 5003 2004 5057 infra
2053 5003 2392 5076 dictumgab
2441 5003 2778 5074 Ambrosio,
2837 5025 2858 5054 α
2911 5002 3120 5059 domos
3171 5001 3432 5076 caelatas,
3467 5009 3523 5062 et

1852 5079 2161 5146 argentum
2194 5074 2482 5128 caelatum.
2513 5096 2533 5122 υ
3249 5106 3255 5113 -

1921 5147 2034 5216 (41)
2076 5147 2398 5216 Hypogaea,
2434 5146 2622 5215 inquit
2651 5146 2942 5216 Nannius,
2996 5146 3126 5201 loca
3174 5148 3518 5204 subteme-

1850 5218 1976 5282 tria,
2011 5218 2112 5270 ubi
2143 5233 2442 5290 caupones
2476 5221 2531 5272 et
2560 5219 2905 5273 meretrices
2939 5220 3242 5289 stabulari,
3297 5221 3511 5290 solent,

1850 5305 1983 5360 quae
2016 5290 2089 5343 ob
2122 5289 2565 5345 similitudinem
2615 5291 2898 5344 cubilium
2941 5290 3201 5346 ferarum
3233 5292 3438 5346 lustra
3483 5306 3516 5343 a

1853 5370 2136 5425 Romanis
2167 5371 2552 5441 appellantur.
2589 5371 2870 5427 Meretrix
2905 5375 3062 5426 certe
3093 5374 3149 5427 et
3187 5369 3513 5444 χαμαιτὺση.

1931 5469 2156 5505 μεταιρις
2187 5469 2539 5505 nominatur.

1848 5455 2156 5522 χαμεταὶρις
2187 5455 2539 5505 nominatur.

1922 5520 2034 5591 (4‘2)
2076 5523 2314 5576 Amcrb.
2349 5539 2482 5576 cum
2513 5539 2659 5577 mss.
2693 5523 2934 5594 aliquot,
2976 5543 2996 5571 σι
3035 5521 3104 5574 ad
3127 5520 3358 5594 horam
3407 5534 3518 5575 no-

1850 5608 2004 5646 nam.
2042 5614 2063 5642 n
2098 5594 2263 5658 Quod
2294 5598 2488 5649 autem
2521 5591 2812 5659 subditur,
2853 5617 2873 5641 «ι
2925 5591 3257 5646 ascendens
3304 5592 3362 5644 in
3407 5607 3516 5644 su-

1851 5665 2102 5732 periora,
2142 5686 2163 5713 »
2200 5666 2278 5720 ibi
2313 5671 2483 5720 vclus
2517 5665 2885 5720 consuetudo
2921 5663 3261 5717 Judaeorum
3304 5661 3521 5716 indica-

1849 5739 1962 5805 tur,
1989 5737 2362 5806 superiorum
2402 5738 2616 5792 mdium
2638 5740 2885 5806 partem,
2917 5751 3046 5789 cum
3087 5734 3310 5789 oraturi
3333 5736 3521 5805 erant,

1851 5807 2402 5863 conscendentium.
