3942 6168
289 435 293 440 ε
368 390 530 459 1107

1808 398 1874 473 S.
1920 394 2364 462 AMBROSII.

3591 402 3724 472 1108

369 595 444 650 ad
472 595 615 653 vitia
644 596 1051 672 descendunt;
1081 602 1349 659 sanctiin
1369 600 1690 671 montibus,
1725 597 2035 655 criminosi
2061 580 2125 646 λ
2153 599 2546 671 corporalium
2607 599 3088 670 delectationum,
3151 614 3265 655 non
3308 600 3510 656 invenit
3561 606 3729 675 sepul-

368 688 431 741 in
461 686 749 759 vallibus;
785 711 807 735 α
844 689 1005 744 Deus
1035 690 1193 745 enim
1220 691 1503 747 montium
1525 692 1636 762 est,
1661 692 1853 746 etnon
1872 689 2033 743 Deus

368 774 609 831 vallium
641 777 753 848 (43)
784 778 903 849 (III
920 780 1066 852 Reg.
1096 798 1198 851 xx,
1234 779 1346 851 28).
1382 804 1405 831 ιο

440 864 493 919 3.
535 863 647 930 Qui
677 882 822 939 ergo
852 868 991 939 illic,
1039 870 1099 924 id
1132 872 1242 941 est,
1295 871 1356 925 in
1387 871 1662 926 domibus
1691 866 2034 923 habitabant

368 952 772 1026 vallestribus,
819 958 879 1012 in
910 958 1128 1030 quibus
1160 975 1277 1014 non
1307 960 1527 1015 habitat
1557 959 1747 1027 Deus;
1796 957 2034 1010 domum

370 1041 478 1100 Dei
507 1045 568 1097 in
600 1060 666 1098 se
697 1044 916 1101 habere
946 1063 1064 1103 non
1094 1051 1392 1119 poterant;
1435 1049 1587 1103 hanc
1634 1047 1790 1102 enim
1829 1044 2031 1100 Domi-

371 1148 486 1189 nus
516 1134 821 1204 queerebat
850 1136 923 1190 ab
954 1136 1072 1192 illis
1106 1138 1363 1207 domum,
1396 1142 1460 1192 ut
1490 1139 1679 1192 semet
1705 1137 1874 1206 ipsos
1901 1134 2036 1189 aedi-

371 1220 635 1291 ﬁcarent,
668 1224 843 1295 atque
872 1224 1021 1280 intra
1051 1242 1118 1281 se
1149 1226 1254 1282 Dei
1283 1227 1566 1298 templum
1594 1225 1750 1280 vivis
1780 1225 1915 1279 fidei
1944 1224 2034 1278 la-

370 1311 610 1381 pidibus
642 1313 991 1369 attollerent.
1016 1315 1224 1387 Neque
1255 1316 1411 1371 enim
1437 1319 1807 1371 terrenorum
1836 1313 2034 1385 parie-

370 1403 494 1454 tum
527 1404 1020 1475 constructiones,
1054 1409 1111 1459 et
1140 1407 1505 1461 silvestrium
1527 1406 1687 1478 ligna
1710 1404 2033 1460 culminum

373 1487 486 1559 (44)
517 1489 909 1562 desiderabat,
943 1509 1075 1565 quae
1100 1510 1231 1550 cum
1249 1495 1524 1564 fuissent,
1549 1510 1758 1549 manus
1776 1494 2038 1548 diruerat

371 1577 609 1634 hostilis
647 1594 659 1634 :
693 1580 800 1635 sed
830 1580 973 1636 illud
1002 1583 1282 1654 templum
1312 1584 1634 1656 quaerebat,
1669 1582 1828 1655 quod
1860 1583 1920 1636 in
1936 1581 2037 1636 ho-

371 1667 597 1723 minum
630 1670 987 1726 conderetur
1016 1673 1334 1742 mentibus,
1367 1673 1586 1745 quibus
1604 1672 1918 1727 dicendum
1948 1670 2035 1725 fo-

372 1758 464 1811 ret
494 1772 506 1812 :
547 1779 569 1804 «ι
605 1758 728 1813 Vos
758 1759 906 1814 estis
935 1759 1216 1830 templum
1247 1761 1350 1817 Dei
1382 1760 1442 1832 (I
1466 1761 1601 1816 Cor.
1638 1778 1718 1831 m,
1753 1759 1873 1829 l6);
1919 1781 1940 1809 ιο
1977 1760 2039 1814 in

374 1860 491 1916 quo
524 1845 814 1901 habitaret
842 1847 1130 1903 Dominus
1162 1850 1363 1919 Jesus,
1397 1852 1455 1905 et
1482 1849 1639 1905 unde
1684 1849 1757 1904 ad
1804 1849 2042 1904 redem-

2151 704 2336 759 crum,
2369 689 2441 744 de
2474 705 2590 762 quo
2629 690 2823 759 possit
2866 703 3204 760 resurgere.
3254 688 3579 760 Hujusmodi
3615 708 3731 766 ergo

2146 779 2260 848 vir,
2310 793 2420 832 nec
2464 778 2746 847 templum
2792 778 2916 833 Deo
2964 777 3239 846 mdiﬂcat;
3285 779 3412 848 quia
3459 795 3565 834 non
3604 783 3735 837 novit

2148 868 2381 937 tempus
2416 867 2803 922 correctionis
2838 882 2986 922 suae.
3028 865 3324 932 Quomodo
3357 868 3500 922 enim
3525 874 3736 939 possunt

2149 956 2299 1011 tales
2338 956 2608 1010 homines
2639 956 2919 1026 templum
2958 955 3269 1025 aediﬁcare,
3304 956 3398 1027 qui
3433 958 3586 1027 quasi
3622 958 3736 1014 fera

2151 1060 2223 1100 ac
2252 1044 2463 1099 bestiae
2496 1044 2557 1098 in
2592 1044 2811 1115 spelaea
2850 1043 3109 1099 ferarum
3146 1048 3203 1099 et
3220 1044 3527 1099 bestiarum
3542 1045 3739 1102 latibula

2152 1140 2291 1188 sese
2346 1134 2665 1203 receptant,
2725 1135 2900 1203 atque
2945 1133 3008 1187 in
3071 1133 3275 1188 foveas
3322 1148 3387 1187 se
3436 1136 3742 1205 serpentium

2151 1237 2315 1278 more
2349 1222 2719 1294 demergunt,
2763 1224 2821 1276 et
2838 1221 3262 1277 consuetudine
3283 1221 3637 1279 fraudulenta;
3653 1224 3747 1279 vul-

2151 1312 2247 1381 pis
2278 1309 2613 1366 infodiunt?

2222 1399 2278 1453 Ἷ.
2318 1398 2435 1453 Sed
2474 1414 2585 1454 nec
2621 1400 2961 1469 sepulcrum
2999 1399 3117 1455 sibi
3138 1400 3351 1472 condit,
3389 1401 3747 1474 quiautetem-

2153 1502 2267 1557 pus
2288 1487 2564 1558 moritur;
2588 1488 2798 1544 vivens
2819 1488 2996 1560 enim,
3038 1492 3307 1545 mortuus
3340 1494 3429 1545 est
3463 1489 3518 1561 (I
3553 1490 3677 1547 Tim.
3704 1509 3745 1558 v,

2152 1575 2239 1646 6);
2274 1591 2386 1632 nec
2407 1576 2568 1632 audit
2604 1592 2812 1633 vocem
2850 1579 3085 1650 Aggmi,
3125 1579 3182 1632 id
3220 1583 3312 1634 est
3348 1578 3619 1650 epulantis
3647 1579 3750 1650 (45),

2152 1667 2217 1720 ut
2249 1665 2647 1736 interpretatio
2688 1666 2979 1737 declarat;
3021 1666 3299 1739 quoniam
3330 1684 3445 1723 non
3480 1668 3754 1741 ingreditur

2151 1753 2594 1810 tabernaculum
2629 1754 2756 1826 Dei,
2802 1777 2824 1803 α
2865 1756 2926 1810 in
2957 1771 3104 1811 voce
3143 1757 3547 1813 exsultationis
3579 1760 3630 1812 et
3649 1772 3755 1812 con-

2153 1841 2462 1914 fessionis,
2505 1860 2719 1899 sonum
2754 1844 3047 1915 epulantis
3082 1844 3272 1915 (Psal.
3306 1862 3421 1917 xm,
3460 1847 3532 1916 5).
3587 1866 3613 1896 ι
3642 1845 3757 1912 Quo-

372 1933 633 2004 ptionem
664 1936 1081 1991 universorum
1110 1938 1483 2008 procederet,
1513 1941 1576 1993 ut
1604 1939 1663 1993 in
1692 1940 1860 1993 utero
1903 1937 2040 1992 Vir-
2066 1956 2125 2023 Β
2154 1933 2330 1989 modo
2360 1933 2518 1988 enim
2546 1948 2754 1988 vocem
2783 1933 2921 2006 ejus
2952 1934 3133 2004 audit,
3167 1935 3271 2006 qui
3301 1950 3475 2005 opera
3515 1933 3635 2006 ejus
3671 1949 3757 1989 non

373 2023 535 2095 ginis
565 2040 737 2078 sacra
768 2025 1127 2095 reperiretur
1154 2016 1319 2097 aula,‘
1340 2028 1401 2082 in
1431 2043 1548 2099 qua
1581 2026 1710 2083 Rex
1753 2027 2042 2082 habitaret

376 2112 727 2183 caelestium,
761 2116 819 2168 et
840 2129 1058 2185 corpus
1075 2115 1397 2171 humanum
1417 2116 1520 2172 Dei
1543 2117 1825 2188 templum
1843 2116 2040 2186 ﬁeret;

373 2201 533 2273 quod
565 2201 758 2272 etiam,
792 2218 925 2258 cum
956 2203 1215 2259 solutum
1244 2208 1424 2269 esset,
1458 2206 1519 2261 in
1548 2206 1743 2262 triduo
1773 2205 2043 2262 resusci-

375 2293 617 2346 taretur.

444 2380 498 2434 4.
540 2379 658 2435 Sed
687 2380 840 2436 hanc
871 2382 1108 2438 domum
1138 2382 1434 2439 luxuriosi
1463 2399 1581 2440 non
1603 2384 1915 2452 aedificant,
1940 2384 2043 2455 qui

375 2468 615 2524 celatas
659 2468 989 2526 inhabitant
1034 2471 1245 2527 domos
1291 2473 1529 2546 (Λέγρωί
1570 2474 1718 2545 1,4),
1751 2477 1808 2529 et
1837 2473 2041 2529 caelato

374 2561 622 2631 argento
653 2557 1058 2630 delectantur;
1094 2560 1298 2616 sordet
1327 2563 1481 2617 enim
1526 2562 1644 2617 illis
1689 2579 1901 2633 purum
1944 2579 2043 2617 ar-

373 2648 638 2719 gentum,
690 2648 769 2702 ita
818 2652 875 2703 et
922 2649 1056 2703 istis
1108 2651 1312 2706 sordet
1341 2651 1632 2721 simplicis
1664 2650 2043 2707 habitationis

375 2735 547 2790 locus
577 2735 719 2805 (Isa.
754 2753 811 2805 v,
845 2738 920 2807 8).
955 2737 1203 2794 Sinuant
1229 2741 1417 2810 spatia
1448 2741 1775 2811 domorum,
1809 2744 1865 2797 et
1896 2739 2045 2812 adji-

380 2823 591 2879 ciendo
620 2823 926 2897 adjiciunt,
961 2827 1397 2901 conjungentes
1429 2830 1667 2886 domum
1687 2830 1760 2885 ad
1784 2831 2044 2899 domum,

381 2916 440 2969 et
468 2912 667 2968 villam
696 2915 769 2969 ad
808 2914 1028 2986 villam,
1063 2916 1346 2972 effodiunt
1389 2920 1607 2974 terram
1634 2936 1649 2990 ;
1694 2923 1757 2975 ut
1786 2920 2047 2975 elemen-
2076 2912 2089 2917 ’

380 3004 506 3057 tum
534 3018 770 3075 quoque
798 3019 1004 3060 eorum
1035 3006 1202 3061 cedat
1230 3006 1603 3079 habitaculis,
1634 3010 1704 3079 {et
1730 3009 1903 3082 quasi
1934 3011 2050 3063 ter-

382 3107 468 3146 ree
498 3090 604 3146 ﬁlii
633 3092 784 3147 intra
812 3092 946 3165 ejus
977 3096 1376 3153 recondantur
1406 3101 1658 3169 uterum,
1701 3102 1757 3154 et
1801 3099 2051 3153 abscon-

386 3180 598 3236 dantur
625 3182 778 3238 alvo.
811 3183 916 3238 Isti
942 3184 1115 3254 plane
1146 3188 1306 3256 sunt,
1355 3187 1427 3242 de
1470 3188 1687 3260 quibus
1730 3188 1871 3243 dicit
1920 3187 2054 3242 Hie-

386 3271 607 3327 remias
642 3287 655 3327 :
696 3295 717 3321 α
751 3271 800 3328 Ο
828 3273 931 3345 qui
959 3274 1253 3330 aediﬁcant
1281 3276 1518 3332 domum
1550 3293 1720 3332 suam
1750 3292 1869 3331 non
1918 3292 2050 3331 cum

382 3359 615 3433 justitia
642 3361 890 3431 (Jerem.
926 3381 1069 3435 χιιι,
1104 3363 1230 3429 13)1
1268 3388 1290 3414 π
1334 3364 1445 3431 Qui
1474 3366 1632 3421 enim
1662 3382 1795 3421 cum
1821 3365 2054 3437 justitia

391 3450 672 3521 aediﬁcat,
724 3466 842 3508 non
871 3452 931 3507 in
960 3453 1216 3509 terrenis
1248 3454 1527 3527 aediﬁcat,
1560 3455 1668 3511 sed
1697 3456 1759 3510 in
1789 3454 2053 3510 cmlesti-

387 3537 526 3593 bus.

462 3629 516 3683 5.
565 3652 587 3677 α
620 3629 978 3703 ιιΕᾶίῆαειειί,
1013 3633 1220 3705 inquit,
1254 3633 1512 3705 domum,
1544 3634 1749 3691 metire
1781 3634 2056 3707 superio-

392 3732 459 3773 ra
488 3716 645 3789 ejus,
675 3721 984 3790 pertlatilia
1016 3722 1291 3777 distincta
1313 3722 1615 3794 fenestris,
1641 3727 1698 3779 et
1720 3725 2058 3796 contignata

397 3806 576 3862 cedro
606 3810 663 3862 et
689 3808 834 3863 illita
861 3810 1042 3864 minio
1073 3810 1249 3879 (Ibid.
1286 3810 1395 3882 14).
1420 3835 1447 3860 ιι
1469 3812 1705 3868 Metitur
1732 3817 1925 3869 autem
1958 3829 2059 3868 su-

393 3895 651 3967 periora,
702 3897 804 3968 qui
851 3899 1278 3971 contemplatus
1323 3900 1615 3974 judicium
1661 3902 1787 3973 Dei,
1835 3902 2063 3974 judicat

389 3983 685 4057 judicium
712 3985 974 4058 humilis,
1007 3991 1064 4043 et
1086 3988 1378 4061 judicium
1406 3992 1705 4062 pauperis.
1736 3990 1847 4058 Qui
1868 3995 2062 4047 autem

399 4075 547 4141 912
577 4075 638 4129 in
665 4075 967 4130 avaritiam
997 4077 1264 4147 intendit,
1309 4082 1366 4133 et
1412 4080 1473 4133 in
1504 4082 1857 4153 sanguinem
1887 4081 2062 4136 inno-

398 4167 609 4238 centis,
661 4182 780 4222 non
825 4166 1076 4222 aediﬁcat
1124 4167 1434 4239 superiora
1480 4184 1613 4223 cum
1657 4167 1905 4240 judicio,
1953 4185 2063 4225 nec

396 4273 739 4314 mensuram
785 4259 972 4326 tenet;
1023 4257 1159 4329 quia
1205 4273 1324 4313 non
1367 4256 1546 4313 habet
1570 4257 1871 4313 Christum
1906 4274 1918 4313 :
1952 4275 2062 4315 nec

396 4349 663 4421 aspirare
705 4346 823 4404 sibi
867 4347 1083 4402 divinae
1128 4347 1302 4403 ﬂatus
1349 4346 1617 4418 explorat
1664 4348 1891 4418 gratiae,
1952 4363 2063 4403 nec

394 4438 555 4510 pleni
585 4438 826 4494 luminis
859 4437 1237 4509 splendorem
1267 4437 1546 4509 requirit;
1577 4451 1688 4492 nec
1708 4435 1851 4490 illita
1882 4436 2063 4492 minio

395 4528 575 4585 habet
616 4527 939 4597 caenacula,
989 4527 1083 4583 cui
1113 4543 1232 4583 non
1262 4529 1457 4598 potest
1489 4526 1603 4581 dici
1638 4540 1651 4581 :
1687 4546 1710 4576 ι
1747 4524 1912 4581 Sicut
1941 4541 2066 4581 res-

392 4617 574 4674 ticula
604 4620 883 4675 coccinea
909 4617 1063 4673 labia
1093 4620 1191 4673 tua
1220 4617 1419 4687 (Cant.
1453 4632 1533 4671 xv.
1564 4613 1640 4686 3).
1678 4637 1699 4663 η

567 4729 588 4757 σι
785 4709 1124 4780 sepelietur,
1160 4673 1368 4780 inquit,
1419 4673 1767 4777 hujus’modi
1812 4703 2059 4783 (Jerem.
2082 4673 2141 4738 n

395 4809 545 4864 χχιι,
579 4796 699 4866 19);
737 4819 758 4846 ι
796 4798 899 4868 qui
926 4799 1083 4852 enim
1115 4797 1317 4852 vivum
1346 4810 1414 4851 se
1445 4795 1559 4850 sub
1591 4797 1807 4849 terram
1830 4792 2058 4863 infodit,

396 4883 454 4936 et
479 4883 757 4952 tanquam
785 4885 847 4940 in
877 4887 1152 4956 sepulcro
1184 4885 1476 4958 sepelivit,
1501 4884 1715 4954 eripuit
1748 4883 1865 4938 sibi
1910 4898 2065 4937 mor-

393 4971 494 5026 tuo
523 4971 787 5042 requiem
816 4975 1157 5044 sepulturae.
1191 4975 1509 5047 Depositus
1557 4973 1752 5045 itaque
1803 4972 1864 5026 in
1908 4971 2059 5026 valle

465 5112 580 5187 (43)
623 5113 831 5187 -_Deus
853 5115 1091 5172 vallium
1118 5141 1139 5166 η
1160 5116 1257 5172 his
1273 5117 1524 5173 vocibus
1547 5114 1860 5187 subjungit
1883 5116 2054 5187 Rom.

393 5185 555 5256 edit.,
594 5205 615 5234 ι
650 5184 843 5255 Inquit
870 5201 1015 5257 ergo
1049 5204 1061 5242 :
1100 5188 1306 5243 Ponite
1345 5188 1471 5258 jam
1519 5184 1697 5244 corda
1746 5184 1944 5241 vestra
1976 5186 2057 5258 in

391 5258 522 5313 vias
553 5258 810 5324 vestras,
843 5258 1146 5313 ascendite
1174 5260 1235 5312 in
1266 5257 1543 5314 montem.
1580 5282 1601 5308 ιι
1624 5258 1741 5315 Sed
1770 5259 1903 5313 sine
1936 5257 2051 5312 ulle

394 5329 600 5400 scripti
618 5327 1102 5402 editivecodicis
1134 5328 1439 5402 sutl’ragio.

464 5397 576 5471 (Μ)
617 5398 899 5454 Nonnulli
929 5415 1098 5472 mss,
1153 5421 1175 5449 κ
1225 5397 1523 5472 lignorum
1553 5400 1827 5455 culmina.
1873 5423 1894 5447 ιι
1923 5397 2058 5472 Sed

390 5473 697 5529 retinenda
728 5471 1098 5539 caeterorum,
1131 5473 1188 5525 et
1215 5471 1352 5524 edit.
1383 5472 1597 5542 lectio,
1631 5487 1763 5524 cum
1819 5493 1839 5518 α
1893 5471 2055 5542 ligna

391 5546 711 5600 culminum
749 5567 769 5591 η
807 5543 903 5598 hic
930 5543 1084 5598 idem
1115 5541 1431 5613 signiticet,
1466 5558 1533 5596 ac
1564 5541 1723 5613 ligna
1744 5541 2047 5597 montium.

459 5618 573 5687 (45)
612 5619 905 5688 Aggaeum
937 5616 1114 5689 vulgo
1145 5612 1600 5689 interpretantur
1628 5612 2058 5689 festivum,_so-

387 5683 640 5743 lemnem
673 5683 739 5743 et
767 5683 1103 5760 gyranterﬁ;
1160 5685 1265 5741 sed
1311 5684 1458 5740 forte
1505 5683 1649 5739 illud
1700 5683 2051 5739 vocabulum

387 5768 641 5840 reddidit
688 5768 1044 5823 Ambrosius
1087 5784 1193 5840 per
1237 5761 1296 5819 τό
1344 5765 1694 5840 epulantem,
1746 5762 1901 5840 quod
1954 5779 2050 5816 so-

385 5837 750 5918 lemnitatum
778 5855 897 5895 non
925 5834 1164 5896 minima
1196 5855 1333 5917 pars
1366 5834 1426 5898 in
1458 5837 1650 5914 epulis
1678 5834 1867 5891 soleat
1909 5849 2048 5889 esse

1672 6072 1687 6079 Α
1759 6054 1795 6080 Β

2153 2020 2360 2077 videt?
2408 2022 2559 2077 Nam
2605 2023 2659 2077 si
2703 2022 2951 2093 videret,
2997 2022 3231 2079 audiret
3257 2023 3521 2093 verbum,
3551 2022 3757 2094 ’quodin

2153 2109 2288 2182 ejus
2336 2126 2513 2166 manu
2560 2111 2779 2167 factum
2824 2114 2936 2182 est,
2988 2111 3314 2167 delectatus
3371 2111 3503 2184 ejus
3557 2111 3757 2177 actibus,

2153 2199 2372 2271 quibus
2401 2200 2678 2271 pulsavit,
2711 2204 2770 2255 et
2798 2202 3064 2271 apertum
3092 2204 3187 2255 est
3215 2201 3289 2267 ei,
3326 2203 3383 2255 et
3412 2200 3689 2256 descendit
3717 2201 3760 2254 in

2154 2287 2290 2360 ejus
2321 2289 2605 2360 animam;
2637 2292 2702 2345 ut
2731 2290 3000 2361 epuletur
3027 2288 3088 2344 in
3119 2304 3190 2345 eo
3220 2290 3573 2347 sinceritatis
3601 2292 3651 2346 et
3682 2304 3760 2345 ve-

2153 2378 2344 2432 ritatis
2375 2377 2544 2434 cibos
2578 2377 2717 2455 (46).

2224 2466 2278 2521 8.
2321 2466 2480 2539 Ergo
2527 2467 2664 2538 quia
2711 2482 2831 2523 non
2874 2468 3115 2537 audivit,
3163 2468 3230 2523 fit
3273 2470 3483 2525 iterum
3521 2468 3577 2524 in
3619 2482 3765 2541 (manu

2153 2555 2368 2628 Aggaei
2396 2556 2664 2624 verbum,
2695 2559 2753 2612 et
2784 2556 2924 2611 dicit
2955 2572 2968 2612 :
3004 2555 3243 2629 Surgite
3274 2559 3388 2628 (4'1)
3418 2558 3489 2613 de
3517 2557 3711 2613 celatis
3727 2559 3767 2610 et

2154 2643 2461 2715 depressis
2492 2644 2709 2699 malitia
2740 2644 3037 2715 domibus,
3071 2649 3128 2701 et
3156 2648 3462 2702 ascendite
3482 2648 3540 2702 in
3559 2648 3767 2702 montem

2154 2731 2589 2804 Scripturarum
2620 2733 2983 2805 caelestium,
3004 2738 3062 2790 et
3091 2735 3302 2791 caedite
3333 2736 3554 2809 lignum
3579 2737 3767 2806 sapien-

2155 2822 2273 2891 tim,
2307 2822 2534 2894 lignum
2562 2822 2721 2893 vitm,
2753 2823 2982 2895 lignum
3013 2825 3376 2896 cognitionis
3406 2825 3608 2898 (Aggae
3631 2841 3667 2895 ι,
3691 2823 3769 2895 8):

2158 2913 2217 2965 et
2244 2910 2478 2983 dirigite
2508 2910 2639 2966 vias
2669 2916 2924 2984 vestras,
2959 2914 3227 2969 ordinate
3258 2918 3428 2970 actus
3459 2917 3702 2982 vestros;
3726 2913 3772 2966 ut

2159 2998 2413 3054 habeant
2442 3000 2710 3056 ordinem
2742 3018 2916 3057 suum
2959 3003 3247 3073 debitum,
3296 3003 3400 3075 qui
3446 3001 3774 3058 necessarius

2162 3091 2220 3144 et
2248 3088 2409 3144 utilis
2441 3091 2533 3158 est
2562 3091 2637 3145 ad
2666 3090 3073 3146 mdiﬁcandam
3104 3092 3342 3147 Domini
3375 3092 3621 3148 domum.

2232 3177 2287 3232 9.
2329 3177 2478 3233 Nam
2507 3179 2561 3234 si
2590 3196 2709 3235 non
2739 3179 3023 3251 feceritis,
3060 3203 3084 3228 α
3117 3196 3229 3236 nec
3282 3181 3491 3236 caelum
3538 3179 3679 3235 dabit
3713 3193 3780 3233 ro-

2162 3280 2289 3322 rem
2320 3283 2494 3322 suum
2524 3267 2701 3335 (Ibid.
2735 3268 2844 3339 ‘10),
2882 3288 2906 3320 ι
2940 3270 3002 3324 id
3032 3272 3142 3339 est,
3173 3286 3377 3326 sermo
3409 3269 3673 3339 cmlestis,
3706 3267 3781 3339 qui

2166 3356 2320 3411 sicut
2348 3372 2452 3412 ros
2481 3357 2790 3413 descendit
2817 3374 3000 3430 super
3044 3359 3264 3429 fenum,
3314 3375 3434 3415 non
3478 3355 3779 3429 temperabit

2165 3444 2431 3501 fervidos
2463 3447 2858 3517 corporalium
2888 3451 3083 3504 motus
3105 3448 3492 3519 passionum;
3521 3463 3623 3503 nec
3638 3445 3784 3519 ignita

2167 3536 2500 3608 restinguet
2528 3536 2901 3592 diversarum
2933 3536 3163 3608 spicula
3193 3538 3575 3608 cupiditatum
3603 3551 3616 3592 :
3650 3557 3669 3582 ι
3703 3548 3785 3589 nec

2168 3624 2325 3678 terra
2374 3624 2529 3696 ejus,
2583 3648 2606 3674 »
2652 3625 2715 3680 id
2759 3628 2869 3697 est,
2922 3625 3035 3696 (48)
3079 3627 3296 3696 anima,
3348 3650 3370 3675 οι
3423 3626 3639 3682 fructus
3666 3622 3789 3679 dabit

2171 3711 2374 3784 (Ibid.)
2428 3737 2450 3763 ι»
2500 3728 2569 3770 eo
2613 3714 2770 3786 quod
2817 3718 3067 3785 aresCat,
3119 3715 3235 3770 nisi
3287 3715 3582 3787 repleatur
3604 3713 3786 3785 irriguo

2171 3801 2341 3860 verbi
2383 3803 2510 3873 Dei,
2556 3807 2613 3859 et
2658 3803 3046 3875 perfundatur
3093 3819 3231 3859 rore
3267 3804 3522 3877 caelesti,
3552 3798 3788 3875 spiritalis

2172 3891 2437 3947 ubertate
2469 3893 2697 3964 gratiae.

2246 3980 2334 4036 10.
2375 3980 2449 4036 Et
2493 3982 2632 4053 quia
2678 3981 2907 4038 sciebat
2954 3982 3195 4038 desides
3246 3998 3389 4039 esse
3420 3981 3724 4038 habitantes
3748 3976 3793 4030 in

2175 4068 2507 4141 hrposaeis,
2540 4073 2598 4126 et
2638 4071 3001 4142 voluptatum
3045 4072 3385 4144 gurgustiis
3419 4089 3431 4127 ε
3472 4092 3495 4122 α
3529 4067 3791 4130 Excitabo,
3898 4067 3899 4144 ξ

2173 4157 2381 4230 inquit,
2413 4158 2532 4214 illis
2564 4159 2833 4230 spiritum
2862 4159 3190 4215 Zorobabel
3239 4160 3313 4216 de
3360 4161 3519 4215 tribu
3562 4157 3713 4226 Juda,
3749 4153 3795 4206 et
3898 4160 3899 4230 ξ

2176 4247 2383 4303 Jesum
2430 4248 2727 4303 Josedech
2771 4249 3141 4303 sacerdotem
3190 4265 3473 4321 magnum
3514 4247 3622 4320 (49)
3649 4241 3790 4314 (Ibid.

2175 4334 2282 4407 lt;
2319 4357 2341 4387 ι
2387 4339 2450 4392 ut
2496 4337 2814 4392 incitentur
2854 4338 2926 4391 ad
2976 4337 3429 4392 aediﬁcationem
3478 4336 3678 4391 divinae
3716 4330 3793 4384 do-
3898 4330 3899 4401 ἦ

2173 4442 2327 4481 mus.
2365 4447 2388 4477 ι
2424 4425 2557 4481 Nisi
2599 4425 2755 4481 enim
2804 4425 3089 4481 Dominus
3139 4426 3526 4481 aediﬁcaverit
3565 4423 3669 4479 sibi
3709 4420 3793 4474 do-
3898 4448 3899 4471 1

2175 4532 2354 4587 mum,
2405 4516 2466 4570 in
2511 4532 2728 4571 vanum
2772 4516 3190 4570 laboraverunt
3230 4517 3334 4587 qui
3381 4514 3661 4570 aediﬁcant
3695 4521 3793 4564 eam

2175 4605 2366 4675 (Psal.
2403 4621 2602 4675 cxxvl,
2636 4604 2713 4676 1).
2750 4624 2772 4654 ι
2824 4605 2959 4676 Ipse
2989 4608 3046 4659 et
3072 4603 3404 4659 Zorobabel
3429 4603 3593 4677 jugis
3621 4598 3794 4656 redun-

2175 4695 2390 4764 dantia,
2437 4698 2501 4750 ut
2541 4697 2677 4765 pote
2725 4694 2861 4749 fons
2909 4694 3065 4762 vitae,
3112 4696 3205 4748 est
3236 4693 3499 4748 Verbum
3530 4689 3663 4756 913
3691 4682 3790 4747 Dei.

2179 4806 2201 4836 ι
2239 4801 2344 4856 per
2372 4784 2531 4855 quod
2580 4784 2795 4854 omnia,
2829 4785 2886 4837 et
2915 4797 2992 4837 ex
3019 4796 3137 4853 quo
3171 4783 3388 4851 omnia,
3441 4784 3497 4836 et
3539 4776 3714 4835 omnia
3749 4772 3793 4825 in

2176 4874 2309 4946 ipso
2326 4873 2576 4944 (Coloss.
2596 4890 2635 4941 ι,
2661 4872 2770 4943 16).
2792 4893 2812 4919 υ
2838 4872 2980 4927 Haec
2993 4871 3134 4926 dicit
3148 4871 3564 4926 redundantia:
3584 4888 3604 4917 ι
3619 4860 3790 4934 Siquis

2176 4963 2319 5035 sitit,
2344 4959 2539 5018 veniat
2557 4962 2629 5016 ad
2647 4976 2760 5032 me,
2786 4964 2841 5016 et
2857 4960 3017 5015 bibat
3037 4960 3227 5031 (Joan.
3252 4977 3353 5030 vn,
3373 4959 3484 5029 37),
3520 4977 3543 5007 ι
3576 4955 3679 5010 hoc
3703 4950 3791 5017 est»

2244 5105 2358 5179 (46)
2397 5105 2526 5160 Vet.
2558 5104 2695 5159 edit.
2727 5106 2784 5159 et
2814 5119 2963 5159 mss.
2996 5118 3115 5158 non
3145 5103 3337 5174 pauci,
3377 5125 3400 5149 α
3435 5096 3684 5157 veritatis
3719 5089 3790 5179 ci-

2171 5188 2308 5243 bus.
2344 5206 2367 5235 ι
2401 5186 2535 5240 Non
2553 5184 2699 5239 satis
2718 5187 2896 5253 recte,
2916 5183 3032 5239 nisi
3055 5183 3190 5255 quis
3218 5178 3277 5236 τό
3307 5180 3573 5254 epuIetur
3588 5178 3789 5247 passive

2171 5257 2440 5327 accipiat,
2474 5272 2581 5328 pro
2611 5255 3016 5310 manducetur.
3639 5316 3649 5325 θ
3745 5309 3755 5320 ,

2241 5329 2356 5402 (4'7)
2398 5328 2756 5402 Rom._edit,
2806 5327 3031 5402 sola,_«
3074 5325 3320 5402 et_(licit
3361 5340 3379 5402 :_
3426 5317 3788 5402 ascendite“?

2169 5395 2447 5469 montem,
2481 5399 2687 5454 caedite
2718 5398 2899 5468 ligna,
2935 5400 2991 5453 et
3020 5397 3306 5452 aediﬁcata
3347 5395 3604 5458 domum;
3646 5395 3786 5456 quael

2169 5473 2324 5527 dicat
2355 5488 2367 5526 :
2402 5472 2662 5542 Surgite,
2700 5492 2722 5516 »
2760 5473 2872 5523 etc.

2240 5544 2352 5617 (48)
2394 5543 2544 5617 _Edit.
2582 5543 2775 5617 Rony,
2815 5563 2836 5586 «
2875 5543 3066 5594 anima
3090 5543 3353 5617 germina
3376 5551 3482 5617 sua
3512 5543 3654 5617 danll

2394 5593 2629 5667 fta—vet.
2646 5593 2805 5684 fodit.
2829 5627 2901 5684 ac
2917 5593 3075 5665 mss.
3090 5593 3231 5684 vnisi
3252 5606 3532 5684 quodillae
3549 5593 3785 5684 omittunt

2170 5709 2190 5736 ι
2229 5678 2436 5741 ιῘθΒύῐῐι
2467 5688 2599 5737 ante
2632 5683 2929 5737 Josedech
2966 5703 2987 5729 ιι
3024 5697 3035 5735 :
3068 5686 3126 5734 at
3160 5678 3327 5735 Rom.
3358 5678 3489 5732 edit.
3514 5678 3594 5727 sic
3612 5679 3778 5750 amell-

2164 5739 2362 5811 (lavit:
2405 5779 2426 5803 «ς
2464 5755 2771 5817 Excitavit,
2806 5752 3012 5824 inquit,
3063 5752 3179 5807 illis
3228 5751 3503 5824 Dominus
3542 5739 3776 5824 spiritum

2162 5826 2555 5883 Zorobabel...
2603 5827 2658 5880 et
2689 5814 2959 5896 spiritum
2990 5814 3137 5880 Jesu
3166 5823 3270 5880 filii
3300 5814 3577 5880 Iosedech
3604 5819 3770 5865 sacer-

2170 5898 2326 5953 dotis
2357 5896 2577 5969 magni.
2619 5917 2639 5944 ν

2875 5541 3066 5594 anima
3090 5539 3353 5620 germina
3376 5551 3482 5620 sua
3512 5529 3723 5620 ἀφῇςλῖ
