4070 6180
252 381 415 449 1109

1447 383 2056 452 EPISTOLARUM
2102 383 2439 451 CLASSIS
2481 387 2532 451 Ῑ.

3555 375 3717 443 1110

249 586 611 658 proﬂuvium
641 586 1034 644 indeﬁcientis
1066 589 1313 643 meatus.
1362 587 1727 643 Proﬂuvium
1773 603 1927 658 quo-
1959 571 2016 634 Ᾱ
2105 584 2192 642 14.
2214 587 2340 641 Pax
2360 587 2515 642 enim
2531 589 2588 642 et
2608 587 2998 661 tranquillitas
3019 589 3231 645 anima
3254 603 3436 660 super
3456 598 3691 642 omnem

259 692 372 746 que
403 679 758 730 nocturnum
787 677 1042 748 legimus
1060 677 1342 746 Zabulon,
1367 677 1525 748 quod
1555 680 1647 731 est
1673 677 1927 746 prophe-

255 765 437 820 ticum
472 781 484 818 :
519 765 626 818 sed
653 763 776 836 jam
809 770 866 819 et
895 767 1091 836 ipsum
1137 764 1250 834 (50)
1301 766 1486 838 hujus
1532 766 1732 820 ﬂuenti
1763 765 1924 818 infu-

257 854 430 908 sione
452 853 838 923 resplenduit,
853 869 960 923 per
977 855 1134 925 quod
1156 855 1392 908 evanuit
1414 854 1553 908 illud
1572 854 1926 924 proﬂuvium

253 942 532 995 vanitatis
583 942 644 996 in
694 942 950 1011 Jerabel,
994 959 1127 1013 qua
1177 943 1413 997 inimica
1460 943 1709 1010 veritati,
1743 945 1800 996 et
1827 942 1926 995 ad-

256 1031 525 1085 versaria
569 1031 988 1100 praphetarum
1033 1031 1306 1102 eloquiis,
1354 1032 1432 1085 ita
1481 1031 1795 1086 dilacerata
1833 1032 1926 1085 est

259 1135 473 1174 canum
503 1119 828 1188 morsibus,
861 1123 924 1174 ut
953 1119 1178 1174 nullum
1209 1119 1342 1190 ejus
1374 1123 1721 1190 superesset
1749 1121 1925 1174 vesti-

255 1209 442 1280 gium,
477 1209 587 1263 sed
615 1211 736 1263 toto
765 1224 1013 1278 corpore
1046 1225 1157 1263 suo
1192 1225 1326 1263 cum
1356 1210 1632 1263 omnibus
1664 1209 1924 1278 posteri-

255 1299 394 1350 tatis
443 1313 572 1351 sua
616 1296 957 1369 insignibus
1003 1298 1484 1369 exstingueretur
1527 1297 1638 1366 (IV
1660 1298 1808 1369 Reg.
1843 1314 1922 1366 ιχ,

254 1384 474 1453 33-37).
508 1385 642 1455 Ipse
672 1385 857 1457 igitur
885 1386 1212 1441 Zorobabel
1254 1401 1330 1440 ex
1374 1387 1531 1440 tribu
1581 1386 1752 1456 Juda,
1798 1386 1925 1456 ipse

258 1474 442 1529 Jesus
472 1490 727 1546 magnus
756 1475 1062 1543 sacerdos,
1098 1478 1155 1528 et
1183 1475 1341 1529 tribu
1363 1475 1712 1546 designatus
1745 1477 1802 1528 et
1830 1490 1928 1529 no-

263 1563 420 1617 mine
454 1578 466 1617 :
501 1563 615 1617 duo
649 1563 976 1635 signiﬁcari
1007 1563 1300 1631 videntur,
1353 1567 1410 1618 et
1458 1579 1611 1618 unus
1649 1563 1926 1633 exprimi-

261 1654 391 1721 tur;
425 1651 558 1722 quia
587 1652 741 1706 idem
765 1652 935 1723 quasi
955 1655 1165 1721 potens
1187 1656 1359 1706 natus
1383 1667 1456 1706 ex
1473 1655 1727 1722 potente,
1753 1651 1926 1722 quasi

259 1739 595 1809 redemptor
623 1743 790 1795 ortus
823 1756 899 1794 ex
925 1741 1180 1812 virgine,
1212 1741 1273 1795 in
1305 1742 1615 1812 utriusque
1647 1741 1802 1794 idem
1832 1756 1928 1794 na-

255 1831 406 1884 tura
438 1829 778 1884 diversitate
809 1829 1087 1899 dividua,
1109 1830 1287 1884 unius
1317 1829 1449 1884 Filii
1483 1830 1589 1884 Dei
1619 1829 1924 1884 veritatem

259 1917 435 1988 gigas
467 1918 746 1972 salutaris
777 1918 1062 1988 implevit.

329 2006 416 2060 11.
452 2006 828 2062 Excitaturus
860 2008 1055 2078 itaque
1086 2023 1117 2061 a
1150 2007 1398 2062 mortuis
1435 2006 1548 2077 (51)
1595 2007 1925 2063 Zorobabel

259 2098 551 2165 sanctum,
584 2097 664 2151 ait
691 2112 704 2151 :
742 2119 764 2144 ιι
799 2096 1010 2152 Adhuc
1043 2096 1228 2151 semel
1260 2112 1372 2168 ego
1401 2097 1653 2152 movebo
1686 2097 1922 2167 calum,

257 2187 314 2239 et
342 2188 581 2254 terram,
615 2189 672 2240 et
700 2185 902 2256 maria,
937 2189 994 2240 et
1024 2186 1326 2242 desertum
1352 2186 1590 2257 (Aggai
1609 2203 1670 2255 ιι,
1693 2186 1767 2255 '7).
1793 2186 1922 2240 Mo-

258 2277 424 2329 verat
454 2278 586 2329 ante
616 2274 766 2344 hac,
801 2289 934 2329 cum
956 2275 1027 2328 de
1051 2275 1313 2346 [Egypto
1336 2275 1613 2330 liberaret
1642 2275 1922 2345 populum

261 2377 435 2416 suum
451 2363 668 2431 (Exod.
693 2380 815 2432 xxv,
839 2363 908 2417 22
929 2366 1106 2434 seq.),
1140 2365 1373 2435 quando
1396 2364 1456 2418 in
1478 2363 1628 2418 calo
1651 2363 1924 2418 columna

260 2454 385 2506 erat
416 2451 576 2523 ignis
605 2452 820 2520 (Exod.
853 2469 978 2522 xm,
1011 2451 1124 2521 21),
1157 2455 1312 2508 terra
1340 2453 1493 2507 inter
1521 2453 1755 2522 ﬂuctus,
1791 2469 1922 2507 mu-

260 2555 364 2594 rus
394 2539 455 2594 in
485 2540 652 2610 mari,
684 2541 779 2594 via
809 2542 870 2594 in
901 2557 1073 2612 aqua,
1109 2541 1170 2596 in
1197 2541 1435 2596 deserto
1474 2541 1695 2596 messis
1725 2542 1924 2613 quoti-

261 2628 433 2682 diana
462 2628 700 2701 frugum
726 2630 1057 2684 calestium
1080 2630 1594 2701 multiplicabatur,
1620 2635 1783 2700 petra
1805 2630 1924 2684 sol-

257 2717 506 2772 vebatur
552 2718 612 2772 in
660 2717 854 2774 fontes
902 2735 1186 2790 aquarum
1220 2734 1232 2774 :
1286 2719 1392 2774 sed
1423 2721 1604 2774 movit
1633 2722 1691 2774 et
1718 2722 1924 2789 postea

256 2806 318 2859 in
348 2806 630 2876 passione
661 2807 892 2862 Domini
924 2808 1070 2862 Jesu
1119 2808 1284 2874 (Luc.
1336 2825 1504 2878 xxm,
1552 2808 1644 2878 44)
1680 2809 1919 2877 (Matth.

257 2911 442 2964 xxvu,
477 2893 697 2967 31-33);
731 2896 964 2967 quando
1004 2897 1219 2952 coelum
1267 2897 1532 2952 tenebris
1581 2897 1920 2966 obductum,

260 2984 351 3038 sol
397 2983 636 3057 refugit,
681 2988 864 3053 petra
916 2985 1153 3054 scissa,
1207 2986 1416 3040 tumuli
1460 2987 1666 3056 aperti,
1709 2986 1925 3041 mortui

257 3073 620 3142 resuscitati,
653 3073 832 3128 draco
861 3074 1057 3128 victus
1089 3075 1149 3128 in
1179 3075 1458 3130 ﬂuctibus
1482 3077 1612 3130 suis
1633 3076 1776 3129 vidit
1798 3076 1925 3146 pis-

259 3163 492 3217 catores
524 3162 846 3232 hominum,
881 3179 998 3218 non
1031 3164 1226 3218 solum
1259 3164 1612 3236 navigantes
1663 3165 1723 3219 in
1755 3165 1922 3235 mari,

259 3252 368 3306 sed
397 3253 573 3306 etiam
602 3252 972 3307 ambulantes
1003 3253 1134 3308 sine
1164 3254 1456 3326 periculo.

2033 676 2246 730 domus
2276 675 2526 748 gloriam
2556 680 2647 732 est
2679 679 3001 752 (Aggazi'u,
3046 678 3171 748 10);
3204 679 3339 749 quia
3370 693 3485 747 pax
3519 690 3703 746 supe-

2034 767 2123 818 rat
2153 780 2385 819 omnein
2417 781 2661 820 sensum
2708 767 2765 835 (Ι
2809 767 2942 822 Cor.
2995 784 3094 836 xv,
3141 767 3253 837 28).
3289 767 3432 821 Hac
3463 767 3555 820 est
3584 781 3702 836 pax

2035 868 2218 922 super
2248 870 2472 925 pacem,
2505 871 2638 926 qua
2669 857 2901 910 dabitur
2931 859 3066 927 post
3096 857 3327 911 tertiam
3361 853 3704 910 commotio-

2036 942 2254 996 tionem
2282 943 2436 1013 cali,
2469 945 2672 1014 maris,
2705 949 2904 1014 terra,
2940 945 3159 1000 deserti
3191 944 3478 1016 (Philipp.
3512 961 3592 1013 ιν,
3614 943 3705 1012 Ἳ);

2038 1031 2332 1101 quomodo
2354 1032 2617 1087 destruet
2641 1049 2846 1088 omnes
2869 1035 3204 1089 Potestates
3229 1036 3286 1087 et
3305 1033 3705 1103 Principatus.

2041 1117 2259 1173 Caelum
2291 1121 2448 1174 enim
2480 1125 2539 1175 et
2571 1127 2736 1176 terra
2772 1122 3119 1177 transibunt
3143 1122 3380 1190 (Matth.
3403 1138 3566 1188 XXIV,
3589 1119 3703 1189 35),

2035 1216 2094 1260 et
2138 1208 2330 1262 omnis
2376 1209 2550 1263 istius
2601 1211 2802 1264 mundi
2834 1211 3024 1282 figura
3059 1226 3070 1265 :
3106 1214 3162 1264 et
3194 1210 3609 1280 unusquisque
3641 1208 3703 1262 in

2035 1296 2338 1366 romphaa
2369 1298 2642 1370 insurget
2671 1299 2744 1353 ad
2777 1299 3015 1354 fratrem
3045 1315 3240 1368 suum,
3292 1299 3352 1352 id
3399 1300 3510 1367 est,
3556 1296 3707 1362 914

2033 1384 2216 1438 verbo
2245 1389 2584 1455 penetrante
2616 1388 2904 1442 medullas
2927 1389 3136 1444 animae
3159 1388 3370 1457 (Hebr.
3398 1405 3475 1457 1v,
3503 1386 3609 1458 12),
3636 1380 3707 1440 ut

2037 1472 2374 1528 destruatur
2431 1476 2710 1548 quidquid
2775 1480 2868 1531 est
2921 1479 3300 1546 contrarium,
3351 1491 3565 1530 currus
3625 1490 3704 1530 ex

2036 1558 2334 1632 Ephram,
2367 1566 2424 1616 et
2453 1579 2644 1635 equus
2663 1581 2739 1619 ex
2759 1565 3111 1635 Jerusalem,
3137 1567 3201 1620 ut
3215 1565 3531 1620 Zacharias
3554 1563 3704 1618 dixit

2032 1649 2240 1718 (Zacb.
2273 1667 2350 1714 ιχ,
2391 1651 2502 1718 10).
2536 1652 2608 1706 Et
2637 1654 2726 1707 sic
2758 1656 2868 1708 erit
2887 1670 3001 1724 pax
3022 1670 3130 1724 per
3149 1655 3364 1724 omnia,
3390 1653 3569 1708 nullis
3591 1652 3703 1706 ob-

2035 1737 2388 1794 sistentibus
2441 1742 2711 1811 corporis
2755 1743 3165 1812 passionibus,
3226 1745 3324 1797 aut
3378 1740 3701 1796 incredula

2031 1827 2250 1881 mentis
2274 1827 2741 1898 impedimentis;
2761 1831 2826 1884 ut
2843 1831 2941 1883 ﬁat
2959 1831 3018 1884 in
3035 1830 3312 1885 omnibus
3332 1831 3526 1885 omnia
3542 1828 3706 1885 Chri-

1951 1949 2002 2011 B
2035 1917 2190 1984 stus,
2215 1916 2452 1992 subdita
2473 1917 2631 1972 Patri
2654 1917 2945 1973 exhibens
2969 1919 3147 1973 corda
3169 1919 3609 1974 universorum.

2106 2004 2194 2058 15.
2219 2004 2388 2059 Unde
2411 2008 2468 2059 et
2488 2007 2560 2060 ad
2583 2007 2779 2076 ipsum
2792 2009 2986 2062 solum
3008 2008 3255 2078 mystice
3274 2008 3488 2062 dicitur
3510 2023 3522 2062 :
3553 2029 3576 2057 α
3600 2006 3704 2062 Su-

2033 2108 2185 2146 mam
2206 2095 2282 2162 te,
2317 2093 2664 2164 Zorobabel,
2691 2101 2747 2149 et
2775 2112 2989 2166 ponam
3018 2100 3074 2150 te
3105 2097 3260 2150 sicut
3287 2095 3661 2167 signaculum
3684 2111 3700 2164 ;

2031 2181 2169 2252 quia
2188 2184 2242 2234 te
2265 2181 2418 2253 elegi
2437 2182 2674 2254 (Aggai
2688 2201 2746 2254 ιι,
2771 2185 2882 2253 21).
2912 2208 2933 2232 η
2970 2183 3200 2239 Etenim
3221 2199 3355 2238 cum
3378 2183 3556 2238 fuerit
3575 2184 3698 2237 ani-

2033 2285 2126 2323 ma
2147 2273 2349 2324 nostra
2371 2271 2635 2340 paciﬁca,
2661 2272 2966 2327 utdicatur
2983 2274 3035 2326 ei
3062 2288 3073 2328 :
3103 2296 3124 2318 «
3152 2271 3531 2341 Convertere,
3558 2287 3698 2326 con-

2031 2362 2284 2427 vertere,
2311 2359 2632 2414 Sunamitis
2653 2360 2849 2429 (Cant.
2874 2378 2953 2428 v1,
2983 2359 3096 2424 12):
3121 2361 3278 2432 quod
3299 2360 3605 2432 paciﬁcum
3626 2361 3702 2415 si-

2032 2447 2293 2520 gniﬁcat,
2317 2451 2373 2502 et
2390 2452 2450 2502 ut
2469 2452 2568 2503 tuo
2586 2449 2823 2503 nomine
2840 2453 2969 2503 utar
2984 2456 3232 2532 εἰρηνικήν
3253 2470 3265 2510 :
3293 2453 3433 2503 tunc
3450 2449 3702 2520 accipiet

2034 2536 2095 2590 in
2125 2552 2192 2590 se
2230 2536 2387 2590 sicut
2422 2538 2798 2608 signaculum
2836 2536 3172 2607 Christum;
3222 2538 3281 2592 id
3325 2541 3436 2608 est,
3486 2538 3702 2610 imagi-

2037 2640 2172 2679 nem
2219 2625 2360 2696 Dei,
2395 2629 2458 2680 ut
2503 2627 2580 2680 sit
2618 2627 2690 2680 ad
2731 2627 3083 2698 imaginem;
3130 2647 3156 2676 «
3193 2628 3469 2698 quoniam
3506 2626 3701 2699 qualis

2035 2714 2318 2785 caelestis,
2349 2715 2498 2769 tales
2521 2719 2578 2769 et
2599 2715 2945 2784 coelestes(1
2969 2715 3103 2770 Cor.
3130 2733 3228 2784 xv,
3248 2715 3359 2786 48).
3387 2740 3409 2764 ιι
3433 2716 3504 2770 Et
3520 2731 3700 2786 cpor-

2031 2805 2112 2858 tet
2155 2817 2267 2858 nos
2316 2807 2551 2873 portare
2600 2804 2916 2876 imaginem
2965 2804 3258 2874 caelestis,
3311 2804 3372 2859 id
3415 2807 3536 2876 est,
3587 2820 3696 2877 pa-

2033 2908 2182 2946 cem.

2109 2979 2194 3036 16.
2227 2983 2418 3054 Atque
2447 2985 2510 3038 ut
2539 2984 2799 3038 sciamus
2829 2999 3038 3039 verum
3069 2999 3228 3054 esse,
3252 2984 3439 3039 habes
3472 2983 3532 3038 in
3549 2983 3698 3039 Can-

2034 3069 2191 3140 ticis,
2226 3071 2286 3124 in
2314 3072 2516 3126 ultimo
2545 3071 2668 3143 jam
2699 3071 2977 3143 perfecta
3021 3073 3232 3128 anima
3284 3073 3420 3144 dici,
3455 3073 3614 3144 quod
3644 3075 3703 3127 et

2033 3159 2139 3214 tibi
2169 3160 2324 3214 dicat
2355 3161 2639 3215 Dominus
2670 3161 2851 3215 Jesus
2891 3177 2902 3215 :
2947 3183 2968 3210 α
3004 3162 3164 3217 Pone
3196 3177 3286 3216 me
3319 3165 3380 3216 ut
3413 3163 3701 3233 signacu-

2034 3249 2156 3303 lum
2186 3250 2246 3304 in
2275 3250 2583 3305 brachium
2612 3254 2774 3305 tuum
2825 3250 3020 3321 (Cant.
3074 3268 3196 3319 vm,
3244 3251 3320 3320 6),
3360 3272 3381 3298 ι
3417 3253 3479 3304 ut
3508 3250 3702 3304 luceat

329 3348 417 3404 12,
451 3349 762 3404 Desertum
793 3365 1028 3422 quoque
1060 3309 1299 3416 mium,
1336 3351 1570 3422 quando
1601 3351 1926 3406 ίηίιιηοιυο-
1949 3309 1998 3371 C
2038 3338 2163 3392 Pax
2205 3339 2264 3393 in
2307 3340 2484 3394 corde
2516 3342 2636 3410 tuo,
2671 3343 2728 3394 et
2758 3309 3133 3411 inbperibus
3166 3309 3292 3394 tuis,
3309 3309 3610 3403 Christus,
3644 3341 3703 3393 et

257 3453 366 3493 sus
395 3437 696 3492 nationum
725 3439 980 3508 populus
1031 3455 1230 3495 messe
1281 3442 1457 3510 coepit
1504 3441 1838 3495 devotionis
1868 3443 1926 3496 et

256 3527 394 3582 ﬁdei
443 3527 807 3598 ﬂavescere;
857 3531 913 3581 et
958 3543 1224 3600 eousque
1268 3529 1510 3597 deserti,
1561 3531 1618 3584 et
1662 3530 1924 3602 gentium

259 3615 572 3672 commotio
603 3615 755 3670 facta
785 3619 880 3671 est
907 3619 969 3671 ut
1000 3618 1404 3688 apostolorum
1425 3633 1579 3689 quos
1611 3617 1826 3672 direxit
1854 3619 1927 3672 ad

255 3707 470 3777 gentes
529 3705 868 3774 vocandas,
926 3708 1086 3760 tanta
1131 3709 1296 3761 esset
1342 3710 1399 3760 et
1439 3709 1558 3760 tam
1605 3707 1928 3762 vehemens

255 3794 640 3866 pradicatio;
692 3797 756 3849 ut
806 3817 828 3842 α
864 3794 924 3849 in
971 3811 1204 3850 omnem
1252 3799 1469 3850 terram
1517 3795 1705 3850 exiret
1741 3812 1929 3852 sonus

257 3898 486 3952 eorum,
520 3886 577 3937 et
607 3883 667 3938 in
699 3884 850 3938 ﬁnes
883 3883 1047 3938 orbis
1079 3888 1255 3939 terra
1287 3885 1471 3940 verba
1503 3900 1707 3940 eorum
1737 3885 1924 3954 (Psal.

255 3988 426 4041 xvm,
475 3972 552 4042 5).
593 3996 614 4019 υ
666 3973 869 4040 Tanta,
923 3974 1180 4044 inquam,
1235 3974 1550 4028 commotio
1593 3975 1834 4044 deserti,
1868 3978 1930 4028 ut

257 4061 464 4132 plures
494 4060 599 4114 ﬁlii
628 4061 835 4117 ﬁerent
867 4062 1119 4116 desertae
1149 4078 1323 4133 quam
1347 4063 1482 4133 ejus
1507 4079 1639 4134 qua
1669 4063 1927 4117 habebat

255 4151 453 4204 virum
482 4149 620 4217 (Isa.
653 4167 770 4220 LIV,
804 4151 896 4221 1);
947 4154 1004 4205 et
1031 4152 1269 4206 ﬂoreret
1294 4152 1615 4221 desertum,
1648 4155 1711 4206 ut
1740 4152 1928 4206 lilium

250 4238 398 4293 (Isa.
432 4255 615 4306 xxxv,
650 4240 742 4310 1);
775 4240 1084 4294 introirent
1114 4240 1298 4296 electa
1339 4241 1604 4312 gentium
1650 4242 1723 4295 ad
1770 4241 1927 4296 resi-

252 4327 410 4383 duos
442 4328 680 4399 populi;
714 4345 830 4401 quo
862 4329 1130 4401 reliquia
1162 4331 1346 4385 salva
1377 4331 1588 4385 ﬁerent
1630 4346 1738 4401 per
1766 4331 1925 4385 elec-

253 4417 479 4472 tionem
508 4417 714 4488 gratia
747 4418 934 4487 (Rom.
969 4437 1050 4489 χι,
1087 4420 1162 4488 5).

330 4523 418 4578 13.
458 4546 478 4570 α
514 4523 587 4578 Et
617 4525 878 4596 replebo,
914 4525 1121 4598 inquit,
1158 4526 1394 4580 domum
1425 4525 1576 4580 hanc
1613 4551 1634 4574 υ
1679 4528 1926 4598 argento

259 4629 392 4668 meo
424 4615 482 4667 et
510 4628 653 4668 auro
687 4613 798 4684 (59.)
822 4615 1058 4687 (Αρσωί
1079 4633 1138 4685 ιι,
1163 4615 1253 4685 8);
1278 4615 1532 4686 eloquiis
1557 4615 1923 4684 calestibus,

259 4719 395 4776 qua
428 4707 566 4759 sunt
594 4704 749 4759 sicut
780 4707 1090 4776 argentum
1122 4704 1260 4776 igne
1292 4704 1689 4759 examinatum
1735 4704 1922 4774 (PsaI.

258 4809 342 4862 χι,
377 4792 453 4862 '7),
486 4797 543 4848 et
571 4793 696 4849 veri
728 4793 989 4848 claritate
1020 4793 1280 4864 luminis,
1314 4793 1470 4848 sicut
1499 4809 1644 4848 auro
1673 4792 1927 4864 spiritali

256 4884 319 4937 in
349 4885 691 4938 sanctorum
722 4883 970 4938 occultis
1003 4883 1297 4938 mentibus
1321 4882 1671 4953 refulgente.
1696 4881 1818 4936 Has
1842 4881 1927 4936 di-

256 4973 436 5027 vitias
451 4971 679 5026 confert
692 4971 980 5027 Ecclesia
995 4988 1141 5041 sua,
1159 4973 1376 5043 quibus
1392 4971 1795 5043 intelligibiles
1811 4971 1930 5025 the-

259 5061 424 5115 sauri
447 5061 768 5130 replentur,
784 5063 840 5115 et
862 5061 1049 5132 gloria
1073 5064 1322 5133 augetur
1343 5061 1554 5116 domus
1577 5076 1758 5131 super
1779 5059 1930 5130 prio-

258 5163 386 5202 rem
405 5149 654 5220 gloriam
679 5150 810 5220 (53),
837 5165 1011 5221 quam
1035 5150 1288 5220 populus
1312 5150 1519 5205 habuit
1540 5149 1766 5205 electus
1791 5148 1924 5219 (54).

333 5310 448 5380 (50)
478 5309 605 5382 νει.
640 5310 799 5374 edit.,
839 5333 862 5359 α
897 5311 1175 5382 legimus,
1211 5310 1366 5381 quod
1414 5313 1505 5382 est
1552 5309 1926 5382 Zabulon,iid

257 5385 371 5450 est,
409 5381 855 5451 propheticum;
889 5381 996 5436 sed
1028 5383 1200 5436 etiam
1223 5385 1279 5436 et
1300 5381 1533 5450 ipsum;
1570 5383 1761 5449 Rom.,
1802 5404 1822 5428 ιι
1847 5381 1928 5434 le-

258 5453 460 5524 gimus
491 5453 647 5522 quod
680 5457 770 5507 est
801 5454 1228 5524 prOpheticum,
1263 5458 1319 5507 et
1350 5453 1580 5521 ipsum;
1617 5473 1639 5502 »
1689 5456 1745 5506 at
1774 5469 1922 5506 mss.

257 5523 812 5608 magnonconsensu
841 5525 1016 5608 nobis
1037 5523 1470 5608 suilli-agantur.

332 5595 446 5663 (51)
473 5596 640 5649 Rom.
666 5596 803 5649 edit.
830 5597 956 5650 sola
980 5611 1010 5650 e
1034 5599 1195 5650 textu
1214 5595 1487 5653 eximit-:6
1515 5617 1535 5639 u
1554 5610 1585 5646 a
1606 5595 1871 5648 mortuis.
1898 5617 1917 5642 ι

332 5672 446 5743 (5‘3)
482 5676 651 5730 Rom.
685 5675 846 5744 edit.,
885 5699 905 5722 κ
943 5676 1181 5731 domum
1211 5673 1362 5728 hanc
1395 5674 1605 5745 gloria,
1641 5674 1780 5728 dicit
1812 5675 1924 5728 Do-

257 5745 459 5800 minus
491 5747 877 5802 exercituum.
917 5747 1109 5802 Meum
1141 5749 1232 5801 est
1261 5749 1592 5817 argentum,
1635 5748 1690 5799 et
1729 5761 1924 5800 meum

259 5818 894 5892 estaurum_,_Replevi
924 5834 1068 5892 ergo
1100 5821 1427 5892 argento,_»
1465 5820 1574 5871 etc.

333 5889 446 5957 (53)
493 5887 756 5955 Quidam‘
788 5906 960 5960 mss.,
999 5887 1035 5937 *α
1071 5887 1330 5962 augetur
1357 5889 1569 5945 domus
1617 5889 1926 5961 superiore

2035 3426 2323 3482 formetur
2365 3429 2425 3482 in
2463 3431 2520 3483 te
2560 3429 2867 3499 sapientia,
2902 3431 2958 3484 et
2981 3428 3232 3500 justitia,
3266 3431 3324 3483 et
3351 3427 3697 3498 redemptio.

2037 3515 2201 3586 Vale,
2234 3516 2337 3587 ﬁli,
2369 3520 2426 3572 et
2454 3533 2566 3572 nos
2597 3517 2814 3590 dilige;
2847 3519 2984 3589 quia
3015 3533 3126 3573 nos
3155 3522 3211 3572 te
3243 3517 3570 3590 diligimus.

2482 3605 2848 3661 EPISTULA
2885 3607 3073 3662 XXXI
3111 3608 3245 3678 (55).

2042 3692 2344 3768 Quaerenti
2364 3695 2598 3768 lanugo
2622 3712 2753 3749 num
2787 3711 2888 3750 eos
2915 3697 3013 3768 qui
3041 3697 3242 3749 statim
3275 3694 3610 3768 appueritia,
3639 3701 3702 3768 et

2107 3781 2209 3820 eos
2248 3766 2346 3838 qui
2356 3765 2491 3838 jam
2527 3772 2705 3838 atate
2731 3765 3148 3838 provectiores
3179 3765 3576 3835 crediderint,
3612 3765 3704 3821 di-

2113 3837 2284 3890 versa
2307 3837 2605 3910 claritate
2634 3837 2808 3910 Deus
2823 3837 3036 3910 diligat
3058 3857 3076 3902 ,δ
3108 3837 3430 3909 respondet
3460 3844 3705 3910 sanctus

2098 3908 2328 3980 praesul
2344 3909 2405 3980 in
2429 3908 2744 3980 Scriptura
2767 3908 2952 3980 Deum
2973 3908 3326 3980 Synagoyze,
3367 3925 3492 3980 quae
3528 3909 3704 3980 prius

2106 3977 2304 4032 ﬁdelis
2324 3977 2542 4047 fuerat,
2568 3977 2790 4050 lapsum
2809 3977 3103 4044 doluisse;
3119 3977 3327 4050 postea
3353 3977 3546 4034 tamen
3569 3979 3705 4033 cha-

2105 4051 2349 4104 ritatem
2381 4067 2544 4104 suam
2577 4051 2962 4106 transtulisse
2999 4051 3074 4105 ad
3113 4052 3466 4120 Ecclesiam,
3509 4056 3568 4103 ut
3593 4066 3706 4120 per

2107 4121 2263 4194 duas,
2286 4137 2504 4194 uxores
2532 4122 2730 4176 David
2743 4138 2892 4194 tneo
2929 4139 3040 4178 non
3067 4123 3301 4194 Moysis
3340 4122 3418 4177 do
3451 4121 3705 4178 muII'ere

2108 4193 2340 4263 captiva
2359 4191 2549 4248 locum
2571 4193 2967 4265 signiﬁcatur.

2409 4284 2751 4337 Auanosws
2792 4283 3026 4337 Iustum
3057 4281 3327 4336 salutem.

2109 4369 2160 4424 1.
2215 4367 2553 4424 Differentia
2603 4370 2908 4425 charitatis
2957 4375 3152 4425 utrum
3198 4371 3275 4424 sit
3319 4369 3516 4440 aliqua
3547 4368 3702 4438 apud

2036 4456 2241 4523 Deum,
2278 4473 2482 4512 eorum
2511 4460 2612 4528 qui
2642 4475 2673 4512 a
2703 4459 2953 4530 pueritia
2985 4458 3360 4524 crediderint,
3395 4464 3451 4512 et
3499 4472 3704 4512 eorum

2035 4546 2134 4618 qui
2159 4545 2492 4616 juventutis
2525 4549 2626 4601 aut
2654 4547 3007 4617 posterioris
3039 4546 3226 4602 atatis
3249 4546 3364 4615 (56)
3387 4561 3701 4616 processu,

2035 4636 2356 4705 prudenter
2385 4635 2804 4708 requirendum
2835 4635 3055 4705 putasti
3082 4651 3096 4703 ;
3149 4650 3283 4688 nam
3324 4633 3437 4689 hoc
3468 4649 3704 4705 quoque

2035 4723 2340 4794 Scriptura
2370 4724 2568 4778 divina
2598 4740 2714 4778 non
2744 4723 3145 4793 pratermisit,
3177 4738 3370 4794 neque
3421 4724 3706 4778 intactum

2034 4813 2291 4883 reliquit.
2338 4812 2642 4883 Siquidem
2691 4811 2977 4866 Dominus
3023 4811 3184 4866 Deus
3229 4815 3435 4866 noster
3471 4813 3545 4867 ad
3574 4811 3704 4867 Joel

2037 4901 2381 4970 prophetam
2427 4917 2544 4955 non
2593 4901 2781 4955 otiose
2825 4901 2905 4955 ait
2953 4917 2964 4955 :
3020 4922 3042 4951 α
3085 4902 3433 4956 Lamentare
3483 4903 3557 4956 ad
3607 4918 3702 4958 me

2038 5004 2220 5059 super
2246 4989 2539 5058 Sponsam
2567 4990 2946 5060 praecinctum
2979 5005 3156 5045 sacco
3205 4991 3266 5044 in
3315 4989 3511 5045 virum
3554 4991 3575 5061 (
3597 4991 3705 5061 5’7)

2039 5076 2173 5149 ejus
2205 5078 2554 5150 virginalem
2587 5078 2757 5147 (Joel.
2791 5097 2830 5149 ι,
2863 5079 2940 5148 8),
2981 5100 3003 5129 ι
3060 5079 3269 5134 dolens
3299 5079 3700 5152 Synagogam,

2039 5183 2171 5238 qua
2213 5172 2382 5221 antea
2427 5167 2765 5239 virginitate
2814 5184 2924 5223 sua
2967 5168 3326 5240 desponsata
3367 5169 3474 5224 Dei
3507 5169 3701 5223 Verbo

2080 5309 2245 5364 loria.

2035 5325 2464 5453 ﬁtfggoEadem
2497 5381 2657 5450 edit.,
2698 5402 2720 5433 α
2745 5381 2870 5437 Ηοο
2893 5384 3052 5438 enim
3081 5385 3174 5438 est
3204 5383 3362 5453 quod
3394 5381 3697 5452 sequitur:

2035 5451 2248 5524 Magna
2297 5453 2406 5524 erit
2453 5453 2640 5524 gloria
2690 5454 2902 5508 domus
2933 5455 3106 5508 istius
3138 5451 3500 5508 novissima
3519 5467 3702 5524 super

2033 5523 2299 5592 primum,
2335 5523 2477 5578 dicit
2506 5525 2790 5580 Dominus
2825 5528 3218 5593 exercituum,
3255 5527 3310 5578 ct
3340 5525 3401 5578 in
3429 5524 3560 5578 loco
3583 5523 3698 5578 isto

2035 5594 2186 5648 dabo
2216 5610 2444 5664 pacem.
2481 5597 2602 5649 l’ax
2634 5598 2810 5666 enim,
2852 5617 2873 5646 ν
2907 5601 3020 5650 etc.

2107 5673 2220 5742 (55)
2255 5674 2485 5744 Scripta
2515 5675 2672 5729 circa
2700 5691 2834 5730 ann.
2867 5676 2992 5730 387.

2111 5745 2226 5815 (56)
2259 5743 2430 5801 Rom.
2464 5746 2624 5813 edit.,
2663 5767 2684 5796 ι
2719 5749 2818 5800 aut
2845 5745 3195 5815 proectioris
3228 5743 3437 5800 atatis.
3474 5767 3496 5793 ιο

2109 5815 2222 5888 (57)
2271 5817 2417 5871 Mss.
2469 5817 2717 5888 aliquot,
2751 5837 2794 5888 γε
2842 5817 3220 5885 pracinctam
3263 5832 3332 5871 ac
3376 5832 3559 5888 super
3611 5818 3698 5872 vi-

2036 5887 2206 5960 rum;
2239 5908 2262 5941 ι
2314 5888 2474 5954 edit.,
2527 5887 2962 5962 «’pracinctam
3000 5902 3176 5944 sacco
3207 5903 3390 5962 super
3418 5887 3630 5948 virum.
3669 5913 3691 5938 υ
