4070 6180
113 385 264 454 1113

1297 375 1908 454 EPISTOLARUM
1942 375 2282 443 CLASSIS
2313 377 2364 447 Ῑ.

3392 385 3552 456 11:14

117 588 336 658 occidit,
387 587 610 643 luctum
654 585 860 641 incidit
897 584 1029 655 (64),
1085 585 1550 640 intercessorem
1579 581 1769 663 \adhi-
1789 579 1838 642 Α
1877 583 2028 638 intra
2058 583 2247 656 ipsam
2275 585 2331 640 te
2362 585 2632 658 colligas,
2665 587 2722 642 et
2749 586 2811 642 in
2841 603 2910 643 ea
2940 586 3196 658 habites,
3229 589 3385 659 apud
3417 603 3546 644 eam

121 681 238 749 bet;
267 680 321 732 ut
347 678 596 732 vocetur
624 677 695 730 ad
728 674 1148 746 paenitentiam,
1182 689 1298 746 quo
1331 673 1524 744 possit
1553 672 1771 728 mereri

124 765 590 824 misericordiam.
624 765 726 818 llla
755 767 946 819 autem
979 779 1112 834 quae
1157 763 1315 818 bona
1361 762 1680 829 intellectu,
1715 762 1774 816 et

119 858 313 912 decora
360 856 420 910 in
459 858 705 925 aSpectu
745 854 936 922 valde,
989 853 1144 907 sicut
1192 853 1437 924 Abigaea
1478 850 1769 922 acquisita

119 946 227 1000 sibi
253 949 369 1000 erat
400 945 457 998 in
477 944 682 1014 praelio
707 961 720 1011 ;
756 943 1008 997 devictis
1029 942 1414 1011 adversariis,
1450 945 1506 996 et
1536 942 1768 994 mortuo

113 1036 254 1105 viro,
275 1035 372 1106 qui
404 1034 657 1088 vallatus
688 1032 966 1104 nequitiis
998 1031 1367 1102 spiritalibus
1399 1030 1769 1102 repugnabat

111 1140 177 1181 ac
209 1123 538 1192 resistebat,
589 1137 662 1177 ne
709 1122 827 1176 sibi
879 1122 1155 1192 speciosa
1199 1137 1352 1176 uxor
1408 1120 1768 1174 adimeretur

113 1213 164 1282 (I
187 1214 325 1286 Reg.
347 1229 488 1280 xxv,
523 1211 610 1281 38,
642 1209 732 1282 39)
768 1227 780 1266 :
815 1213 988 1282 quasi
1002 1211 1192 1266 victor
1221 1213 1278 1265 et
1297 1209 1555 1282 diligens
1579 1208 1769 1278 Spon-

105 1319 206 1357 sus
255 1301 676 1373 jucunditatem
733 1300 962 1356 confert
1006 1303 1063 1355 et
1104 1301 1391 1372 gratiam,
1435 1298 1762 1354 emendans

112 1407 232 1446 eam
258 1391 326 1445 ab
356 1391 632 1446 omnibus
663 1389 1120 1461 pulchritudinis
1143 1388 1279 1459 ejus
1301 1387 1762 1459 impedimentis,

110 1484 166 1536 et
205 1495 423 1535 exuens
467 1478 839 1534 vestimentis
898 1477 1298 1548 captivitatis;
1360 1480 1421 1530 ut
1477 1475 1770 1546 depositis

111 1570 381 1624 omnibus
403 1569 607 1639 capitis
637 1568 734 1623 sui
764 1567 1016 1638 capillis,
1051 1567 1109 1621 id
1138 1569 1230 1621 est
1248 1568 1626 1635 peccatorum
1658 1564 1770 1619 cri-

112 1657 340 1728 niculis,
376 1658 472 1729 qui
503 1658 674 1728 quasi
704 1656 991 1727 superﬂui
1020 1658 1224 1712 nostro
1272 1655 1331 1709 in
1381 1669 1630 1726 corpore
1679 1653 1770 1707 vi-

108 1747 317 1801 dentur
345 1762 358 1800 :
390 1769 410 1793 «
436 1745 722 1812 Quoniam
753 1745 804 1800 si
835 1745 927 1799 vir
966 1760 1192 1800 comam
1221 1744 1458 1813 nutriat,
1511 1742 1770 1815 ignomi-

108 1836 201 1889 nia
228 1838 317 1890 est
343 1835 428 1889 illi
456 1835 515 1905 (Ι
541 1835 675 1890 Cor.
708 1851 770 1889 χι
800 1833 925 1905 14);
979 1855 1005 1884 ››
1038 1834 1100 1888 in
1128 1834 1347 1888 unitate
1393 1832 1550 1903 ﬁdei,
1585 1833 1644 1886 in
1675 1832 1770 1886 vi-

106 1941 234 1979 rum
271 1924 612 1995 perfectum,
653 1924 712 1978 in
752 1939 1089 1978 mensuram
1135 1923 1326 1977 aetatis
1381 1921 1766 1991 plenitudinis
1790 1959 1839 2019 Β

106 2012 314 2068 Christi
335 2013 570 2067 studeat
590 2027 904 2067 occurrere
925 2011 1170 2083 (Ep/tes.
1196 2028 1274 2080 ιν,
1297 2010 1417 2080 13);
1444 2014 1506 2065 ut
1534 2026 1767 2065 omnem

105 2102 347 2172 deponat
375 2101 553 2156 animi
576 2101 1096 2171 perturbationem,
1128 2103 1184 2154 et
1214 2100 1496 2155 charitate
1529 2099 1770 2153 fundata

103 2193 380 2263 augeatur
410 2191 470 2244 in
501 2190 751 2245 Domino
782 2190 948 2260 Jesu,
980 2193 1039 2245 et
1067 2189 1348 2245 universo
1379 2189 1644 2260 acquirat
1674 2188 1768 2244 in-

106 2282 465 2336 crementum
495 2279 726 2350 corpori
757 2277 892 2350 (65).

174 2403 257 2458 11.
295 2404 435 2458 Haec
483 2406 575 2458 est
614 2409 806 2458 anima
851 2404 968 2474 illa,
1013 2418 1188 2476 quam
1228 2402 1354 2458 Lex
1403 2403 1773 2458 demonstrat

101 2493 205 2546 tibi
236 2493 292 2546 in
333 2493 533 2563 specie
579 2493 844 2548 mulieris
888 2494 1084 2563 bonae,
1135 2508 1309 2564 quam
1358 2492 1410 2546 si
1453 2493 1678 2546 videris
1710 2492 1772 2546 in

99 2583 318 2653 praeda,
371 2585 428 2636 et
477 2583 853 2652 concupieris
897 2583 1166 2652 accipere
1213 2583 1274 2636 in
1321 2597 1565 2636 uxorem
1613 2581 1769 2636 tibi:

101 2693 122 2721 ι
161 2672 431 2741 lnduces,
472 2693 492 2719 η
518 2671 726 2742 inquit,
765 2694 788 2719 «ι
826 2687 954 2726 eam
1004 2671 1063 2726 in
1094 2671 1330 2726 domum
1375 2673 1534 2725 tuam
1572 2670 1770 2739 (Deut,

95 2777 220 2830 xxi,
254 2761 379 2831 12);
412 2764 473 2815 ut
499 2764 615 2816 tota
645 2761 698 2815 ei
722 2761 1052 2815 committas
1076 2761 1355 2815 interiora
1378 2760 1592 2814 domus
1623 2761 1759 2826 tuae,

95 2851 362 2906 omnium
407 2853 642 2906 tuorum
681 2851 981 2905 viscerum
1013 2850 1485 2920 possessionem,
1527 2848 1764 2903 auferas

92 2939 231 3011 ejus
279 2941 574 3010 superﬂua
603 2982 616 3009 ,
664 2940 912 2995 tondeas
956 2941 1201 3010 lapsus;
1234 2942 1290 2994 et
1329 2938 1616 2993 novacula
1649 2953 1767 2992 non

93 3029 249 3083 satis
285 3032 472 3099 acuta,
506 3045 577 3084 ne
609 3029 781 3084 faciat
825 3029 1044 3098 dolum,
1083 3032 1311 3084 tuarum
1350 3029 1598 3084 exuvias
1628 3043 1772 3098 pas-

92 3119 359 3186 sionum,
408 3121 581 3188 atque
626 3119 834 3174 inanes
883 3135 1102 3174 sensus
1148 3119 1404 3173 recidas.
1454 3118 1592 3172 Ideo
1640 3117 1768 3171 ait:

95 3231 118 3253 κ
178 3207 376 3262 Rades
418 3207 553 3279 ejus
591 3213 763 3279 caput
800 3209 1044 3278 (lbid.);
1096 3224 1212 3280 quo
1244 3208 1403 3262 nulla
1461 3207 1770 3262 obstacula

87 3296 392 3366 patiantur
431 3297 588 3350 oculi
631 3298 939 3368 sapientis,
991 3297 1092 3368 qui
1134 3300 1272 3352 sunt
1313 3296 1372 3351 in
1416 3296 1602 3366 capite
1635 3295 1770 3366 ejus

87 3384 324 3452 (Eecle.
359 3402 419 3455 ιι,
454 3386 564 3455 14).
601 3409 623 3434 ιι
660 3386 731 3440 Et
760 3387 990 3442 sedebit
1015 3407 1037 3436 ι
1073 3387 1282 3457 inquit,
1321 3407 1343 3432 υ
1379 3385 1620 3456 triginta
1651 3385 1773 3439 die-

83 3474 205 3528 bus
236 3474 300 3527 in
329 3473 502 3530 domo
534 3477 631 3530 tua
651 3476 847 3544 (Deut.
881 3493 1007 3545 xxi,
1039 3474 1152 3544 13),
1181 3499 1202 3523 ιι
1239 3479 1478 3546 peccata
1510 3474 1770 3545 prepriae

90 3563 420 3632 deplorans
443 3565 784 3636 nativitatis,
806 3569 862 3620 et
882 3569 1209 3620 commenta
1241 3567 1326 3629 91
1342 3565 1386 3628 7
1418 3564 1772 3635 nequissimi

84 3653 288 3723 patris
311 3653 550 3722 diaboli,
583 3654 682 3725 qui
703 3655 829 3709 vult
860 3671 1249 3727 congregare,
1281 3671 1413 3725 quas
1438 3669 1554 3709 non
1584 3669 1771 3726 gene-

85 3743 245 3796 ravit
276 3743 522 3812 (Jerem.
556 3760 679 3797 xvu
703 3787 716 3813 ,
758 3744 889 3814 ll);
951 3747 1014 3799 ut
1060 3744 1243 3816 hujus
1276 3743 1510 3815 mystici
1540 3743 1771 3800 numeri

80 3830 501 3902 puriﬁcatione
531 3832 824 3902 mundata,
857 3833 1123 3906 conjugii
1155 3834 1354 3888 claves
1378 3833 1762 3903 adipiscatur.

155 3920 246 3974 i2.
282 3919 374 3991 [Et
419 3921 664 3991 pulchre
721 3923 844 3978 ait:
895 3945 916 3971 α
963 3924 1177 3978 Postea
1220 3923 1470 3977 intrabis
1524 3923 1597 3976 ad
1638 3939 1768 3977 eam

75 4009 315 4079 (Ibid.);
339 4032 362 4057 η
397 4012 460 4064 ut
491 4012 1095 4084 totusingrediarisin
1116 4012 1559 4081 animamtuam,
1585 4014 1762 4083 atque

140 4151 266 4218 (64)
310 4151 527 4206 Ultima
557 4154 692 4208 edit.
727 4155 942 4223 Paris.,
984 4178 1004 4202 α
1047 4155 1270 4210 luctum
1297 4154 1525 4208 incidit.
1565 4177 1586 4202 »ν

138 4223 257 4290 (65)
291 4223 513 4278 Omnes
545 4225 681 4278 edit.
717 4229 773 4280 et
803 4227 1068 4280 nonnulli
1119 4242 1264 4280 mss.
1286 4267 1300 4294 ,
1340 4248 1361 4272 ιι
1396 4227 1453 4280 et
1484 4225 1766 4280 universa

69 4295 355 4368 acquirat
385 4295 741 4351 incrementa
775 4299 1004 4367 corpori
1035 4314 1049 4368 ;
1101 4320 1120 4345 η
1159 4297 1257 4350 alii
1299 4313 1444 4351 mss.
1479 4297 1680 4366 plures
1712 4300 1769 4351 et

69 4367 375 4440 potiores,
430 4388 461 4440 σεΔ
503 4370 559 4421 et
607 4369 888 4423 universo
932 4369 1196 4440 acquirat
1236 4369 1700 4438 incrementum;
1740 4389 1760 4416 ι

70 4438 350 4510 quidam,
389 4437 826 4510 «incrementa,
860 4437 1116 4510 corpori.
1155 4463 1176 4487 η

142 4508 268 4577 (66)
303 4508 536 4578 Scripta
569 4510 726 4565 circa
755 4527 891 4566 ann.
923 4508 1050 4566 387.

143 4579 270 4648 (6'7)
305 4580 390 4654 I_t_a
413 4597 566 4654 mss.
613 4599 826 4654 magno
859 4598 1125 4650 numero,
1159 4585 1216 4636 et
1258 4585 1372 4636 vet.
1408 4583 1588 4651 cdit.;
1627 4583 1758 4638 cod.

67 4654 277 4725 autem
315 4650 442 4705 Vat.
486 4669 641 4725 unus
679 4650 866 4725 L'ong.
914 4669 981 4707 ac
1015 4655 1158 4708 Last.
1207 4656 1262 4708 et
1295 4669 1428 4708 cum
1460 4655 1554 4708 his
1580 4650 1758 4709 Rom.

64 4722 247 4800 edit.,_
294 4744 318 4767 «
376 4723 729 4800 Ambrosius
775 4722 1013 4794 sabino,
1053 4747 1073 4773 η
1108 4741 1284 4797 quam
1318 4725 1764 4796 inscriptionem

55 4796 188 4860 jam
222 4796 360 4860 jam
391 4796 782 4850 excutiemus.

129 4864 260 4932 (68)
297 4864 452 4938 Rom
482 4866 620 4920 edit.
655 4867 802 4934 sola,
833 4889 854 4916 «ι
877 4867 1048 4922 liceat
1071 4867 1214 4922 mihi
1245 4867 1316 4922 de
1339 4867 1668 4938 superioris
1692 4867 1766 4922 ad

61 4933 377 4988 Irenaeum
415 4935 487 4989 de
536 4933 959 4992 incarnationis
1023 4939 1343 4996 Dominicm
1393 4933 1764 4994 sacramento

60 5008 282 5059 contra
333 5006 764 5075 Apollinarium
797 5009 1063 5079 epistolae
1110 5011 1245 5079 line,
1282 5034 1302 5058 ιι
1339 5013 1449 5066 etc.
1486 5009 1765 5064 Manifes-

59 5079 188 5128 tum
222 5079 436 5131 autem
467 5082 558 5132 est
587 5081 718 5135 istas
763 5081 835 5134 ab
878 5081 1208 5135 editoribus
1240 5098 1309 5136 ea
1353 5084 1546 5136 mente
1580 5083 1764 5136 inter-

61 5147 283 5224 polata
303 5163 470 5213 esse,
501 5153 564 5224 ut
596 5152 921 5224 indicarent
950 5151 1202 5224 hujusce
1235 5153 1502 5224 epistolae
1535 5153 1764 5208 initium

56 5218 314 5306 referri"
341 5223 616 5306 oportere
646 5218 1152 5306 ad‘tiuemjllius,
1205 5218 1338 5306 qua:
1378 5225 1478 5306 lsic
1522 5225 1758 5293 desinit,

65 5311 80 5330 τί
113 5288 567 5367 derelictusest
599 5294 826 5367 perdix,
861 5294 962 5364 qui
1003 5288 1292 5367 clamavit,
1333 5299 1394 5350 ut
1434 5288 1766 5367 congrega-

61 5364 154 5437 ret
186 5376 336 5442 quae
365 5377 505 5442 ‘non
539 5365 783 5442 peperit,
809 5390 842 5442 _»
879 5369 990 5442 etc.
1042 5365 1227 5442 hujus
1267 5367 1508 5442 quidem
1541 5364 1764 5420 ultimae

59 5433 118 5507 i_n
144 5435 273 5484 ant.
304 5433 786 5507 edit._inscriptio
809 5437 1026 5507 legitur
1047 5433 1303 5491 Irenaeo:
1330 5439 1435 5492 sed
1456 5454 1588 5491 curn
1608 5454 1765 5491 eam-

57 5500 195 5578 dem
235 5504 562 5578 epistolam
586 5500 702 5561 non
737 5500 906 5562 modo
939 5509 1132 5562 cuncti
1165 5525 1334 5577 mss.,
1370 5525 1571 5563 verum
1591 5509 1764 5562 etiam

59 5575 348 5654 ipsumet
380 5575 517 5654 edit.
556 5579 725 5654 Rom.
761 5575 1381 5654 _Sabinorins_criptam
1411 5580 1762 5654 exhibeant;

58 5649 289 5700 mirum
327 5649 426 5701 cst
455 5664 560 5702 cur
583 5650 639 5702 in
673 5651 876 5704 eadem
909 5651 1046 5705 edit.
1085 5651 1314 5705 dicatur
1349 5655 1586 5705 exarata
1625 5673 1644 5696 ε(
1678 5651 1766 5705 Ad

61 5714 399 5793 Irenaeum.
431 5741 452 5763 η
479 5719 820 5793 contigisse
844 5738 1020 5792 porro
1042 5722 1292 5789 videtur,
1317 5724 1376 5776 ut
1396 5722 1765 5793 quemadmo-

56 5786 199 5866 dum
236 5805 404 5866 quae
428 5809 449 5835 ι
485 5791 571 5866 ad_
597 5786 879 5866 Sabinum
911 5796 1003 5848 est
1049 5793 1180 5866 ideo
1221 5786 1288 5866 in
1319 5786 1432 5847 vet'.
1469 5793 1606 5848 edit.
1626 5793 1765 5866 ins-

54 5860 252 5931 cripta
290 5860 410 5916 fuit
453 5884 473 5908 ι
503 5862 578 5917 ad
609 5863 918 5934 Irenaeum,
957 5889 976 5911 ιι
1005 5865 1142 5936 quia
1173 5865 1433 5921 editores
1465 5881 1595 5920 eam
1625 5864 1763 5922 huic

1792 4684 1852 4750 D

1878 673 2285 743 commoraris,
2317 675 2379 728 in
2410 675 2536 746 ipsa
2569 675 2676 730 tibi
2705 677 2782 730 sit
2814 678 3008 733 omnis
3041 679 3455 749 conversatio;
3491 681 3554 734 ut

1878 763 1965 816 sis
1997 778 2116 818 non
2143 763 2205 819 in
2249 779 2446 834 carne,
2481 765 2588 820 sed
2627 764 2686 820 in
2731 767 2964 836 spiritu,
3016 770 3074 822 et
3113 783 3412 838 proponas
3443 768 3553 822 ad-

1871 849 2127 922 jungere
2151 868 2278 908 eam
2306 853 2413 907 tibi
2443 853 2516 911 ad
2556 855 2921 910 consortium
2954 855 3115 924 vitae,
3163 856 3366 912 sciens
3400 871 3553 928 quo-

1877 940 2032 996 niam
2056 943 2511 998 communicabit
2540 945 2734 998 tecum
2767 944 2840 998 de
2875 944 3086 1013 bonis;
3117 948 3174 1000 et
3201 945 3551 1016 perfunctus

1877 1028 2012 1100 ejus
2040 1031 2229 1101 gratia
2257 1031 2422 1085 dicas
2456 1048 2466 1086 :
2507 1054 2529 1081 ι
2563 1033 2719 1087 Puer
2748 1037 2945 1088 autem
2976 1049 3138 1089 eram
3163 1033 3542 1105 ingeniosus,

1877 1121 1935 1172 et
1964 1120 2208 1174 sortitus
2241 1135 2372 1174 sum
2401 1121 2657 1176 animam
2686 1121 2900 1177 bonam
2933 1121 3096 1194 (Sap.
3122 1139 3246 1193 VIII,
3280 1122 3391 1194 19).
3429 1146 3450 1172 ιι
3477 1123 3550 1178 Et

1876 1206 1975 1262 illa
2014 1207 2117 1262 tibi
2137 1210 2493 1280 respondeat
2525 1226 2537 1266 :
2579 1233 2600 1260 σι
2636 1211 2956 1266 Assumam
2986 1213 3062 1280 te,
3099 1214 3155 1266 et
3183 1211 3460 1268 inducam
3490 1215 3548 1268 te

1873 1297 1935 1350 in
1965 1297 2202 1352 domum
2235 1299 2436 1354 matris
2467 1315 2636 1370 mem,
2687 1303 2744 1356 et
2788 1300 2849 1355 in
2887 1303 3186 1362 secretum
3215 1299 3371 1371 ejus,
3406 1317 3541 1372 qua:

1875 1400 1967 1439 me
1991 1387 2259 1456 concepit
2280 1387 2476 1456 (Cant.
2498 1388 2592 1459 ξιιι,
2625 1389 2702 1458 4).
2741 1410 2764 1439 ι
2808 1391 2970 1445 Bona
3001 1393 3187 1444 mater
3215 1390 3544 1446 animarum

1877 1473 2210 1530 Jerusalem
2231 1477 2346 1547 illa,
2379 1492 2512 1549 quae
2529 1479 2590 1533 in
2623 1478 2771 1534 coelo
2801 1481 2911 1533 est.

1948 1564 2034 1619 13.
2069 1564 2194 1620 Erit
2214 1581 2358 1638 ergo
2388 1583 2540 1622 uxor
2570 1570 2688 1637 tua,
2721 1571 2778 1622 et
2807 1568 3124 1624 inveniens
3152 1570 3209 1623 te
3241 1567 3552 1624 osculabi-

1875 1654 1969 1707 tur
2015 1655 2090 1709 te.
2127 1676 2149 1700 «
2183 1653 2253 1708 Et
2281 1654 2332 1708 si
2364 1659 2569 1724 postea
2599 1656 2970 1727 displicuerit
3003 1657 3108 1711 tibi
3149 1657 3355 1726 (Deut.
3405 1674 3509 1712 xx:
3535 1698 3550 1726 ,

1875 1740 1964 1811 14)
1991 1757 2005 1811 ;
2033 1765 2054 1789 ιι
2091 1743 2250 1812 quod
2286 1744 2537 1816 castiget
2568 1759 2786 1814 corpus
2817 1761 3014 1814 suum,
3049 1748 3107 1800 et
3153 1746 3431 1801 servituti
3461 1761 3557 1801 re-

1873 1830 2054 1902 digat,
2088 1847 2207 1886 non
2235 1833 2477 1903 patieris
2501 1849 2631 1888 eam
2652 1833 2901 1903 servire,
2926 1833 2986 1888 id
3005 1837 3116 1903 est,
3148 1834 3554 1905 voluptatibus

1875 1921 2164 1991 corporis,
2199 1937 2307 1976 nec
2340 1921 2631 1993 subjicies
2655 1938 2782 1978 eam
2803 1923 2987 1993 carni,
3022 1923 3130 1978 sed
3153 1922 3402 1978 liberam
3423 1939 3560 1994 per-

1873 2024 2111 2065 manere
2143 2010 2386 2082 patieris
2420 2027 2432 2066 :
2470 2027 2579 2066 nec
2623 2011 2916 2067 alienabis
2948 2027 3096 2080 eam,
3131 2012 3244 2067 hoc
3274 2015 3368 2067 est
3398 2013 3555 2068 enim

1874 2098 2131 2154 vendere
2167 2115 2180 2155 :
2214 2115 2323 2154 nec
2355 2104 2699 2156 contemnes
2731 2116 2880 2169 eam,
2928 2101 3036 2154 sed
3075 2101 3382 2171 permittes
3415 2117 3556 2154 ser-

1875 2186 2002 2242 vire
2035 2203 2163 2242 eam
2193 2189 2314 2244 Deo
2345 2205 2455 2244 suo
2478 2190 2538 2244 in
2561 2191 2826 2244 castitate
2849 2189 3006 2259 fidei,
3031 2192 3089 2244 et
3111 2189 3404 2244 bonorum
3425 2204 3564 2258 ope-

1876 2291 2008 2330 rum
2037 2277 2376 2334 sobrietate.
2412 2278 2574 2349 Vale,
2602 2282 2658 2334 et
2684 2294 2796 2334 nos
2827 2278 3028 2350 dilige,
3063 2279 3202 2351 quia
3232 2293 3344 2334 nos
3375 2280 3431 2334 te
3454 2277 3553 2332 di-

1877 2363 2121 2436 ligimus
2143 2365 2278 2439 (66).

2390 2439 2759 2495 EPISTOLA
2790 2439 3040 2496 XXXII.

1878 2525 2164 2582 Perdicis
2204 2527 2439 2583 fallacia
2477 2535 2533 2583 et
2568 2529 2820 2584 libidine
2878 2529 3226 2584 adumbrari
3271 2529 3554 2586 Satanam

1951 2601 2156 2674 tradit.
2202 2598 2497 2674 Quomodo
2532 2601 2630 2654 llic
2672 2600 2976 2674 clamando
3007 2600 3131 2674 sibi
3160 2602 3552 2674 congregavit

1945 2671 2201 2742 populos,
2225 2688 2326 2726 eos
2350 2671 2630 2726 Christus
2653 2673 2829 2726 etiam
2850 2671 3152 2726 clamando
3174 2672 3249 2726 ad
3285 2686 3352 2725 se
3374 2671 3443 2727 re
3455 2687 3554 2727 v0-

1951 2756 2015 2798 ea
2027 2745 2181 2799 verit
2201 2743 2567 2818 t’quonamve
2584 2749 2775 2818 pacto,
2791 2743 2855 2818 id
2881 2759 3007 2798 cum
3033 2743 3312 2818 perdicis
3342 2749 3554 2818 natura

1959 2813 2317 2872 conveniat?
2352 2814 2477 2868 Sub
2498 2831 2621 2886 quae
2639 2813 2866 2885 colligit
2890 2831 3001 2886 non
3019 2813 3315 2869 incassum
3340 2813 3553 2870 Chris-

1953 2895 2069 2943 tum
2105 2887 2412 2952 clamasse,
2451 2885 2518 2939 ιιιέ
2533 2891 2837 2957 postquam
2865 2885 3136 2957 diabolus
3174 2887 3407 2942 omnino
3425 2901 3554 2957 spo-

1949 2961 2130 3015 liatus
2151 2957 2519 3030 fuerit,_tunc
2555 2956 2796 3011 stultum
2829 2956 3012 3028 illum,
3050 2973 3215 3030 quem
3243 2957 3405 3015 Deus
3429 2956 3551 3015 ac-

1950 3033 2058 3105 git,
2084 3029 2310 3085 salvum
2332 3028 2614 3083 futurum.

2193 3120 2530 3172 Ausnosms
2562 3119 2795 3172 IRENEO
2826 3117 3077 3172 salutem
3111 3117 3249 3188 (6'7).

1950 3211 2002 3266 1.
2031 3233 2052 3257 «
2085 3208 2369 3263 Clamavit
2396 3208 2624 3278 perdix,
2661 3207 3047 3280 congregavit
3065 3223 3198 3278 quae
3231 3223 3348 3262 non
3378 3222 3556 3277 pepe-

1800 3317 1854 3386 ο
1879 3300 1952 3355 rit
1973 3299 2215 3371 (Jerem.
2249 3315 2388 3367 xvu,
2423 3297 2531 3365 11).
2570 3317 2592 3346 ι
2629 3297 2792 3351 Licet
2821 3297 2979 3352 enim
3010 3295 3151 3350 mihi
3181 3296 3254 3350 de
3286 3296 3556 3386 superio-

1878 3390 1963 3444 ris
1996 3389 2110 3443 ﬁne
2143 3387 2411 3458 epistolae
2444 3386 2578 3457 (68),
2611 3387 2919 3458 sequentis
2943 3386 3195 3439 mutuari
3219 3385 3555 3440 exordium.

1877 3478 2274 3533 Celeberrima
2295 3477 2528 3548 questio
2555 3492 2568 3532 :
2602 3479 2658 3530 et
2688 3475 2818 3531 ideo
2844 3479 2903 3530 ut
2935 3475 3240 3546 possimus
3274 3490 3404 3529 eam
3441 3475 3551 3529 ab-

1881 3568 2135 3635 solvere,
2169 3566 2309 3638 quid
2342 3566 2412 3620 de
2443 3569 2645 3619 natura
2677 3565 2804 3618 avis
2829 3564 3002 3618 istius
3033 3564 3244 3617 habeat
3279 3564 3548 3631 historia,

1883 3657 2332 3712 consideremus
2377 3654 2510 3723 (69).
2564 3655 2712 3708 Nam
2753 3657 2809 3708 et
2854 3653 2966 3708 hoc
3010 3653 3390 3708 considerare
3430 3667 3549 3709 non

1881 3745 2201 3801 mediocris
2230 3743 2558 3814 prudentiae
2577 3745 2687 3812 est,
2722 3742 3014 3813 siquidem
3048 3745 3103 3796 et
3132 3741 3411 3796 Salomon
3454 3757 3554 3796 co-

1882 3836 2091 3908 gnovit
2122 3838 2363 3888 naturas
2395 3831 2754 3900 animalium,
2789 3834 2844 3885 et
2874 3831 3110 3886 locutus
3144 3833 3235 3887 est
3272 3831 3344 3885 de
3372 3845 3557 3903 pecc~

1879 3925 2069 3993 ribus,
2103 3926 2158 3979 et
2185 3923 2545 3992 volatilibus,
2572 3924 2628 3977 et
2650 3921 2721 3976 de
2745 3921 3078 3993 reptilibus,
3105 3924 3160 3978 et
3178 3920 3249 3976 de
3279 3919 3551 3992 piscibus

1879 4013 1996 4084 (III
2011 4013 2159 4085 Heg.
2187 4030 2265 4083 iv,
2300 4013 2414 4082 33).

1878 4159 1995 4229 ipsi
2015 4157 2364 4213 destinatam
2382 4159 2677 4227 putarunt,
2710 4157 2784 4211 ad
2813 4171 2989 4228 quem
3021 4154 3150 4209 haec
3164 4158 3368 4210 nostra
3391 4170 3405 4225 ;
3430 4171 3548 4211 non

1879 4231 2060 4306 aliter
2079 4230 2251 4306 etiam
2270 4228 2442 4306 hanc,
2467 4246 2579 4299 qua
2591 4229 2665 4306 de
2690 4229 2905 4306 agitur,
2929 4227 3382 4306 tresmemorati
3404 4243 3554 4306 mss.

1880 4302 2225 4369 inscriptam
2257 4298 2812 4367 Sabinoiexhibent,
2839 4298 2993 4370 quod
3032 4298 3255 4351 librarii
3281 4298 3438 4350 illam
3467 4298 3554 4351 ei-

1879 4373 2012 4428 dem
2041 4373 2393 4426 destinatam
2421 4371 2632 4440 fuisse,
2672 4371 2746 4424 ad
2786 4386 2962 4441 quem
2992 4369 3102 4422 alia
3125 4369 3252 4441 illa,
3269 4369 3383 4441 sibi
3415 4383 3554 4436 per-

3229 4409 3242 4435 ι

1880 4443 2198 4498 suaserint.
2224 4443 2340 4497 Sed
2363 4443 2494 4497 illas
2518 4413 3056 4510 diversisscriptas
3081 4441 3144 4493 ut
3171 4413 3549 4507 arbitremur,

1879 4515 2019 4570 facit
2048 4515 2141 4569 vel
2181 4515 2310 4584 ipsa
2346 4515 2515 4583 ratio,
2563 4529 2698 4584 quae
2733 4513 2794 4566 in
2842 4509 3088 4584 utraque
3135 4512 3451 4584 servatur;
3491 4509 3553 4584 in

1876 4586 1976 4641 illa
2009 4587 2164 4640 enim
2184 4579 2380 4658 agitur
2409 4579 2541 4658 cum
2572 4579 2824 4658 Sabino,
2845 4579 3169 4658 quasicum
3197 4581 3324 4658 viro
3347 4579 3550 4658 eximii

1877 4658 2191 4728 cujusdam
2225 4651 2432 4728 'mcriti
2475 4659 2650 4727 atque
2697 4651 3082 4718 auctoritatis,
3119 4651 3319 4728 in__hac
3337 4653 3552 4728 autem

1876 4721 2224 4784 familiarius
2248 4743 2380 4780 cum
2415 4721 2662 4790 lrenieo,
2688 4728 2903 4795 quippe
2928 4738 3108 4793 quem
3139 4721 3435 4795 etiamﬁlii
3456 4739 3552 4776 vo-

1876 4801 2085 4855 cabulo
2119 4798 2470 4866 compellere
2501 4799 2559 4850 in
2592 4793 3032 4866 subscriptione
3055 4809 3172 4866 non
3195 4793 3552 4848 dubitaverit

1875 4874 2118 4924 sanctus
2151 4863 2374 4924 noster.
2408 4867 2607 4938 Itaque
2641 4883 2775 4921 cum
2819 4863 3000 4938 multo
3043 4863 3236 4938 major
3266 4880 3550 4938 numerus

1874 4958 2021 4996 mss.
2065 4945 2121 4995 et
2149 4954 2358 4994 omnes
2391 4935 2530 4993 vetf
2559 4938 2694 4994 edit.
2739 4937 3004 4992 eamdem
3052 4935 3205 4990 hanc
3238 4936 3553 5006 epistolam

1873 5013 1946 5067 ad
1978 5013 2270 5067 Irenaeum
2307 5009 2500 5064 datam
2530 5009 2891 5081 significent,
2927 5007 3413 5081 cumqueuprima
3445 5007 3553 5081 hu-

1866 5083 2044 5155 jusce
2066 5082 2246 5155 verba
2267 5081 2571 5141 commode
2595 5079 2805 5135 referri
2827 5083 3043 5155 queant
3062 5079 3256 5155 _ad_il_la
3279 5079 3549 5155 superioj

1874 5150 1958 5209 ris
1991 5171 2149 5208 num.
2186 5153 2272 5221 11,
2309 5175 2330 5199 «ι
2367 5157 2420 5206 et
2444 5156 2770 5206 commenta
2803 5150 3159 5221 nequissimi
3180 5150 3420 5219 diaboli,
3447 5152 3550 5222 qui

1872 5227 1996 5281 vult
2011 5239 2380 5296 congregare
2395 5239 2527 5296 quae
2545 5240 2662 5278 non
2685 5223 3012 5296 generavit;
3032 5247 3053 5270 ι»
3075 5222 3264 5276 eidem
3285 5223 3551 5296 ordinem

1873 5313 2045 5352 suum
2081 5294 2611 5364 etinScriptionem
2634 5294 2994 5349 restituenda
3022 5310 3160 5348 esse
3182 5295 3546 5364 putavimus,

1944 5369 2055 5437 (69)
2079 5362 2608 5437 IntelligeHistor.
2646 5367 2837 5419 Anim.
2881 5365 3243 5437 Aristotelis,
3295 5363 3397 5418 ubi
3443 5362 3545 5417 lib.

1873 5435 1962 5505 ix,
1987 5435 2113 5508 cap.
2147 5439 2199 5504 6,
2235 5435 2328 5492 vel
2355 5437 2504 5490 Hist.
2550 5438 2754 5492 Natur.
2790 5437 2982 5503 Plinii,
3026 5436 3130 5490 ubi
3168 5435 3280 5508 lib._
3319 5451 3376 5502 χ,
3415 5449 3543 5508 cap.

1871 5503 1960 5578 33,
1987 5503 2256 5580 subjeCta
2281 5509 2538 5578 perdicis
2568 5511 2627 5562 in
2658 5503 3545 5580 venatoresastutiadoscribi-

1872 5575 1986 5636 tur.
2020 5575 2314 5636 Nonnulla
2346 5581 2517 5634 etiam
2539 5581 2646 5635 hac
2679 5581 2750 5635 de
2783 5596 2845 5634 re
2878 5579 3052 5632 tradit
3084 5575 3340 5630 Basilius
3382 5575 3539 5626 hom.

1871 5651 1904 5705 8
1937 5654 1994 5706 in
2029 5653 2336 5717 Hexaenr,
2373 5654 2429 5704 et
2477 5651 2642 5720 plura
2675 5651 2834 5706 hom.
2883 5650 2947 5704 l3
2994 5647 3236 5720 Exhort.
3270 5646 3356 5720 a_d_
3381 5645 3546 5720 Bapt.

1874 5724 2053 5779 Multa
2089 5715 2361 5778 similiter
2405 5715 2823 5779 Aldrovandus
2871 5721 2973 5774 lib.
3020 5734 3124 5772 xm
3175 5715 3463 5770 Ornithol.
3493 5718 3550 5769 et

1873 5795 2124 5850 Huetius
2156 5795 2214 5848 in
2243 5793 2554 5848 Observat.
2589 5794 2662 5848 ad
2693 5792 2930 5863 Origen.
2965 5789 3289 5843 Comment.
3325 5801 3460 5859 pag.
3481 5786 3548 5842 16

1873 5870 1927 5922 et
1955 5867 2040 5939 l7,
2061 5883 2213 5942 quos
2247 5865 2514 5921 consule.
