4070 6180
494 385 657 456 1115

2033 390 2095 457 S.
2138 389 2582 456 AMBROSII.

3788 392 3949 458 1116

571 594 625 650 2.
650 590 880 650 Dicitur
906 591 1103 667 itaque
1141 595 1271 651 avis
1299 595 1412 651 ista
1440 594 1615 667 plena
1662 609 1800 650 esse
1830 593 1970 665 doli,
2006 594 2171 648 frau-
2201 576 2258 644 Α
2283 592 2509 665 Moyse,
2544 593 2639 649 cui
2676 593 2824 650 dixit
2852 610 2865 650 :
2894 616 2917 643 α
2952 593 3105 662 Quid
3135 595 3357 652 clamas
3384 595 3569 652 adme
3585 594 3807 666 (Exod.
3826 611 3946 665 xxv,

500 682 617 755 dis,
649 683 920 754 fallaciis,
952 701 1085 756 quae
1107 684 1439 756 decipiendi
1458 685 1760 740 venatoris
1779 683 1909 738 vias
1940 682 2168 753 calleat,

502 774 678 844 atque
708 776 867 829 artes
899 775 1149 843 noverit,
1182 777 1245 829 ut
1274 790 1408 829 eum
1445 790 1478 828 a
1508 774 1686 845 pullis
1733 774 1957 827 avertat
1991 771 2121 827 suis
2154 787 2167 827 :

499 862 813 935 omniaque
841 865 1194 919 tentamenta
1215 864 1495 918 versutiae
1526 864 1674 927 918
1704 878 1821 917 non
1840 861 2170 933 praetermi-

499 956 645 1022 tere,
688 968 804 1024 quo
832 954 1025 1024 possit
1070 956 1380 1007 venantem
1420 951 1714 1007 abducere
1745 967 1778 1004 a
1808 950 1946 1005 nido
1977 952 2033 1004 et
2062 965 2169 1005 cu-

498 1042 724 1098 bilibus
756 1042 906 1097 suis.
953 1041 1124 1097 Certe
1173 1042 1225 1095 si
1265 1042 1544 1096 insistere
1590 1040 1927 1109 adverterit,
1968 1038 2169 1094 tandiu

497 1130 710 1201 illudit,
743 1131 1003 1203 quandiu
1033 1131 1228 1187 soboli
1268 1131 1534 1202 fugiendi
1580 1130 1819 1202 signum
1872 1128 2085 1183 tribuat
2114 1129 2171 1182 et

496 1223 867 1292 potestatem.
900 1219 1084 1285 Quam
1115 1220 1217 1275 ubi
1246 1220 1519 1275 evasisse
1548 1218 1826 1288 senserit,
1850 1220 1990 1273 tunc
2023 1232 2090 1272 se
2114 1219 2171 1272 et

494 1308 629 1381 ipsa
658 1309 967 1376 subtrahit,
1004 1314 1063 1366 et
1106 1309 1332 1365 lubrica
1377 1312 1499 1364 arte
1530 1308 1836 1379 deceptum
1878 1305 2168 1363 insidian-

497 1400 617 1454 tem
645 1399 945 1470 relinquit.

565 1487 620 1542 3.
646 1487 859 1544 Fertur
886 1488 1059 1543 etiam
1088 1488 1446 1559 promiscuae
1477 1502 1617 1542 esse
1647 1485 2071 1558 permistionis,
2105 1486 2170 1539 ut

500 1576 562 1632 in
603 1576 855 1632 feminas
886 1576 1000 1649 ('70)
1031 1593 1165 1631 cum
1208 1593 1440 1633 summo
1484 1576 1803 1632 certamine
1844 1590 2039 1629 mares
2084 1574 2169 1628 ir-

501 1669 693 1736 ruant,
728 1668 786 1721 et
813 1682 964 1739 vaga
996 1667 1294 1721 calescant
1322 1666 1587 1721 libidine.
1614 1665 1783 1721 Unde
1801 1665 2095 1735 impurum
2113 1665 2170 1717 et

496 1755 851 1810 malevolum
882 1759 941 1811 et
982 1755 1417 1811 fraudulentum
1459 1754 1673 1810 animal
1719 1753 2063 1809 adversario
2113 1756 2170 1807 et

502 1844 1009 1915 circumscriptori
1055 1844 1296 1916 generis
1340 1844 1599 1914 humani,
1640 1843 2164 1915 fallacissimoque,

496 1934 556 1989 et
584 1932 939 2004 impuritatis
967 1933 1192 1989 auctori
1225 1934 1647 1989 conferendum
1678 1936 1933 2004 putatur.

566 2022 642 2077 3‘.
674 2021 957 2077 Clamavit
986 2038 1131 2095 ergo
1161 2023 1391 2093 perdix,
1424 2023 1522 2093 qui
1556 2040 1585 2076 a
1620 2022 1919 2093 perdeudo
1952 2037 2164 2077 nomen

499 2111 730 2181 accepit
765 2110 899 2181 (Ἠ),
942 2110 1190 2166 Satanas
1238 2112 1370 2181 ille,
1421 2113 1521 2182 qui
1572 2111 1774 2165 Latine
1822 2111 2167 2167 Contrarius

498 2198 732 2254 dicitur.
765 2199 1048 2254 Clamavit
1094 2200 1153 2254 in
1197 2200 1319 2254 Eva
1364 2201 1617 2271 primum
1666 2200 1839 2269 (Gen.
1886 2217 1965 2267 III,
2002 2197 2166 2269 1-5),

502 2288 775 2343 clamavit
802 2289 864 2343 in
891 2287 1055 2358 Cain,
1088 2289 1147 2343 in
1180 2288 1406 2344 Pharao
1435 2289 1652 2359 (Exod.
1687 2307 1742 2358 v,
1784 2289 1859 2358 εὶ),
1915 2288 2161 2359 Dathan,

498 2376 746 2447 Abiron,
778 2376 928 2433 Core
958 2378 1155 2447 (Num.
1189 2395 1309 2448 xVI,
1355 2378 1431 2448 Ξ).
1476 2377 1758 2432 Clamavit
1806 2378 1866 2432 in
1915 2377 2164 2446 Judaeis,

499 2466 735 2539 quando
765 2467 1059 2538 petierunt
1075 2466 1190 2521 sibi
1221 2467 1349 2522 ﬁeri
1382 2482 1511 2535 eos,
1556 2483 1687 2522 cum
1708 2468 1948 2538 Moyses
1972 2466 2166 2539 legem

497 2555 795 2627 acciperet
823 2555 1039 2626 (Exod.
1072 2573 1258 2627 xxxu,
1293 2555 1367 2627 1).
1402 2556 1684 2611 Clamavit
1715 2556 1944 2627 iterum,
1977 2572 2167 2628 quan-

493 2644 573 2702 do
601 2644 675 2700 de
706 2644 1008 2701 Salvatore
1039 2644 1315 2700 dixerunt
1354 2662 1366 2701 :
1405 2669 1428 2695 α
1479 2645 1892 2718 Crucitlgatur,
1937 2644 2169 2701 crucifi-

500 2736 677 2807 gatur
704 2734 943 2803 (Matth.
975 2752 1160 2803 xxvii,
1191 2736 1319 2806 23);
1346 2758 1369 2784 ι
1406 2738 1463 2790 et
1496 2750 1509 2790 :
1549 2758 1571 2784 ι
1616 2735 1875 2808 Sanguis
1904 2735 2038 2807 ejus
2069 2750 2170 2789 su-

501 2838 611 2895 per
640 2838 774 2893 nos,
808 2825 866 2878 et
903 2838 1088 2894 super
1123 2824 1279 2880 ﬁlios
1324 2828 1564 2879 nostros
1605 2824 1781 2893 (Ibid.
1830 2824 1941 2894 25).
1979 2844 2003 2873 ι
2034 2822 2170 2879 Cla-

504 2910 705 2981 mavit,
737 2911 972 2984 quando
1016 2912 1136 2967 sibi
1179 2928 1385 2985 regem
1426 2914 1555 2970 fieri
1592 2912 2076 2984 postulaverunt;
2109 2915 2173 2967 ut

504 3000 853 3057 recederent
880 3018 913 3056 a
945 3001 1194 3057 Domino
1226 3002 1348 3058 Deo
1385 3019 1530 3076 rego
1563 3003 1614 3073 (1
1632 3004 1779 3077 Reg.
1813 3020 1936 3075 VIII,
1957 3004 2013 3075 5)
2041 3001 2170 3059 Cla-

505 3091 684 3146 mavit
703 3090 764 3146 in
794 3091 953 3148 omni
974 3107 1124 3148 vano
1156 3094 1215 3147 et
1243 3092 1492 3163 perfido.

568 3179 627 3237 4.
658 3179 770 3237 His
797 3180 1051 3237 vocibus
1101 3183 1489 3257 congregavit
1527 3182 1644 3238 sibi
1690 3182 1963 3255 populos,
2014 3182 2172 3255 quod

500 3285 622 3330 non
652 3272 956 3327 creaverat
986 3287 1002 3342 ;
1034 3271 1195 3328 Deus
1225 3272 1381 3329 enim
1412 3272 1707 3328 hominem
1749 3272 1822 3326 ad
1852 3271 2168 3344 imaginem

496 3362 557 3416 et
585 3360 1031 3417 similitudinem
1060 3376 1230 3417 suam
1260 3361 1398 3416 fecit
1427 3360 1599 3431 (Gen.
1635 3378 1674 3431 I,
1706 3360 1819 3431 2'7),
1864 3362 1922 3415 et
1964 3359 2167 3415 diabo-

500 3448 596 3507 lus
654 3449 774 3506 sibi
830 3449 1130 3507 hominem
1182 3452 1353 3506 vocis
1406 3467 1533 3507 suae
1556 3449 1763 3506 fraude
1811 3449 2164 3505 sociaverat.

499 3537 901 3613 Congregavit
929 3538 1048 3594 sibi
1064 3538 1366 3595 nationum
1384 3539 1659 3611 populos,
1684 3538 1910 3595 faciens
1933 3539 2170 3594 divitias

505 3643 626 3685 non
655 3644 789 3683 cum
814 3626 1061 3701 judicio.
1098 3628 1267 3684 Unde
1289 3629 1350 3683 in
1387 3628 1702 3700 proverbio
1750 3632 1843 3683 est
1872 3628 1945 3683 de
1990 3628 2172 3684 divite

498 3733 702 3788 avaro,
738 3717 875 3790 quia
904 3717 1115 3789 perdix
1143 3717 1256 3773 iste
1275 3721 1602 3791 congregat
1632 3718 1870 3772 divitias
1900 3732 2019 3773 non
2036 3731 2172 3772 cum

493 3804 744 3878 judicio.
779 3807 855 3861 At
894 3822 1039 3863 vero
1088 3822 1257 3864 meus
1308 3807 1488 3862 Jesus
1534 3808 1707 3880 quasi
1745 3806 1935 3878 judex
1976 3805 2173 3861 bonus

501 3911 635 3952 cum
661 3895 889 3967 judicio
929 3896 1123 3951 omnia
1152 3896 1294 3969 agit,
1326 3897 1429 3969 qui
1460 3897 1642 3967 venit,
1686 3896 1842 3952 sicut
1883 3894 2172 3965 scriptum

499 3986 615 4054 est,
644 3984 898 4040 dicens:
936 4007 958 4032 ιι
1006 3984 1135 4058 Ego
1178 3985 1388 4057 loquor
1430 3984 1719 4057 justitiam
1775 3987 1833 4039 et
1878 3982 2170 4056 judicium

499 4072 710 4128 salutis
739 4071 851 4144 ('72)
883 4072 998 4129 Isa.
1022 4091 1183 4144 LXIII,
1218 4072 1297 4144 1).
1336 4094 1358 4123 ι
1690 4116 1697 4123 ι

563 4162 616 4216 5.
653 4161 735 4216 Ea
763 4162 946 4235 igitur
967 4163 1154 4236 gratia
1175 4163 1550 4235 depraedatus
1565 4165 1658 4218 est
1674 4162 1977 4234 perdicem
2001 4161 2167 4216 illum

499 4249 821 4322 diabolum,
853 4251 1095 4307 abstulit
1107 4252 1159 4307 ei
1183 4252 1333 4309 male
1349 4256 1744 4326 congregatas
1758 4252 1994 4307 divitias
2018 4250 2171 4306 mul-

497 4340 790 4413 titudinis,
814 4342 1117 4399 revocavit
1136 4342 1211 4398 ab
1236 4358 1440 4398 errore
1460 4343 1689 4397 animas
1711 4342 1997 4415 gentium,
2017 4356 2176 4396 men-

496 4432 708 4503 tesque
740 4431 1042 4487 nationum
1072 4431 1453 4487 deviantium.
1494 4431 1564 4486 Et
1598 4433 1736 4504 quia
1774 4431 1994 4487 diaboli
2023 4445 2173 4485 voce

496 4520 780 4593 deceptos
811 4521 1058 4591 sciebat,
1083 4524 1140 4577 et
1168 4521 1299 4592 ipse
1320 4526 1381 4577 ut
1399 4521 1637 4577 vincula
1675 4536 1987 4592 nexusque
2005 4523 2172 4575 vete-

495 4609 583 4666 ris
603 4610 827 4667 erroris
848 4610 1130 4681 solveret,
1155 4610 1427 4665 clamavit
1444 4612 1699 4682 primum
1720 4610 1779 4665 in
1799 4609 1968 4680 Abel,
1992 4608 2172 4680 cujus

495 4698 768 4756 clamavit
796 4716 914 4756 vox
944 4699 1258 4774 sanguinis
1298 4699 1473 4770 (Gen.
1521 4716 1599 4771 Iv,
1642 4697 1754 4769 10).
1787 4697 2073 4754 Clamavit
2112 4698 2173 4754 in

586 4878 678 4947 ’70)
710 4878 860 4933 Mss.
894 4876 1084 4948 Colb.,
1116 4881 1180 4933 ut
1209 4879 1269 4934 in
1300 4893 1497 4934 mares
1526 4878 1709 4934 veluti
1752 4877 2025 4933 feminas.

589 4950 681 5023 71)
713 4947 1170 5023 Hancperdicis
1211 4950 1626 5023 etymologiam
1657 4966 1703 5023 a7
1735 4947 2173 5023 recentioribus

494 5021 557 5076 in
588 5020 747 5076 hunc
776 5021 1080 5077 Ambrosii
1121 5020 1318 5078 locum
1365 5020 1497 5077 non'
1529 5020 1837 5077 incidisse.
1872 5020 2040 5086 Quod
2070 5036 2175 5075 au-

495 5096 615 5147 tem
644 5092 803 5146 illam
834 5093 1142 5147 ridiculam
1171 5108 1311 5149 esse
1359 5093 1515 5147 idem
1555 5092 1876 5161 contendit,
1927 5108 2044 5146 non
2078 5105 2175 5145 re-

497 5163 837 5236 fragamur;
870 5179 1004 5218 cum
1034 5165 1104 5219 ad
1141 5164 1442 5220 Ambrosii
1463 5164 1831 5236 prepositum
1861 5163 2008 5236 satis
2039 5162 2172 5236 fue-

499 5234 574 5307 rit
601 5233 734 5289 eam
764 5235 956 5307 ipsius
986 5239 1155 5292 aetate
1193 5239 1490 5307 receptam
1523 5249 1682 5290 esse.
1716 5233 2173 5307 Dalechgampi‘us

501 5306 564 5389 in
596 5305 857 5389 Plinium
889 5307 1103 5389 dictam
1145 5308 1232 5389 ait
1280 5322 1313 5360 a
1340 5306 1527 5389 verbo
1552 5308 1775 5389 nepam,
1810 5308 1867 5360 et
1895 5305 1991 5359 alii
2024 5305 2174 5359 alias

503 5385 776 5460 ejusdem
807 5386 979 5460 vocis
995 5386 1272 5460 origines
1302 5385 1735 5460 excogitarunt.

573 5458 685 5528 (72)
712 5459 880 5513 Rom.
914 5458 1050 5513 edit.
1086 5456 1234 5527 s'ola,
1270 5479 1292 5508 ι
1323 5456 1614 5528 judicium
1647 5456 1994 5528 solutarisq»

572 5526 687 5601 (73)
716 5530 934 5585 Omnes
965 5528 1126 5601 edit”
1152 5549 1173 5579 α
1208 5526 1712 5601 prie—dicationead
1738 5526 2118 5601 sapientiam;
2146 5547 2169 5577 ι

501 5598 630 5656 Vat.
665 5598 842 5669 unus,
883 5623 905 5647 α
939 5600 1357 5670 praedicatione
1387 5616 1458 5653 ac
1507 5599 1832 5671 sapientia;
1887 5617 1909 5647 ι
1958 5598 2172 5653 melius

507 5673 707 5730 caeteri
737 5687 886 5726 mss.
918 5673 982 5725 ut
1013 5673 1313 5725 contextu.

579 5743 691 5811 (Ἡ)
723 5741 900 5812 Edit.,
946 5764 968 5788 α
1014 5740 1272 5797 cornicis
1317 5740 1592 5811 oculum;
1628 5761 1652 5792 ι
1688 5755 1873 5814 mss.,
1909 5755 1922 5795 :
1957 5740 2181 5798 cornici

2201 3315 2254 3378 C

2286 682 2420 753 15)?
2447 704 2469 732 »ι
2505 682 2791 739 Clamavit
2816 685 2879 739 in
2907 684 3053 740 Jesu
3100 685 3266 741 Nave
3295 686 3496 749 (Josue
3545 704 3583 756 ι,
3618 685 3692 756 1).
3725 684 3951 741 Clama-

2283 772 2367 827 vit
2395 772 2456 827 in
2485 773 2700 845 David,
2733 775 2836 846 qui
2877 774 2957 828 ait
2986 790 3001 844 ;
3057 793 3081 825 ι
3114 773 3374 830 Clamavi
3418 776 3493 830 ad
3538 778 3616 844 te,
3649 773 3822 830 salva
3861 790 3948 829 me

2281 856 2469 932 (PSaI.
2502 878 2703 932 cxvm,
2762 863 2907 934 146).
2938 887 2959 911 ο
2993 862 3278 919 Clamavit
3315 866 3373 920 et
3409 864 3469 919 in
3500 864 3781 919 omnibus
3813 878 3950 934 pro-

2280 950 2498 1022 phetis.
2531 951 2701 1006 Unde
2731 955 2789 1007 et
2816 952 2891 1007 ad
2911 953 3123 1008 Isaiam
3153 954 3295 1009 dicit
3327 970 3340 1010 :
3375 953 3605 1023 Clama;
3628 956 3687 1008 et
3714 952 3818 1007 ille
3840 953 3950 1006 ait:

2289 1060 2312 1087 ιι
2340 1038 2492 1104 Quid
2522 1040 2791 1096 clamabo
2823 1042 2988 1112 (Isai.
3023 1060 3118 1113 xL,
3149 1042 3206 1113 6)
3246 1044 3276 1097 ?
3324 1065 3347 1091 ιι
3381 1041 3666 1097 Clamavit
3695 1042 3761 1096 in
3790 1040 3951 1097 Salo-

2282 1142 2479 1200 mone,
2513 1144 2851 1185 convocans
2901 1147 3036 1187 cum
3083 1131 3371 1187 altissima
3398 1130 3828 1203 praedicatione
3858 1146 3951 1185 sa-

2282 1217 2500 1289 pientia
2527 1218 2643 1290 ('78)
2676 1235 2690 1276 :
2717 1242 2740 1268 ιι
2777 1219 3005 1292 Venite,
3030 1220 3183 1276 edite
3213 1221 3287 1276 de
3317 1222 3463 1286 919
3494 1221 3642 1275 meis
3672 1219 3945 1292 panibus,

2283 1309 2342 1361 et
2372 1306 2554 1363 bibite
2587 1308 2790 1364 vinum
2825 1310 2983 1381 quod
3024 1310 3242 1365 miscui
3269 1310 3443 1366 vobis
3470 1309 3683 1382 (Prov.
3709 1326 3795 1379 Ix,
3819 1311 3894 1377 5).
3924 1333 3944 1356 -

2284 1394 2570 1450 Clamavit
2597 1398 2772 1452 etiam
2801 1398 2862 1453 in
2894 1413 3143 1470 corpore
3173 1414 3307 1469 suo,
3340 1400 3497 1454 sicut
3525 1397 3948 1453 scarabaeusiu

2284 1483 2449 1557 ligno
2481 1485 2725 1555 (Habac.
2759 1504 2820 1557 II,
2854 1487 2965 1558 11).
3000 1486 3283 1542 Clamavit
3311 1491 3374 1543 ut
3410 1487 3829 1543 insidiatorem
3859 1487 3949 1540 falo

2282 1573 2430 1629 leret
2459 1578 2517 1630 et
2538 1576 3010 1647 circumveniret,
3043 1576 3249 1632 dicens
3275 1592 3331 1632 τι
3354 1577 3532 1646 Deus,
3564 1575 3735 1631 Deus
3766 1590 3947 1643 meus,

2282 1678 2465 1735 quare
2498 1680 2590 1720 me
2621 1665 2991 1737 dereliquisti
3022 1666 3261 1735 (Matth.
3294 1682 3480 1735 xxvn,
3509 1663 3644 1735 46)?
3680 1687 3706 1712 ι
3742 1662 3949 1718 Clama-

2279 1753 2364 1807 vit
2412 1756 2476 1808 ut
2520 1753 2883 1825 dispoliaret,
2935 1755 3308 1825 respondens
3351 1754 3564 1809 latroni
3615 1768 3628 1808 :
3678 1775 3704 1800 α
3748 1752 3947 1822 Amen,

2282 1857 2475 1913 amen,
2509 1842 2641 1898 dico
2671 1843 2796 1914 tibi,
2817 1842 2992 1899 hodie
3014 1859 3243 1899 mecum
3264 1844 3386 1898 eris
3405 1843 3467 1898 in
3494 1842 3780 1914 paradiso
3798 1842 3951 1912 (Lac.

2205 1956 2252 2012 Β
2284 1948 2492 2001 xvaII,
2516 1930 2629 2002 43).
2666 1954 2690 1982 ιι
2724 1933 2926 2004 Itaque
2960 1932 3063 1988 ubi
3111 1931 3384 1988 clamavit
3421 1932 3625 2001 Jesus,
3680 1932 3952 1987 continuo

2281 2021 2489 2092 perdix
2520 2020 2617 2076 ille
2644 2038 2678 2076 a
2699 2022 3081 2095 congregatis
3101 2022 3162 2077 in
3178 2021 3421 2077 dimidio
3441 2020 3674 2077 dierum
3706 2036 3947 2076 suorum

2282 2110 2603 2165 derelictus
2635 2113 2747 2165 est.

2351 2198 2406 2255 6.
2441 2199 2611 2254 Unde
2642 2202 2700 2255 et
2729 2199 2965 2272 quidam
2995 2203 3220 2256 natura
3263 2200 3525 2272 perdicis
3571 2200 3756 2255 etiam
3806 2200 3952 2255 istud

2281 2288 2599 2359 aptandum
2619 2291 2916 2360 putarunt,
2949 2304 3020 2345 eo
3055 2289 3214 2361 quod
3243 2289 3434 2345 aliena
3471 2288 3717 2360 diripiat
3745 2304 3878 2359 ova,
3908 2296 3955 2344 et

2283 2376 2479 2433 foveat
2509 2393 2621 2433 suo
2671 2393 2941 2449 corpore,
2990 2382 3166 2451 atque
3204 2378 3318 2435 hac
3361 2394 3470 2435 sua
3509 2378 3728 2434 fraude
3758 2383 3950 2450 partus

2282 2466 2511 2523 alienos
2544 2467 2778 2523 studeat
2805 2469 3138 2541 acquirere.
3170 2468 3287 2523 Sed
3308 2467 3491 2540 (quod
3520 2468 3711 2539 aiunt,
3737 2469 3955 2523 cornici

2284 2555 2517 2612 oculum
2548 2556 2662 2627 ('74)
2682 2572 2697 2626 ;
2716 2556 2935 2613 habent
2963 2557 3121 2614 enim
3151 2560 3209 2613 et
3227 2557 3486 2613 volatilia
3513 2572 3625 2612 sua
3655 2557 3853 2625 artes)
3868 2557 3957 2611 ubi

2283 2645 2443 2701 istud
2462 2645 2801 2715 adverterit,
2836 2645 3013 2718 cujus
3043 2649 3143 2703 aut
3171 2646 3409 2719 singula
3439 2661 3549 2701 ova
3580 2646 3845 2717 direpta,
3872 2650 3959 2701 aut

2284 2733 2479 2789 cubile
2508 2734 2686 2790 fuerit
2712 2734 3006 2804 invasum,
3030 2739 3129 2791 aut
3147 2735 3462 2791 sollicitata
3476 2734 3729 2791 soboles
3760 2751 3959 2791 errore

2284 2823 2711 2894 similitudinis,
2744 2824 2967 2895 speciei
2990 2824 3366 2880 simulatione
3401 2824 3514 2894 (Ἶῦ)
3542 2824 3825 2895 decepta,
3856 2827 3962 2880 etsi

2284 2912 2574 2968 infirmior
2601 2912 2855 2984 viribus,
2888 2913 3077 2969 induit
3107 2928 3177 2969 se
3212 2916 3389 2986 atque
3426 2915 3616 2968 armat
3662 2915 3964 2982 versutia;

2283 3003 2342 3058 et
2371 3016 2507 3058 cum
2533 3000 2707 3058 labor
2737 3002 2932 3058 omnis
2963 3002 3270 3074 impensus
3298 3002 3803 3059 nutrimentorum
3836 3003 3967 3059 edu-

2284 3094 2515 3147 cantem
2534 3091 2898 3163 exhauserit,
2912 3094 3088 3165 atque
3109 3092 3452 3148 adolescere
3473 3091 3619 3163 pulli
3649 3093 3965 3163 coeperint,

2282 3183 2423 3237 tunc
2453 3197 2662 3238 vocem
2692 3182 2921 3253 emittit,
2953 3185 3011 3238 et
3037 3181 3290 3254 quadam
3309 3181 3547 3253 pietatis
3563 3180 3711 3237 tuba
3738 3183 3965 3253 prolem

2283 3270 2550 3327 advocat.
2568 3269 2711 3337 Quae
2741 3270 2992 3327 naturali
3013 3270 3269 3342 quodam
3283 3270 3489 3327 auditu
3508 3271 3770 3326 excitata
3782 3286 3965 3343 agno-

2284 3360 2400 3416 scit
2428 3362 2751 3432 parentem,
2787 3362 2846 3415 et
2865 3359 3245 3416 simulantem
3277 3359 3520 3415 deserit.
3551 3359 3637 3414 Ita
3669 3375 3816 3414 cum
3846 3359 3963 3415 vult

2284 3465 2654 3524 congregare
2682 3466 2817 3522 qua
2844 3464 2965 3506 non
2992 3450 3240 3522 peperit,
3271 3449 3482 3505 amittit
3506 3464 3663 3522 quos
3695 3449 3957 3507 nutrica-

2284 3539 2397 3597 dos
2426 3539 2671 3611 putavit.

2355 3629 2410 3685 ’7.
2461 3629 2598 3685 Non
2639 3629 2943 3701 superfluo
2985 3628 3168 3703 igitur
3215 3630 3274 3684 et
3324 3628 3508 3684 Iesus
3550 3627 3874 3699 clamavit;
3910 3632 3968 3684 ut

2283 3719 2421 3793 quia
2452 3718 2633 3775 totius
2664 3718 2865 3774 mundi
2885 3718 3143 3790 populus
3164 3716 3609 3789 voceperdicis,
3629 3716 3962 3785 blanditiis,

2284 3811 2429 3879 arte,
2462 3809 2667 3880 specie
2701 3808 2986 3879 deceptus
3020 3808 3095 3863 ab
3122 3810 3367 3864 auctore
3405 3807 3647 3879 proprio
3677 3808 3965 3863 devius-

2283 3900 2392 3967 rat,
2418 3896 2683 3953 lubricas
2706 3900 2867 3953 artes
2913 3899 3182 3967 secutus,
3214 3896 3341 3952 veri
3376 3898 3639 3968 parentis
3681 3911 3841 3951 voce
3871 3911 3965 3951 re-

2281 3990 2531 4043 vocatus
2560 3986 2833 4042 fallacem
2860 3985 3240 4057 relinqueret,
3273 3987 3449 4057 atque
3479 3984 3541 4040 in
3577 3984 3831 4041 dimidio
3853 3986 3965 4041 die-

2281 4093 2413 4133 rum
2466 4075 2602 4148 ejus
2648 4075 3086 4131 fraudulentum
3131 4075 3466 4145 desereret,
3516 4074 3577 4129 id
3623 4077 3757 4142 est,
3820 4078 3954 4129 ante

2283 4166 2468 4240 hujus
2489 4166 2667 4221 finem
2696 4164 2924 4235 saeculi,
2957 4165 3055 4220 cui
3074 4179 3186 4247 nos
3207 4164 3425 4236 eripuit
3441 4162 3733 4219 Dominus
3754 4163 3958 4229 Jesus,

2285 4258 2342 4312 et
2377 4256 2451 4311 ad
2481 4256 2664 4311 vitam
2702 4258 2985 4311 aeternam
3026 4253 3279 4309 vocavit.
3319 4253 3521 4326 Itaque
3555 4269 3717 4309 nunc
3747 4252 3963 4309 mortui

2284 4346 2523 4417 mundo,
2547 4345 2804 4401 vivimus
2828 4344 2949 4400 Deo
2970 4343 3158 4413 (Rom.
3178 4358 3260 4411 vI,
3279 4341 3355 4410 8).

2352 4433 2407 4492 8.
2448 4434 2595 4491 Cum
2633 4434 2817 4506 igitur
2852 4432 3063 4504 perdix
3101 4432 3215 4486 iste
3261 4430 3498 4501 penitus
3533 4445 3568 4485 a
3606 4429 3780 4486 falsis
3823 4430 3958 4486 ﬁliis

2283 4523 2606 4582 derelictus
2639 4522 2835 4590 fuerit,
2859 4524 2999 4576 tunc
3029 4519 3141 4576 erit
3172 4520 3389 4575 stultus
3412 4518 3532 4590 ille,
3569 4534 3748 4592 quem
3781 4519 3959 4591 elegit

2284 4612 2467 4684 Deus,
2503 4614 2559 4668 et
2580 4612 2909 4684 sapientem
2930 4609 3216 4679 confudit,
3260 4608 3488 4678 salvus,
3524 4608 3809 4680 quoniam
3830 4624 3957 4680 quae

2286 4702 2463 4758 stulta
2484 4704 2625 4759 sunt
2648 4699 2850 4757 mundi
2874 4741 2890 4769 ,
2923 4698 3105 4773 elegit
3132 4698 3314 4754 Deus.
3349 4697 3609 4770 Ideoque
3647 4718 3673 4748 ι
3715 4698 3771 4753 si
3825 4698 3962 4769 quis

2286 4882 2543 4953 oculum,
2579 4902 2601 4931 ι
2630 4878 2925 4953 quomodo
2947 4878 3121 4953 etiam
3135 4875 3365 4953 Tullius
3397 4878 3543 4953 orat.
3563 4875 3765 4953 pr_o_L.
3784 4874 3959 4930 Flac-

2284 4946 2632 5011 co.Vide'tur
2646 4946 2847 5007 autem
2867 4948 3228 5005 Ambrosius
3246 4946 3950 5019 proverbiu’mfGracum,

2284 5027 2504 5108 denquo
2525 5022 2866 5106 Macrobius
2897 5021 3089 5104 lib'vu
3124 5018 3659 5108 S‘atamkm‘emin‘it,
3681 5018 3960 5108 inanem;

2286 5087 2515 5153 scilicet
2536 5094 2746 5151 cornix
2776 5091 3001 5149 cornici
3033 5090 3268 5147 oculum
3298 5088 3613 5161 etfoditpid
3643 5094 3759 5159 est,
3793 5087 3961 5161 calli—

2288 5169 2401 5224 dus
2424 5166 2618 5223 callidi
2648 5168 2833 5221 artem
2854 5206 2868 5235 ,
2910 5179 3026 5236 qua
3046 5162 3173 5236 _sib_i
3211 5161 3484 5236 fraudem
3518 5160 3720 5236 facg‘c
3756 5160 3964 5236 molie-

2287 5241 2481 5309 batur,
2516 5236 2785 5293 astutiori
2815 5230 2949 5290 arte
2969 5232 3212 5291 deludit.
3238 5233 3382 5287 Vide
3401 5231 3591 5305 Adag.
3628 5231 3802 5286 Eras.
3824 5230 3961 5284 cbil.

2287 5312 2337 5362 1.
2371 5313 2523 5362 cent.
2557 5309 2611 5362 8.
2632 5324 2762 5362 pro.
2785 5307 2874 5362 '75.

2509 5352 2523 5365 .
2557 5309 2611 5365 8.
2632 5324 2762 5365 pro.
2785 5308 2874 5362 75.

2286 5312 2338 5383 1,
2371 5313 2523 5365 cent.
2557 5312 2611 5378 8,
2632 5324 2762 5434 ιὲιεο.
2785 5312 2874 5362 75.
3181 5375 3192 5388 ,
3733 5374 3747 5386 ⁸

2303 5455 2311 5460 _
2353 5380 2481 5460 (65)
2517 5381 2600 5436 lta
2643 5455 2652 5460 Δ
2689 5395 2806 5433 ras.
2841 5380 2898 5432 et
2929 5391 3057 5460 seq:
3102 5375 3240 5430 edit.
3292 5390 3427 5460 cum
3471 5389 3621 5429 mss.
3670 5373 3956 5456 aliqu-ot;

2284 5444 2526 5510 Amerb.
2560 5455 2754 5506 autem
2785 5465 2923 5523 cum
2954 5444 3089 5523 aliis
3119 5447 3445 5523 nonnullis,
3481 5468 3503 5494 αι
3540 5444 3957 5523 ειη-οινίέείωῇ

2284 5525 2550 5593 litudine,
2575 5520 2798 5593 speciei
2830 5519 3244 5593 simulatione:
3266 5542 3288 5567 ν
3323 5516 3488 5573 Colb.
3514 5532 3673 5593 uu_us
3700 5538 3723 5566 ι
3760 5516 3957 5587 specie

2286 5588 2702 5661 simulationis,
2724 5593 3004 5663 decepta:
3044 5591 3253 5663 inrat.
3280 5604 3450 5663 vero,
3478 5591 3536 5643 et
3571 5588 3765 5663 Gem.,
3803 5609 3826 5663 ξ
3865 5600 3959 5639 er—

2286 5668 2430 5736 rori,
2465 5659 2891 5736 similitudine;
2919 5660 3143 5736 specie,
3192 5660 3570 5736 simulatione
3621 5659 3889 5730 decepta.
3934 5676 3955 5703 ι

2287 5730 2430 5808 Quae
2453 5737 2689 5812 quidem
2716 5734 2893 5791 lectio
2916 5730 3037 5791 non
3067 5730 3362 5803 displicet.
