4070 6180
135 409 302 474 1117

1309 396 1927 465 EPISTOLARUM
1972 394 2314 461 CLASSIS
2356 392 2404 459 Ῑ.

3465 385 3620 454 1118

139 610 373 666 videtur
404 607 648 679 sapiens
679 621 819 661 esse
851 606 911 661 in
949 605 1064 662 hoc
1094 604 1340 672 saeculo,
1365 602 1582 658 stultus
1614 601 1732 656 ﬁat.
1756 602 1819 656 ut
1841 585 2028 656 rtus
2069 600 2346 668 sanctus;
2377 611 2496 654 non
2524 595 2680 652 enim
2728 595 2972 651 sanctus
3021 593 3182 650 Esan
3204 632 3219 663 ,
3249 591 3352 666 qui
3401 591 3609 664 utique

143 701 222 754 sit
258 699 498 769 sapiens
519 697 577 768 (Ι
604 696 740 751 Cor.
774 713 814 766 I,
845 696 956 765 27).
996 719 1017 743 ιι
1054 695 1216 764 Vale,
1251 693 1354 763 ﬁli,
1381 696 1439 748 et
1470 707 1580 747 nos
1613 691 1814 763 dilige,

141 792 207 843 ut
235 787 404 857 facis,
441 785 722 858 quoniam
762 801 874 840 nos
903 787 959 840 te
989 784 1319 856 diligimus.

581 909 948 966 EPISTOLA
985 909 1228 964 XXXIII
1261 907 1374 978 ('76)

135 1019 381 1076 lanugo
429 1033 629 1072 vereri
661 1033 727 1072 se
755 1032 830 1072 ne
861 1033 988 1088 quae
1011 1033 1088 1072 ex
1109 1015 1236 1088 loco
1250 1016 1587 1088 Scriptura}
1616 1012 1690 1068 de
1707 1013 1818 1067 dua

210 1091 324 1145 bus
350 1089 637 1144 uxoribus
666 1088 813 1143 duas
828 1085 890 1142 in
923 1089 1125 1143 eodem
1156 1085 1402 1141 homine
1422 1085 1650 1140 animas
1685 1100 1820 1138 esse

211 1161 572 1229 arbitretur,
607 1159 976 1231 significanti
993 1179 1010 1224 ;
1031 1158 1248 1231 scribit
1271 1156 1716 1231 variasgibidcm
1740 1157 1824 1209 in-

213 1232 411 1288 dicari
441 1228 652 1285 animae
666 1228 988 1302 'qualitates
1001 1248 1028 1302 7;
1047 1230 1109 1283 in
1127 1229 1547 1302 amabiliienim
1568 1228 1820 1280 animum

219 1303 505 1373 voluptati
528 1299 792 1356 deditam
811 1301 1180 1370 adumbrari,
1219 1302 1282 1354 in
1317 1299 1530 1373 odibili
1565 1314 1708 1353 vero
1728 1313 1821 1352 se-

222 1371 497 1428 veriores
563 1373 820 1426 virtutes
859 1378 1298 1427 consectantem
1341 1391 1362 1443 ί
1405 1371 1580 1443 huius
1629 1376 1820 1426 autem

213 1445 386 1499 unius
401 1445 831 1516 primogenitos
863 1459 998 1498 esse
1031 1459 1156 1516 cum
1189 1459 1271 1516 ex,
1302 1440 1658 1516 alteroloco,
1703 1448 1820 1494 tum

213 1532 293 1572 ex
323 1531 389 1571 eo
401 1512 584 1570 etiam
597 1512 703 1587 'qui
724 1513 837 1569 fuit
862 1515 1223 1586 propositus,
1250 1512 1532 1585 intelligi.

522 1640 865 1695 Auenosws
896 1639 1132 1694 Inuumo
1162 1639 1435 1694 salutem.

207 1746 260 1801 1.
292 1746 608 1817 Superiora
639 1746 889 1817 epistola
920 1747 1034 1817 (TI)
1056 1746 1412 1817 scripsimus
1439 1743 1814 1799 liberandam

125 1835 208 1890 ab
245 1835 611 1890 adversariis
642 1835 898 1890 animam
942 1839 1228 1905 nostram,
1279 1837 1337 1890 et
1367 1850 1500 1889 cum
1529 1849 1598 1889 ea
1629 1833 1821 1888 indis-

126 1923 444 1979 sociabilis
467 1924 602 1980 vitae
635 1924 1009 1979 subeundum
1029 1924 1415 1980 consortium.
1440 1923 1512 1977 Et
1541 1923 1678 1994 quia
1700 1938 1824 1977 ser.

128 2028 233 2068 mo
256 2013 370 2068 iste
393 2013 570 2068 nobis
597 2013 668 2067 de
699 2013 1156 2070 Deuteronomio
1177 2012 1342 2085 (Cap.
1362 2029 1484 2082 XXI,
1525 2027 1682 2066 vers.
1708 2013 1818 2092 15),

126 2101 473 2172 exemplum
502 2103 832 2174 assumpsit
859 2103 1214 2158 assertionis
1229 2117 1377 2170 suae,
1403 2117 1519 2172 quo
1537 2101 1651 2156 loci
1675 2101 1821 2156 sub-

115 2190 356 2263 jectum
387 2194 479 2246 est
507 2192 654 2256 920
687 2192 759 2246 de
789 2192 942 2262 viro,
975 2193 1077 2263 qui
1107 2193 1256 2247 duas
1278 2206 1502 2246 uxores
1537 2189 1814 2260 habebat,

124 2295 315 2336 unam
345 2280 649 2349 odibilem,
679 2281 923 2336 alteram
949 2281 1299 2349 amabilem;
1330 2295 1449 2334 non
1479 2279 1818 2350 perfuncto-

119 2369 219 2424 rie
250 2371 448 2424 motus
475 2369 724 2436 videris,
758 2384 832 2424 ne
865 2369 1018 2424 forte
1049 2369 1199 2424 duas
1229 2368 1458 2423 animas
1487 2369 1669 2423 istum
1700 2369 1818 2424 sibi

123 2457 473 2514 adscivisse
505 2458 721 2530 aliquis
753 2458 1044 2531 intelligat
1068 2473 1080 2514 :
1105 2457 1263 2531 quod
1295 2457 1424 2513 ﬁeri
1445 2472 1817 2528 nequaquam

122 2550 273 2617 pote
283 2549 359 2601 st.

205 2636 260 2690 2.
296 2635 514 2691 Verum
542 2636 672 2707 ipse
705 2651 824 2692 non
853 2636 1098 2709 ignoras
1129 2636 1286 2708 quod
1316 2636 1610 2692 interdum
1651 2636 1815 2692 Scri-

119 2726 308 2795 ptura
339 2740 472 2779 cum
501 2724 847 2797 allegoriam
877 2726 1038 2791 dicit,
1069 2725 1181 2780 alia
1221 2725 1294 2780 ad
1337 2726 1600 2796 speciem
1632 2726 1816 2798 Syna-

116 2827 336 2885 gogae,
378 2813 493 2867 alia
520 2814 592 2868 ad
611 2813 900 2870 Ecclesiae
921 2815 1104 2870 refert
1137 2831 1149 2870 :
1183 2815 1296 2870 alia
1313 2816 1385 2870 ad
1403 2816 1676 2884 animam,
1700 2815 1813 2870 alia

116 2902 205 2956 ad
239 2901 423 2957 Verbi
457 2903 822 2973 mysterium,
868 2905 980 2959 alia
1029 2905 1103 2959 ad
1146 2905 1418 2961 diversas
1463 2905 1700 2976 species
1758 2909 1815 2960 et

115 2991 450 3063 qualitates
473 2993 806 3048 animarum
845 3009 857 3048 :
890 3009 1024 3065 quae
1053 2994 1360 3064 discernit,
1393 2995 1495 3066 qui
1525 2994 1812 3066 dijudicat

116 3080 371 3150 spiritu.
406 3080 574 3136 Unde
607 3082 876 3154 sequenti
911 3083 1164 3154 capitulo
1194 3084 1348 3157 legis
1371 3100 1489 3140 non
1506 3083 1654 3138 duas
1683 3083 1814 3138 ani-

116 3184 287 3238 mas,
320 3169 428 3224 sed
459 3170 732 3225 diversas
763 3171 1075 3243 qualitates
1107 3172 1284 3228 unius
1305 3173 1516 3228 animae
1549 3189 1815 3244 compre-

117 3259 363 3314 hensas
407 3274 546 3314 esse
592 3259 866 3315 arbitror.
913 3261 1020 3316 Est
1067 3263 1224 3317 enim
1271 3263 1544 3318 amabilis
1602 3263 1813 3318 animae

113 3347 394 3418 species,
427 3363 560 3419 quae
592 3349 1366 3422 concupiscitvoluptuaria,
1386 3369 1520 3424 quae
1550 3351 1812 3408 laborem

112 3437 312 3508 fugit,
345 3438 858 3508 compunctionem
898 3439 1172 3509 declinat,
1218 3439 1511 3512 judicium
1551 3442 1659 3497 Dei
1703 3457 1812 3496 ne-

112 3525 329 3598 gligit.
362 3525 499 3581 Ideo
531 3527 824 3597 amabilis,
861 3529 997 3599 quia
1028 3529 1221 3584 dulcis
1253 3532 1310 3584 et
1339 3532 1546 3585 suavis
1575 3531 1813 3586 adtem-

110 3631 243 3687 pus
275 3613 527 3685 videtur,
559 3631 693 3688 quae
714 3620 968 3672 mentem
991 3633 1108 3673 non
1130 3619 1368 3685 afﬁciat,
1393 3620 1498 3674 sed
1532 3620 1804 3676 oblectet.

114 3707 207 3761 At
235 3703 338 3758 illa
369 3705 550 3760 altera
581 3706 828 3776 tristior,
861 3722 994 3778 quae
1028 3707 1154 3762 zelo
1186 3708 1293 3762 Dei
1327 3708 1691 3780 conﬁciatur,
1726 3711 1813 3765 si-

115 3796 229 3850 cut
262 3809 416 3850 uxor
436 3809 648 3850 severa
670 3796 922 3851 scortari
946 3812 1281 3867 comparem
1300 3814 1476 3853 suum
1495 3799 1659 3870 nolit,
1692 3815 1813 3855 non

112 3884 405 3956 patiatur,
439 3900 557 3939 non
605 3885 780 3956 sinat,
824 3885 970 3940 nihil
1011 3886 1315 3960 indulgeat
1363 3888 1616 3958 corpori,
1665 3889 1814 3943 nihil

114 3973 418 4043 voluptati
448 3975 504 4028 et
525 3973 898 4030 delectationi
919 3975 1163 4045 relaxet,
1188 3976 1422 4031 abdicet
1451 3977 1681 4032 occulta
1710 3977 1812 4033 de-

114 4062 392 4132 decoris,
425 4062 571 4117 dura
613 4064 884 4120 laborum
931 4069 1234 4138 sequatur,
1277 4067 1484 4137 gravia
1513 4067 1810 4137 periculo-

121 4150 292 4189 rum.

200 4223 256 4278 3.
291 4223 352 4278 Si
384 4223 565 4295 igitur
593 4226 931 4295 pepererint
961 4225 1012 4280 ei
1059 4225 1270 4296 ambae,
1302 4242 1421 4282 non
1450 4228 1682 4297 poterit,
1718 4228 1812 4282 in-

114 4313 277 4384 quit,
315 4312 672 4382 primitivum
703 4313 883 4368 ﬁlium
915 4315 1186 4370 amabilis
1218 4315 1277 4369 in
1308 4315 1668 4371 haereditatis
1689 4318 1812 4372 ins-

112 4401 400 4457 titutione
452 4418 800 4473 praeponere
850 4404 1146 4473 primitivo
1185 4404 1306 4458 ﬁlio
1352 4405 1630 4476 odibilis;
1677 4423 1812 4461 cum

117 4491 284 4546 sciat
315 4490 551 4545 odibilis
588 4491 771 4546 ﬁlium
815 4493 1175 4562 primitivum
1216 4509 1376 4549 esse.
1429 4494 1494 4549 In
1543 4511 1660 4566 quo
1692 4512 1812 4552 non

116 4583 246 4633 tam
271 4580 673 4649 praelationem
713 4581 1061 4650 simpliciter
1088 4583 1418 4654 signiﬁcari
1440 4587 1601 4654 puto,
1637 4585 1810 4657 quasi

1930 687 2382 760 primogenitus.

2001 777 2055 832 4.
2097 777 2296 832 Sancti
2316 778 2510 831 autem
2529 775 2908 848 primogeniti
2931 776 3070 828 sunt
3093 789 3108 842 ;
3131 772 3386 844 denique
3417 770 3606 826 habes

1932 866 1993 920 in
2022 866 2302 921 Numeris
2335 881 2347 920 :
2387 887 2408 913 ει
2445 865 2600 920 Ecce
2627 865 2730 920 tuli
2762 864 2974 918 levitas
3007 863 3079 917 de
3111 862 3304 917 medio
3351 860 3610 916 ﬁliorum

1933 955 2117 1009 Israel
2156 970 2262 1024 pro
2292 954 2449 1009 omni
2479 953 2893 1025 primogenita,
2927 951 3026 1023 qui
3065 950 3252 1021 aperit
3271 949 3534 1018 vulvam,
3568 965 3604 1004 a

1934 1043 2072 1098 ﬁliis
2102 1043 2304 1098 Israel.
2349 1043 2500 1097 Mihi
2541 1044 2696 1097 enim
2726 1042 2785 1096 in
2824 1057 2940 1113 quo
2973 1041 3068 1095 die
3119 1038 3393 1110 percussi
3435 1053 3607 1093 omne

1933 1132 2389 1204 primogenitum
2418 1130 2686 1204 IEgypti,
2721 1128 3089 1185 sanctiﬁcavi
3110 1143 3282 1183 omne
3299 1129 3604 1199 primoge-

1935 1221 2119 1276 nitum
2151 1221 2333 1276 Israel
2365 1220 2479 1292 ('78)
2507 1220 2705 1290 (Num.
2740 1237 2822 1289 III,
2857 1219 2943 1288 12,
2979 1218 3088 1288 13).
3134 1238 3157 1267 ι
3205 1217 3364 1288 Ergo
3395 1217 3608 1271 levitas

1933 1326 2041 1381 pro
2072 1309 2484 1382 primogenitis
2529 1309 2774 1380 accepit,
2821 1308 2994 1380 quasi
3036 1308 3320 1376 sanctos;
3366 1309 3608 1360 sanctos

1937 1399 2092 1454 enim
2123 1399 2551 1471 primogenitos
2593 1413 2733 1454 esse
2784 1397 3208 1470 cognoscimus
3253 1411 3330 1450 ex
3360 1394 3613 1466 epistola

1937 1487 2009 1542 ad
2040 1487 2330 1542 Hebraeos
2377 1488 2616 1558 scripta,
2651 1487 2712 1541 in
2741 1503 2856 1558 qua
2905 1485 3194 1540 habemus
3227 1499 3239 1538 :
3278 1505 3301 1534 ι
3337 1482 3454 1538 Sed
3500 1499 3607 1554 ap-

1934 1576 2379 1647 pr0pinquastis
2410 1575 2553 1631 Sion
2581 1576 2783 1644 monti,
2817 1577 2875 1630 et
2913 1573 3133 1628 civitati
3163 1572 3514 1642 Jerusalem,
3551 1574 3609 1626 et

1935 1664 2140 1720 decem
2166 1665 2429 1720 millibus
2458 1665 2805 1737 angelorum
2831 1680 2846 1733 ;
2879 1667 2936 1718 et
2963 1662 3252 1718 Ecclesia
3282 1661 3608 1732 primitivo-

1933 1769 2064 1808 rum
2096 1753 2307 1821 (Hebr.
2339 1770 2443 1822 XII,
2476 1753 2588 1823 22).
2627 1773 2650 1802 ι
2685 1753 2845 1824 Ergo
2892 1752 3048 1806 sicut
3076 1749 3455 1821 primogeniti
3487 1749 3606 1804 Ec-

1936 1841 2139 1898 clesiae
2171 1841 2380 1911 sancti,
2414 1841 2504 1896 sic
2535 1844 2591 1896 et
2631 1841 2865 1909 levitas;
2896 1839 3176 1910 quoniam
3211 1837 3328 1908 ipsi
3367 1852 3605 1908 quoque

1933 1930 2333 2003 primogeniti.
2366 1931 2499 1986 Non
2537 1930 2694 1984 enim
2711 1927 3221 1987 nascendiordine
3253 1926 3464 1996 sancti,
3499 1925 3609 1981 sed

1935 2019 2420 2075 sanctiﬁcationis
2455 2035 2736 2088 munere;
2789 2019 2934 2073 Levi
2990 2017 3146 2073 enim
3187 2017 3399 2071 tertius
3443 2015 3604 2070 ﬁlius

1933 2107 2042 2164 fuit
2074 2109 2218 2179 Liaa,
2252 2124 2370 2164 non
2399 2107 2628 2179 primus
2658 2108 2858 2179 utique
2890 2106 3062 2175 (Gen.
3087 2122 3252 2173 XXIX,
3275 2104 3387 2174 34).

2002 2197 2056 2251 5.
2087 2195 2196 2260 Qui
2225 2199 2419 2251 autem
2463 2197 2884 2265 sanctiﬁcatur,
2935 2196 3066 2265 Ipse
3112 2194 3300 2264 aperit
3344 2191 3601 2247 vulvam.

1931 2283 2117 2350 Quam
2146 2285 2381 2340 vulvam
2402 2286 2431 2339 ?
2459 2285 2614 2339 Audi
2643 2283 2935 2338 dicentem
2959 2299 2972 2338 :
3010 2305 3032 2330 σι
3069 2283 3430 2337 Erraverunt
3458 2296 3568 2351 pec
3586 2311 3602 2322 -

1933 2377 2167 2430 catores
2197 2374 2271 2429 ab
2303 2377 2471 2430 utero
2499 2373 2688 2443 (Psal.
2720 2389 2858 2441 LvII,
2892 2373 2968 2442 4).
3006 2392 3028 2422 ι
3075 2371 3221 2436 Quia
3259 2370 3604 2425 intellexisti

1929 2463 2409 2536 primogenitum,
2440 2463 2542 2534 qui
2563 2461 2750 2533 aperit
2769 2460 3007 2515 vulvam
3032 2476 3048 2530 ;
3079 2460 3344 2532 intellige
3371 2462 3604 2514 uterum

1929 2551 2104 2607 bonae
2133 2553 2360 2622 matris,
2392 2568 2424 2605 a
2473 2567 2590 2622 quo
2622 2567 2740 2606 non
2780 2553 2976 2605 errant
3007 2549 3217 2619 sancti,
3249 2549 3355 2603 sed
3389 2563 3602 2620 pecca-

1928 2643 2110 2696 tores.
2160 2642 2382 2696 Levitas
2439 2644 2634 2696 autem
2689 2637 3037 2694 auferuntur
3082 2639 3154 2693 de
3204 2637 3396 2694 medio
3455 2638 3594 2702 921

1927 2729 2148 2800 Israel;
2182 2730 2319 2802 quia
2360 2729 2506 2785 nihil
2556 2729 2774 2784 habent
2821 2715 3130 2783 commune
3171 2743 3304 2782 cum
3349 2726 3600 2798 populo,

1929 2817 2107 2890 cujus
2139 2819 2532 2891 primogenita
2577 2817 2886 2874 saecularia
2937 2818 3342 2872 destruuntur.
3373 2815 3602 2870 Primo-

1927 2907 2129 2979 genita
2173 2907 2327 2962 enim
2377 2907 2588 2962 saeculi
2631 2906 2874 2961 alterius
2920 2905 3124 2960 matris
3171 2907 3327 2971 sunt,
3364 2921 3398 2959 a
3429 2903 3605 2975 cujus

1928 2999 2095 3051 utero
2127 2999 2486 3068 segregatus
2509 2995 2728 3050 Paulus
2755 2997 2867 3065 est,
2903 3010 3035 3048 cum
3053 2995 3126 3049 ad
3157 2995 3405 3066 gratiam
3426 3009 3602 3048 voca-

1925 3086 2091 3139 retur
2140 3084 2243 3139 Dei
2293 3083 2510 3154 (Galat.
2545 3102 2586 3154 I,
2622 3085 2728 3146 15).
2780 3083 2851 3137 Et
2881 3083 3013 3138 ideo
3046 3083 3118 3137 de
3147 3082 3342 3138 medio
3400 3082 3603 3154 populi

1927 3177 2307 3246 segregatus,
2340 3173 2597 3227 Verbum
2633 3173 2874 3242 recepit,
2928 3171 3085 3242 quod
3133 3175 3226 3226 est
3255 3171 3510 3225 medium
3543 3171 3604 3225 in

1929 3262 2107 3316 corde
2138 3264 2364 3317 nostro.
2399 3259 2568 3315 Unde
2597 3263 2653 3314 et
2683 3260 2827 3314 illud
2872 3260 3092 3314 dictum
3137 3263 3230 3314 est
3260 3275 3273 3314 :
3313 3281 3334 3307 α
3369 3258 3602 3313 Medius

1927 3354 2121 3407 autem
2153 3353 2418 3407 vestrum
2451 3352 2586 3420 stat,
2620 3365 2794 3421 quem
2825 3363 2936 3404 vos
2981 3364 3100 3404 non
3144 3347 3360 3404 videtis
3409 3347 3597 3418 (Joan.

1926 3457 1965 3510 ι,
2001 3440 2112 3510 26).
2151 3463 2174 3489 n

1995 3528 2050 3584 6.
2083 3529 2218 3585 Non
2248 3529 2478 3585 otiosus
2507 3529 2704 3600 itaque
2735 3528 2912 3586 nobis
2944 3544 2977 3582 a
3008 3528 3140 3601 lege
3172 3527 3232 3582 in
3262 3527 3459 3599 legem
3489 3542 3599 3582 ex-

1928 3633 2146 3673 cursus
2196 3618 2326 3688 iuit,
2371 3621 2436 3673 ut
2478 3618 2936 3689 primogenitum
2985 3633 3101 3671 non
3142 3633 3281 3672 esse
3329 3615 3602 3670 amabilis

1927 3705 2108 3776 illius,
2143 3706 2202 3761 id
2231 3710 2342 3777 est,
2375 3707 2742 3761 remissioris
2771 3709 2825 3761 ct
2857 3707 3244 3776 voluptuarim
3276 3705 3461 3760 ﬁlium
3493 3705 3596 3760 do-

1927 3811 2199 3850 ceremus
2227 3812 2240 3866 ;
2273 3796 2544 3867 quamvis
2574 3796 2863 3866 propositi
2886 3795 3124 3866 capituli
3154 3795 3334 3850 verba
3366 3794 3480 3850 hoc
3503 3809 3604 3848 ex-

1924 3885 2198 3955 primant,
2232 3885 2462 3940 dicente
2494 3884 2831 3955 Scriptura:
2858 3885 2990 3940 Non
3015 3885 3226 3955 poterit
3244 3884 3427 3938 ﬁlium
3445 3899 3602 3937 ama-

1924 3973 2065 4029 bilis
2095 3973 2458 4044 primitivum
2495 3989 2843 4044 praeponere
2891 3974 3025 4044 (79),
3062 3989 3196 4028 cum
3235 3972 3386 4028 sciat
3415 3972 3601 4027 ﬁlium

1926 4063 2167 4118 odibilis
2208 4062 2569 4134 primitivum
2611 4063 2806 4130 (Deut.
2841 4079 2974 4133 XXI,
3027 4061 3138 4132 17).
3183 4062 3285 4117 Ille
3337 4064 3429 4116 est
3459 4077 3600 4116 vere

1924 4152 2295 4223 primitivus,
2337 4153 2438 4224 qui
2492 4155 2714 4207 sanctae
2763 4152 2968 4206 matris
3021 4154 3266 4207 sanctus
3318 4154 3410 4206 est
3465 4167 3602 4221 par-

1924 4245 2063 4310 tus;
2105 4243 2262 4297 sicut
2292 4242 2390 4296 illa
2419 4256 2560 4296 vera
2601 4244 2822 4310 mater,
2863 4257 2895 4294 a
2937 4241 3112 4312 cujus
3154 4243 3320 4295 utero
3361 4256 3479 4294 non
3519 4256 3604 4295 er-

1927 4333 2057 4384 rant
2078 4330 2202 4385 veri
2235 4330 2358 4400 ﬁlii,
2393 4330 2501 4384 sed
2539 4333 2905 4400 peccatores.
2954 4329 3113 4401 Ergo
3146 4329 3262 4383 illa}
3295 4344 3412 4383 non
3443 4344 3601 4382 verm

1925 4419 2130 4473 matris
2162 4419 2341 4488 ﬁlius,
2378 4434 2497 4474 non
2527 4417 2860 4488 primitivus
2891 4432 3096 4484 verus,
3129 4415 3238 4470 sed
3271 4415 3443 4486 quasi
3474 4415 3600 4485 pri-

1924 4507 2422 4579 mitivusjuvatur
2441 4510 2698 4577 sumptu,
2729 4521 2803 4561 ne
2833 4508 3006 4577 egeat
3030 4520 3044 4574 ;
3068 4519 3188 4559 non
3218 4507 3280 4558 ut
3309 4503 3477 4558 dives
3496 4502 3592 4557 sit.

1924 4596 2248 4652 honoratur
2287 4612 2299 4651 :
2335 4596 2432 4650 hic
2489 4598 2682 4650 autem
2739 4594 2915 4664 dupla
2972 4609 3048 4648 ex
3106 4592 3382 4647 omnibus
3424 4606 3599 4646 acce-

115 4669 287 4723 inter
315 4669 645 4738 primitivos
678 4669 850 4740 duos,
897 4687 1071 4742 quam
1108 4673 1564 4742 expressionem
1613 4675 1808 4729 solum
1846 4692 1896 4753 ο
1923 4687 2007 4756 pit
2030 4727 2044 4755 ,
2087 4688 2149 4740 ιιι
2186 4685 2447 4740 abundet
2489 4699 2500 4738 :
2546 4684 2701 4738 sicut
2741 4683 2912 4737 etiam
2955 4682 3012 4734 in
3051 4680 3271 4735 Genesi
3301 4679 3488 4734 habes
3510 4695 3604 4750 pa-

117 4757 373 4812 odibilis
404 4758 586 4813 ﬁlium
621 4759 897 4829 primitivi
931 4759 1148 4815 habere
1173 4763 1648 4833 praerogativam.
1681 4764 1811 4816 Pri-

115 4846 372 4900 mitivus
405 4846 557 4902 enim
588 4848 1018 4921 primogenitus
1064 4853 1175 4917 est,
1225 4850 1415 4904 sancti
1459 4854 1654 4906 autem
1692 4852 1811 4922 pri-

117 4934 412 5008 mogeniti
445 4940 619 4991 sunt:
655 4939 792 5008 quia
826 4960 848 4984 α
895 4939 1087 4993 omnis
1111 4939 1415 4995 masculus
1455 4940 1808 5010 adaperiens

113 5026 388 5093 vulvam,
450 5029 692 5080 sanctus
753 5027 1002 5082 Domino
1044 5029 1353 5083 vocabitur
1395 5029 1613 5100 (Exod.
1678 5047 1804 5100 XIII,

115 5115 207 5184 ἐς
255 5114 394 5168 Luc.
436 5131 512 5183 II,
555 5115 667 5184 23).
715 5140 736 5164 η
780 5116 914 5172 Non
961 5121 1157 5173 tamen
1197 5119 1390 5174 omnis
1437 5118 1806 5192 primogeni-

197 5255 315 5323 (76)
347 5255 576 5326 Scripta
608 5257 762 5312 circa
794 5274 930 5314 ann.
963 5259 1087 5314 387.

196 5327 314 5412 (Ti)
350 5349 382 5412 «ν
409 5327 734 5412 Superiora
763 5330 1012 5399 epistola
1040 5354 1060 5380 α
1105 5347 1222 5386 non
1241 5337 1439 5412 ἀμέσως
1469 5333 1799 5406 superiore,

116 5407 231 5488 sed
259 5411 488 5488 tantum
520 5410 839 5488 penultima
865 5427 876 5466 :
912 5427 1046 5488 cum
1068 5407 1399 5488 illaminter
1420 5417 1476 5488 et
1505 5429 1634 5488 eam
1665 5429 1798 5488 quae

116 5479 224 5532 hic
257 5479 480 5554 incipit,
510 5481 623 5534 alia
655 5482 920 5536 videatur
941 5483 1130 5538 fuisse
1161 5483 1489 5554 interjecta,
1517 5487 1578 5538 ut
1608 5485 1666 5538 in
1682 5479 1801 5539 Ἀά-

117 5550 333 5604 mouit.
371 5555 678 5607 ostensum
709 5557 818 5608 est.

194 5621 311 5688 ('78)
346 5621 514 5677 Hunc
545 5624 738 5678 locum
770 5626 943 5680 etiam
975 5627 1032 5680 in
1063 5626 1164 5680 lib.
1197 5642 1236 5679 II
1259 5626 1333 5680 de
1367 5625 1513 5680 Cain
1537 5632 1596 5680 et
1618 5627 1794 5693 Abel,

117 5707 254 5761 cap.
377 5710 536 5748 num.
570 5695 624 5764 7,
655 5699 962 5773 tractatum
994 5697 1277 5773 reperies.
1315 5697 1522 5773 Utrum
1553 5714 1693 5773 vero
1724 5699 1798 5773 ad

118 5777 261 5817 eum
292 5764 526 5835 librum,
577 5783 651 5821 an
678 5767 752 5822 ad
784 5768 934 5824 hanc
977 5764 1287 5841 epistolam
1336 5769 1690 5825 Ambrosius
1724 5770 1795 5826 de

1924 4775 2212 4829 triarc‘nas
2253 4789 2284 4827 a
2327 4773 2504 4828 fratre
2561 4786 2672 4826 suo
2726 4769 2951 4840 Joseph
3010 4768 3264 4841 geminae
3323 4769 3598 4840 singulos

1925 4863 2093 4918 stolm
2125 4863 2371 4918 donatos
2417 4875 2680 4929 munere,
2716 4876 2849 4914 cum
2895 4859 3331 4916 remitterentur
3375 4858 3447 4912 ad
3495 4874 3596 4928 pa-

1925 4955 2072 5006 trem
2097 4951 2269 5019 (Gen.
2304 4966 2437 5018 xcv,
2471 4950 2582 5019 22),
2617 4952 2678 5003 ut
2719 4948 3129 5020 signiﬁcarent
3176 4947 3327 5018 patri
3356 4946 3470 5018 (80)
3502 4963 3592 5002 re-

1924 5043 2154 5112 pertum
2193 5037 2438 5110 Joseph,
2487 5053 2662 5110 quem
2712 5036 3056 5092 defunctum
3100 5051 3240 5092 esse
3273 5036 3600 5092 crediderat

1924 5131 2109 5201 pater.

1916 5273 2126 5328 eodem
2154 5272 2552 5327 Numerorum
2580 5270 2713 5325 loco
2744 5270 2805 5324 in
2836 5268 2989 5324 libro
3023 5269 3099 5325 de
3134 5269 3447 5325 Benedict.
3474 5267 3590 5321 Pa-

1917 5344 2130 5398 triacb.
2175 5344 2505 5413 disserens,
2538 5343 2820 5397 lectorem
2850 5341 3166 5410 remiserit,
3202 5342 3262 5395 in
3293 5338 3593 5394 Admonit.

1912 5416 2403 5471 examinavimus.

1985 5484 2098 5556 (79)
2131 5487 2212 5540 Ita
2244 5501 2450 5540 omnes
2482 5485 2619 5540 edit.
2649 5500 2718 5539 ac
2752 5484 3018 5554 plerique
3050 5499 3197 5537 mss.
3236 5497 3250 5550 ;
3285 5497 3402 5535 non
3433 5478 3582 5532 male

1911 5559 2105 5612 tamen
2133 5560 2290 5612 I’rat.
2325 5560 2382 5612 et
2407 5557 2599 5623 Gem.,
2634 5578 2654 5605 αι
2699 5555 2993 5626 primitivo
3023 5567 3394 5629 priaponere.
3429 5573 3449 5596 ι»
3491 5620 3501 5629 .

1983 5629 2095 5698 (80)
2124 5630 2343 5684 Omnes
2375 5629 2512 5684 edit.
2563 5620 2620 5682 et
2649 5620 2796 5681 mss.
2849 5620 3134 5698 nonnulli,
3153 5620 3165 5622 ’
3185 5644 3206 5671 ι
3257 5627 3318 5698 ut
3345 5620 3583 5698 signiﬁ-

1911 5693 2112 5755 carent
2146 5701 2418 5765 fratrem;
2457 5721 2477 5746 ι
2510 5699 2611 5752 alii
2638 5702 2831 5752 tamen
2862 5697 3063 5767 plures
3093 5711 3160 5748 ac
3183 5693 3575 5764 probatiores,

1909 5774 1973 5828 ut
2003 5771 2409 5844 signiﬁcarent
2438 5770 2606 5842 patri.
2646 5792 2666 5819 υ
