4070 6180
469 379 629 447 1119

1895 382 1961 447 S.
1998 382 2498 449 'AMBROSSII.

3751 389 3881 459 1120

551 582 603 639 7.
648 555 1087 658 Primogenitus
1117 586 1318 660 itaque
1346 587 1709 644 haereditatis
1739 586 1968 658 accepit
2004 601 2158 657 prm-
2190 570 2241 632 κ
2261 586 2477 643 animae
2508 589 2730 643 nostrae
2760 586 3010 659 potioris
3041 589 3326 644 creature
3357 588 3496 657 sint,
3528 590 3584 644 et
3610 590 3881 663 cujusdam

484 674 837 746 rogativam,
888 674 1118 731 dicente
1166 675 1469 748 Scriptura
1518 693 1531 733 :
1592 700 1615 725 α
1651 677 1761 731 Hic
1792 679 1887 732 est
1920 677 2153 732 initium

487 762 742 819 ﬁliorum
798 763 954 836 ejus,
1022 768 1079 820 et
1144 766 1624 845 huic\debentur
1678 765 2155 838 primogenitalia

485 852 687 923 (Deut.
716 870 839 922 xxi,
873 854 984 924 17).
1022 878 1044 904 ιο
1089 856 1137 909 Α
1183 856 1575 928 primogenita
1623 856 1805 928 igitur
1855 854 1965 909 Dei
2005 854 2154 910 Filio

481 942 861 1015 primogeniti
891 944 1105 1013 sancti,
1140 948 1197 1000 et
1226 945 1300 999 ab
1328 945 1429 1000 illo
1459 945 1625 1000 initio
1674 945 1833 1016 (quia
1881 945 2011 1015 ipse
2063 946 2158 998 est

493 1031 697 1103 (Apoc.
730 1049 770 1101 ι,
804 1031 860 1100 8)
890 1031 1117 1088 initium
1148 1037 1204 1088 et
1232 1034 1390 1103 finis)
1440 1034 1670 1089 initium
1717 1036 1962 1088 sanctus
2002 1049 2157 1087 nun-

487 1123 751 1192 cupatur,
800 1121 1034 1176 initium
1075 1122 1254 1192 illius,
1319 1123 1413 1177 cui
1456 1122 1705 1178 debetur
1767 1122 2159 1192 primitiarum

487 1211 902 1283 prmrogativa,
938 1212 1269 1267 secundum
1298 1212 1442 1267 illud
1473 1212 1546 1267 ad
1567 1211 1866 1267 Abraham
1889 1212 2110 1266 dictum
2140 1226 2152 1265 :

493 1318 517 1351 ι
554 1298 721 1371 Ejice
747 1300 1040 1370 ancillam,
1071 1305 1130 1355 et
1158 1301 1341 1356 ﬁlium
1366 1301 1549 1373 {ejus;
1600 1316 1720 1356 non
1763 1300 1920 1356 enim
1955 1300 2153 1359 heres

491 1388 603 1444 erit
631 1388 790 1445 ﬁlius
817 1389 1047 1445 ancillae
1078 1406 1212 1445 cum
1242 1390 1361 1446 tilio
1411 1406 1541 1447 meo
1590 1390 1755 1445 Isaac
1804 1390 1982 1461 (Gen.
2027 1406 2153 1460 xxi,

495 1476 604 1548 ιο).
650 1501 672 1528 ι,

562 1565 617 1623 8.
659 1566 825 1633 Quod
856 1569 1048 1642 magis
1080 1570 1153 1625 ad
1189 1571 1592 1626 haereditatem
1629 1570 1930 1639 virtutum,
1983 1582 2161 1639 quam

490 1656 761 1729 pecuniae
800 1661 1073 1728 spectare
1120 1659 1319 1714 divino
1359 1659 1599 1714 oraculo
1629 1659 1895 1727 docetur,
1927 1657 2161 1712 dicente

496 1746 745 1801 Domino
788 1762 801 1800 :
839 1768 861 1793 α
915 1746 1117 1807 Omnia
1161 1764 1533 1819 quacunque
1579 1748 1688 1802 tibi
1733 1747 1949 1801 dixerit
1991 1745 2157 1814 Sara,

496 1834 632 1889 audi
662 1850 869 1891 vocem
902 1834 1067 1906 ejus;
1099 1836 1376 1907 quoniam
1404 1837 1464 1891 in
1494 1837 1660 1891 Isaac
1699 1836 2008 1892 vocabitur
2055 1834 2163 1889 tibi

2264 677 2781 747 praestantissimae
2809 678 3054 732 naturae.
3086 676 3233 732 Cum
3249 677 3406 733 enim
3427 678 3585 749 dicit,
3615 682 3741 751 quia
3766 704 3785 729 οι
3804 700 3881 738 va-

2266 766 2431 821 nitati
2460 768 2727 820 creatura
2756 765 3028 838 subjecta
3057 769 3150 821 est
3194 782 3313 822 non
3362 770 3592 837 sponte,
3642 769 3742 824 sed
3770 786 3882 841 pro-

2266 858 2396 925 pter
2433 870 2567 910 eum
2610 856 2712 926 qui
2748 855 3010 926 subjecit
3061 857 3123 910 in
3175 871 3310 927 spe;
3368 856 3642 928 quoniam
3687 861 3737 912 et
3782 860 3881 930 ipsa

2269 947 2537 999 creatura
2566 943 2915 1000 liberabitur
2946 960 2978 998 a
3013 945 3296 1000 servitute
3333 945 3721 1017 corruptionis
3750 947 3800 1002 in
3828 949 3883 1003 li-

2267 1033 2551 1088 bertatem
2580 1032 2789 1107 gloriae
2822 1032 3078 1088 ﬁliorum
3108 1033 3217 1088 Dei
3251 1034 3444 1103 (Rom.
3484 1051 3605 1105 vui,
3639 1035 3720 1104 20,
3755 1036 3879 1107 2ης»

2269 1121 2526 1178 ostendit
2558 1138 2678 1177 non
2713 1106 3072 1177 mediocrem
3110 1123 3443 1178 animarum
3484 1138 3621 1178 esse
3659 1106 3881 1195 gratiam,

2267 1227 2516 1283 quarum
2555 1213 2766 1283 vigore
2823 1214 2881 1266 et
2923 1212 3136 1266 virtute
3174 1212 3236 1266 in
3267 1212 3643 1283 adoptionem
3679 1212 3883 1269 filiorum

2267 1300 2373 1356 Dei
2412 1300 3034 1372 assurgiLhumanum
3067 1315 3281 1373 genus,
3328 1301 3561 1355 habens
3599 1301 3657 1355 in
3687 1316 3747 1356 se
3765 1304 3883 1373 quod

2267 1390 2341 1445 ad
2397 1389 2841 1445 similitudinem
2887 1391 2943 1444 et
2990 1389 3310 1462 imaginem
3352 1380 3479 1444 —Dei
3532 1388 3792 1446 tributum
3818 1396 3883 1446 est

2271 1478 2407 1534 sibi.
2449 1478 2677 1534 Anima
2712 1479 2867 1534 enim
2904 1494 3094 1550 neque
3126 1480 3283 1534 tactu
3317 1478 3517 1550 aliquo
3555 1479 3882 1549 comprehen-

2269 1568 2504 1638 duntur,
2561 1583 2754 1639 neque
2811 1568 2949 1622 visu
3005 1583 3292 1638 corporeo
3343 1568 3652 1638 videntur;
3707 1572 3757 1623 et
3787 1568 3883 1624 ideo

2268 1657 2591 1728 praeferunt
2620 1657 2781 1712 illius
2821 1656 3189 1727 incorporea
3230 1658 3288 1711 et
3336 1656 3660 1711 invisibilis
3709 1659 3884 1712 natura

2271 1746 2732 1816 similitudinem,
2777 1749 2834 1800 et
2869 1745 3411 1817 supergrediuntur
3464 1745 3777 1800 substantia
3808 1761 3884 1800 sua

2273 1849 2619 1905 corpoream
2677 1836 2733 1889 et
2789 1834 3138 1890 sensibilem
3190 1835 3556 1906 qualitatem.
3601 1832 3735 1899 Quae
3771 1835 3885 1889 enim

500 1938 706 1979 semen
749 1923 927 1993 (Ibid.
975 1925 1085 1995 1‘2).
1143 1944 1166 1974 ι
1217 1924 1360 1991 Quae
1404 1929 1529 1979 erat
1574 1926 1686 1979 alia
1732 1925 1791 1979 in
1824 1925 2011 1993 Isaac,
2045 1923 2163 1977 nisi
2198 1948 2241 2007 Β
2273 1924 2566 1993 videntur,
2608 1924 2952 1995 temporalia
2988 1926 3145 1994 sunt,
3196 1923 3545 1994 temporalia
3583 1923 3883 1996 signiﬁcant,

496 2012 826 2067 sanctitatis
856 2012 1194 2083 haereditas,
1228 2029 1360 2085 quae
1401 2014 1736 2068 nobilitaret
1771 2014 2044 2084 patrem?
2094 2011 2164 2066 Et

498 2100 681 2155 tilium
725 2101 964 2171 quidem
1011 2102 1240 2156 ancillae
1300 2118 1482 2172 super
1538 2103 1806 2157 nationes
1864 2101 2163 2172 praefecit,

497 2189 671 2260 quasi
698 2189 913 2260 simpla
943 2191 1259 2246 conferens
1292 2192 1655 2261 patrimonii;
1689 2191 1809 2245 tilio
1840 2194 2035 2245 autem
2066 2190 2167 2244 Sa-

498 2294 584 2332 rae
629 2277 807 2349 dupla
852 2278 1033 2349 dedit,
1081 2280 1172 2334 cui
1224 2295 1341 2334 non
1393 2281 1586 2334 solum
1634 2280 1996 2350 temporalia,
2059 2277 2167 2333 sed

504 2365 679 2421 etiam
724 2382 983 2439 superna
1029 2371 1085 2423 et
1132 2372 1409 2439 perpetua
1461 2368 1669 2423 collata
1717 2370 1877 2423 sunt.
1915 2366 2077 2437 Vale,
2110 2368 2168 2421 et

504 2469 620 2512 nos
651 2455 857 2531 dilige,
888 2457 1023 2530 quia
1056 2472 1166 2513 nos
1194 2460 1252 2512 te
1274 2456 1596 2531 diligimus.

929 2616 1293 2675 EPISTOIA
1322 2618 1563 2677 XXXIV
1593 2616 1726 2689 (8!).

503 2759 934 2834 Honorinum:
983 2777 1069 2834 an,
1110 2762 1345 2834 anima,
1385 2762 1458 2816 dc
1509 2779 1614 2834 qua
1658 2777 1849 2833 prave
1900 2760 2167 2815 sentiunt

570 2832 924 2904 philosolihi,
959 2833 1223 2887 car/estis
1254 2832 1605 2888 substantiae
1654 2832 1754 2901 sit,
1807 2837 2167 2904 quaerentem

568 2903 765 2974 primo
795 2905 1052 2958 remittit
1084 2905 1159 2960 ad
1180 2904 1371 2959 libros
1389 2906 1633 2967 Esdrae;
1668 2910 1784 2958 tum
1816 2903 2168 2973 dignitatem

574 2974 706 3047 ejus
764 2975 1089 3047 ostendens
1143 2976 1320 3031 Pauli
1358 2976 1716 3045 testimonio,
1773 2991 1881 3047 qua
1937 2975 2172 3030 ratione

572 3045 797 3120 ibidem
834 3046 1025 3120 omnis
1058 3052 1335 3120 creatura
1372 3045 1804 3120 ingemiscere,
1860 3061 1926 3101 ac
1957 3060 2173 3103 rursus

569 3114 883 3173 liberanda
927 3134 1064 3176 esse
1103 3118 1358 3189 dicatur,
1398 3114 1676 3192 explicat.

791 3244 1135 3301 Ausaosius
1175 3244 1564 3301 Hoaomuso
1604 3243 1875 3298 salutem.

571 3368 622 3424 1.
664 3367 946 3435 Quaasisti
974 3385 1008 3424 a
1036 3385 1129 3425 me
1162 3372 1356 3425 utrum
1388 3369 1581 3424 anima
1609 3367 1873 3425 caelestis
1905 3381 2042 3421 esse
2074 3365 2161 3420 vi-

503 3458 710 3515 deatur
739 3458 1124 3528 substantiae;
1156 3474 1275 3514 non
1306 3459 1460 3514 enim
1483 3462 1582 3513 aut
1611 3457 1757 3522 922
1791 3456 2168 3535 sanguinem,

502 3550 600 3604 aut
628 3548 848 3620 ignem,
882 3550 981 3602 aut
1008 3563 1327 3602 nervorum
1358 3546 1724 3602 harmoniam
1753 3545 2007 3600 animam
2058 3559 2171 3614 pu-

504 3640 595 3695 tas
626 3637 761 3707 (82),
796 3639 861 3692 ut
904 3637 1126 3709 vulgus
1168 3636 1657 3707 philosophorum
1706 3633 2124 3705 interpretatur
2156 3647 2169 3687 :

502 3729 619 3796 aut,
652 3729 715 3781 ut
743 3725 841 3781 illa
870 3726 1111 3797 patricia
1143 3725 1415 3797 quaedam
1464 3740 1668 3779 eorum
1711 3723 1989 3795 prosapia
2032 3722 2173 3777 Pla-

501 3815 659 3870 tonis
692 3815 970 3886 disputat,
1003 3816 1161 3887 quod
1191 3815 1386 3887 ipsum
1419 3830 1485 3869 se
1518 3816 1732 3883 movet,
1769 3816 1957 3868 etnon
1981 3827 2177 3867 move-

504 3906 601 3958 tur
643 3903 715 3957 ab
766 3903 900 3974 alio,
945 3903 1077 3974 ipsa
1116 3903 1222 3958 tibi
1253 3903 1445 3957 anima
1477 3903 1748 3971 videtur;
1800 3900 1894 3956 vel
1925 3904 2082 3957 certe
2114 3904 2178 3957 ut

505 3990 857 4049 Aristoteles
888 3993 1011 4049 acri
1032 3992 1274 4066 ingenio
1297 3994 1563 4065 quintum
1584 3992 1877 4064 quoddam
1903 3991 2178 4046 elementi

500 4105 693 4162 genus
724 4089 970 4158 induxit,
1003 4092 1289 4162 probasti,
1326 4091 1383 4145 id
1416 4094 1507 4146 est
1556 4086 1887 4162 ἐντελέχειαν,
1934 4104 2010 4143 ex
2053 4102 2169 4160 quo

507 4186 897 4242 componeres
929 4174 984 4226 et
1013 4172 1174 4226 velut
1205 4172 1465 4243 ﬁngeres
1496 4171 1706 4225 animae
1757 4171 2170 4224 substantiam.

576 4261 629 4316 2.
673 4261 756 4316 De
786 4277 903 4332 quo
934 4260 1039 4315 tibi
1069 4260 1277 4315 Esdrae
1322 4260 1537 4315 librum
1584 4259 1900 4331 legendum
1952 4258 2175 4313 suadeo

508 4349 642 4421 (83),
674 4349 775 4423 qui
804 4353 861 4405 et
890 4350 1023 4405 illas
1054 4350 1547 4421 philosophorum
1580 4364 1773 4421 nugas
1803 4348 2176 4418 despexerit;

509 4442 567 4495 et
612 4438 901 4495 abditiore
948 4440 1279 4511 prudentia,
1329 4455 1505 4511 quam
1546 4439 1868 4510 collegerat
1898 4452 1973 4491 ex
2003 4451 2179 4491 reve-

508 4529 747 4602 latione,
777 4530 1194 4603 perstrinxerit
1223 4546 1326 4587 eas
1358 4528 1708 4587 substantiae
1739 4543 1879 4584 esse
1903 4526 2181 4597 superio-

516 4634 603 4675 I‘lS
612 4661 625 4675 .

2200 3261 2299 3375 σ(

2274 2012 2701 2082 temporalibus
2736 2011 3217 2084 agglutinantur;
3270 2011 3372 2066 illa
3412 2014 3606 2067 autem
3643 2028 3763 2083 quae
3804 2026 3888 2065 non

2272 2101 2569 2170 videntur,
2630 2104 2852 2155 aeterno
2885 2100 2970 2155 illi
3022 2103 3080 2156 et
3114 2115 3350 2155 summo
3405 2101 3719 2168 adhaerent,
3770 2098 3886 2154 bono

2274 2192 2448 2261 atque
2487 2191 2547 2244 in
2576 2190 2708 2260 ipso
2743 2190 2966 2260 vivunt,
3004 2193 3064 2245 et
3100 2192 3259 2260 sunt,
3318 2192 3378 2246 et
3432 2192 3733 2245 moventur
3765 2190 3885 2258 (Act.

2275 2295 2417 2348 xvn,
2456 2278 2581 2348 18);
2614 2294 2724 2334 nec
2759 2279 2833 2333 ab
2868 2293 2960 2347 eo,
3000 2279 3053 2333 si
3073 2278 3215 2335 boni
3237 2278 3581 2349 consulunt,
3616 2293 3680 2333 se
3714 2276 3889 2348 patiun-

2274 2371 2371 2423 tur
2397 2368 2662 2439 separari
2701 2383 2769 2422 ac
2799 2368 3003 2423 dividi.

2344 2457 2401 2513 4.
2445 2457 2827 2530 Unaquaeque
2859 2471 3005 2530 ergo
3042 2458 3236 2512 anima
3276 2456 3496 2512 videns
3541 2472 3607 2512 se
3658 2469 3889 2527 corporeo

2277 2548 2392 2602 isto
2430 2546 2691 2602 clausam
2726 2546 3066 2619 gurgustio,
3108 2562 3242 2617 quae
3280 2548 3479 2602 tamen
3496 2548 3732 2601 terrena:
3752 2543 3889 2615 hujus

2278 2636 2657 2691 habitationis
2694 2636 2994 2691 consortio
3029 2650 3148 2690 non
3187 2635 3659 2707 degeneraverit,
3694 2632 3893 2705 ingemi-

2276 2726 2390 2780 scit
2423 2727 2666 2797 gravata
2697 2724 2966 2795 corporis
3001 2723 3185 2796 hujus
3224 2725 3644 2796 conjunctione
3678 2722 3761 2793 (II
3788 2721 3891 2776 Cor.

2275 2831 2332 2883 v,
2387 2814 2473 2886 4);
2529 2815 2666 2886 quia
2719 2813 3101 2883 corruptibile
3155 2827 3380 2884 corpus
3438 2815 3642 2883 gravat
3690 2810 3892 2865 animum

2277 2902 2436 2975 (Sep.
2483 2919 2565 2974 ιχ,
2618 2903 2727 2973 15),
2778 2906 2835 2957 et
2882 2902 3124 2957 inclinat
3178 2906 3487 2958 terrenum
3551 2898 3894 2957 habitaculum

2276 2995 2532 3048 mentem
2562 2992 2876 3048 multarum
2898 2992 3323 3063 cogitationum
3349 3008 3363 3048 :
3387 2992 3677 3064 simulque
3697 3000 3903 3061 cognos-

2278 3097 2423 3137 cens
2455 3081 2591 3153 quia
2618 3097 2726 3152 per
2754 3081 2931 3136 fidem
2960 3081 3237 3152 ambulat,
3262 3096 3393 3137 non
3422 3097 3529 3154 per
3548 3080 3802 3151 speciem,
3824 3090 3899 3146 pe-

2276 3171 2571 3244 regrinari
2599 3171 2724 3226 vult
2750 3170 2822 3225 de
2855 3185 3123 3241 corpore,
3158 3172 3215 3225 et
3251 3170 3478 3227 adesse
3520 3170 3591 3225 ad
3635 3166 3893 3223 Dominum

2304 3260 2368 3315 II
2389 3259 2525 3316 Cor.
2558 3277 2616 3330 v,
2649 3260 2704 3330 Ἷ,
2736 3260 2811 3330 8).

2348 3349 2402 3405 5.
2447 3349 2838 3406 Advertamus
2869 3349 3053 3421 igitur
3079 3350 3382 3420 quomodo
3410 3347 3648 3404 vanitati
3675 3344 3893 3401 creatura

2281 3437 2553 3510 subjecta
2586 3439 2664 3493 sit
2691 3439 2879 3509 (Rom.
2911 3454 3034 3508 vui,
3067 3438 3180 3508 26),
3235 3453 3360 3495 non
3389 3454 3465 3495 ex
3494 3437 3771 3494 voluntate
3793 3445 3893 3499 sua,

2281 3528 2482 3583 divino
2514 3528 2779 3596 arbitrio,
2829 3527 2926 3598 qui
2959 3528 3316 3597 dispositum
3351 3531 3445 3584 est
3474 3528 3690 3583 animas
3727 3535 3897 3591 corpo-

2280 3618 2449 3673 ribus
2485 3616 2779 3689 conjungi
2808 3619 3082 3687 oportere
3113 3620 3358 3689 propter
3385 3633 3553 3689 spem
3597 3625 3811 3681 earum;
3852 3607 3897 3660 ut

2282 3708 2420 3763 dum
2450 3710 2691 3777 sperant
2719 3706 2895 3776 bona,
2928 3706 3144 3778 dignas
3176 3720 3244 3761 se
3274 3709 3563 3778 praestent
3591 3700 3797 3760 caelesti
3820 3712 3894 3751 re-

2281 3797 2687 3852 numeratione
2719 3811 2733 3851 :
2770 3818 2792 3842 «
2845 3794 3064 3851 Omnes
3114 3795 3270 3851 enim
3313 3812 3427 3852 nos
3470 3795 3689 3867 oportet
3722 3789 3895 3844 adesse

2280 3886 2354 3941 ad
2382 3885 2641 3940 tribunal
2669 3884 2920 3955 Christi;
2952 3887 3014 3939 ut
3042 3884 3260 3940 referat
3283 3885 3690 3958 unusquisque
3707 3872 3896 3951 propria

2285 3973 2553 4046 corporis
2602 3974 2791 4045 (Rom.
2840 3990 2961 4038 xiv,
3014 3974 3115 4044 10;
3162 3974 3225 4028 Il
3266 3974 3405 4030 Cor.
3454 3991 3511 4044 v,
3560 3972 3667 4041 10).
3720 3988 3741 4017 ι
3792 3963 3896 4019 Ideo

2285 4063 2764 4137 uniuscujusque
2806 4063 3000 4118 anima
3046 4064 3373 4134 praevideat
3422 4058 3772 4134 rependenda
3806 4048 3895 4107 sibi

2286 4154 2492 4209 merita
2524 4152 2997 4209 conversationis
3028 4168 3176 4208 suae.
3228 4152 3300 4207 Et
3341 4153 3586 4225 pulchre
3614 4150 3705 4214 ait,
3738 4168 3756 4192 α
3788 4154 3895 4214 pro-

2287 4244 2415 4315 pria
2445 4243 2714 4313 corporis
2747 4242 2833 4311 (II
2861 4241 2997 4297 Cor.
3030 4258 3087 4311 v,
3123 4241 3235 4314 10),
3275 4263 3297 4293 ι
3335 4243 3393 4298 id
3424 4245 3532 4311 est,
3565 4237 3711 4312 quod
3727 4243 3899 4289 susce-

2288 4334 2373 4405 pit
2402 4332 2759 4405 regendum;
2793 4334 2855 4386 ut
2883 4332 2938 4385 si
2967 4330 3120 4385 bene
3150 4331 3322 4401 rexit,
3356 4330 3656 4404 praemium
3700 4318 3891 4405 inferat,

2286 4402 2527 4495 propter
2574 4422 2733 4495 quod
2776 4421 2836 4476 in
2884 4434 2991 4491 spe
3052 4420 3326 4495 subjecta
3362 4402 3474 4476 Vest
3519 4435 3532 4474 :
3579 4419 3632 4472 et
3682 4413 3730 4469 si
3783 4402 3895 4472 923

2288 4517 2459 4585 male,
2494 4515 2881 4587 supplicium;
2913 4516 3051 4589 quia
3080 4529 3199 4570 non
3229 4510 3491 4583 speravit
3520 4507 3578 4562 in
3598 4505 3784 4568 Deum,
3814 4506 3895 4589 nec

2287 4606 2361 4661 ad
2391 4606 2549 4660 illam
2579 4586 2952 4676 adoptionem
2984 4605 3258 4673 ﬁliorum,
3292 4604 3349 4657 et
3371 4599 3467 4675 .ad
3510 4610 3659 4652 verae
3701 4586 3897 4646 liberta-

678 4709 1004 4780 Apostolus
1037 4724 1272 4783 quoque
1305 4710 1413 4765 etsi
1447 4724 1563 4764 non
1593 4721 1886 4779 expresse
1920 4705 2057 4775 (84),
2101 4671 2255 4757 ta-D
2286 4699 2406 4751 tem
2435 4671 2730 4750 atl‘ectavit
2761 4694 2994 4768 gloriae.

515 4813 649 4852 men
676 4798 1125 4871 intelligendum
1155 4799 1330 4855 nobis
1360 4798 1614 4872 reliquit,
1648 4796 1819 4870 quasi
1841 4795 2037 4850 bonus
2066 4809 2185 4848 ma-

514 4886 724 4958 gister,
758 4890 814 4942 et
845 4888 1129 4959 spiritalis
1173 4888 1456 4962 agricola,
1507 4886 1698 4943 oculis
1744 4885 2030 4941 doctrinae
2084 4898 2186 4939 se-

516 4973 776 5031 minibus
842 4977 1109 5034 excitans
1177 4977 1605 5055 discipulorum
1684 4975 1953 5050 ingenia,
2026 4971 2187 5046 quod

588 5119 702 5190 (8i)
740 5119 968 5190 Scripta
1001 5121 1159 5176 circa
1190 5136 1326 5176 ann.
1358 5119 1484 5175 387.

587 5189 701 5260 (8‘2)
738 5187 1021 5274 Congerit
1052 5193 1407 5274 Ambrosius
1438 5192 1569 5274 fere
1603 5187 2182 5274 omniumﬂpbiloso:

518 5259 773 5333 phorum
802 5259 1113 5333 opiniones
1142 5266 1217 5319 de
1254 5264 1467 5319 anima.
1512 5263 1815 5333 Siquidem
1862 5259 2184 5333 Xenocrati

520 5332 715 5389 anima
745 5332 913 5390 mens
944 5338 1036 5391 est
1066 5336 1228 5392 nullo
1261 5351 1531 5405 corpore,
1564 5332 1782 5389 Zenoni
1813 5333 1992 5405 ignis,
2030 5332 2186 5405 Ari-

523 5406 719 5479 stoteli
749 5408 948 5479 quinta
970 5408 1240 5478 quaedam
1271 5403 1550 5474 essentia,
1587 5422 1760 5479 quam
1785 5403 2189 5479 Ventelechiam

522 5474 802 5548 nominat,
866 5474 1222 5539 Aristoxeno
1265 5479 1532 5548 corporis
1592 5474 1834 5532 intentio
1895 5474 2186 5548 quaedam,

525 5546 866 5620 Empedocli
908 5551 1073 5605 cordi
1121 5546 1666 5620 affusus—sanguis,
1710 5546 1973 5620 Euripidi
2008 5546 2188 5620 De_us,

528 5567 631 5604 riui
677 5567 866 5606 euocu
908 5567 1073 5605 corcu
1121 5567 1350 5605 anusus
1396 5567 1666 5620 sanguis,
1710 5567 1973 5617 wripiui
2008 5567 2188 5613 ueus,

525 5567 879 5700 Pythagora
929 5623 1178 5700 numeri,
1226 5621 1569 5700 Diceae-robo
1602 5618 2192 5700 nonnenIinane,‘De-

526 5691 774 5749 mocrito
822 5695 1020 5749 atomi.
1074 5694 1218 5749 Ηωο
1261 5695 1327 5749 Ρ.
1374 5692 1675 5759 Nannius;
1741 5691 1987 5761 quibus,
2020 5691 2196 5744 etiam

526 5765 815 5831 praemisit
865 5766 1105 5822 relatam
1148 5782 1180 5819 a
1230 5768 1434 5821 sancto
1477 5763 1734 5835 praesule
1764 5760 2028 5835 Platonis
2060 5775 2200 5835 sen-

528 5836 766 5889 tentiam
792 5853 871 5909 ex
901 5838 1002 5892 lib.
1036 5856 1073 5892 v
1106 5839 1179 5893 de
1208 5831 1746 5909 Legibus-petitam
1796 5848 1957 5887 esse.
1985 5831 2198 5909 Adisis

528 5921 763 5979 quoque
791 5907 893 5963 lib.
928 5910 1002 5966 de
1031 5910 1160 5968 Noe
1190 5916 1249 5966 et
1277 5900 1461 5981 Ᾰινοθ,
1489 5900 1616 5980 cap.
1650 5906 1741 5978 25,
1775 5919 1935 5960 num.
1981 5900 2084 5958 921
2139 5903 2198 5956 et

2358 4785 2411 4840 6.
2455 4785 2666 4840 Docuit
2693 4759 2877 4857 igitur
2897 4782 3219 4855 Apostolus
3238 4780 3394 4853 quod
3425 4773 3655 4833 humani
3692 4759 3889 4857 generis

2291 4877 2558 4933 creatura
2589 4855 2861 4946 subjecta
2876 4871 3119 4927 vanitati
3140 4871 3237 4925 sit.
3261 4868 3410 4934 Quid
3432 4866 3582 4922 enim
3597 4866 3704 4916 tam
3731 4855 3893 4946 Ιξρῐξξον

2292 4980 2468 5037 quam
2497 4963 2691 5021 anima
2703 4936 2855 5035 'ejus
2884 4962 3018 5035 (85).
3075 4961 3159 5016 De
3190 4955 3562 5015 consortibus
3590 4949 3713 5021 ejus
3739 4936 3855 4997 dicit
3881 4947 3890 4985 :

2295 5107 2659 5174 Ciceronem,
2691 5106 2794 5162 lib.
2829 5124 2848 5160 ι
2882 5104 3099 5171 Ουωει.
3150 5101 3378 5158 Tuscul.

2367 5157 2803 5252 (88)W1:ibvernlw\t’
2829 5157 3349 5252 Esdrmhocdoco
3379 5167 3669 5252 indicatur,
3712 5157 3777 5252 (ξς

2290 5218 2991 5326 ,ίιιὲυέίιοιῖοιξξῐθῐθ-θοιαηι
3020 5246 3285 5318 reperies
3315 5245 3375 5299 in
3404 5236 3678 5296 Admonit.
3717 5226 3781 5282 ad
3806 5218 3885 5275 lib-

2297 5321 2372 5381 iie
2401 5325 2565 5379 Bono
2598 5321 2838 5377 Mortis.
3580 5377 3591 5389 .

2373 5397 2475 5413 mn
2730 5396 2778 5413 ,ι
2812 5408 2919 5413 --μ
2977 5389 3089 5413 -.ιιι
3175 5404 3287 5413 μ-..
3336 5379 3648 5413 -..ηηηοοιι-
3694 5359 3869 5413 Amerb

2369 5371 2938 5466 (8’4)-—I:3ra_s:—et—seq.
2972 5389 3133 5459 edit.,
3174 5404 3293 5444 non
3333 5377 3650 5455 expressit;
3689 5371 3886 5425 Amerb.

2299 5472 2355 5523 et
2385 5482 2592 5523 omnes
2624 5481 2793 5531 mss.,
2834 5486 2854 5513 α
2890 5479 3009 5518 non
3040 5475 3349 5530 expresse.
3388 5478 3409 5508 ι
3711 5510 3720 5521 ,

2371 5538 2476 5558 [οη
2520 5538 2735 5558 Αμμ--
2775 5536 2885 5558 -.ιιι
2943 5551 2954 5558 .
3053 5533 3200 5558 n..:.n
3256 5530 3405 5558 ...ηε-ρ..
3451 5527 3556 5558 tam
3599 5506 3884 5558 «uinculum

2366 5515 2746 5625 (έξῖξρῖηὲέεῖ
2758 5515 2963 5625 ’δεξίιὲζέ
2987 5557 3017 5625 1‘
3050 5515 3893 5625 ὶὲὶῖίέ,,εξξιίξτξεί,ἒ,¹ξ¹ηῇξ¹ὶ’ἓ⁸.⁰ῗ¹η¹ξῖ

2297 5589 2790 5681 vanitati—quam
2834 5589 3034 5695 h‘omo,
3061 5589 3124 5661 Et
3147 5599 3536 5695 ‘quamLanima
3549 5589 3716 5695 ζ
3734 5589 3887 5695 ,ἔῃςὲ

2298 5663 2650 5768 néshsé,‘
2677 5701 2715 5768 α.
2753 5679 2895 5762 quid
2942 5663 3100 5768 enim
3147 5663 3265 5768 tam
3314 5674 3502 5768 homo“,
3533 5663 3879 5768 βῆυέιέηῗὲἰῗξ

2298 5733 2538 5826 ἔξιίείῖ
2551 5733 2720 5834 Band
2751 5733 3157 5834 incommode;
3191 5733 3688 5834 ὴξηφθιιίιξὶ-ξιξψ
3704 5733 3883 5834 ξξξθὲξὲ

2436 5823 2673 5879 vanitati
2721 5821 3039 5895 obnoxius,
3091 5800 3251 5895 quod
3279 5807 3658 5895 ejusuanima.
3704 5809 3753 5848 ω
3793 5800 3823 5855 q

2310 5897 2561 5953 maxime
2591 5893 2883 5965 consistit,
2921 5887 3378 5949 eidem-subdita
3405 5887 3495 5940 sit.
