4070 6180
116 256 282 319 1121

1385 245 2000 315 EPISTOLARUM
2029 242 2370 314 CLASSIS
2400 247 2448 313 Ι.

3437 239 3595 316 1122

125 478 148 505 ι
185 454 337 510 Cum
368 468 580 509 sumus
611 454 672 507 in
703 465 952 523 corpore
983 451 1120 520 isto,
1153 450 1606 524 ingemiscimus
1659 467 1800 524 gra-
1828 438 1877 505 ἧ
1933 452 2096 507 servi
2122 452 2371 508 formam
2402 454 2736 524 susceperit
2764 452 3047 526 (Philipp.
3090 469 3151 524 ιι,
3182 451 3259 523 Ἷ),
3290 453 3599 522 peccatum

128 546 250 599 vati
283 543 372 614 (II
408 543 543 598 Cor.
575 559 634 611 v,
669 541 743 611 4).
781 560 804 591 ιι
856 541 973 595 Sed
1014 544 1070 595 et
1109 541 1293 595 David
1327 541 1468 596 dicit
1500 558 1510 596 :
1552 563 1573 590 α
1610 541 1800 597 Homo

135 633 377 688 vanitati
423 631 640 687 similis
685 629 878 684 factus
926 632 1018 684 est
1061 630 1250 700 (Psal.
1303 646 1477 684 exnm
1504 669 1518 695 ,
1568 630 1643 699 4),
1695 633 1796 684 et:

145 744 166 771 ι
218 722 509 776 Universa
553 719 823 788 vanitas,
874 719 1066 772 omnis
1115 720 1290 773 homo
1342 719 1552 773 vivens
1601 718 1799 789 (Psal.

137 827 389 879 xxxvm,
422 808 498 879 6).
536 831 558 856 ιι
616 807 745 861 Vita
793 808 989 878 itaque
1039 808 1296 863 hominis
1327 809 1386 862 in
1418 807 1532 862 hoc
1577 805 1801 861 saeculo

135 899 374 954 vanitas
407 901 518 952 est.
551 897 707 950 Huic
737 897 981 950 vanitati
1010 895 1280 967 subjecta
1327 897 1537 950 anima.
1603 897 1802 966 Itaque

135 992 389 1044 sanctus
423 1002 556 1042 cum
584 985 723 1039 facit
751 1000 886 1056 quae
927 990 1065 1039 sunt
1111 986 1412 1055 corporis,
1446 1001 1563 1040 non
1593 987 1803 1054 sponte

133 1078 297 1148 facit,
329 1091 450 1131 non
480 1075 712 1144 volens,
752 1096 774 1123 ι
811 1075 919 1128 sed
949 1076 1188 1144 propter
1218 1091 1350 1128 eum
1398 1075 1497 1145 qui
1548 1073 1808 1145 subjecit

132 1168 197 1222 in
227 1181 334 1238 spe
365 1165 552 1234 (Rom.
585 1181 707 1233 vm,
741 1163 852 1233 20),
890 1183 912 1212 ι
966 1163 1106 1217 facit
1143 1166 1202 1217 ut
1231 1164 1285 1217 ei
1320 1167 1521 1233 pareat
1547 1161 1682 1233 (86).
1714 1162 1805 1216 Ad

135 1255 253 1310 hoc
283 1256 465 1327 igitur
493 1252 762 1323 exemplo
793 1252 1003 1306 animae
1033 1251 1485 1323 progrediamur
1513 1251 1586 1305 ad
1637 1266 1806 1306 crea-

134 1348 302 1400 turas
333 1343 617 1414 reliquas.

211 1433 266 1486 '7.
314 1432 587 1502 Propone
639 1429 745 1484 tibi
789 1429 997 1499 solem,
1047 1429 1266 1498 lunam,
1314 1432 1371 1484 et
1413 1428 1640 1498 stellas,
1671 1444 1807 1499 quae

140 1521 286 1577 coeli
312 1521 529 1576 Iumina
560 1519 671 1574 etsi
702 1519 989 1589 praeclaro
1022 1518 1249 1589 fulgent
1275 1518 1486 1587 nitore,
1523 1520 1808 1573 creaturae

142 1613 290 1665 sunt
338 1612 545 1678 tamen,
594 1609 651 1662 et
697 1607 769 1660 ad
817 1607 1220 1678 quotidianum
1271 1606 1664 1660 ministerium
1714 1606 1810 1660 vel

141 1701 426 1771 surgunt,
451 1696 544 1751 vel
566 1695 862 1765 occidunt,
887 1695 1218 1749 servientes
1242 1694 1616 1764 dispositioni
1636 1694 1812 1748 Crea-

1936 541 2161 610 mundi,
2196 541 2566 596 maledictum
2599 543 2772 597 etiam
2803 559 2908 613 pro
2940 541 3114 596 nobis
3131 541 3323 596 factus
3353 541 3431 595 sit
3458 540 3605 611 (Ga-

1936 629 2040 684 lat.
2065 648 2146 700 ιιι,
2179 631 2313 700 13)?
2343 631 2506 686 Illius
2539 648 2682 703 ergo
2713 632 3007 686 imitantes
3037 631 3357 685 bonitatem
3387 630 3603 685 coeles-

1935 721 2027 772 tes
2051 722 2336 774 creaturae
2367 719 2501 774 licet
2532 721 2944 792 ingemiscant,
2981 721 3136 792 quod
3180 720 3382 773 mundi
3419 718 3602 790 hujus

1940 808 2179 862 vanitati
2201 808 2490 878 subjectae
2522 810 2660 877 sint,
2697 809 3072 863 consolantur
3127 823 3193 862 se
3226 812 3418 862 tamen
3442 809 3600 880 quod

1944 895 2399 973 liberabuntura
2429 898 2710 952 servitute
2735 897 3151 967 corruptionis,
3184 897 3244 950 in
3274 897 3604 951 libertatem

1937 985 2168 1056 gloriae,
2223 1002 2355 1040 cum
2400 986 2652 1040 filiorum
2705 986 2852 1050 924
2901 985 3004 1040 Dei
3065 986 3298 1055 adoptio
3340 986 3601 1055 venerit,

1939 1089 2073 1144 quea
2103 1079 2195 1130 est
2224 1076 2636 1130 universorum
2668 1075 2992 1145 redemptio
3028 1091 3039 1130 :
3078 1096 3100 1125 ι
3135 1074 3278 1129 Cum
3330 1075 3487 1130 enim
3517 1075 3611 1130 in-

1937 1165 2178 1218 traverit
2203 1163 2504 1234 plenitudo
2544 1166 2828 1236 gentium,
2860 1169 3001 1218 tunc
3034 1165 3226 1219 omnis
3271 1163 3453 1219 Israel
3485 1165 3610 1220 sal-

1930 1268 2044 1307 vus
2065 1252 2176 1307 erit
2222 1251 2410 1322 (Rom.
2452 1269 2534 1322 χι,
2586 1253 2697 1323 25).
2744 1273 2766 1302 ιι
2817 1251 2924 1307 Cui
2970 1253 3126 1307 enim
3175 1269 3292 1308 non
3340 1254 3613 1326 ignoscet

1937 1341 2178 1412 populo,
2208 1341 2310 1412 qui
2337 1342 2598 1412 ignoscit
2625 1341 2798 1396 etiam
2829 1341 2910 1395 illi
2941 1344 3313 1411 persecutori
3339 1358 3472 1413 suo,
3505 1344 3607 1415 qui

1939 1429 2088 1484 dixit
2121 1445 2132 1484 :
2173 1452 2194 1476 ιι
2226 1429 2542 1501 Cruciﬁge,
2592 1431 2876 1502 crucifige
2905 1446 3039 1486 eum
3075 1432 3264 1501 (Joan.
3312 1449 3436 1504 xix,
3467 1433 3558 1503 6);
3585 1455 3606 1482 η

1933 1521 2024 1573 et:
2063 1541 2084 1565 «ι
2118 1517 2377 1590 Sanguis
2408 1519 2541 1589 ejus
2566 1535 2747 1589 super
2775 1523 2954 1574 noset
2978 1536 3159 1590 super
3188 1521 3343 1576 filios
3374 1527 3616 1579 nostros

1939 1607 2179 1675 (Matth.
2202 1623 2387 1677 xxvn,
2420 1607 2510 1678 25)
2533 1608 2561 1660 ‘?
2595 1631 2615 1654 ιι
2651 1608 2768 1662 Sed
2812 1609 2950 1678 quia
2999 1610 3241 1664 venitati
3280 1611 3453 1666 etiam
3487 1627 3610 1667 cce-

1935 1695 2106 1750 lestis
2156 1694 2427 1766 subjecta
2468 1699 2734 1750 creatura
2782 1699 2876 1749 est
2913 1696 3100 1764 (Rom.
3139 1707 3259 1762 VIII,
3311 1699 3425 1768 20),
3477 1701 3618 1756 licet

140 1789 295 1842 toris
313 1785 542 1855 aeterni,
568 1784 973 1838 ministrantes
997 1783 1393 1854 splendorem,
1418 1799 1534 1854 quo
1557 1784 1811 1838 vestiun-
1843 1818 1894 1882 Β
1943 1784 2100 1838 istud
2135 1785 2195 1837 in
2224 1799 2351 1854 spe,
2385 1783 2558 1838 etiam
2582 1783 2788 1837 horum
2813 1784 3118 1854 perfidiam
3137 1789 3193 1839 et
3217 1787 3619 1844 temulentiam

138 1879 263 1946 tur,
306 1878 482 1946 atque
528 1874 621 1928 die
665 1872 778 1942 (87)
821 1875 1112 1943 nocteque
1142 1872 1412 1926 emicant.
1447 1871 1690 1936 Quoties
1723 1872 1815 1927 sol

141 1964 260 2019 iste
307 1962 599 2018 obtexitur
645 1960 936 2030 nubibus,
987 1960 1220 2031 quoties
1266 1959 1506 2031 objectu
1553 1960 1818 2015 aufertur

143 2056 323 2108 terrae
357 2050 492 2122 (88),
525 2051 621 2105 vel
653 2066 785 2105 cum
816 2064 848 2104 e
879 2049 1123 2120 regione
1154 2048 1288 2120 ejus
1319 2049 1561 2104 luminis
1591 2050 1686 2104 sui
1717 2065 1815 2104 ra-

147 2142 288 2197 dius
318 2141 495 2195 fuerit
523 2154 943 2210 repercussus,
979 2139 1248 2192 oriuntur
1274 2139 1554 2210 eclipses,
1581 2143 1637 2194 et
1659 2142 1719 2194 ut
1738 2140 1819 2193 ait

146 2231 459 2300 Scriptura
493 2243 505 2283 :
546 2251 566 2276 α
603 2228 771 2282 Luna
799 2229 964 2282 novit
992 2243 1246 2282 occasus
1278 2243 1424 2282 suos
1472 2228 1661 2298 (Psal.
1695 2245 1815 2298 cur,

149 2320 263 2389 19).
302 2339 324 2366 ιι
361 2317 539 2372 Novit
567 2317 801 2386 quando
831 2315 1004 2386 pleno
1037 2315 1179 2370 orbe
1209 2332 1319 2370 suo
1349 2316 1559 2388 luceat,
1584 2317 1818 2388 quando

148 2407 476 2464 exinanito.
528 2405 726 2459 Stellae
767 2420 1000 2476 quoque
1032 2405 1268 2460 nebulis
1300 2405 1570 2460 obductae
1600 2422 1819 2462 vanes-

151 2500 314 2567 cunt,
341 2512 474 2566 quae
492 2494 790 2548 sustinent
808 2493 1119 2548 ministerii
1139 2493 1323 2565 hujus
1345 2495 1624 2549 mundani
1646 2512 1818 2566 usus,

150 2601 274 2641 non
305 2587 514 2656 sponte
546 2583 766 2654 utique,
802 2583 910 2638 sed
940 2583 999 2637 in
1030 2597 1135 2653 spe
1161 2599 1176 2653 ;
1209 2583 1346 2654 quia
1377 2588 1617 2654 sperant
1649 2585 1823 2638 etiam

149 2674 342 2746 hujus
374 2672 596 2727 laboris
629 2673 878 2743 gratiam
908 2671 980 2725 ab
1013 2686 1082 2726 eo
1115 2673 1215 2742 qui
1245 2672 1504 2743 subjecit
1532 2688 1635 2728 eas
1685 2671 1820 2744 (89).

146 2763 414 2834 Ideoque
444 2763 685 2832 propter
715 2776 848 2816 eum
878 2761 1190 2832 sustinent,
1215 2761 1274 2815 id
1295 2764 1405 2833 est,
1427 2764 1668 2834 propter
1688 2762 1824 2834 ejus

150 2853 542 2907 voluntatem.

230 2942 284 2995 8.
319 2940 444 2994 Nec
475 2939 688 2994 mirum
720 2937 774 2993 si
802 2938 1088 3009 patienter
1124 2939 1440 3010 sustinent,
1474 2955 1608 2995 cum
1635 2940 1828 2995 sciant

155 3031 466 3086 dominum
497 3044 672 3082 suum
703 3031 758 3082 et
791 3031 1114 3083 creatorem
1147 3030 1407 3083 omnium
1448 3030 1575 3084 sive
1605 3045 1737 3101 quae
1769 3031 1829 3085 in

157 3120 337 3190 coelo,
387 3118 515 3173 sive
566 3133 698 3188 quae
748 3117 807 3171 in
849 3119 1004 3172 terra
1051 3119 1208 3187 sunt,
1260 3119 1608 3189 suscepisse
1640 3120 1830 3175 nostri

1937 1873 2190 1928 vanitate
2220 1871 2404 1943 hujus
2435 1872 2637 1925 mundi
2666 1871 2914 1944 lapsam,
2947 1874 3243 1943 pertinere
3275 1876 3346 1929 ad
3377 1878 3610 1932 veniam

1937 1963 2191 2033 patietur
2233 1961 2502 2016 veritatis
2558 1961 2781 2032 pietas,
2830 1964 2886 2016 et
2935 1962 3259 2034 redemptio
3309 1966 3616 2022 universi-

1938 2053 2098 2106 tatis.

2010 2139 2064 2194 9.
2100 2139 2257 2211 Ergo
2289 2141 2351 2192 ut
2393 2138 2840 2210 concludamus,
2881 2143 2936 2194 et
2984 2140 3082 2195 ille
3125 2143 3322 2196 tantus
3369 2158 3437 2197 ac
3484 2143 3616 2198 talis

1942 2229 2054 2298 sol,
2081 2230 2137 2282 et
2167 2227 2264 2280 illa
2289 2226 2426 2281 luna
2456 2242 2628 2296 quam
2664 2227 2853 2280 noctis
2877 2228 3136 2282 tenebrae
3169 2245 3288 2285 non
3320 2232 3614 2303 operiunt,

1943 2320 1999 2372 et
2018 2317 2136 2370 illae
2159 2315 2346 2370 stellae
2379 2331 2510 2386 quae
2543 2318 2680 2369 sunt
2712 2319 3052 2369 ornamenta
3083 2317 3235 2388 coeli,
3269 2321 3616 2376 servitutem

1947 2405 2341 2476 corruptionis
2371 2419 2527 2458 nunc
2561 2403 2886 2472 sustinent;
2919 2406 3055 2476 quia
3087 2408 3467 2477 corruptibile
3500 2425 3623 2464 om-

1946 2511 2019 2551 ne
2050 2510 2267 2566 corpus
2301 2508 2313 2547 :
2348 2493 2642 2563 siquidem
2687 2495 2743 2546 et
2789 2493 2922 2547 cceli
2970 2494 3262 2565 peribunt,
3297 2499 3353 2550 et
3401 2498 3618 2553 coelum

1949 2588 2006 2640 et
2035 2589 2190 2639 terra
2217 2581 2606 2653 praeteribunt
2625 2581 2867 2651 (Matth.
2926 2599 3087 2653 xxxv,
3118 2584 3231 2655 35).
3264 2585 3480 2641 Postea
3510 2603 3618 2642 au-

1949 2677 2066 2728 tem
2098 2677 2154 2727 et
2176 2672 2267 2726 sol
2298 2674 2353 2725 et
2390 2671 2526 2724 luna
2575 2673 2632 2724 et
2669 2673 2883 2724 caetera
2928 2671 3232 2726 stellarum
3271 2673 3493 2730 lumina
3523 2691 3624 2730 re-

1954 2763 2267 2835 quiescant
2308 2760 2369 2814 in
2413 2759 2602 2832 gloria
2652 2759 2910 2814 filiorum
2961 2760 3116 2832 Dei;
3157 2764 3392 2833 quando
3443 2785 3465 2816 α
3520 2765 3630 2820 erit

1953 2853 2114 2907 Deus
2147 2849 2343 2906 omnia
2370 2849 2430 2903 in
2461 2849 2738 2903 omnibus
2770 2847 2827 2919 (I
2869 2848 3004 2904 Cor.
3053 2867 3151 2922 xv,
3183 2852 3313 2923 28);
3368 2873 3390 2903 ιι
3438 2855 3538 2926 qui
3570 2858 3630 2909 et

1953 2943 2013 2996 in
2035 2944 2090 2995 te
2122 2943 2179 2994 et
2211 2939 2269 2993 in
2292 2938 2468 2994 nobis
2491 2939 2566 2992 sit
2596 2953 2701 3009 per
2730 2953 2897 2992 suam
2919 2938 3339 3008 plenitudinem
3363 2946 3421 2998 et
3448 2944 3628 2998 mise-

1954 3029 2291 3085 ricordiam.

2030 3119 2116 3172 10.
2150 3119 2240 3171 An
2272 3117 2439 3188 ipsos
2457 3130 2693 3188 quoque
2714 3115 2985 3188 angelos,
3021 3117 3122 3188 qui
3149 3118 3208 3172 in
3231 3118 3405 3175 istius
3426 3122 3632 3177 mundi

159 3207 438 3278 corporis
486 3206 882 3278 fragilitatem,
924 3209 1145 3260 nostrae
1182 3207 1538 3262 conditionis
1571 3209 1830 3264 servitu-
1859 3183 1912 3253 c
1957 3207 2265 3264 laboribus
2311 3205 2549 3260 diversa
2607 3205 2906 3260 sustinent
2956 3207 3308 3279 ministeria,
3357 3210 3513 3264 sicut
3569 3211 3629 3265 in

156 3301 304 3352 tem.
338 3295 456 3350 Cur
486 3310 631 3366 ergo
663 3294 761 3348 illa
784 3295 1128 3350 servitutem
1150 3298 1546 3366 corruptionis
1565 3313 1694 3353 suae
1714 3314 1834 3354 non

157 3386 457 3458 patienter
504 3383 876 3453 sustineant;
923 3399 1056 3438 cum
1105 3384 1392 3440 Dominus
1437 3387 1698 3442 omnium
1725 3403 1833 3458 pro

159 3476 288 3530 toto
337 3472 556 3528 mundo
600 3488 667 3527 se
716 3472 1112 3528 humiliaverit
1166 3490 1357 3546 usque
1414 3475 1488 3529 ad
1543 3480 1832 3548 mortem,

239 3613 356 3689 (ϐξ)
390 3615 564 3689 Bom.
593 3613 912 3689 edit._sola,
954 3615 1148 3689 «facit
1179 3631 1306 3686 spe,
1339 3619 1402 3671 ut
1431 3616 1505 3689 ei,
1543 3639 1564 3667 ιι
1601 3621 1712 3673 etc.

239 3685 358 3759 (87)
390 3685 667 3759 Quaedam
697 3686 835 3740 edit.
867 3687 1084 3755 Paris.,
1121 3709 1144 3734 α
1179 3685 1570 3759 dispositione
1599 3690 1837 3746 Creato-

171 3757 343 3815 ris...
367 3773 484 3828 quo
516 3757 852 3812 vestiuntur
883 3773 896 3812 :
927 3760 1125 3829 itaque
1156 3758 1271 3828 die,
1306 3783 1328 3808 »
1365 3764 1476 3814 etc.

251 3830 365 3898 (88)
403 3829 524 3883 Vet.
558 3829 694 3883 edit.
728 3845 861 3883 cum
895 3845 1043 3883 mss.
1081 3830 1256 3902 Reg,
1292 3851 1326 3902 _«
1364 3831 1665 3902 objectum
1694 3831 1839 3888 affe-

168 3905 314 3957 runt
340 3905 550 3970 terrae;
587 3921 608 3948 ιι
646 3915 792 3954 mss.
826 3915 945 3954 non
976 3901 1166 3970 pauci,
1185 3900 1710 3972 iobjectu‘afferunt
1728 3910 1841 3959 ter-

166 3987 295 4041 rm;
330 3995 353 4020 ιι
389 3972 450 4024 in
481 3987 731 4041 quorum
771 3976 968 4025 tamen
1015 3972 1238 4042 aliquot
1285 3975 1531 4028 verbum
1581 3975 1840 4030 afferunt

167 4043 658 4116 praetermittitur,
693 4043 869 4116 cujus
901 4044 1032 4096 loco
1054 4059 1184 4116 non,
1197 4044 1351 4116 male
1384 4047 1762 4102 substituitur
1782 4049 1842 4100 in

173 4113 298 4169 uno
330 4114 481 4184 Vat.,
536 4136 559 4161 α
597 4118 658 4167 ut
686 4113 919 4185 ferunt;
956 4138 980 4161 ιι
1034 4129 1102 4168 se
1131 4114 1316 4170 nihilo
1347 4117 1625 4172 deteriori
1657 4135 1843 4173 sensu

175 4188 353 4242 Rom.
389 4185 525 4258 edit.
560 4201 692 4258 cum
738 4201 886 4239 mss.
939 4189 1208 4256 quatuor,
1263 4206 1284 4236 «
1322 4187 1560 4258 objectu
1605 4189 1846 4244 all‘ertur

171 4261 378 4330 terrae.
408 4278 429 4304 ιι
464 4255 754 4330 Continuo
789 4270 929 4330 vero
952 4255 1106 4327 post,
1134 4258 1232 4330 ubi
1256 4263 1372 4312 vet.
1399 4255 1536 4314 edit.
1570 4277 1637 4314 ac
1671 4277 1844 4330 mss.,

184 4351 206 4379 ι
245 4329 343 4382 vel
375 4343 509 4383 cum
537 4343 568 4381 e
599 4329 844 4400 regione
874 4328 1032 4401 ejus,
1071 4349 1098 4378 ιι
1147 4329 1317 4382 Rom.
1369 4330 1506 4384 edit.
1559 4328 1844 4401 reposuit,

187 4422 209 4449 ι
245 4401 343 4472 vel
375 4415 508 4454 cum
537 4414 569 4452 e
597 4399 842 4471 regione
872 4399 1064 4469 lunae;
1103 4419 1125 4472 ιι
1179 4404 1235 4452 at
1273 4417 1486 4472 rursus
1517 4399 1724 4472 paucis
1756 4399 1848 4456 in-l

177 4471 488 4552 terjectis,
508 4486 614 4541 pro
641 4470 686 4552 μ
712 4472 980 4552 oriuntur
1007 4470 1164 4552 ipsi;
1202 4471 1330 4541 sed,
1365 4476 1426 4552 ut
1456 4470 1554 4552 ait,
1592 4498 1630 4552 »_
1651 4475 1851 4552 utha—

1959 3295 2319 3368 Apocalypsi
2350 3294 2606 3366 legimus
2653 3294 2900 3349 Joannis
2941 3295 3143 3366 (Apoc.
3186 3313 3266 3367 ιιι,
3311 3297 3336 3351 1
3373 3305 3430 3352 et
3465 3302 3636 3372 seq),

1961 3401 2080 3441 non
2119 3383 2515 3456 ingemiscere
2565 3383 2864 3438 credimus
2900 3383 3051 3455 (90);
3095 3401 3226 3440 cum
3281 3387 3638 3442 adhibentur

1960 3489 2266 3546 paenarum
2285 3475 2344 3526 et
2373 3471 2738 3528 excidiorum
2769 3472 3024 3527 ministri
3043 3475 3072 3527 ‘?
3087 3472 3196 3538 Qui
3217 3474 3505 3531 habentes
3523 3475 3637 3548 (91)

1966 3615 2239 3673 Ecclesia
2269 3615 2538 3688 damnata
2589 3616 2735 3685 erat,
2775 3613 2889 3688 hoc
2919 3615 3052 3670 loco
3091 3615 3353 3688 loquitur
3381 3618 3636 3674 Ambro-

1965 3689 2093 3743 sius
2129 3689 2246 3759 :ratp
2274 3686 2467 3759 eidem
2511 3685 3035 3759 hancopinionem
3085 3685 3203 3742 non
3251 3703 3359 3759 pro
3405 3704 3549 3744 vera
3581 3692 3640 3745 et

1967 3763 2126 3815 certa
2157 3756 2414 3831 habitam
2459 3771 2598 3811 esse
2628 3757 2766 3831 hinc
2815 3758 3135 3831 intelligas,
3177 3756 3334 3831 quod
3367 3761 3642 3831 sequenti

1967 3829 2216 3903 epistola
2244 3829 2393 3883 alias
2422 3829 2716 3903 proponit,
2752 3831 2809 3882 et
2837 3829 3224 3903 Horontiano,
3257 3837 3320 3886 ut
3350 3829 3524 3902 quam
3542 3849 3641 3903 po-

1966 3900 2259 3975 tissimam
2306 3900 2626 3975 censuerit,
2681 3903 3010 3975 sequatur“
3040 3901 3311 3975 liberum,
3342 3900 3638 3975 relinquit.

1968 3973 2103 4028 Non
2129 3987 2456 4045 possumus
2486 3974 2682 4045 autem
2729 3987 2860 4045 quae
2906 3971 3089 4045 fuerit
3127 3973 3318 4045 sancti
3364 3971 3645 4045 praesulis

1971 4044 2182 4117 hacﬂde
2213 4043 2616 4117 resententia,
2651 4043 2864 4117 melius
2894 4043 3434 4117 aliunde_colligere
3466 4063 3641 4117 quam

1972 4132 2048 4172 ex
2076 4114 2178 4168 lib.
2213 4129 2252 4165 ιι
2285 4115 2567 4168 Hexaem.
2600 4129 2728 4183 cap.
2778 4114 2830 4183 4,
2872 4129 3033 4168 num.
3087 4115 3171 4182 Π,
3223 4114 3323 4171 ubi
3369 4114 3646 4173 distincte

1973 4190 2153 4258 negat
2179 4185 2364 4240 ccelos
2394 4201 2463 4239 ac
2502 4186 2933 4258 ﬁrmamentum
2980 4189 3256 4256 tanquam
3306 4188 3647 4257 spirituales

1973 4256 2262 4330 quasdam
2291 4256 2758 4330 virtutesADeum
2787 4256 3048 4325 laudare,
3092 4258 3200 4330 sed
3245 4256 3646 4330 tantummodo

1975 4327 2144 4401 quasi
2164 4342 2356 4401 fopera
2386 4327 2606 4401 mundi.
2643 4327 3184 4401 Locumexpcnde,
3219 4332 3274 4382 et
3306 4345 3439 4382 cum
3461 4329 3640 4382 simili

1975 4395 2129 4472 apud
2161 4395 2449 4472 Basilium
2479 4399 2649 4452 Hom.
2682 4397 2806 4472 3_iu
2834 4395 3116 4472 Hexaem.
3153 4395 3447 4472 compara.

2049 4473 2162 4542 (90)
2206 4470 2490 4539 Quamvis
2540 4469 3130 4542 reprobosangelos
3175 4470 3635 4542 adnexigendas

186 4539 333 4619 bent
379 4539 527 4596 editf
556 4542 670 4619 vel
704 4545 764 4595 ut
813 4557 961 4619 mss.
993 4539 1284 4619 partim,__¢
1318 4539 1588 4599 criuntur
1618 4545 1792 4619 ipsis,
1825 4565 1846 4595 ιι
1872 4555 1927 4619 υ
1979 4539 2290 4619 criminum
2312 4557 2521 4619 poenas
2537 4540 2700 4619 Deus
2739 4539 3118 4619 potissimum
3147 4539 3442 4619 adhibeat,
3476 4541 3649 4619 quasi

182 4615 399 4684 partim
434 4635 454 4658 «
483 4613 750 4666 oriuntur
780 4627 855 4666 ex
885 4613 995 4683 eis,
1028 4616 1084 4666 et
1112 4616 1174 4666 ut
1195 4613 1273 4666 ait
1299 4629 1312 4681 ς
1337 4637 1358 4661 ιι
1395 4631 1550 4670 unus
1583 4613 1852 4671 codicum

190 4685 318 4759 Vat.
355 4686 693 4759 restituit,_«
731 4685 998 4759 oriuntur
1033 4685 1312 4759 eclipses,
1345 4709 1373 4759 ιι
1427 4691 1538 4740 etc.
1591 4689 1854 4759 Denique

183 4756 387 4810 locum
433 4755 787 4823 Psalmistae,
836 4756 935 4824 qui
984 4755 1298 4808 exhibetur
1337 4758 1399 4810 in
1448 4762 1566 4812 ant.
1618 4755 1775 4813 edit.’
1802 4761 1859 4812 et

187 4827 423 4900 cunctis
472 4843 658 4900 mss.,,
699 4847 720 4875 α
757 4826 1407 4900 Ιιιῃαηῐιονὶιμοοοξιευε
1452 4845 1620 4900 suos,
1657 4853 1680 4878 ιι
1715 4831 1855 4884 edit.

188 4899 366 4953 Rom.
402 4913 476 4951 ex
508 4897 699 4951 sacris
731 4896 1038 4950 codicibus
1072 4895 1238 4951 effert
1270 4898 1365 4953 his
1397 4895 1648 4956 verbis:
1696 4924 1716 4949 α
1752 4900 1859 4955 Fe-

193 4970 273 5023 cit
307 4969 502 5022 lunam
535 4969 594 5022 in
624 4972 908 5037 tempora,
941 4969 1030 5021 sol
1065 4970 1246 5036 novit,
1288 4993 1308 5016 ιι
1347 4975 1458 5025 etc.

263 5038 380 5110 (89)
413 5040 521 5093 Hic
552 5039 722 5093 locus
754 5039 1007 5112 praebuit
1035 5041 1336 5112 nonnullis
1372 5043 1769 5112 occasionem,
1800 5046 1865 5096 ut

190 5113 578 5166 Ambrosium
629 5112 777 5164 coelo
821 5113 878 5164 et
921 5110 1222 5164 sideribus
1267 5114 1584 5169 rationales
1635 5110 1862 5168 animos

191 5183 524 5237 secundum
555 5181 832 5252 Origenis
857 5182 1191 5252 Opinionem
1224 5184 1541 5241 attribuere
1566 5187 1864 5241 existima-

193 5258 347 5308 rent.
373 5256 494 5318 Qua
521 5254 591 5306 de
623 5269 686 5306 re
720 5254 948 5306 consuli
981 5256 1176 5322 potest
1207 5255 1377 5310 Dion.
1415 5258 1690 5311 Petavius
1713 5258 1813 5310 lib.
1848 5274 1867 5309 ι

192 5327 269 5398 de
297 5326 542 5398 Opilicio
563 5340 675 5398 sex
696 5324 849 5398 (tier.
883 5341 1010 5393 cap.
1040 5326 1123 5392 1‘2,
1146 5328 1202 5378 et
1224 5325 1368 5381 Dan.
1397 5327 1668 5398 Huetius,
1701 5329 1804 5382 lib.
1829 5344 1870 5381 ιι

195 5395 448 5470 ρι’ίθῖη.⁸
470 5396 768 5470 qu_;est,_8.
786 5395 1004 5470 verum
1035 5401 1428 5470 praeterquam
1450 5401 1607 5470 quod
1630 5395 1872 5470 respon-

193 5466 368 5543 detur
399 5467 472 5520 ab
503 5466 803 5543 aliquibus
835 5466 994 5543 hic_a
1025 5471 1234 5543 sancto
1272 5466 1523 5524 Doctore
1557 5466 1869 5543 quamdam

192 5540 322 5595 ﬂeri
356 5539 856 5612 prosapoproeiam,
891 5538 1199 5612 advertere
1231 5554 1428 5608 operae
1458 5538 1731 5612 praetium
1778 5544 1871 5598 est

196 5626 317 5684 non
339 5610 708 5684 paucosillis
730 5610 1102 5684 temporibus
1125 5610 1576 5684 exstitissefqui
1599 5615 1872 5669 rationali

199 5683 394 5755 anima
417 5681 701 5755 praeditos
722 5696 862 5755 esse
882 5682 1099 5755 globos
1121 5683 1400 5738 caelestes
1421 5681 1866 5753 arbitrarentur,

201 5754 264 5818 in
292 5769 550 5839 quorum
577 5753 980 5835 hypothesiet
1010 5755 1322 5836 sententia,
1345 5772 1478 5840 quae
1507 5757 1769 5841 nondum
1798 5756 1872 5844 ab

1973 4615 2223 4687 justiti-ae
2275 4609 2402 4669 suae
2451 4612 2716 4687 lictores‘
2744 4626 2814 4664 ac
2843 4609 3152 4687 satellites,
3204 4612 3360 4665 unde
3390 4609 3651 4687 legimus

1982 4681 2135 4758 psaI.
2188 4701 2388 4742 Lxxvu
2412 4698 2620 4758 ,_vers.
2655 4681 2746 4751 49,
2784 4704 2804 4726 α
2840 4681 3251 4758 immissiones
3266 4698 3372 4752 per
3400 4681 3649 4758 angelos

1983 4752 2191 4825 inalos,
2239 4781 2261 4807 ιι
2306 4755 2483 4810 bonis
2512 4752 3208 4825 tamenquandoquead
3239 4753 3352 4808 hoc
3382 4752 3654 4809 ministe-

1980 4829 2135 4882 rium
2171 4823 2372 4894 utitur,
2414 4829 2476 4878 ut
2504 4839 2622 4877 non
2651 4823 2845 4876 solum
2893 4838 2968 4896 ex
3001 4824 3185 4878 variis
3235 4825 3390 4880 locis
3423 4829 3656 4896 Apoca-

1988 4896 2615 4970 lypsisintelligimus,
2632 4910 2840 4949 verum
2875 4895 3049 4970 etiam
3091 4909 3123 4970 e
3162 4896 3264 4951 lib.
3289 4896 3364 4950 Ν
3398 4895 3654 4970 Regum,

1989 4966 2116 5039 cap.
2159 4987 2285 5039 χιχ,
2326 4972 2383 5022 et
2414 4966 2620 5039 Daniel
2670 4981 2798 5035 cap.
2839 4982 2898 5039 x_.
2948 4966 3115 5030 Quod
3165 4972 3359 5021 autem
3407 4966 3661 5024 tesiatur

1988 5036 2348 5096 Ambrosius
2388 5037 2632 5092 eosdem
2689 5036 2957 5107 Angelos
3010 5039 3432 5108 ingemiscere,
3489 5042 3546 5094 id
3587 5056 3658 5096 eo

1990 5128 2176 5166 sensu
2198 5109 2609 5180 accipiendum
2633 5113 2882 5183 es_t,_quo
2902 5111 3176 5183 sequenti
3197 5111 3446 5180 epistola
3467 5112 3661 5183 signi-

1989 5184 2123 5237 ﬁcat
2147 5179 2444 5251 hosip’sos
2472 5180 2712 5252 corpori
2742 5179 3029 5252 Ecclesiae
3077 5179 3348 5252 compati,
3381 5179 3658 5252 tanquam

1986 5255 2252 5308 membra
2283 5250 2591 5322 superiora
2622 5250 3008 5304 inferioribus
3053 5250 3341 5307 membris
3386 5250 3657 5308 laboran-

1988 5326 2169 5380 tibus.
2205 5325 2329 5378 Hac
2360 5326 2553 5378 autem
2585 5323 3003 5390 compassione
3037 5322 3270 5378 illorum
3301 5338 3418 5378 non
3469 5325 3657 5391 impe-

1991 5398 2105 5461 diri
2136 5397 2511 5450 felicitamem
2542 5393 2918 5464 Augustinus
2951 5409 3083 5447 cum
3114 5395 3253 5448 alibi
3283 5411 3400 5448 non
3449 5391 3654 5462 semel,

1991 5471 2114 5522 tum
2143 5469 2205 5523 in
2235 5468 2338 5522 lib.
2373 5467 2447 5521 de
2483 5463 2666 5519 Civit;
2699 5463 2813 5518 Dei
2849 5465 3121 5535 pluribus
3167 5465 3318 5519 locis
3365 5465 3556 5534 docet,
3591 5478 3660 5518 ac

1991 5543 2296 5613 post‘euim
2325 5552 2540 5613 agmen
2571 5535 3031 5613 Theologorum.

2064 5609 2178 5683 (91)
2227 5603 2399 5683 Mss:
2427 5609 2670 5683 aliquot,
2706 5627 2730 5658 ι
2765 5603 2877 5683 Qui
2905 5622 3026 5683 non
3056 5605 3364 5683 habentes.
3401 5625 3424 5658 ι
3459 5603 3659 5660 Minus

1999 5677 2326 5740 commode.
2381 5677 2546 5736 Infra
2585 5677 2770 5748 vero,
2817 5678 2920 5733 ubi
2974 5681 3091 5732 ant.
3142 5677 3280 5748 edit.
3331 5693 3464 5734 cum
3499 5693 3664 5746 mss.

2001 5755 2186 5844 multo
2213 5752 2511 5836 pluribus,
2563 5774 2587 5837 σι
2633 5747 2998 5834 interpolari,
3047 5767 3071 5806 ι
3103 5747 3252 5833 edit,
3313 5749 3484 5830 Rom,
3531 5763 3668 5838 eum
