4070 6180
515 281 674 351 1023

1976 269 2042 346 Β.
2087 269 2533 348 AMBROSII.

3778 288 3903 351 1024

513 488 694 542 vitam
719 486 971 556 beatam,
1003 477 1244 541 mallent
1272 485 1474 558 utique
1504 499 1632 540 eam
1663 485 1724 538 in
1746 483 1846 540 illo
1876 483 2185 556 superiore
2209 468 2270 535 Α
2367 483 2421 538 3.
2456 482 2630 537 Nunc
2657 481 2803 537 illud
2833 480 3281 536 consideremus
3312 481 3471 554 quod
3499 483 3734 555 adjecit:
3769 487 3906 545 uNon

516 574 957 647 tranquillitatis
989 590 1116 630 suae
1149 577 1306 629 statu
1345 588 1674 642 recurrere,
1724 589 1902 644 quam
1944 575 2186 628 nostro-

513 681 645 718 rum
674 666 1052 734 peccatorum
1082 663 1276 734 pmnis
1311 662 1623 717 ultricibus
1659 661 2022 731 interpolari.
2061 661 2187 716 Ete-

513 753 635 807 nim
691 752 793 823 qui
845 751 1105 824 gaudent
1158 752 1336 806 unius
1393 750 1726 821 peccatoris
1781 751 2184 819 redemptione

510 843 674 912 (Luc.
708 859 811 912 xv,
847 842 956 911 10),
991 842 1191 912 utique
1223 844 1519 896 tantorum
1556 843 1935 910 peccatorum
1967 855 2184 893 aerum-

513 932 610 986 nis
642 932 1064 1003 ingemiscunt.

582 1039 670 1093 11.
719 1038 780 1094 Si
827 1039 1010 1109 igitur
1061 1037 1234 1092 etiam
1265 1037 1542 1092 caelestes
1573 1039 1858 1090 creaturae
1889 1037 1946 1090 et
1975 1034 2182 1088 Potes-

511 1131 662 1183 tates
721 1129 1066 1182 servitutem
1118 1126 1517 1196 corruptionis
1568 1125 1892 1188 sustinent,
1959 1123 2067 1177 sed
2122 1122 2184 1176 in

518 1233 646 1288 spe,
706 1219 770 1270 ut
825 1215 1112 1287 pronobis
1160 1219 1365 1286 postea
1417 1217 1473 1270 et
1521 1215 1833 1268 nobiscum
1873 1212 2182 1281 lastentur;

507 1307 682 1362 etiam
713 1321 824 1360 nos
855 1305 1172 1376 passiones
1195 1304 1382 1375 hujus
1412 1303 1698 1373 temporis
1730 1302 1942 1356 futurae
1985 1315 2093 1370 spe
2125 1300 2184 1354 et

509 1394 953 1466 exspectatione
985 1392 1364 1449 consolemur
1391 1391 1623 1464 gloriae.
1656 1390 1820 1461 Vale,
1853 1389 1956 1460 fili,
1989 1393 2047 1444 et
2067 1403 2180 1444 nos

505 1483 709 1555 dilige,
744 1483 880 1554 quia
912 1497 1024 1538 nos
1053 1485 1110 1537 te
1144 1481 1472 1553 diligimus.

847 1635 991 1700 925
1037 1630 1404 1688 EPISTOLA
1441 1628 1658 1685 xxxv
1696 1629 1832 1700 (92).

498 1760 566 1814 In
597 1760 708 1814 hac
739 1758 985 1830 epistola
1020 1757 1309 1830 quaeritur
1323 1755 1538 1826 primo,
1567 1769 1673 1830 cur
1707 1768 1834 1807 cum
1867 1751 1930 1805 in
1968 1750 2177 1830 verbis

2295 572 2494 629 solum
2521 574 2712 626 autem
2747 570 2867 641 illa,
2899 570 3006 626 sed
3036 571 3210 626 etiam
3239 586 3350 626 nos
3382 571 3660 641 primitias
3703 575 3904 644 spiritus

2293 661 2601 729 habentes,
2638 660 2754 730 ipsi
2777 660 2927 713 intra
2949 674 3059 714 nos
3083 659 3555 731 ingemiscimus,
3587 662 3902 732 adoptionem

2293 749 2550 804 ﬁliorum
2573 750 3011 818 exspectantes,
3036 748 3501 818 redemptionem
3524 751 3773 820 corporis
3797 768 3901 807 nos-

2292 838 2366 891 tri
2396 838 2585 906 (Rom.
2620 853 2744 905 vm,
2777 837 2888 906 23).
2929 858 2950 886 η
2986 835 3138 901 Quid
3185 837 3264 891 sit
3302 837 3537 907 adoptio
3568 837 3798 893 ﬁliorum
3822 857 3900 896 su-

2293 927 2492 996 perior
2541 926 2756 998 pagina
2801 925 3013 995 docet,
3063 928 3120 979 et
3168 925 3300 980 ideo
3360 928 3685 996 exponendi
3729 944 3900 984 sensus

2294 1015 2484 1086 gratia
2512 1015 2584 1068 ad
2615 1014 2985 1084 superiorem
3011 1015 3438 1069 recurrendum
3471 1018 3562 1070 est
3588 1016 3847 1088 paginam.

2360 1129 2414 1185 4.
2463 1129 2574 1194 Qui
2624 1129 2874 1200 spiritu,
2923 1129 3112 1201 inquit
3161 1129 3340 1198 (Ibid.
3389 1130 3513 1200 13),
3566 1129 3708 1186 facta
3749 1135 3898 1188 carnis

2290 1219 2621 1288 mortificat,
2655 1218 2833 1273 vivet.
2868 1218 2994 1273 Nec
3025 1218 3238 1273 mirum
3267 1219 3322 1273 si
3365 1221 3545 1289 vivat,
3596 1236 3720 1275 cum
3758 1221 3894 1278 Filius

2290 1308 2396 1362 Dei
2427 1307 2544 1377 ﬁat,
2579 1307 2681 1378 qui
2711 1307 2888 1362 habet
2933 1307 3213 1378 Spiritum
3263 1308 3392 1363 Dei.
3447 1309 3608 1363 Adeo
3649 1313 3734 1363 est
3758 1309 3893 1365 Filius

2288 1397 2415 1468 Dei,
2450 1400 2513 1451 ut
2543 1412 2661 1452 non
2691 1396 2942 1467 accipiat
2973 1397 3246 1467 spiritum
3277 1397 3608 1468 servitutis,
3640 1397 3738 1452 sed
3763 1400 3893 1469 spiri-

2285 1489 2410 1541 tum
2439 1485 2773 1556 adoptionis
2805 1485 3096 1556 filiorum;
3135 1501 3404 1558 eousque
3453 1489 3517 1541 ut
3556 1487 3891 1542 testimonium

2285 1574 2521 1646 spiritui
2569 1577 2775 1630 nostro
2825 1577 3070 1630 sanctus
3113 1574 3372 1645 Spiritus
3419 1574 3624 1630 reddat
3667 1575 3804 1647 quod
3825 1592 3891 1631 su-

2283 1679 2417 1718 mus
2447 1663 2549 1718 filii
2584 1663 2709 1718 Dei.
2744 1664 3174 1719 Testimonium
3206 1666 3404 1719 autem
3437 1663 3551 1719 hoc
3581 1667 3670 1719 est
3696 1664 3890 1734 Spiritus

2283 1753 2495 1823 sancti,
2545 1752 2708 1824 quod
2749 1752 2880 1823 ipse
2909 1755 3003 1808 est
3031 1752 3133 1824 qui
3162 1752 3380 1808 clamat
3408 1753 3470 1807 in
3501 1751 3766 1808 cordibus
3788 1769 3888 1808 nos-

571 1822 843 1913 Αροειριί
877 1844 990 1884 ηοη
1025 1822 1214 1908 δωηίςς
1246 1822 1522 1913 ert-33‘?”
1549 1824 1786 1913 ξίξοεῖψξ
1801 1822 2177 1913 κρρηξζιξρξξῇηἰ
2207 1848 2262 1913 Β
2283 1840 2392 1895 tris
2428 1857 2440 1896 :
2479 1822 2500 1888 ἐκ
2529 1822 2699 1895 Abba
2730 1822 2913 1912 pater,
2942 1865 2966 1890 .›
3001 1822 3159 1896 sicut
3187 1841 3262 1896 ad
3289 1841 3530 1897 Galatas
3562 1843 3888 1912 scriptumest

571 1894 865 1966 obnoxia,
922 1899 1367 1971 congemiseere
1417 1903 1611 1950 tamen
1660 1894 2174 1971 omnis_digatur_:

562 1979 771 2044 postea
804 1963 883 2044 ex
913 1963 1150 2044 iisjuaa
1185 1967 1789 2044 ididemsequuntur,
1826 1964 1900 2019 de
1940 1963 2175 2044 Spiritu

571 2033 924 2114 adoptionis,
974 2033 1052 2095 dé
1095 2033 1925 2114 magnitudine—praemiorum
1970 2033 2174 2114 easies-

572 2105 743 2182 tium,
779 2113 854 2168 de
882 2105 1220 2166 Sanctorum
1259 2109 1519 2182 gemitu,
1544 2105 1838 2182 primitiis
1875 2105 2168 2182 Spiritus,

574 2178 888 2257 adoptione
909 2182 1185 2251 filiorum,
1210 2178 1278 2235 ac
1294 2195 1399 2251 Spe
1421 2179 1698 2234 salvante
1719 2178 2070 2233 disseritur.

925 2325 1270 2379 Ausaosws
1329 2321 1734 2376 HORONTIANO.

569 2452 622 2508 1.
655 2449 940 2522 Superior
968 2447 1218 2521 epistola
1247 2449 1364 2502 tuae
1398 2445 1769 2517 inquisitioni
1817 2443 2164 2514 respondit;

499 2542 630 2598 haec
661 2556 808 2596 meae
841 2536 1256 2609 responsionis
1286 2535 1476 2606 portio
1508 2539 1619 2605 est,
1653 2549 1795 2605 quae
1817 2549 1934 2588 non
1952 2532 2163 2601 solvat,

494 2632 604 2688 sed
654 2629 891 2701 impleat
940 2626 1329 2697 superiorem.
1384 2623 1534 2679 Nam
1579 2623 1718 2677 dum
1759 2621 2037 2677 ulteriora
2065 2636 2164 2675 re-

495 2735 736 2788 censeo,
771 2717 954 2774 movit
983 2731 1097 2786 me,
1133 2713 1340 2784 fateor,
1373 2713 1511 2784 quia
1539 2711 1762 2766 addidit
1799 2726 1812 2766 :
1871 2733 1892 2759 u
1928 2710 2162 2764 Scimus

496 2809 653 2864 enim
681 2807 840 2880 quod
869 2805 1063 2861 omnis
1114 2806 1381 2859 creatura
1425 2800 1766 2873 ingemiscit
1812 2799 2001 2870 (Rom.
2035 2815 2160 2869 vm,

491 2899 583 2968 22)
611 2913 626 2968 ;
659 2919 681 2947 ι
716 2913 851 2952 cum
881 2896 939 2950 in
972 2894 1155 2965 priori
1188 2891 1442 2962 capitulo
1472 2891 1603 2946 sine
1634 2889 1966 2960 adjectione
1997 2887 2162 2942 dixe-

489 2989 610 3042 rit:
669 3009 690 3037 ι
727 2985 875 3052 Quia
919 2985 1189 3038 creatura
1232 2980 1474 3036 vanitati
1523 2977 1795 3050 subjecta
1839 2981 1931 3032 est
1979 2976 2156 3046 (Ibid.

489 3075 602 3146 20).
640 3099 662 3124 ι»
700 3075 833 3130 Non
863 3073 1019 3128 enim
1052 3085 1286 3126 omnem
1319 3071 1666 3138 creaturam,
1703 3066 1809 3121 sed
1829 3068 2158 3121 creaturam

2285 1929 2504 2000 (Ge/at.
2551 1946 2630 2000 iv,
2681 1929 2758 2000 6).
2813 1929 2930 1985 Sed
2970 1933 3028 1985 et
3072 1930 3220 1985 illud
3267 1930 3514 2002 grande.
3555 1931 3887 1986 testimonium

2283 2017 2441 2090 quod
2488 2017 2593 2072 ﬂlii
2641 2033 2850 2073 sumus
2900 2019 3041 2089 Dei;
3092 2018 3232 2090 quia
3277 2034 3496 2074 sumus
3523 2019 3774 2075 haaredes
3798 2019 3884 2089 Dei,

2282 2107 2628 2162 cohaeredes
2659 2110 2854 2162 autem
2884 2107 3104 2162 Christi
3142 2108 3334 2179 (Rom.
3387 2125 3512 2177 vm,
3560 2107 3644 2179 16,
3689 2108 3886 2179 17);coo

2281 2195 2477 2250 haeres
2507 2199 2702 2251 autem
2733 2199 2825 2251 est
2855 2195 3010 2268 ejus,
3044 2197 3144 2268 qui
3177 2197 3662 2270 congloriflcatur
3687 2199 3766 2252 ei:
3794 2213 3884 2252 con-

2279 2284 2647 2356 gloriﬁcatur
2693 2283 2808 2356 (95)
2857 2300 3000 2340 vero
3047 2285 3154 2356 illi,
3202 2286 3303 2358 qui
3353 2286 3627 2358 patiendo
3656 2301 3750 2358 pro
3774 2287 3882 2356 ipso,

2281 2374 2632 2444 compatitur
2660 2373 2734 2428 ei.

2361 2471 2506 2534 926
2551 2472 2604 2526 5.
2655 2469 2726 2524 Et
2771 2472 2834 2525 ut
2883 2486 2994 2526 nos
3043 2470 3314 2528 horletur
3344 2474 3419 2528 ad
3448 2475 3785 2544 passionem,
3810 2471 3882 2525 ad-

2273 2558 2474 2630 jungit
2520 2559 2654 2630 quia
2705 2559 2899 2614 omnia
2947 2575 3079 2632 quae
3123 2561 3400 2633 patimur,
3453 2563 3673 2618 minora
3717 2564 3883 2616 suntet

2278 2647 2521 2720 indigna
2566 2663 2817 2719 quorum
2867 2664 2974 2718 pro
3022 2649 3333 2708 laboribus
3383 2654 3540 2706 tanta
3594 2650 3883 2722 rependatur

2275 2735 2605 2792 futurorum
2657 2752 2888 2792 merces
2937 2737 3251 2810 bonorum,
3305 2757 3442 2814 quae
3489 2741 3812 2796 revelabitur
3841 2739 3880 2791 in

2275 2825 2449 2880 nobis
2480 2825 2658 2896 (Ibid.
2695 2826 2802 2895 18),
2837 2842 2972 2881 cum
3019 2828 3094 2883 ad
3136 2828 3243 2884 Dei
3293 2831 3610 2904 imaginem
3639 2825 3880 2884 reformati

2277 2913 2530 2986 gloriam
2550 2913 2684 2986 ejus
2709 2915 2858 2970 facie
2879 2916 2952 2970 ad
2971 2916 3181 2972 faciem
3199 2921 3475 2990 aspicere
3497 2918 3856 2975 meruerimus.

2343 3002 2396 3058 6.
2451 3003 2522 3057 Et
2569 3005 2632 3058 ut
2677 3005 3141 3077 magnitudinem
3170 3006 3556 3064 revelationis
3588 3009 3777 3064 futurae
3802 3019 3879 3060 ex-

2271 3091 2522 3162 tolleret,
2574 3093 2797 3148 addidit
2845 3095 3002 3165 quod
3043 3098 3100 3150 et
3136 3099 3411 3153 creatura
3441 3099 3591 3153 hanc
3619 3095 3875 3153 revelatio-

489 3160 1135 3272 Subifctfffﬂiiiﬁ-zgi
1156 3159 1522 3272 ίξθξῗξξξ
1548 3155 2156 3272 ξλξὶῇιξὲξξξῗξήθξῑίιξξὶδ
2189 3205 2244 3272 ο
2271 3196 2407 3236 nem
2435 3155 2743 3252 exspectet
2772 3155 3025 3239 filiorum
3047 3184 3173 3255 Dei,
3198 3201 3336 3256 quae
3360 3203 3516 3242 nunc
3537 3185 3755 3241 vanitati
3772 3183 3876 3238 sub-

489 3257 760 3311 creatura
789 3250 1136 3308 liberabitur
1163 3265 1196 3303 a
1229 3247 1514 3303 servitute
1546 3243 1942 3315 corruptionis
1974 3243 2152 3313 (Ibid.

487 3345 599 3414 21).
642 3363 665 3394 ι
717 3341 914 3398 Tertio
960 3343 1154 3395 autem
1201 3337 1424 3392 addidit
1470 3335 1629 3407 quod
1658 3334 1852 3390 omnis
1885 3335 2154 3389 creatura

498 3431 905 3505 congemiscat
933 3427 1112 3501 (Ibid.
1143 3425 1256 3498 22).

553 3541 608 3596 2.
641 3538 791 3606 Quid
823 3537 940 3593 sibi
968 3536 1150 3608 igitur
1196 3532 1322 3588 vult
1367 3533 1481 3586 ista
1524 3529 1801 3601 adiectio,
1852 3528 1969 3584 nisi
1999 3527 2149 3583 forte

479 3629 618 3704 quia
667 3643 786 3685 non
816 3626 1009 3683 omnis
1041 3625 1310 3679 creatura
1353 3619 1625 3692 subjecta
1651 3617 1893 3673 vanitati
1922 3621 2016 3673 est
2047 3633 2060 3672 :
2094 3619 2152 3672 et

479 3719 617 3793 quia
644 3734 764 3774 non
793 3715 986 3772 omnis
1018 3712 1260 3768 vanitati
1289 3709 1566 3782 subjecta
1598 3711 1708 3778 est,
1743 3723 1861 3763 non
1891 3705 2084 3762 omnis
2113 3722 2147 3761 a

480 3808 766 3864 servitute
789 3803 1186 3876 corruptionis
1210 3800 1558 3857 liberabitur
1576 3801 1604 3854 ‘?
1633 3796 1785 3863 Quid
1813 3797 1971 3853 enim
2000 3796 2148 3850 libe-

480 3899 663 3967 retur,
712 3911 848 3967 quae
891 3910 924 3948 a
971 3891 1345 3964 subjectione
1394 3888 1668 3944 vanitatis
1710 3889 1768 3942 et
1799 3902 1833 3940 a
1862 3885 2146 3940 servitute

480 3985 881 4057 corruptionis
920 3983 1032 4054 (93)
1083 3980 1218 4052 ejus
1259 3993 1476 4050 expers
1506 3981 1680 4048 atque
1714 3975 1992 4030 immunis
2025 3974 2146 4029 sit?

479 4072 685 4130 Omnis
717 4077 911 4128 autem
943 4069 1348 4143 congemiscat
1392 4082 1510 4122 non
1550 4066 1610 4120 in
1639 4080 1770 4134 suo,
1807 4064 1912 4118 sed
1943 4064 2003 4118 in
2031 4078 2142 4118 no-

476 4167 602 4219 stro
659 4163 882 4230 labore,
935 4164 991 4216 et
1040 4156 1458 4230 comparturiat
1504 4155 1619 4226 (94)
1670 4153 1833 4208 illum
1883 4151 2142 4208 fortasse

477 4253 751 4324 spiritum
781 4249 1012 4320 salutis,
1047 4248 1317 4320 spiritum
1343 4243 1750 4317 jucunditatis,
1784 4245 2141 4312 exspectans

472 4343 847 4414 adoptionem
900 4340 1156 4394 filiorum
1203 4336 1350 4404 Dei;
1400 4335 1464 4388 ut
1508 4347 1876 4388 communem
1922 4331 1993 4386 de
2040 4346 2140 4386 re-

475 4433 812 4503 demptione
843 4427 1082 4484 humani
1113 4424 1354 4499 generis
1378 4425 1776 4494 consequatur
1796 4419 2055 4476 laetitiam
2085 4423 2142 4476 ct

475 4521 950 4577 exsultationem.
983 4518 1100 4571 Aut
1127 4518 1366 4586 propter
1387 4513 1729 4567 charitatem
1759 4512 1941 4583 igitur
1968 4526 2137 4565 suam

475 4610 669 4667 omnis
717 4595 1057 4681 ingemiscit
1104 4607 1371 4659 nostrum
1415 4601 1698 4672 laborem,
1749 4602 1847 4654 aut
1898 4601 2138 4670 pr0pter

472 4699 803 4755 membrum
854 4697 948 4752 sui
984 4693 1273 4765 corporis,
1307 4689 1484 4764 cujus
1516 4693 1688 4762 caput
1714 4687 1989 4744 Christus
2021 4691 2132 4744 est.

471 4788 590 4844 Sed
643 4787 770 4842 sive
819 4788 897 4840 ita
939 4787 1002 4839 ut
1041 4781 1322 4849 diximus,
1354 4783 1483 4836 sive
1513 4776 1860 4850 simpliciter
1888 4776 2134 4848 subjec-

467 4881 585 4933 tam
635 4877 964 4932 creaturam
1019 4887 1253 4928 omnem
1304 4870 1520 4926 dixerit
1577 4866 2023 4939 congemiscere
2078 4871 2135 4922 et

459 4948 918 5038 'comparturire,
951 4965 1014 5018 ut
1043 4960 1212 5017 voles
1242 4959 1525 5032 intelligo.

466 5109 599 5165 aliis
650 5107 780 5163 cod.
827 5102 1410 5178 pauculisprmfert,
1461 5098 1960 5178 «__i_nterpellari._a
2015 5098 2131 5178 Sed

391 5222 398 5226 -
465 5186 581 5236 tam
613 5195 794 5250 saepe,
828 5173 910 5232 ait
941 5173 1229 5243 Nannius,
1263 5176 1323 5250 in
1356 5175 1448 5250 his
1480 5173 1650 5250 libris
1675 5173 1945 5250 occurrit
1980 5193 2001 5220 ι
2037 5173 2130 5225 in-

466 5242 747 5323 terpolari
780 5242 800 5298 Β
835 5265 942 5323 pro
977 5271 998 5296 «ι
1035 5242 1415 5323 interpellari,
1446 5267 1466 5292 η
1503 5242 1836 5323 ut_dubium
1869 5243 1964 5314 sit,
1991 5258 2130 5297 num

467 5324 529 5379 S.
559 5317 923 5378 'Ambrosi—us
955 5319 1293 5391 promiscue
1309 5317 1443 5391 _ill_is
1474 5317 1688 5369 utatur.

537 5396 653 5465 (92)
680 5394 911 5464 Scripta
942 5387 1100 5445 circa
1130 5405 1266 5442 ann.
1300 5387 1426 5442 387.

536 5463 649 5547 (93)
694 5463 914 5530 Omnes
958 5471 1374 5547 edit.__e_t_mss_.
1406 5465 1694 5547 nonnulli.
1721 5485 1756 5547 _¢
1791 5463 1951 5547 Quid.
1973 5465 2129 5520 enim

463 5535 749 5604 liberatur
772 5561 787 5615 ;
821 5559 954 5616 qua;
975 5539 1354 5616 vanitatis,_e_t
1376 5535 1792 5616 corruptionis,
1816 5559 1836 5584 η
1857 5537 1955 5616 alii
1977 5552 2124 5616 mss,

465 5608 885 5689 compluresf»
919 5613 1071 5689 Quid
1086 5608 1265 5689 enim
1286 5608 1588 5689 liberetur,
1612 5624 1746 5681 quae
1775 5608 2048 5689 vanitatis
2072 5611 2130 5689 et

463 5707 497 5763 a
518 5679 810 5763 servitute
840 5679 1273 5763 corruptionis;
1311 5702 1334 5736 ι
1368 5685 1425 5740 at
1452 5679 1650 5743 locuni
1688 5679 1942 5763 restituit
1991 5679 2122 5763 cod.

465 5759 662 5852 Albin.
692 5762 756 5818 ut
781 5758 844 5830 in
870 5759 1054 5822 textu.

2260 3269 2424 3342 jecta
2453 3273 2564 3342 est,
2597 3288 2717 3328 non
2751 3275 2979 3344 sponte,
3013 3273 3120 3329 sed
3169 3273 3229 3328 in
3281 3291 3430 3346 spe;
3475 3277 3605 3348 quia
3632 3276 3802 3346 Sperat
3824 3271 3874 3325 de

2266 3358 2503 3416 Christo
2537 3361 2784 3433 gratiam
2817 3361 3126 3416 ministerii
3159 3363 3256 3417 sui
3292 3380 3304 3418 :
3339 3364 3435 3419 vel
3467 3366 3598 3436 quia
3626 3369 3677 3418 et
3704 3363 3811 3434 ipsa
3833 3359 3875 3412 li-

2265 3447 2572 3505 berabitur
2613 3466 2646 3505 a
2690 3451 2973 3506 servitute
3024 3452 3465 3523 corruptionis;
3506 3457 3567 3507 ut
3594 3452 3873 3508 assumatur

2265 3537 2325 3592 in
2358 3539 2688 3595 libertatem
2717 3541 2924 3612 glorias
2955 3540 3212 3596 filiorum
3243 3541 3373 3610 Dei,
3409 3546 3471 3596 ut
3498 3542 3575 3597 sit
3604 3557 3708 3596 una
3731 3539 3871 3593 liber-

2265 3629 2357 3682 tas
2403 3632 2712 3700 creaturae,
2746 3631 2804 3684 et
2831 3629 3087 3684 ﬁliorum
3135 3629 3264 3698 Dei,
3307 3647 3444 3686 cum
3471 3631 3712 3686 revelata
3738 3625 3870 3682 fuerit

2265 3732 2470 3772 eorum
2499 3717 2709 3789 gloria.
2744 3717 2963 3773 Verum
2993 3734 3151 3774 nunc
3182 3720 3324 3774 dum
3355 3721 3629 3776 revelatio
3655 3729 3870 3790 proci-as

2262 3806 2518 3877 tinatur,
2568 3807 2958 3878 congemiscit
3004 3809 3199 3863 omnis
3253 3813 3523 3865 creatura
3569 3808 3866 3880 exspectans

2261 3894 2593 3965 adoptionis
2626 3899 2684 3949 et
2712 3895 3133 3966 redemptionis
3163 3901 3390 3954 nostrae
3419 3899 3678 3972 gloriam,
3708 3897 3865 3966 partu-

2259 3983 2424 4038 riens
2452 3982 2576 4054 jam
2607 3983 2772 4038 illum
2799 3983 3072 4055 spiritum
3103 3986 3338 4059 salutis,
3363 3992 3422 4043 et
3449 3989 3650 4045 volens
3676 3979 3864 4040 liberari

2258 4087 2292 4125 a
2321 4071 2598 4127 vanitatis
2631 4073 2898 4129 servitio.

2327 4161 2381 4216 Ἷ.
2412 4160 2519 4216 Cui
2551 4161 2860 4234 conjunxit
2887 4163 3211 4235 Apostolus
3244 4166 3420 4221 etiam
3451 4168 3764 4222 sanctorum
3786 4173 3862 4232 ge-

2256 4249 2482 4322 mitum,
2515 4251 2618 4322 qui
2647 4250 2865 4306 habent
2896 4253 3185 4323 primitias
3216 4254 3507 4327 Spiritus;
3555 4270 3678 4310 nam
3705 4255 3752 4306 et
3776 4246 3860 4317 ipsi

2255 4337 2677 4411 ingemiscant.
2711 4339 2994 4405 Quamvis
3034 4345 3190 4398 enim
3237 4345 3310 4399 de
3339 4361 3450 4400 suo
3482 4344 3678 4400 merito
3705 4334 3860 4394 securi

2255 4425 2394 4498 sint,
2426 4431 2619 4485 tamen
2649 4431 2786 4501 quia
2815 4430 3009 4485 futura
3042 4436 3132 4487 est
3162 4434 3355 4489 adhuc
3387 4432 3693 4503 redemptio
3717 4427 3856 4482 totius

2255 4517 2525 4586 corporis
2557 4518 2867 4590 Ecclesiae,
2901 4522 3350 4591 compatiuntur.
3376 4523 3518 4578 Cum
3535 4523 3679 4576 enim
3705 4515 3855 4572 adhuc

2255 4605 2516 4660 membra
2538 4607 2835 4676 patiuntur
2852 4610 3121 4680 corporis
3145 4611 3259 4681 sui,
3284 4612 3572 4683 quomodo
3589 4610 3690 4665 alia
3711 4617 3853 4660 mem-

2249 4694 2378 4765 bra,
2422 4695 2560 4750 licet
2607 4695 2935 4769 superiora,
2989 4714 3108 4754 non
3153 4702 3579 4772 compatiuntur
3621 4691 3850 4753 membris

2248 4785 2426 4839 unius
2459 4787 2728 4856 corporis
2757 4786 3162 4844 laborantibus
3183 4791 3211 4844 εν

2316 4871 2372 4928 8.
2426 4873 2596 4928 Unde
2641 4879 2781 4945 puto
2831 4876 3061 4932 dixisse
3101 4879 3469 4949 Apostolum,
3517 4878 3642 4950 quia
3668 4868 3848 4927 tuncet

2246 4961 2377 5035 ipse
2399 4961 2586 5018 Filius
2607 4963 2918 5036 subjectus
2941 4967 3069 5038 erit,
3095 4969 3196 5040 qui
3219 4970 3272 5024 ei
3293 4968 3544 5041 subjecit
3563 4961 3732 5020 omnia
3759 4950 3843 5027 (96)

2316 5103 2429 5175 (94)
2459 5104 2732 5161 Graecum
2762 5107 3010 5163 verbum
3040 5112 3200 5171 ὠδίνω
3230 5116 3286 5167 et
3329 5109 3576 5182 parturio
3617 5108 3666 5160 et
3707 5096 3839 5182 dolea

2246 5183 2546 5267 significat
2579 5187 2699 5267 {ad
2731 5191 3039 5267 utramque
3071 5176 3554 5267 significationem
3576 5185 3660 5267 hic
3683 5176 3838 5267 allusit

2245 5255 2716 5326 SfAmbrosius,
2743 5275 2874 5330 quas
2905 5255 2964 5314 in
2996 5255 3199 5317 Latina
3232 5263 3481 5318 dictione
3500 5255 3730 5330 parturio
3747 5260 3835 5302 non

2245 5329 2354 5384 est.
2389 5326 2470 5380 Ita
2501 5327 2791 5384 Nonnius.

2242 5341 2354 5384 εει.
2389 5341 2470 5380 ua
2502 5341 2791 5384 Nonnius.

2243 5397 2425 5482 ,,,(9⁵)
2642 5415 2711 5482 ετξ
2741 5402 2943 5471 Plures
2975 5421 3158 5482 "388:,
3198 5428 3220 5452 α
3257 5399 3830 5482 οοηειοι·ὶιςξς>ξιιυι“)ξςξς

2239 5467 2339 5524 ille
2365 5485 2377 5496 ·
2409 5467 2436 5517 ⁷η
2473 5470 2568 5523 alii
2603 5467 2761 5539 θοὰς
2797 5497 2817 5519 ιι
2851 5467 3332 5546 congloriiicatur
3354 5467 3486 5534 vero
3518 5470 3626 5539 illi;
3659 5486 3678 5514 υ
3706 5477 3768 5533 ίιυ

2239 5511 2644 5600 gradationem
2679 5543 2861 5598 efficit
2887 5548 3080 5600 magis
3114 5548 3473 5600 concinnam.

2239 5555 2644 5612 grauanonem
2679 5555 2861 5598 emcn
2887 5555 3080 5620 magis
3114 5555 3473 5603 concinnam.
3683 5606 3692 5617 ,

2246 5681 2257 5691 ⁸
2311 5610 2422 5692 (96)
2457 5613 2626 5695 Rom.
2663 5615 2800 5672 edit.
2835 5616 2984 5691 sola,
3021 5643 3043 5667 α
3071 5619 3379 5694 subjectus
3406 5617 3509 5675 erit
3536 5611 3585 5668 ei
3608 5624 3694 5686 qm
3718 5599 3823 5658 θιὼ·

2232 5685 2380 5766 jecit
2411 5697 2624 5746 omnia.
2663 5708 2685 5738 ιο
