4070 6180
187 273 358 340 1125

1353 256 1969 328 EPISTOLARUM
2026 257 2364 326 CLASSIS
2391 261 2440 324 Ῑ.

3494 254 3651 322 1126

193 475 252 545 (Ι
288 473 426 530 Cor.
452 488 556 542 xv,
594 470 714 540 28):
754 469 856 540 qui
878 469 1036 524 enim
1071 467 1263 522 adhuc
1283 466 1574 536 laborant,
1609 445 1944 521 nondumA
1977 461 2416 518 resurrectione
2437 457 2802 516 mortuorum
2823 455 3256 545 primogenitus
3276 474 3353 514 ex
3388 458 3638 514 mortuis

198 561 458 634 subjecti
475 563 634 630 sunt,
649 557 709 613 in
724 557 1212 630 quibuslfortasse
1226 556 1418 611 adhuc
1437 556 1559 610 sitit
1570 555 1866 625 Christus,

203 653 394 707 adhuc
432 650 641 718 esurit,
677 649 737 702 in
766 647 985 718 quibus
1015 647 1210 701 nudus
1242 650 1373 714 est;
1424 661 1493 699 eo
1539 645 1696 716 quod
1750 659 1867 699 non

203 741 479 812 impleant
519 738 768 792 verbum
819 737 944 806 Dei,
979 752 1095 790 non
1128 736 1369 790 induant
1413 734 1734 803 Christum,
1767 733 1869 804 qui

201 834 294 886 est
321 830 731 884 indumentum
753 827 1139 894 credentium,
1164 826 1414 879 amictus
1448 823 1727 878 ﬁdelium.
1753 822 1870 877 Sed

200 924 259 974 et
289 919 371 972 illi
403 919 463 973 in
495 918 715 989 quibus
764 932 928 988 aeger
977 918 1088 983 est,
1139 914 1331 968 adhuc
1380 913 1672 968 medicina
1721 912 1870 966 indi-

199 1012 345 1080 gent
369 1025 384 1076 ;
417 1011 472 1062 et
501 1007 634 1061 ideo
666 1006 928 1060 nondum
959 1004 1177 1059 subditi
1205 1021 1219 1072 ;
1254 1002 1551 1074 subjectio
1571 1001 1728 1056 enim
1757 1001 1871 1055 ista

196 1096 437 1152 virtutis
460 1100 572 1164 est,
607 1110 726 1149 non
772 1093 1166 1147 inﬁrmitatis:
1219 1092 1472 1162 denique
1503 1092 1564 1145 in
1615 1090 1869 1145 fortibus

198 1189 258 1242 et
305 1185 662 1240 facientibus
708 1183 1046 1237 mandatum
1095 1181 1222 1251 Dei,
1274 1180 1588 1250 subjectus
1636 1183 1728 1234 est
1759 1179 1866 1233 Dei

198 1275 407 1330 Filius.
443 1274 614 1328 Nunc
645 1275 839 1326 autem
888 1271 1081 1342 magis
1130 1271 1188 1324 in
1229 1270 1305 1323 iis
1349 1269 1577 1324 laborat
1620 1268 1720 1339 qui
1749 1283 1867 1322 non

199 1363 564 1418 subveniunt
593 1361 1020 1429 laborantibus,
1045 1360 1298 1430 quamin
1326 1358 1448 1412 illis
1469 1359 1569 1429 qui
1601 1357 1718 1411 sibi
1737 1372 1870 1426 pos-

198 1451 390 1507 tulant
411 1450 738 1506 subveniri.
773 1450 916 1504 Haec
947 1451 1038 1503 est
1066 1449 1159 1518 pia
1210 1447 1614 1517 interpretatio
1645 1449 1702 1500 et
1727 1461 1870 1500 vera

200 1539 599 1612 subjectionis
627 1539 860 1594 Domini
891 1538 1057 1606 Jesu,
1092 1537 1191 1606 qui
1223 1537 1357 1590 ideo
1389 1551 1456 1590 se
1481 1533 1783 1606 subjiciat,
1808 1535 1870 1588 ut

202 1629 286 1684 sit
320 1630 477 1684 Deus
508 1628 698 1684 omnia
726 1627 786 1681 in
817 1626 1113 1682 omnibus.

1977 551 2194 604 dicitur
2231 548 2482 619 (Coloss.
2525 561 2564 618 ι,
2625 544 2733 619 t8).
2795 543 3080 604 Eumdem
3132 549 3261 620 ipse
3319 547 3643 618 Apostolus

1976 639 2266 710 primitias
2300 637 2662 710 signiﬁcavit
2700 638 2944 692 dicens:
2984 660 3006 688 α
3052 639 3114 691 In
3153 637 3389 692 Christo
3435 651 3642 690 omnes

1975 728 2387 797 viviﬁcantur,
2434 728 2848 799 unusquisque
2896 730 3092 781 autem
3131 726 3190 780 in
3231 741 3341 780 suo
3381 725 3586 780 ordine
3625 740 3638 779 :

1977 817 2250 886 primitiae
2283 815 2579 886 Christus,
2627 815 2837 870 deinde
2886 817 2925 869 li
2957 816 3053 886 qui
3089 819 3227 870 sunt
3273 811 3512 881 Christi,
3545 815 3647 885 qui

1978 906 2294 960 adventum
2335 905 2469 976 ejus
2512 905 2889 959 crediderunt
2929 904 2986 974 (Ι
3020 901 3158 958 Cor.
3201 920 3298 974 xv,
3342 904 3430 973 22,
3471 903 3580 973 23).
3618 926 3640 952 ιι

1979 993 2200 1048 Eadem
2231 994 2290 1047 in
2320 993 2420 1058 illo
2451 993 2721 1064 corporis
2755 991 2992 1063 veritas,
3028 1010 3159 1064 quae
3203 993 3263 1046 in
3295 992 3468 1047 nobis
3494 1007 3506 1047 :
3538 991 3647 1047 sed

1976 1086 2172 1137 tamen
2211 1086 2267 1137 et
2324 1084 2757 1155 primogenitus
2809 1099 2884 1137 ex
2944 1083 3192 1138 mortuis
3233 1081 3466 1152 dicitur,
3509 1081 3647 1153 quia

1977 1171 2206 1242 primus
2237 1173 2605 1227 resurrexit:
2641 1175 2698 1226 et
2728 1172 3042 1242 primitiae;
3074 1172 3209 1242 quia
3240 1171 3502 1226 sanctior
3531 1186 3647 1225 om-

1981 1259 2158 1313 nibus
2197 1258 2510 1328 fructibus,
2553 1260 2652 1331 qui
2692 1263 2866 1314 etiam
2909 1262 3160 1314 caeteros
3223 1258 3508 1313 consortii
3547 1257 3644 1314 sui

1977 1346 2208 1403 fructus
2229 1349 2640 1404 sanctiﬁcavit.
2686 1349 2820 1419 Ipse
2843 1350 3016 1403 etiam
3052 1348 3282 1403 initium
3305 1363 3509 1403 eorum
3540 1347 3644 1418 qui

1980 1437 2053 1490 ad
2089 1437 2430 1508 imaginem,
2466 1438 2638 1509 quasi
2670 1439 2867 1510 imago
2900 1438 3222 1493 invisibilis
3257 1437 3356 1492 Dei
3390 1435 3642 1507 (Coloss.

1977 1542 2017 1595 ι,
2054 1525 2162 1595 15),
2205 1527 2266 1580 in
2305 1543 2422 1598 quo
2463 1527 2792 1581 secundum
2831 1527 3196 1582 divinitatem
3235 1525 3382 1581 nihil
3431 1539 3647 1597 corpo-

1977 1628 2164 1684 reum,
2211 1615 2357 1669 nihil
2407 1615 2766 1685 temporale;
2817 1617 2954 1687 quia
2986 1615 3271 1686 splendor
3311 1617 3404 1670 est
3434 1614 3645 1686 gloria:

275 1718 331 1772 9.
394 1717 648 1772 Sensum
714 1714 1120 1786 Apostolicum
1187 1713 1642 1784 percurrimus:
1712 1726 1870 1766 nunc
1977 1705 2259 1774 paternae,
2302 1705 2358 1758 et
2396 1703 2594 1775 imago
2635 1703 2986 1758 substantiae
3035 1703 3170 1774 ejus
3219 1703 3434 1772 (Hebr.
3487 1720 3527 1774 ι,
3567 1703 3644 1772 3).

196 1805 652 1862 consideremus
677 1805 778 1876 qui
799 1807 938 1858 sunt
958 1803 1248 1874 primitias
1279 1802 1537 1872 Spiritus
1578 1801 1866 1856 habentes
1900 1820 1950 1882 Β
1977 1791 2379 1882 Ριᾮξὶυξίὶωυεξ
2401 1807 2749 1882 Sermonem,
2770 1792 3174 1882 (Epistolarum,
3211 1792 3349 1846 dum
3370 1791 3647 1847 V01umus

197 1895 391 1964 (Rom.
411 1911 537 1963 vm,
557 1894 669 1964 23).
695 1893 766 1948 Et
784 1893 916 1947 ideo
935 1892 1130 1963 legem
1159 1892 1600 1963 interrogemus
1631 1889 1771 1962 quid
1790 1879 1938 1943 sit-_
1977 1879 2118 1950 quid
2140 1880 2260 1934 sint
2288 1879 2563 1950 primitiae
2596 1880 2959 1952 signiﬁcare.

196 1983 359 2056 quod
397 1983 786 2054 primitiarum
835 1981 930 2036 vel
979 1980 1126 2035 initii
1174 1981 1411 2035 nomine
1455 1979 1866 2034 declaraverit.
2049 1967 2136 2023 12.
2159 1969 2440 2024 Primitiae
2461 1985 2606 2041 ergo
2651 1972 2873 2024 nostrae
2909 1969 3182 2040 apostoli,
3219 1969 3390 2024 electi
3419 1985 3496 2025 ex
3527 1985 3650 2025 om-

202 2095 226 2120 u
251 2072 442 2142 Initia,
465 2093 488 2122 ι
514 2072 725 2143 inquit,
767 2091 789 2121 ι
815 2085 971 2125 area
1006 2073 1062 2124 et
1083 2069 1250 2124 lacus
1291 2070 1375 2123 tui
1409 2084 1530 2124 non
1564 2067 1868 2122 fraudabis
1977 2057 2156 2112 nibus
2173 2059 2492 2130 praesentis
2532 2058 2648 2127 (98)
2690 2057 2922 2112 scilicet
2949 2063 3087 2112 tunc
3127 2058 3411 2128 temporis
3441 2057 3647 2114 fructi-

200 2160 422 2231 (Exod.
465 2177 610 2230 χχιι,
648 2160 776 2230 29):
819 2183 840 2206 ι»
891 2162 948 2213 et
978 2156 1168 2213 infra;
1221 2181 1242 2205 α
1287 2158 1454 2212 Initia
1483 2156 1870 2227 primitiarum
1975 2145 2112 2201 bus.
2145 2146 2364 2218 quibus
2405 2147 2626 2201 dictum
2667 2150 2799 2201 est:
2847 2169 2868 2194 ι
2907 2144 2977 2200 Et
3015 2145 3243 2218 majora
3282 2144 3377 2200 his
3415 2144 3646 2202 facietis

197 2252 436 2304 tuarum
468 2249 692 2304 inferes
738 2249 797 2302 in
841 2248 1075 2303 domum
1128 2247 1364 2302 Domini
1393 2246 1501 2301 Dei
1536 2246 1621 2300 tui
1651 2245 1870 2314 (Exod.

1980 2234 2164 2304 (Joan.
2200 2251 2322 2306 XIV,
2357 2234 2485 2304 t2):
2525 2256 2546 2282 υ
2586 2235 2734 2288 fudit
2774 2235 2930 2289 enim
2962 2250 3029 2289 se
3069 2235 3127 2288 in
3157 2250 3263 2290 eos
3296 2235 3484 2307 gratia
3517 2233 3644 2291 Dei.

197 2337 409 2389 xxxxv,
455 2320 569 2390 26).
626 2341 649 2370 ι
701 2319 846 2374 Aliae
895 2322 1033 2373 sunt
1079 2319 1373 2389 primitias,
1420 2317 1551 2372 alim
1584 2315 1868 2371 decimis:

1980 2323 2100 2394 Isti,
2135 2325 2393 2396 inquam,
2427 2322 2920 2396 ingemiscebant,
2956 2325 3371 2393 exspectantes
3420 2323 3651 2379 redem-

195 2410 479 2480 primitim
498 2407 744 2480 majoris
767 2408 996 2480 gratiae,
1021 2406 1509 2462 sanctiﬁcationis
1546 2406 1872 2461 observan-
1977 2413 2236 2483 ptionem
2259 2413 2439 2468 totius
2464 2412 2756 2484 corporis,
2772 2412 3032 2466 etadhuc
3054 2411 3484 2484 ingemiscant;
3509 2414 3647 2484 quia

197 2498 478 2554 tissimae.
507 2498 665 2568 .ldeo
717 2498 935 2568 placuit
982 2497 1152 2566 Abel,
1203 2497 1341 2568 quia
1390 2512 1510 2551 non
1557 2498 1650 2550 est
1697 2511 1872 2549 suum
1978 2501 2294 2556 multorum
2315 2505 2407 2557 est
2427 2502 2614 2570 labor,
2639 2501 2741 2571 qui
2776 2501 2969 2555 adhuc
3010 2501 3309 2557 fluctuant.
3344 2502 3420 2556 Ut
3450 2503 3504 2556 si
3533 2503 3644 2556 ali-

197 2603 422 2642 munus
452 2590 736 2656 moratus,
789 2587 891 2657 qui
938 2586 1009 2639 de
1057 2584 1372 2656 primitivis
1421 2585 1620 2639 ovium
1664 2581 1874 2638 obtulit
1977 2592 2114 2662 quis
2139 2591 2210 2645 ad
2229 2591 2539 2662 superiora
2565 2606 2633 2645 se
2669 2590 2882 2646 littoris
2906 2590 3196 2646 subsistat
3232 2591 3345 2662 (99)
3382 2591 3647 2646 etadhuc

199 2675 381 2748 (Gen.
415 2693 493 2746 IV,
524 2675 602 2746 4).
629 2676 794 2730 Licet
821 2672 1003 2746 aliqui
1031 2675 1370 2729 distantiam
1402 2673 1585 2728 velint
1615 2689 1753 2728 esse
1785 2673 1873 2727 in-
1977 2681 2172 2736 medio
2233 2696 2480 2752 corpore
2521 2680 2786 2735 caedatur
2837 2679 3116 2734 ﬂuctibus
3138 2721 3152 2750 ,
3193 2680 3535 2752 ingemiscit
3588 2683 3646 2736 et

196 2768 294 2821 ter
340 2765 632 2836 primitias
677 2768 733 2819 et
780 2764 1196 2834 primogenita,
1247 2763 1306 2817 id
1355 2765 1467 2833 est,
1513 2779 1646 2834 quae
1678 2762 1869 2832 primo
1978 2771 2382 2840 comparturit,
2425 2769 2616 2825 donec
2655 2772 2814 2824 totus
2855 2769 3082 2824 evadat.
3146 2769 3489 2842 lngemiscit
3527 2769 3644 2825 uti-

199 2858 572 2912 nascuntur:
605 2869 676 2909 eo
707 2853 864 2925 quod
895 2853 1162 2908 collectis
1207 2853 1559 2922 seminibus,
1595 2853 1767 2924 quasi
1796 2867 1870 2907 ex
1977 2875 2112 2930 que,
2155 2859 2258 2930 qui
2295 2858 2489 2914 adhuc
2528 2857 2704 2914 nobis
2745 2859 2918 2914 dicit;
2965 2883 2986 2906 α
3021 2857 3167 2924 Quis
3207 2859 3554 2932 inﬁrmatur,
3587 2861 3645 2916 et

201 2943 485 2998 omnibus
537 2944 705 2997 initia
749 2940 1071 2998 offerantur
1106 2957 1296 2998 areae:
1344 2945 1539 2996 tamen
1571 2941 1642 2996 de
1673 2955 1873 2996 messe
1977 2963 2090 3020 ego
2125 2964 2243 3003 non
2273 2949 2540 3004 inﬁrmor
2569 2947 2649 3019 (11
2669 2948 2805 3004 Cor.
2831 2965 2912 3018 xx,
2935 2944 3072 3019 29)?
3107 2969 3130 2998 ι

199 3033 364 3105 quod
414 3033 669 3104 primum
717 3032 969 3104 tollitur,
1021 3027 1080 3085 id
1132 3030 1376 3086 offertur
1407 3021 1552 3086 927
1587 3030 1870 3101 Domino;
2049 3035 2135 3092 13.
2161 3037 2294 3093 Non
2317 3054 2462 3110 ergo
2486 3053 2596 3093 nos
2629 3041 2878 3108 moveat,
2913 3037 3070 3110 quod
3101 3039 3179 3093 ita
3212 3038 3498 3110 scriptum
3521 3042 3662 3096 θείς.

201 3123 316 3178 sed
345 3122 418 3176 de
468 3122 582 3176 hoc
621 3122 768 3176 alias
815 3121 950 3191 (9'7).
1001 3121 1368 3176 Sanctiﬁcari
1417 3123 1611 3176 autem
1641 3119 1873 3175 videtur
1907 3178 1953 3198 ‘-
1983 3149 2003 3174 ι(
2047 3125 2156 3192 Qui
2193 3127 2484 3197 primitias
2524 3126 2779 3197 Spiritus
2821 3127 3142 3198 habentes,
3187 3127 3305 3198 ipsi
3342 3129 3492 3183 intra
3531 3145 3643 3184 nos

197 3210 594 3283 primitiarum
647 3225 888 3265 munere
938 3213 1057 3265 tota
1101 3225 1256 3265 arcae
1291 3210 1534 3281 messis,
1581 3210 1690 3264 sed
1721 3209 1868 3281 ipsae
1903 3185 2451 3289 cingemiscimus,
2493 3215 2868 3286 ad0ptionem
2907 3215 3162 3271 ﬁliorum
3203 3220 3640 3288 exspectantes,

199 3301 539 3356 sanctiores
570 3301 843 3370 primitiae
874 3302 1031 3354 sunt.

276 3389 365 3444 10.
411 3389 693 3445 Similiter
731 3391 921 3444 sancti
952 3388 1227 3460 primitiae
1256 3391 1396 3444 sunt
1423 3389 1677 3461 Domini,
1711 3406 1869 3460 prm-

201 3478 378 3550 cipue
425 3477 717 3550 apostoli;
765 3479 1019 3550 primum
1065 3479 1220 3534 enim
1253 3479 1412 3534 Deus
1444 3482 1644 3550 posuit
1672 3482 1731 3536 in
1762 3481 1873 3536 Ec-

197 3569 388 3624 clesia
435 3568 742 3639 apostolos
781 3568 838 3638 (Ι
868 3567 1004 3624 Cor.
1037 3584 1140 3639 xu,
1172 3567 1286 3641 28),
1336 3571 1439 3642 qui
1481 3573 1539 3624 et
1585 3571 1868 3643 pleraque

195 3658 647 3732 prophetarunt,
693 3661 750 3712 et
773 3659 1252 3731 evangelizarunt
1293 3659 1606 3715 Dominum
1627 3661 1870 3732 Jesum;

201 3748 341 3822 quia
371 3749 546 3818 primi
573 3751 926 3818 receperunt
967 3763 1121 3804 eum.
1167 3749 1412 3820 Recepit
1450 3764 1586 3804 eum
1631 3749 1872 3806 Simeon

196 3837 489 3910 propheta
517 3837 681 3907 (Luc.
712 3853 773 3903 ιι,
807 3837 918 3908 28),
959 3837 1276 3893 Zacharias
1306 3840 1594 3911 propheta
1625 3839 1788 3911 (Luc.
1821 3858 1862 3914 ι,

199 3928 236 3981 5
267 3928 442 4000 seq.),
490 3926 756 3982 Joannes
799 3927 958 3982 ﬁlius
1005 3926 1140 3998 ejus
1189 3929 1378 3998 (Joan.
1426 3946 1512 4000 ιιι,
1542 3929 1619 4001 2),
1654 3932 1872 3987 Natha-

202 4016 346 4086 niel,
379 4017 440 4070 in
470 4031 588 4087 quo
618 4015 791 4070 dolus
812 4031 931 4070 non
949 4019 1076 4071 erat
1101 4015 1288 4087 (Joan.
1315 4034 1354 4087 ι,
1384 4017 1492 4088 47),
1525 4021 1582 4074 et
1601 4021 1734 4076 ideo
1759 4021 1871 4076 sub

203 4106 324 4160 ﬁcu
355 4097 818 4176 'requiescebat:
871 4105 1117 4176 Joseph,
1151 4107 1252 4176 qui
1294 4106 1600 4162 dicebatur
1641 4109 1868 4182 justus,

204 4195 307 4266 qui
339 4195 614 4266 sepelivit
645 4209 780 4249 eum
810 4195 970 4264 (Luc.
1018 4211 1185 4264 xxiii,
1219 4195 1331 4264 53).
1368 4196 1472 4251 Isti
1501 4203 1640 4253 sunt
1671 4201 1872 4270 primi-

203 4286 305 4339 tiae
336 4284 473 4339 ﬁdei
504 4287 726 4339 nostrae
751 4299 765 4354 ;
799 4284 906 4339 sed
938 4287 1132 4339 tamen
1163 4285 1368 4340 eadem
1399 4293 1748 4344 caeterorum
1771 4308 1871 4348 na-

203 4377 336 4429 tura
367 4374 680 4445 seminum,
712 4389 844 4445 quae
875 4373 1283 4445 primitiarum,
1316 4375 1454 4430 licet
1483 4377 1541 4432 in
1571 4379 1870 4451 aliquibus

206 4463 402 4518 minor
430 4465 652 4536 gratia:
709 4483 732 4514 ι
771 4463 988 4518 Potens
1037 4468 1130 4518 est
1160 4465 1316 4518 enim
1365 4466 1525 4522 Deus
1555 4484 1628 4522 ex
1659 4469 1872 4541 lapidi-

205 4552 323 4607 bus
355 4552 512 4606 ﬁlios
541 4552 798 4607 Abrahae
829 4553 1088 4606 excitare
1119 4553 1358 4624 (Matth.
1393 4573 1475 4626 ιιι,
1507 4557 1584 4627 9).
1623 4578 1644 4606 ιι

282 4641 368 4696 11.
413 4641 500 4696 En
528 4641 635 4696 tibi
673 4641 1006 4712 exemplum
1041 4641 1112 4697 de
1153 4643 1285 4714 ipso
1329 4643 1578 4701 Domino
1611 4647 1777 4703 Jesu.
1810 4649 1874 4705 In

279 4785 395 4858 (97)
424 4785 502 4858 ,In
546 4785 812 4858 margine
862 4786 1032 4842 Rom.
1083 4787 1220 4842 edit.
1266 4788 1654 4845 adnotabatur
1700 4791 1803 4847 lib.
1834 4810 1875 4848 ιι

206 4857 284 4913 de
321 4857 468 4934 Cain
492 4861 557 4934 et_
591 4857 765 4934 Abel,
787 4873 914 4934 cap.
942 4858 966 4911 1
995 4861 1050 4934 et
1086 4875 1302 4934 revera,
1341 4860 1424 4914 ibi
1473 4878 1632 4916 num.
1666 4863 1700 4917 3
1732 4867 1789 4918 et
1819 4865 1869 4934 6,

209 4928 507 5004 nonnulla
525 4928 606 5004 de
630 4929 904 4999 primitiis
953 4932 1140 5004 atque
1158 4931 1342 5004 initiis
1385 4934 1634 5002 mystice
1665 4928 1874 5004 dispu-l

204 5003 424 5055 tantur.
459 4999 647 5054 Nobis
681 5004 869 5054 tamen
902 4999 1244 5056 credibilius
1273 5006 1365 5057 est
1396 4999 1707 5060 Doctorem
1736 4999 1875 5060 nos-

207 5074 366 5126 trum
398 5070 760 5126 Horontiano
792 5071 887 5126 hic
920 5072 1187 5142 polliceri
1217 5089 1284 5128 se
1315 5074 1512 5130 fusius
1559 5077 1874 5142 aliquando

207 5141 321 5217 hac
354 5142 426 5196 de
462 5158 524 5217 re
555 5143 626 5196 ad
659 5159 793 5217 eum
823 5141 1320 5217 conscripturum,
1355 5162 1531 5217 quam
1570 5141 1778 5203 eodem
1808 5149 1875 5203 il-

205 5213 331 5289 lum
360 5213 705 5289 remitt_ere._
727 5213 1116 5289 Sententiani
1137 5213 1312 5286 porro
1352 5213 1535 5289 hujus
1582 5219 1698 5275 loci
1728 5224 1873 5274 Am-

204 5284 479 5339 brosiani
517 5285 786 5339 Nannius
823 5291 1056 5340 enarrat
1101 5284 1163 5342 in
1191 5304 1349 5342 nunc
1395 5284 1653 5345 modum.
1706 5291 1873 5346 Hanc

207 5355 602 5432 differentiam
632 5357 709 5432 S._
743 5357 1102 5432 Ambrosius
1152 5359 1290 5414 facit
1318 5360 1470 5415 inter
1500 5363 1787 5432 primitias
1819 5366 1876 5418 et

205 5427 394 5498 initia,
429 5429 590 5501 quod
619 5428 895 5501 primitiae
945 5430 1066 5501 sint
1109 5445 1185 5484 ex
1212 5446 1433 5501 messe,
1467 5427 1630 5487 initia
1671 5449 1745 5488 ex
1768 5435 1875 5488 tri-

206 5502 339 5555 tura
366 5515 380 5574 ;
413 5499 850 5574 primitiaecum
877 5500 1079 5556 aristis
1115 5502 1253 5574 sint,
1277 5499 1440 5556 initia
1471 5519 1617 5574 puro
1649 5506 1876 5560 semine

207 5573 524 5648 constent:
558 5571 718 5643 quod
763 5571 1017 5648 primum
1065 5573 1320 5648 metitur,
1348 5571 1674 5648 ‘primitize;
1717 5577 1877 5648 quod

207 5642 470 5724 primum
508 5642 770 5702 excusso
824 5642 1119 5703 frumento
1176 5661 1253 5704 ex
1288 5644 1496 5710 tritura
1552 5642 1873 5726 colligitur,

1976 3305 2440 3376 redemptionem
2486 3305 2755 3376 corporis
2804 3305 2990 3360 nostri
3041 3305 3228 3376 (Rom.
3263 3321 3386 3377 vm,
3438 3305 3568 3377 23);
3614 3326 3637 3357 ι

1977 3411 2198 3450 sensus
2213 3396 2369 3450 enim
2394 3397 2635 3466 apertus
2669 3396 2780 3465 est,
2797 3410 2867 3450 eo
2890 3393 3047 3466 quod
3078 3394 3366 3465 primitias
3388 3394 3644 3466 Spiritus

1977 3483 2266 3540 habentes
2289 3484 2707 3557 ingemiscunt,
2732 3483 3108 3554 adoptionem
3143 3483 3397 3538 ﬁliorum
3431 3500 3645 3556 exspe-

1979 3576 2236 3629 ctantes:
2257 3589 2391 3646 quae
2409 3573 2643 3643 adoptio
2666 3572 2941 3643 ﬁliorum,
2965 3570 3288 3644 redemptio
3311 3573 3488 3629 totius
3512 3590 3643 3630 cor-

1973 3664 2137 3735 poris
2168 3666 2278 3732 est,
2312 3663 2547 3734 quando
2578 3659 2728 3716 facie
2758 3661 2831 3716 ad
2862 3658 3073 3716 faciem
3119 3658 3292 3732 quasi
3324 3658 3428 3717 Dei
3476 3663 3636 3719 ﬁlius

1975 3767 2083 3824 per
2110 3751 2484 3822 adoptionem
2516 3750 2740 3806 videbit
2771 3750 2915 3805 illud
2960 3750 3224 3805 divinum
3255 3755 3312 3806 et
3360 3755 3646 3808 aeternum

1975 3832 2229 3908 nam}
2253 3833 2345 3896 e‘st
2367 3831 2780 3912 enim'adoptio
2823 3840 3079 3895 ﬁliorum
3101 3841 3161 3896 in
3197 3841 3468 3897 Ecclesia
3497 3833 3646 3900 928

1977 3929 2232 4003 Domini,
2289 3929 2524 4003 quando
2583 3930 2794 3984 clamat
2849 3928 3124 4000 Spiritus,
3191 3953 3212 3978 α
3256 3931 3426 3986 Abba
3467 3936 3644 4003 pater

1977 4019 2132 4092 (Gal.
2157 4038 2236 4091 iv,
2256 4021 2349 4091 6);
2386 4044 2408 4068 η
2445 4021 2601 4074 sicut
2637 4020 2828 4074 habes
2856 4019 2929 4073 ad
2975 4018 3232 4075 Galatas.
3257 4019 3372 4076 Sed
3404 4021 3504 4075 illa
3534 4024 3645 4078 erit

1978 4111 2260 4183 perfecta,
2285 4107 2520 4182 quando
2541 4111 2861 4181 resurgent
2874 4124 3082 4164 omnes
3101 4109 3160 4164 in
3177 4110 3640 4183 incorruptione,

1979 4198 2226 4269 honore,
2260 4198 2471 4272 gloria,
2507 4199 2610 4271 qui
2638 4200 2975 4253 mereantur
3005 4198 3110 4254 Dei
3160 4197 3371 4254 faciem
3399 4201 3642 4270 videre;

1979 4291 2120 4344 tunc
2151 4289 2308 4344 enim
2354 4303 2496 4344 vere
2543 4288 2904 4358 redemptam
2936 4302 3002 4342 se
3052 4287 3306 4342 humana
3352 4287 3645 4358 judicabit

1983 4378 2260 4435 conditio.
2297 4377 2466 4434 Unde
2496 4376 2819 4448 Apostolus
2851 4375 3139 4447 gloriatur
3167 4375 3405 4431 dicens:
3444 4397 3465 4424 ι
3498 4375 3647 4440 Quia

1982 4484 2088 4540 spe
2145 4468 2296 4524 salvi
2350 4467 2485 4521 facti
2544 4481 2754 4520 sumus
2811 4465 2998 4535 (Rom.
3041 4481 3160 4529 vm,
3220 4464 3330 4534 24).
3377 4486 3398 4510 ιι
3443 4463 3644 4520 Salvat

1905 4547 1961 4613 Β
1985 4559 2142 4614 enim
2170 4573 2334 4629 spes,
2367 4556 2524 4610 sicut
2554 4558 2610 4610 et
2640 4555 2810 4624 ﬁdes,
2859 4553 2930 4607 de
2962 4568 3077 4624 qua
3123 4551 3371 4607 dicitur:
3409 4573 3436 4603 «
3467 4551 3644 4609 Fides

1982 4652 2082 4704 tua
2111 4651 2167 4703 te
2197 4646 2429 4701 salvum
2460 4644 2598 4699 fecit
2625 4644 2789 4712 (Luc.
2809 4657 2972 4711 xvm,
2995 4641 3108 4711 42).
3135 4664 3157 4688 »ι

1982 4791 2146 4847 initia
2174 4791 2366 4846 vocat.
2413 4787 2542 4841 Hoc
2588 4799 2823 4858 quoque
2853 4783 3034 4858 adjici
3068 4786 3294 4858 potest,
3329 4783 3490 4840 initia
3521 4787 3645 4843 tum

1980 4863 2218 4935 proprie
2235 4859 2458 4935 vocari,
2483 4856 2765 4935 quia_Deo
2784 4856 3005 4935 initiata
3027 4856 3147 4935 sint
3176 4859 3233 4910 et
3251 4863 3639 4935 consecrata;

1985 4927 2075 4989 sic
2093 4927 2394 5004 primitias
2443 4927 2581 4984 esse
2625 4928 2685 4981 in
2715 4927 3120 4997 concipiendis
3167 4928 3345 4998 votis,
3389 4930 3551 4984 initia
3580 4927 3643 4987 in

1985 5003 2322 5059 reddendis.
2358 5000 2500 5056 Haac
2528 4999 2647 5054 ille.

2131 5015 2322 5058 θηαιε.
2358 5015 2500 5056 Πωο
2528 5015 2647 5054 ιιιθ.

1982 5022 2322 5060 reuaenuis.
2358 5022 2500 5056 nam
2529 5022 2647 5054 1116.

2055 5075 2167 5148 (98)
2209 5076 2378 5130 Rom.
2413 5072 2550 5148 edit.
2583 5071 2721 5148 hinc
2753 5071 3052 5148 exemerat
3078 5085 3286 5126 vocem
3323 5093 3344 5118 α
3379 5088 3645 5148 praesen-

1983 5142 2081 5218 tis,
2122 5142 2157 5222 πί
2179 5161 2312 5218 quae
2333 5148 2389 5199 et
2409 5144 2469 5198 in
2491 5142 2745 5222 caeteris,
2770 5143 3024 5222 atquein
3045 5145 3510 5222 {esst-omnibus
3547 5160 3646 5199 oc-.

1984 5213 2186 5287 currit,
2197 5213 2312 5271 nec
2327 5216 2534 5270 sensui
2549 5214 2785 5287 omnino
2805 5213 3038 5287 videtur
3053 5213 3301 5287 inutilis.
3317 5215 3646 5287 Dictiouem

1981 5306 2124 5346 vero
2141 5284 2420 5343 «scilicet
2443 5310 2464 5335 η
2493 5302 2524 5342 e
2545 5285 2863 5356 prmeipuis
2895 5285 3026 5356 cod.
3064 5284 3203 5356 huic
3235 5285 3645 5355 adjunximus.

2051 5362 2164 5432 (99)
2207 5355 2628 5432 EademfRo’m.
2663 5357 2825 5432 edit.,
2863 5378 2885 5403 ιι
2923 5355 2994 5410 Et
3023 5355 3076 5410 si
3105 5355 3320 5432 aliquis
3350 5357 3424 5432 ad
3467 5372 3644 5425 supe-

1980 5427 2153 5488 riora
2180 5447 2247 5486 se
2285 5431 2578 5510 subrigat,
2625 5428 2815 5510 {alim
2852 5443 2922 5510 ac
2965 5443 3110 5509 mss.
3156 5449 3178 5475 ι
3215 5427 3282 5510 [sit
3309 5427 3397 5510 .si‘;
3425 5450 3454 5510 In
3490 5441 3640 5510 mss.

1981 5519 2100 5560 non
2130 5503 2302 5575 pauci
2331 5496 2573 5557 melius.
2601 5521 2624 5547 α
2647 5499 2723 5553 Ut
2752 5498 2807 5554 si
2835 5499 3120 5581 aliquis...
3153 5497 3508 5578 subsistat,»
3546 5496 3648 5550 Al-

1981 5576 2104 5632 bin.
2159 5574 2291 5630 cod.
2347 5596 2369 5621 ιι
2406 5571 2700 5641 sustollat,
2738 5592 2760 5619 ι
2813 5586 2868 5625 ει
2911 5571 3008 5628 vel
3037 5583 3156 5626 uno
3187 5569 3302 5625 alio
3334 5567 3645 5632 fulciretur

1975 5646 2116 5726 jure
2146 5644 2381 5706 caeteris
2409 5642 2841 5722 praeferendus.
