3978 6168
533 256 689 327 1127

609 462 696 519 14.
730 462 892 538 Ergo
943 466 1212 523 creatura
1240 482 1374 541 quae
1422 483 1537 526 non
1582 474 1814 543 sponte,
1848 473 1956 529 sed
1997 474 2059 529 in
2096 490 2204 548 spe

530 552 775 607 vanitati
808 552 1080 625 subjecta
1112 558 1204 611 est
1236 556 1424 627 (Rom.
1457 575 1582 630 vm,
1615 560 1729 631 42),
1763 576 1870 632 spe
1919 561 2201 635 salvatur,

538 640 695 696 sicut
727 645 783 696 et
811 643 1056 715 Paulus,
1090 660 1224 700 cum
1254 647 1436 704 sciret
1454 647 1683 703 lucrum
1715 651 1831 705 sibi
1861 667 1999 707 esse
2031 655 2201 725 mori,

536 732 599 785 ut
629 747 762 785 cum
793 730 1029 788 Christo
1076 738 1240 790 esset
1284 736 1516 793 solutus
1567 755 1813 810 corpore
1844 740 2127 814 (Philipp.
2161 760 2199 813 ι,

537 816 628 890 2t,
687 818 800 893 23),
860 823 1241 891 permanebat
1284 825 1345 880 in
1393 824 1568 883 carne
1609 832 1850 899 prapter
1895 845 2001 885 eos
2049 846 2201 903 quos

540 907 777 963 Christo
808 912 1142 982 acquireret
1171 913 1348 982 (Ibid.
1383 913 1495 987 24).
1519 916 1670 987 Spes
1701 922 1894 973 autem
1926 920 2064 990 quid
2087 923 2197 993 est,

540 998 659 1052 nisi
688 998 1021 1054 futurorum
1054 1002 1464 1073 exspectatio?
1493 1005 1661 1060 Unde
1692 1008 1805 1061 ait:
1854 1030 1877 1055 «ι
1910 1007 2061 1079 Spes
2092 1025 2199 1064 au-

534 1088 655 1141 tem
682 1102 817 1159 quae
867 1089 1120 1161 videtur,
1153 1107 1272 1146 non
1318 1095 1411 1147 est
1455 1109 1596 1165 spes
1628 1095 1817 1166 (Rom.
1849 1113 1972 1166 vm,
2021 1097 2133 1167 24).
2171 1122 2193 1147 ιι

530 1175 667 1231 Non
705 1178 861 1232 enim
908 1193 1041 1250 qua;
1080 1179 1376 1253 videntur,
1427 1182 1536 1237 sed
1583 1199 1716 1256 qum
1759 1201 1878 1240 non
1925 1186 2201 1242 videntur

534 1266 754 1321 aeterna
805 1268 945 1321 sunt
991 1266 1076 1336 (II
1108 1266 1244 1323 Cor.
1277 1286 1354 1340 ιν,
1392 1268 1520 1342 18);
1574 1294 1596 1319 α
1646 1273 1794 1328 Nam
1839 1275 1998 1346 quod
2041 1275 2201 1332 videt

534 1353 695 1427 quis,
727 1354 867 1426 quid
896 1359 1097 1427 sperat
1128 1357 1316 1428 (Rom.
1351 1374 1474 1430 vui,
1506 1360 1642 1431 24)?
1674 1383 1696 1411 ι
1732 1362 2016 1419 Videmur
2042 1366 2199 1420 enim

526 1446 732 1499 tenere
760 1458 848 1515 ea,
884 1460 1017 1516 quae
1044 1445 1317 1502 videmus
1343 1462 1357 1503 :
1392 1450 1688 1520 quomodo
1719 1464 1865 1523 ergo
1882 1468 2015 1527 quae
2031 1455 2199 1510 tene-

532 1547 686 1604 mus,
724 1548 1036 1605 speramus
1052 1536 1082 1589 ?
1113 1535 1258 1591 nihil
1276 1536 1459 1610 igitur
1487 1553 1690 1594 eorum
1709 1556 1842 1612 quae
1861 1545 2196 1614 sperantur,

530 1620 798 1678 videtur:
849 1643 872 1673 ι
905 1622 1127 1679 Oculus
1164 1646 1186 1673 ι
1235 1625 1391 1680 enim
1436 1648 1458 1674 α
1508 1642 1627 1683 non
1661 1628 1827 1700 vidit,
1874 1645 1984 1685 nec
2033 1632 2198 1686 auris

531 1710 774 1782 audivit,
837 1726 970 1782 quae
1017 1715 1372 1784 praeparavit
1418 1714 1578 1771 Deus
1629 1715 2014 1790 diligentibus
2064 1736 2199 1775 eum

530 1797 566 1853 I
589 1798 723 1854 Cor.
758 1815 819 1870 η,
851 1800 929 1870 9).
968 1824 991 1849 ι»

602 1886 690 1941 15.
726 1887 885 1960 Ergo
915 1888 970 1943 si
1000 1891 1230 1959 sperari
1258 1907 1377 1946 non
1404 1894 1601 1963 potest
1626 1895 1786 1967 quod
1807 1897 2060 1969 videtur,
2080 1913 2199 1954 non

528 1974 683 2032 bene
713 1975 933 2031 habent
962 1977 1163 2049 aliqui.
1190 2001 1212 2027 α
1246 1980 1397 2036 Nam
1427 1982 1583 2054 quod
1614 1984 1772 2040 videt
1802 1986 1938 2058 quis
1959 1987 2122 2059 quid,
2142 1990 2201 2043 et

530 2067 752 2135 sperat.
792 2088 814 2113 ιι
850 2064 983 2120 Nisi
1003 2064 1155 2121 forte
1186 2068 1407 2139 sic(l):
1447 2091 1468 2119 ι
1504 2070 1655 2125 Nam
1675 2073 1833 2144 quod
1856 2075 2015 2130 videt
2037 2077 2195 2147 quis,

530 2153 673 2226 quid
722 2157 779 2209 et
822 2157 1042 2225 sperat,
1080 2179 1102 2204 ο
1153 2156 1249 2211 vel
1298 2158 1437 2230 quid
1478 2164 1827 2231 exspectat?
1864 2162 2016 2229 Quid
2053 2164 2198 2220 illud

518 2252 740 2297 verum
771 2245 865 2297 est
892 2243 1031 2314 quia
1069 2244 1129 2298 id
1177 2261 1511 2319 speramus,
1554 2250 1710 2321 quod
1738 2267 1856 2307 non
1884 2252 2155 2308 videmus
2180 2269 2195 2324 ;

530 2335 589 2386 et
620 2330 754 2387 ideo
784 2332 1057 2403 quamvis
1088 2334 1306 2390 abesse
1351 2337 1622 2393 videatur
1668 2356 1702 2393 a
1747 2341 1944 2413 nobis,
1977 2358 2196 2414 exspe-

531 2421 760 2475 ctamus
790 2420 936 2475 illud
963 2435 1071 2492 per
1098 2424 1475 2493 patientiam:
1517 2450 1539 2474 u
1576 2427 1949 2500 Exspectans
1982 2455 2005 2479 ι»
2039 2433 2197 2488 enim

531 2532 553 2557 ι»
582 2509 927 2581 exspectavi
950 2510 1282 2583 Dominum,
1308 2517 1364 2569 et
1385 2518 1650 2585 respexit
1670 2533 1762 2573 me
1775 2518 1962 2590 (PsaI.
1986 2538 2193 2593 xxxrx,

520 2595 600 2669 2).
647 2618 671 2647 ι
704 2597 841 2655 Ideo
866 2601 1019 2672 ergo
1052 2605 1471 2672 exspectamus
1511 2607 1821 2679 patienter,
1855 2609 1991 2680 quia
2027 2632 2050 2657 α
2082 2610 2196 2666 bo-

527 2701 643 2743 nus
672 2689 767 2742 est
803 2688 1091 2744 Dominus
1141 2692 1577 2748 sustinentibus
1621 2711 1756 2751 eum
1810 2696 2057 2766 (Thren,
2109 2716 2193 2771 ιιι,

522 2775 637 2847 25).
673 2797 695 2826 ι
730 2775 802 2831 Et
830 2777 1065 2833 videtur
1094 2780 1434 2853 convenire,
1467 2784 1605 2854 quia
1638 2784 1892 2840 reddidit
1936 2802 2045 2857 per
2085 2804 2192 2859 pa-

521 2864 784 2922 tientiam
808 2882 821 2922 :
857 2866 1288 2939 Exspectamus
1310 2886 1443 2942 quae
1466 2887 1797 2945 speramus,
1823 2878 1880 2929 et
1895 2891 2015 2931 non
2030 2877 2193 2933 vide-

522 2970 678 3011 mus.
712 2955 958 3010 Multum
989 2958 1143 3013 enim
1176 2957 1334 3032 facit,
1355 2960 1457 3032 qui
1477 2965 1676 3032 sperat
1692 2978 1758 3018 ea
1781 2967 1837 3019 et
1863 2969 2189 3039 exspectat,

522 3058 658 3117 quae
679 3060 797 3100 non
818 3044 1123 3118 videntur;
1155 3051 1213 3103 et
1232 3052 1544 3120 propterea
1566 3052 1724 3124 quod
1745 3053 2007 3110 intendat
2022 3071 2191 3112 men-

518 3136 640 3190 tem
667 3133 741 3189 ad
770 3133 916 3190 illud
945 3149 1118 3192 omne
1149 3138 1307 3209 quod
1336 3141 1428 3193 est
1458 3141 1735 3198 sustinet.

592 3223 680 3280 16.
715 3222 971 3280 Pulchre
1018 3229 1212 3282 autem
1251 3227 1497 3284 dicitur:
1538 3251 1560 3277 «
1614 3229 1765 3302 Spes
1816 3233 2009 3294 autem
2056 3251 2191 3307 quae

519 3314 774 3385 videtur,
807 3329 926 3369 non
957 3318 1051 3369 est
1080 3330 1223 3386 spes
1267 3316 1457 3386 (Rom.
1500 3335 1623 3392 vm,
1656 3320 1789 3392 24);
1827 3344 1850 3371 η
1903 3323 1975 3378 de
2018 3328 2189 3395 pote-

519 3402 776 3458 statibus
808 3403 984 3459 istius
1016 3404 1246 3476 seculi,
1280 3405 1352 3461 de
1382 3406 1792 3481 dignitatibus,
1826 3411 1898 3466 de
1942 3411 2184 3470 divitiis.

518 3489 703 3547 Vides
734 3493 941 3547 nescio
965 3507 1141 3565 quem
1162 3493 1430 3551 fascibus
1452 3499 1896 3567 praeminentem
1919 3505 1976 3557 et
1997 3503 2189 3557 curri-

516 3579 653 3652 bus,
678 3580 825 3637 nihil
855 3582 1032 3637 habet
1060 3582 1190 3654 spei
1220 3584 1280 3639 in
1303 3586 1599 3658 curribus,
1624 3588 1726 3660 qui
1746 3588 2040 3646 videntur.
2060 3592 2187 3648 Nec

514 3670 577 3726 in
606 3670 740 3741 ipso
771 3670 905 3726 coeli
937 3672 1226 3729 elemento
1258 3689 1401 3745 spes
1421 3679 1533 3746 est,
1554 3677 1662 3731 sed
1683 3677 1742 3731 in
1760 3677 2010 3736 Domino
2028 3681 2184 3738 coeli.

516 3756 643 3814 Nec
674 3758 991 3815 Chaldaeus
1008 3759 1084 3833 (2)
1115 3762 1176 3817 in
1194 3762 1385 3818 stellis
1403 3780 1572 3836 spem
1593 3765 1789 3839 habet,
1810 3784 1959 3840 quas
1978 3769 2186 3826 obser-

513 3849 651 3916 vat;
683 3862 794 3902 nec
839 3847 1008 3904 dives
1037 3851 1097 3904 in
1144 3853 1665 3927 possessionibus,
1699 3873 1809 3912 nec
1857 3874 2073 3915 avarus
2122 3859 2185 3916 in

515 3935 719 3990 usuris
742 3951 754 3991 :
791 3937 899 3991 sed
929 3937 1027 3992 ille
1050 3952 1218 4009 spem
1240 3940 1438 4011 habet,
1463 3943 1563 4013 qui
1590 3944 1651 3998 in
1673 3959 1806 4000 eum
1828 3960 1997 4018 spem
2014 3964 2185 4005 suam

516 4024 683 4097 ponit
711 4039 887 4096 quem
917 4041 1036 4081 non
1064 4027 1242 4099 videt,
1275 4029 1333 4083 id
1365 4032 1475 4101 est,
1508 4032 1569 4085 in
1600 4030 1849 4091 Domino
1880 4036 2048 4110 Jesu,
2083 4038 2184 4111 qui

516 4114 751 4170 medius
783 4116 1053 4169 nostrum
1086 4118 1219 4187 stat,
1253 4121 1310 4172 et
1338 4134 1457 4173 non
1486 4120 1719 4177 videtur
1765 4123 1952 4195 (Joan.
1987 4144 2026 4198 ι,
2068 4128 2179 4196 26).

516 4203 784 4277 Denique
819 4225 841 4251 α
878 4204 1089 4259 oculus
1118 4218 1237 4261 non
1266 4207 1432 4280 vidit,
1466 4224 1576 4265 nec
1606 4211 1768 4267 auris
1797 4215 2018 4271 audivit
2048 4233 2181 4290 quae

510 4293 1184 4379 prmparavitADoAminus
1202 4296 1587 4369 diligentibus
1618 4316 1754 4357 eum
1786 4304 1839 4375 (Ι
1856 4304 1993 4362 Cor.
2017 4323 2079 4378 ιι,
2101 4306 2179 4379 9).

861 4375 1008 4441 929
1055 4383 1429 4442 EPISTOLA
1456 4388 1705 4445 XXXVI
1736 4391 1834 4463 (3).

511 4470 773 4557 Roganti
794 4488 1097 4557 quempam
1110 4475 2181 4557 spiritum_Pau1usspripseritposza_

1981 256 2047 336 s.
2092 254 2537 342 AMBROSIl.

3727 292 3845 365 1128

2224 438 2276 521 Α
2386 479 2487 564 qui
2501 483 2560 534 et
2577 480 2879 564 orationes
2895 486 3137 564 nostras
3152 482 3377 564 dirigit,
3383 493 3450 564 _et_
3458 490 3617 560 gemit
3631 494 3849 564 prodelic-

2385 551 2468 605 tis
2497 552 2745 622 nostris,
2768 551 3410 628 gemituinenarrabili,
3428 551 3524 615 Hoc
3548 551 3648 633 est;
3666 551 3846 623 caelesti.

2646 680 2653 687 .
2752 643 3096 697 Aunnosws
3135 643 3511 703 Honora-nmo.

2383 726 2434 781 1.
2463 726 2939 786 Concatenantur
2982 733 3100 787 sibi
3137 734 3392 804 epistolae
3431 743 3644 810 nostrae,
3684 744 3735 795 ut
3764 746 3848 799 tan-

2311 830 2486 885 quam
2503 816 2658 872 inter
2676 822 3007 889 praesentes
3028 821 3327 878 videamur
3344 839 3644 882 sermonem
3659 830 3849 888 euadere:

2311 903 2389 959 ita
2420 919 2534 977 ego
2566 921 2641 960 ex
2669 910 2767 962 tua
2795 908 3281 982 interrogatione,
3311 915 3478 985 tuque
3504 930 3573 969 ex
3593 931 3702 971 mea
3724 921 3853 991 expla-

2312 994 2549 1049 natione
2578 996 2849 1065 epistolis
2881 999 3219 1054 scribendis
3249 1003 3535 1058 materiam
3563 1004 3752 1061 damus.

2380 1082 2435 1137 2.
2468 1083 2693 1140 Moveri
2722 1087 2879 1140 enim
2908 1089 2966 1142 te
2987 1088 3262 1143 indicasti
3291 1090 3360 1144 de
3376 1106 3485 1163 quo
3505 1093 3689 1163 spiritu
3707 1095 3852 1152 dictum

2313 1170 2426 1225 sit:
2465 1191 2489 1221 ι
2522 1171 2670 1237 Quia
2699 1174 2958 1244 postulat
2986 1191 3093 1246 pro
3124 1177 3298 1232 nobis
3317 1180 3613 1251 gemitibus
3639 1183 3852 1239 inenarra-

2308 1258 2531 1315 bilibus
2562 1261 2751 1331 (Rom.
2783 1279 2905 1335 VIII,
2936 1261 3047 1335 26).
3084 1285 3109 1316 ι
3160 1266 3471 1338 Superiora
3507 1269 3669 1342 igitur
3704 1277 3852 1343 repeta-

2309 1363 2485 1420 mus;
2531 1352 2595 1404 ut
2621 1349 2798 1407 lectio
2828 1353 3186 1425 manifestat,
3217 1356 3375 1427 quod
3407 1360 3727 1429 querimus:
3769 1362 3853 1416 «Si-

2309 1437 2545 1509 militer,
2585 1461 2607 1488 ιι
2640 1438 2848 1511 inquit,
2886 1464 2910 1489 α
2944 1445 3003 1497 et
3030 1441 3285 1514 Spiritus
3312 1445 3541 1517 adjuvat
3565 1447 3852 1504 inﬁrmitatem

2308 1529 2532 1582 nostrae
2552 1529 2838 1585 orationis
2862 1530 3063 1602 (Ibid).
3083 1553 3108 1583 ι
3123 1533 3336 1589 Nonne
3350 1534 3455 1590 tibi
3466 1535 3851 1608 videtur-Spiritus

2309 1618 2575 1687 sanctus,
2590 1618 2727 1688 quia
2738 1618 3163 1690 adjutornobis
3184 1626 3299 1690 est,
3323 1623 3475 1678 sicut
3486 1624 3578 1679 ille
3596 1625 3678 1679 cui
3695 1625 3851 1681 dicitur:

2313 1724 2336 1750 α
2360 1703 2614 1775 Adjutor
2631 1720 2801 1761 meus
2822 1722 2890 1762 es
2910 1711 2974 1762 tu
3006 1708 3104 1780 (4),
3130 1724 3205 1765 ne
3233 1710 3602 1785 derelinquas
3626 1728 3722 1783 me,
3738 1730 3854 1785 neque

2308 1791 2607 1864 despicias
2630 1810 2741 1865 me,
2766 1795 2927 1851 Deus
2950 1796 3231 1854 salutaris
3253 1814 3423 1855 meus
3442 1801 3621 1872 (Psal.
3645 1818 3770 1872 xxvi,
3784 1802 3851 1871 9).:

2378 1880 2432 1937 8.
2472 1880 2617 1947 Quis
2656 1884 2814 1939 enim
2850 1885 3004 1941 alius
3054 1886 3325 1960 spiritus,
3368 1889 3467 1961 qui
3505 1892 3681 1961 possit
3724 1891 3858 1946 docere

2308 1969 2554 2026 Paulum
2582 1973 2723 2044 quid
2754 1975 2995 2030 oraret?
3023 1975 3208 2032 Docet
3228 1979 3426 2033 autem
3453 1978 3686 2049 Spiritus
3702 1978 3857 2049 ειη-ἰεῦ,

2310 2060 2465 2115 sicut
2485 2064 2542 2115 et
2557 2061 2855 2134 Christus,
2883 2079 3053 2119 orare
3074 2064 3408 2137 discipulos
3425 2081 3568 2123 suos
3596 2068 3732 2137 (Luc.
3747 2085 3802 2137 ιι,
3818 2069 3859 2135 it.

2306 2147 2454 2214 Quis
2500 2152 2696 2205 autem
2724 2154 2863 2222 post
2896 2150 3196 2208 Christum
3245 2155 3508 2227 doceret,
3554 2157 3662 2211 nisi
3695 2157 3859 2227 Spiritus

2309 2236 2466 2309 ejus,
2499 2253 2673 2309 quem
2705 2240 2836 2311 ipse
2867 2241 3045 2307 misit,
3079 2246 3142 2297 ut
3170 2243 3435 2315 doceret,
3466 2248 3523 2299 et
3549 2246 3862 2318 diriget-etno-

2306 2329 2463 2381 stras
2494 2327 2832 2383 orationes:
2874 2344 3114 2386 oramus
3153 2332 3314 2387 enim
3345 2332 3581 2405 Spiritu,
3622 2348 3804 2389 oramus
3832 2336 3863 2385 et

2306 2418 2499 2470 mente
2529 2415 2587 2484 (Ι
2603 2415 2738 2472 Cor.
2771 2433 2895 2489 xxv,
2928 2418 3038 2490 15).
3072 2418 3149 2475 Ut
3178 2420 3339 2476 bene
3370 2437 3538 2478 mens
3567 2422 3734 2494 possit
3746 2435 3863 2485 orare,

2304 2504 2588 2574 praecedit
2616 2504 2894 2579 Spiritus,
2928 2511 2987 2562 et
3013 2508 3251 2565 deducit
3284 2526 3416 2566 eam
3464 2513 3525 2566 in
3550 2513 3691 2567 viam
3727 2514 3865 2565 rectam

2305 2592 2493 2664 (PsaI.
2528 2608 2703 2664 σιω,
2738 2595 2827 2666 10)
2854 2611 2868 2666 ;
2900 2611 2974 2651 ne
3005 2596 3296 2669 obrepant
3328 2600 3600 2672 carnalia,
3620 2615 3685 2656 ne
3702 2599 3866 2665 minora,

2305 2696 2379 2737 ne
2407 2683 2582 2737 etiam
2611 2682 2838 2755 majora
2867 2686 3132 2742 viribus:
3172 2707 3196 2739 α
3234 2688 3572 2762 Unicuique
3614 2692 3745 2744 enim
3767 2688 3871 2742 datur

2303 2771 2700 2850 manifestatio
2730 2772 2985 2844 Spiritus
3016 2775 3089 2830 ad
3120 2776 3435 2833 utilitatem
3465 2779 3519 2850 (1
3540 2778 3665 2834 Cor.
3692 2794 3773 2846 xn,
3796 2777 3869 2844 7).»

2303 2840 2570 2933 Denique
2600 2840 2885 2933 scriptum
2917 2866 3043 2921 est:
3078 2863 3264 2921 Petito
3298 2840 3536 2939 magna,
3568 2872 3623 2923 et
3648 2840 3791 2939 parva
3812 2840 3874 2919 ad-

2298 2947 2583 3022 jicientur
2611 2950 2807 3006 vobis.
2834 2951 3017 3009 Petita
3047 2953 3337 3027 ccelestia,
3360 2959 3418 3012 et
3438 2960 3660 3013 terrena
3675 2954 3873 3026 adjicien-

2300 3040 2399 3093 tur
2424 3038 2662 3109 (Matth.
2696 3056 2776 3110 vx,
2808 3039 2919 3112 33).

2374 3127 2427 3182 4.
2459 3126 2620 3199 Ergo
2648 3128 2774 3184 vult
2802 3144 2919 3185 nos
2948 3130 3178 3204 majora
3220 3136 3452 3207 petere,
3485 3134 3601 3192 non
3628 3135 3682 3189 in
3706 3130 3876 3188 temnis

2214 3194 2268 3266 Ο
2303 3194 2675 3273 morari—Ille
2702 3221 2897 3275 autem
2926 3194 3478 3296 scitvquid-tribuat,
3506 3247 3529 3272 ι
3564 3223 3796 3280 dividens
3810 3220 3879 3275 sic

2280 3307 2482 3379 gulis,
2505 3311 2680 3379 prout
2699 3309 2823 3362 vult
2851 3308 2908 3378 (Ι
2921 3309 3057 3365 Cor.
3091 3320 3197 3382 xu,
3230 3312 3346 3385 11).
3386 3337 3409 3363 ιο
3445 3314 3595 3369 Dicit
3622 3314 3754 3369 enim
3771 3312 3878 3364 inter-

2300 3395 2460 3467 dum,
2485 3397 2687 3452 sciens
2708 3413 3072 3470 mensuram,
3091 3415 3269 3472 quam
3291 3417 3410 3458 nos
3431 3403 3776 3476 ignoramus:
3800 3397 3880 3452 Non

2297 3486 2550 3557 potestis
2581 3485 2711 3541 haec
2738 3486 2911 3543 modo
2942 3488 3232 3560 accipere.
3264 3491 3418 3547 Peto
3460 3493 3601 3547 mihi
3627 3489 3878 3563 passionem

2297 3576 2582 3648 martyrii,
2613 3574 2869 3647 Spiritus
2897 3580 3142 3633 sanctus
3173 3584 3492 3652 promptus
3514 3584 3605 3637 est
3625 3581 3695 3652 (5)
3713 3574 3877 3650 (Matth.

2296 3681 2462 3736 xxvi,
2486 3665 2610 3738 4t):
2638 3664 2747 3720 sed
2766 3665 2979 3721 videns
3000 3667 3300 3724 inﬁrmum
3326 3673 3532 3726 carnis
3552 3682 3707 3739 meae,
3724 3682 3781 3722 ne
3797 3665 3881 3719 dum
3924 3722 3925 3741 η

2298 3754 2526 3827 majora
2574 3754 2767 3827 cupio,
2799 3755 3030 3811 minora
3072 3757 3359 3830 amittam,
3401 3760 3573 3816 dicit:
3624 3758 3741 3814 Non
3772 3759 3879 3827 potes

2298 3842 2429 3899 haec
2460 3843 2751 3916 accipere.
2782 3842 2999 3910 Quales
3033 3848 3391 3904 occasiones
3427 3849 3608 3905 habui
3633 3849 3731 3921 (6):
3770 3848 3810 3899 et
3842 3840 3884 3893 de

2294 3931 2428 4002 ipso
2458 3948 2644 4004 prope
2672 3932 2789 3988 ﬁne
2826 3937 3140 3990 revocatus
3173 3939 3359 3991 sum?
3387 3937 3569 3993 Novit
3591 3938 3731 3993 enim
3754 3933 3882 3988 bonus

2292 4021 2563 4077 medicus
2584 4022 2661 4094 (Ἴ)
2680 4038 2813 4094 qum
2831 4038 2992 4094 esca,
3016 4023 3115 4095 qui
3138 4027 3270 4095 apta
3299 4026 3385 4081 sit
3413 4024 3742 4094 inﬁrmitati,
3767 4026 3808 4077 et
3829 4018 3884 4072 cui

2294 4111 2545 4181 tempori
2574 4112 2648 4166 ad
2676 4111 3008 4183 profectum
3030 4113 3414 4171 valetudinis.
3435 4116 3722 4172 Interdum
3739 4122 3885 4182 oppor-

2294 4201 2517 4255 tunitas
2547 4215 2707 4256 escae
2738 4201 3048 4258 sanitatem
3077 4202 3308 4259 reddit:
3363 4205 3528 4276 quod
3559 4204 3612 4260 si
3639 4202 3887 4275 importune

2296 4290 2513 4362 aliquis
2543 4290 2825 4363 accipias,
2860 4294 2960 4347 aut
2986 4307 3106 4349 non
3136 4295 3614 4366 convenientem,
3638 4290 3888 4363 implicatur

2290 4380 2579 4450 periculo.

2362 4469 2418 4524 5.
2451 4468 2612 4541 Ergo
2644 4469 2782 4543 quia
2809 4485 2922 4526 nos
2954 4471 3260 4528 nescimus
3292 4472 3441 4545 quid
3464 4487 3715 4540 oremus,
3732 4470 3779 4525 et
3792 4477 3886 4536 quo-

2222 1835 2278 1901 Β

580 4544 711 4635 [inre
734 4544 851 4619 pio
866 4546 1040 4635 nob'rs
1056 4544 1377 4635 gemitibus
1392 4544 1911 4635 inenarrabilibus,
1937 4544 2182 4629 r‘espon-
2293 4558 2467 4614 modo
2491 4563 2777 4631 oporteat,
2799 4561 3057 4631 postulat
3082 4577 3190 4632 pro
3220 4544 3402 4618 nobis
3434 4563 3687 4635 Spiritus
3713 4557 3887 4615 sanetus

584 4618 762 4673 detur
789 4634 903 4675 non
926 4618 1102 4674 alium
1124 4619 1401 4675 denotari
1426 4624 1548 4677 nisi
1568 4623 1860 4696 Spiritum
1889 4618 2178 4701 sanctum,

2302 4649 2481 4721 (Rom.
2514 4664 2640 4720 vm,
2672 4648 2762 4720 26)
2785 4665 2800 4721 ;

582 4758 778 4837 (t_)__lta
823 4776 1032 4837 omnes
1074 4779 1223 4837 mss.
1254 4766 1314 4819 at
1353 4765 1517 4837 edit.,
1555 4789 1577 4814 κ
1627 4766 1744 4822 nisi
1801 4772 1859 4823 et
1900 4769 2051 4827 forte
2089 4773 2180 4829 sic

509 4826 831 4911 intelligas.
861 4854 891 4911 ρ
927 4834 1142 4889 Paucis
1190 4850 1335 4891 vero
1364 4826 1771 4911 interpositis,
1820 4842 1924 4897 ubi
1971 4826 2178 4900 omnes

515 4897 774 4985 editiac
822 4903 1025 4971 plures
1065 4921 1245 4985 _1_nss.,
1280 4927 1305 4959 α
1351 4909 1511 4985 Quia
1537 4897 1697 4985 illud
1740 4897 1947 4968 verum
1986 4897 2172 4985 estpi

508 4967 730 5094 Legitur
758 4967 996 5029 in_mss.
1029 4967 1270 5049 aliquot,
1310 5001 1333 5026 α
1368 4967 1519 5045 Quid
1547 4982 1745 5040 aliud?
1775 4967 2174 5059 Veiam'ési»,

580 5108 659 5197 (2)
700 5107 1119 5197 Chaldaeorum
1166 5121 1492 5197 vanitatem,
1539 5126 1833 5197 superiori
1880 5131 2039 5186 tomo
2099 5130 2177 5184 ita

512 5180 854 5272 frequenter
875 5184 1187 5272 impugnat
1216 5191 1595 5272 Ambrosius,
1615 5180 1931 5272 ‘utimagis'
1945 5180 2180 5272 expedi:

506 5258 632 5313 tum
662 5253 839 5308 nobis
861 5253 1139 5344 ‘videafur
1170 5259 1428 5318 lectores
1457 5266 1531 5320 ad
1560 5253 2175 5344 ihdicemvremit‘tere,

508 5340 687 5398 quam
702 5339 827 5398 eos
858 5325 1026 5382 locos
1058 5329 1154 5384 hic
1194 5345 1531 5391 recensere.

515 5396 545 5455 Γ
581 5396 660 5468 (8)
692 5396 920 5468 Scripta
952 5399 1113 5455 circa
1145 5416 1363 5457 annum
1391 5405 1516 5461 387.

510 5504 519 5511 .
583 5469 663 5546 (g)
692 5469 975 5546 Nonnulli
991 5487 1153 5546 mss.
1189 5492 1213 5523 ι
1248 5474 1505 5546 Adjutor
1530 5496 1701 5538 meus
1732 5486 1883 5540 esto.
1918 5504 1942 5537 ι

608 5471 663 5531 4)
692 5471 975 5525 Nonnulli
1004 5487 1153 5528 mss.
1189 5492 1213 5523 ι
1248 5474 1505 5546 Adjutor
1530 5496 1701 5538 meus
1732 5486 1883 5540 esto.
1918 5504 1942 5537 ι

583 5471 665 5614 (5)
691 5540 911 5629 omnes
938 5543 1076 5629 edit.
1099 5560 1170 5601 ac
1186 5560 1335 5601 mss.
1355 5551 1643 5625 nonnulli,
1672 5576 1696 5602 α
1721 5556 1968 5625 spiritus
1982 5574 2179 5629 prom-

508 5627 648 5702 ptus
679 5628 773 5681 est
799 5641 813 5681 :
849 5646 872 5675 ι
907 5628 1014 5685 sed
1044 5628 1248 5701 plures
1278 5644 1348 5685 ac
1374 5632 1639 5702 potiores
1670 5636 1891 5693 addunt
1915 5627 2177 5698 visane-

503 5700 602 5760 tus
627 5713 641 5773 ;
680 5718 702 5749 ι
737 5713 870 5779 quae
894 5718 1011 5764 vox
1023 5700 1156 5769 cum
1182 5702 1340 5765 serie
1363 5700 1648 5771 orationis
1672 5709 1911 5775 minime
1929 5718 2173 5799 pugnat.

2833 4652 2926 4705 est
2953 4651 3109 4704 enim
3138 4649 3402 4721 Spiritus
3447 4652 3711 4707 advocati
3736 4648 3798 4719 (8)
3819 4657 3889 4697 n0-

2365 4791 2444 4864 (6)
2476 4791 2836 4865 Legationes
2868 4808 3011 4847 suas
3040 4793 3115 4848 ad
3144 4793 3472 4850 Maximum
3515 4796 3814 4865 tyrannum,
3836 4784 3893 4863 st-

2291 4867 2390 4938 cut
2422 4868 2479 4917 et
2506 4864 2759 4918 Justinaa
2791 4867 3304 4938 persecutionem:
3337 4867 3414 4921 de
3444 4864 3561 4938 qua
3591 4866 3643 4920 si
3658 4872 3893 4938 quiesctt-

2291 4935 2412 5006 psit
2440 4939 2687 5015 sanctus
2716 4931 2986 5015 antistes,
3019 4938 3295 5015 attentius
3328 4931 3631 5015 perlegas,
3676 4931 3893 5015 fateberis

2288 5022 2408 5061 non
2440 5006 2605 5061 illum
2636 5008 2936 5079 martyrio,
2969 5006 3076 5063 Sed
3106 5006 3457 5080 martyrium
3487 5006 3572 5063 illi
3600 5006 3845 5061 defuisse.

2360 5079 2438 5124 (Ἴ)
2474 5079 2927 5124 Ambrosianum
2961 5079 3325 5124 hnnnlnnnm
3354 5079 3644 5124 nnntande
3672 5089 3786 5124 cum
3811 5074 3877 5124 All

2360 5079 2438 5148 (Ἴ)
2471 5079 2928 5133 Ambrosianum
2960 5079 3330 5134 hunclocu’m
3354 5079 3644 5135 contende
3672 5079 3893 5153 cumAn-

2288 5149 2649 5223 gustinianis
2678 5150 2920 5221 aliquot,
2944 5152 3211 5223 maxime
3240 5166 3386 5223 vero
3425 5168 3560 5223 cum
3591 5149 3680 5205 his
3712 5162 3742 5201 ει
3773 5141 3895 5223 Ιιδιηι

2288 5210 2659 5303 EdSimpIic.
2696 5210 2918 5303 qumst:
2935 5221 2988 5290 2,
3027 5222 3204 5303 etlib:
3231 5222 3497 5303 de_D_ono
3515 5210 3892 5303 Hersen-c111}:

2284 5293 2387 5347 ubi
2410 5292 2483 5347 de
2507 5286 3239 5371 congruentiavocationis
3267 5294 3492 5371 divinas
3524 5286 3893 5371 disputatufﬂi‘

2284 5379 2404 5419 non
2434 5356 2792 5435 mediocrem
2824 5366 2984 5418 inter
3023 5369 3452 5435 praeceptorem
3500 5380 3568 5419 ac
3597 5356 3895 5431 discipulum

2284 5435 2572 5490 doctrinm
2603 5434 3321 5507 aiﬁninitatemreperi’es.
3384 5506 3393 5507 ί
3724 5506 3729 5507 ί
3838 5497 3846 5505 ,

2356 5508 2437 5578 (Β)
2470 5508 2616 5563 Μεεο
2650 5507 2893 5582 aliquot,
2928 5528 2952 5553 α
2984 5522 3094 5582 pro
3112 5506 3296 5562 nobis
3322 5506 3624 5582 ίδρὶιεὶῐυε
3652 5506 3892 5582 estenim

2282 5550 3022 5659 advocatiz'r-re‘li-qui,‘e{
3037 5594 3243 5635 omnes
3275 5550 3513 5635 editf'ut
3532 5594 3638 5633 nos
3746 5574 3890 5659 ιβξξξιλ

2282 5650 2404 5708 nisi
2451 5650 2612 5722 quod
2656 5654 2772 5705 vet.
2824 5650 2962 5722 edit.
3012 5666 3081 5707 ac
3145 5666 3291 5708 mss.
3340 5666 3463 5706 non
3515 5650 3678 5722 pauci
3724 5651 3892 5701 vocem

2281 5746 2309 5817 ς
2345 5720 2606 5816 Spiritus
2635 5726 2771 5809 ante
2801 5742 2829 5807 _¢
2863 5721 3135 5810 advocati
3165 5747 3189 5776 υ
3222 5720 3680 5823 praetermittunt.
