4070 6180
134 375 151 389 ο
250 330 412 400 1129

1481 305 2096 403 EPISTDLARUM
2141 330 2479 394 CLASSIS
2523 331 2573 394 ι.

3564 330 3724 409 1130

262 535 376 591 stri
405 533 556 589 Jesu
579 550 592 589 :
617 536 676 588 et
694 533 952 603 postulat
970 534 1292 605 gemitibus
1314 532 1758 600 ineffabilibus;
1791 513 2032 588 doletA.
2124 532 2465 609 disputatis,
2501 548 2701 609 eorum
2734 534 3020 609 beroibus
3055 535 3446 609 Christianos,
3464 541 3719 609 opponit.
3786 544 3793 547 '

272 625 430 680 enim
455 637 567 693 pro
598 621 773 677 nobis
805 623 862 676 et
905 620 1179 676 Christus
1210 621 1350 693 (Isa.
1388 638 1509 691 Lm,
1559 622 1636 691 4).
1686 621 1757 675 Et
1789 622 1947 676 Deus

272 714 449 768 Pater
480 711 659 766 dicit:
686 710 832 774 930
869 732 891 756 α
928 710 1205 765 Ventrem
1252 726 1447 765 meum
1496 710 1671 765 doleo
1701 710 1944 778 (.lcrem.

268 817 349 880 iv,
372 799 495 880 .19).
534 823 555 880 ι)
608 799 680 853 Et
713 798 1062 880 frequenter
1093 799 1497 880 indignantem
1527 814 1660 852 eum
1693 798 1949 880 legimus

269 874 325 927 et
355 871 673 925 dolentem.
708 870 900 925 Gemit
929 874 1144 939 autem,
1178 876 1239 924 ut
1270 870 1498 924 auferat
1535 873 1773 939 peccata
1803 886 1948 924 nos-

268 963 379 1028 tra,
414 959 622 1014 doceat
653 974 763 1011 nos
796 973 974 1029 agere
1020 958 1440 1028 pmnitentiam.
1480 958 1585 1011 Est
1628 959 1782 1013 enim
1812 959 1947 1028 pius

268 1048 546 1121 gemitus,
586 1051 644 1102 et
672 1047 890 1117 plenus
934 1047 1326 1116 auctoritatis,
1367 1047 1438 1101 de
1484 1062 1602 1118 quo
1635 1047 1775 1100 dicit
1805 1048 1949 1101 Pro-

264 1136 442 1208 pheta
478 1152 490 1191 :
531 1158 552 1185 ι
589 1134 662 1189 Et
689 1135 949 1207 gemitus
981 1151 1152 1190 meus
1195 1151 1314 1191 non
1359 1138 1451 1190 est
1500 1135 1890 1191 absconditus
1917 1151 1952 1189 a

270 1228 327 1280 te
356 1223 544 1295 (Psal.
580 1240 807 1292 xxxvn,
842 1224 956 1291 10).
997 1244 1018 1272 ι
1055 1224 1191 1279 Non
1223 1224 1380 1279 enim
1411 1223 1627 1278 latebat
1647 1226 1709 1277 ut
1742 1222 1947 1291 Adam,

266 1313 376 1368 sed
406 1312 639 1368 dicebat
671 1328 683 1367 :
723 1332 746 1362 ι
782 1310 938 1366 Ecce
970 1328 1084 1384 ego
1115 1314 1353 1383 pastor,
1388 1316 1444 1366 et
1488 1328 1634 1384 grex
1667 1312 1780 1366 iste
1812 1312 1951 1384 quid

279 1402 553 1473 deliqui?
576 1400 705 1473 Ego
736 1400 1001 1472 peccavi,
1036 1401 1095 1456 in
1128 1416 1221 1456 me
1251 1400 1485 1455 vindica
1516 1400 1572 1470 (Ι
1599 1400 1804 1455 Pera].
1829 1418 1951 1471 xxi,

280 1489 393 1561 1'7).
432 1513 455 1540 η

345 1579 400 1634 6.
452 1578 541 1633 Ex
576 1576 691 1634 hoc
734 1578 918 1650 igitur
960 1578 1223 1649 gemitus
1272 1577 1529 1649 Spiritus
1576 1578 1721 1648 Dei;
1772 1581 1829 1634 et
1858 1577 1955 1633 ille

280 1667 590 1738 Prophetas
619 1669 879 1739 gemitus
911 1666 1010 1737 (9),
1043 1665 1196 1721 bene
1214 1665 1569 1736 inetl'abilis;
1603 1666 1738 1738 quia
1772 1666 1954 1721 cccle-

276 1757 413 1811 stis.
448 1755 529 1810 Ea
559 1756 716 1811 enim
746 1772 880 1827 qum
899 1755 957 1809 in
973 1758 1122 1810 cceto
1144 1755 1367 1811 audivit
1392 1756 1617 1810 Paulus
1640 1754 1957 1810 ineffabilia

280 1844 545 1914 audivit;
577 1847 640 1898 ut
688 1843 799 1898 fari
839 1860 907 1898 ea
951 1843 1223 1899 homines
1255 1860 1374 1899 non
1414 1844 1665 1898 debeant
1697 1843 1782 1914 (ΙΙ
1818 1843 1953 1899 Cor.

2123 606 2214 678 ᾼε
2239 605 2474 678 tandem
2495 605 2602 678 ubi,
2616 604 2895 678 confirma
2908 612 2990 659 vit
3008 622 3130 675 eos,
3153 609 3252 678 qui
3266 608 3481 678 pravis
3493 604 3725 665 allecti-

2124 674 2237 728 bus
2258 677 2551 750 serviunt,
2578 675 2805 750 liberos
2836 694 2948 730 non
2972 694 3141 750 esse;
3165 674 3443 750 quo—modo
3458 682 3723 737 membra

2127 753 2330 800 nostra
2342 747 2602 817 justitiae
2634 749 2927 816 serviant,
2952 748 3139 803 docet.

2298 854 2639 907 AMBROSIUS
2673 854 3050 909 SIMPLICIANO
3073 855 3321 910 salutem
3351 857 3481 928 (19).

2128 940 2179 995 1.
2212 942 2489 996 Proxime
2522 958 2653 997 cum
2685 943 2904 997 veteris
2936 946 3156 999 amoris
3175 961 3288 999 usu
3318 945 3729 1004 familiarisin-

2055 1032 2146 1083 ter
2178 1046 2288 1084 nos
2320 1047 2516 1086 sermo
2551 1032 2878 1087 caederetur
2908 1033 3040 1103 (13),
3073 1034 3350 1088 delectari
3380 1038 3435 1089 te
3464 1035 3730 1092 insinua-

2058 1118 2132 1172 sti
2165 1118 2328 1189 mihi,
2354 1135 2487 1173 cum
2517 1120 2737 1191 aliquid
2778 1120 2848 1176 de
2890 1122 3052 1176 Pauli
3097 1122 3347 1192 apostoli
3397 1124 3487 1194 14)
3533 1127 3730 1197 scrip—

2057 1206 2133 1260 tis
2166 1222 2363 1261 coram
2385 1208 2602 1278 populo
2620 1209 2691 1263 ad
2710 1208 3127 1280 disputandum
3141 1227 3510 1268 assumerem
3535 1230 3549 1283 ;
3574 1214 3731 1286 quod

2058 1293 2192 1366 ejus
2223 1295 2582 1365 profundum
2630 1298 2690 1351 in
2722 1299 2992 1354 consiliis
3030 1300 3131 1353 vix
3176 1301 3729 1371 comprehendatur,

2062 1381 2315 1437 sublime
2347 1384 2408 1437 in
2449 1386 2759 1441 sententiis
2798 1388 3131 1443 audientem
3178 1390 3388 1462 erigat,
3424 1390 3734 1462 disputan-

2058 1473 2177 1526 tem
2234 1472 2515 1529 accendat
2548 1491 2560 1530 :
2594 1480 2716 1530 tum
2763 1478 2900 1547 quia
2947 1476 3007 1532 in
3055 1478 3356 1550 plerisque
3386 1479 3465 1533 ita
3499 1480 3736 1550 seipse

2061 1560 2190 1614 suis
2222 1565 2477 1631 exponat
2524 1565 2923 1636 sermonibus,
2975 1571 3052 1623 ut.
3086 1568 3139 1622 is
3179 1568 3281 1640 qui
3327 1570 3555 1639 tractat,
3589 1569 3738 1624 nihil

2061 1648 2321 1703 inveniat
2351 1652 2509 1720 quod
2539 1652 2779 1724 adjiciat
2809 1669 2983 1709 suum
3010 1671 3025 1724 ;
3057 1670 3126 1709 ac
3155 1656 3208 1709 si
3240 1656 3380 1710 velit
3400 1656 3622 1728 aliquid
3644 1657 3738 1711 di-

2064 1752 2219 1807 cere,
2255 1740 2622 1809 grammatici
2654 1742 2847 1813 magis
2898 1757 3071 1813 quam
3105 1742 3490 1813 disputatorie
3520 1744 3740 1817 funga-

2060 1829 2156 1880 tur
2184 1840 2447 1883 munere.

288 1888 507 2003 ἓῖιζῖυξ
525 1888 631 1988 ὲθᾎ
664 1888 799 2004 gl};
831 1888 1771 2003 ἐέοζιίἶέ’ἰιῖιὲὶίῌῖιῖιιξ,”ὖέξ”ιζδὶἑ
1800 1888 2030 1988 εἶιῖἆιζθ
2144 1914 2281 1978 931
2321 1919 2373 1974 ει-
2409 1917 2474 1972 In
2504 1933 2573 1973 eo
2605 1921 2797 1974 tamen
2827 1919 3105 1991 quoniam
3136 1920 3432 1977 ctvcteris
3463 1920 3739 1977 arrectum

288 2021 471 2077 Novit
504 2020 660 2076 enim
692 2021 907 2092 omnia,
941 2021 1041 2091 qui
1084 2024 1378 2076 scrutator
1405 2026 1497 2076 est
1538 2022 1736 2076 cordis
1768 2022 1956 2089 (Hom.

280 2128 405 2182 vm,
437 2110 527 2180 2'1)
563 2126 576 2165 :
602 2110 709 2165 sed
727 2109 826 2164 illa
858 2111 1177 2176 scrutatur,
1203 2110 1655 2180 qummundavit
1684 2109 1960 2179 Spiritus.

276 2199 462 2255 Novit
491 2215 638 2272 ergo
670 2199 830 2253 Deus
861 2198 1001 2270 quid
1017 2198 1274 2269 postulet
1302 2198 1557 2268 Spiritus
1580 2203 1637 2251 et
1664 2214 1797 2269 quae
1826 2198 1962 2269 Spi-

286 2289 442 2342 ritus
474 2287 763 2358 sapientia
793 2288 870 2341 sit
900 2284 1013 2358 (lO)
1038 2302 1053 2357 ;
1084 2302 1215 2357 quae
1238 2286 1567 2357 interpellat
1588 2302 1694 2358 pro
1714 2287 1959 2357 sanctis,

293 2376 451 2432 sicut
478 2375 666 2430 habes
701 2392 713 2431 :
755 2399 776 2423 α
800 2374 947 2441 Quia
975 2378 1032 2429 et
1059 2374 1313 2444 Spiritus
1356 2375 1687 2446 interpellat
1715 2392 1822 2447 pro
1854 2391 1964 2431 no-

281 2465 382 2520 bis
413 2464 594 2534 (Ibid.
629 2464 761 2535 26);
810 2480 917 2535 pro
968 2464 1186 2536 quibus
1234 2463 1391 2518 enim
1419 2462 1695 2519 Christus
1746 2481 1966 2536 passus

289 2557 405 2624 est,
436 2557 492 2608 et
513 2569 664 2625 quos
695 2553 988 2625 sanguine
1028 2552 1329 2607 mundavit
1360 2568 1491 2622 suo,
1530 2568 1636 2624 pro
1668 2553 1743 2608 iis
1780 2554 1965 2609 inter-

288 2642 470 2715 pellat
497 2645 554 2697 et
583 2642 860 2713 Spiritus.
898 2642 1061 2713 Vale,
1095 2644 1151 2698 et
1180 2657 1292 2698 nos
1325 2646 1387 2697 ut
1416 2642 1574 2697 titius
1605 2642 1807 2715 dilige,
1827 2643 1966 2715 quia

287 2747 403 2787 nos
424 2733 481 2786 te
511 2730 835 2803 diligimus.

715 2853 1085 2912 EPISTOLA
1123 2855 1389 2911 XXXVII
1429 2855 1561 2926 (tl).

289 2962 434 3019 Cum
453 2962 868 3018 Siupmcumus
899 2964 1205 3018 Auenosm
1239 2968 1495 3019 testatus
1514 2968 1676 3017 esset
1708 2978 1836 3016 eum
1856 2963 1967 3017 uti-

352 3035 505 3107 liter
532 3038 829 3107 laetarum
851 3076 867 3105 ,
916 3036 981 3107 si,
1021 3035 1162 3107 quid
1190 3050 1280 3107 ex
1309 3034 1593 3107 Apostolo
1628 3034 1967 3107 dissereret

356 3106 511 3178 apud
545 3106 831 3178 populum,
862 3104 1054 3177 ipsius
1108 3104 1393 3161 voluntati
1438 3122 1507 3159 se
1548 3106 1656 3178 liae
1695 3105 1968 3160 daturum

356 3177 884 3248 spondet’sanctus
933 3178 1045 3243 vir,
1072 3178 1330 3231 maxime
1366 3193 1493 3248 cum
1526 3177 1772 3230 amicum
1795 3178 1857 3230 in
1898 3193 1967 3231 eo

347 3247 618 3321 iudicem
663 3248 786 3321 sibi
838 3247 1104 3321 futurum
1173 3253 1395 3321 noscat.
1438 3247 1641 3319 Itaque
1677 3248 1862 3321 mittit
1897 3248 1971 3302 ad

364 3335 516 3391 eum,
562 3319 713 3391 quod
741 3318 945 3374 eodem
986 3319 1236 3373 absente
1266 3318 1699 3391 disputaverat,
1736 3320 1971 3374 scilicet

359 3390 711 3445 libertatem
745 3396 1008 3445 nostram
1049 3391 1112 3443 in
1155 3390 1449 3461 sapientia
1486 3392 1737 3461 positam
1786 3406 1968 3445 esse:

356 3462 722 3516 sententiam
742 3477 773 3515 a
784 3460 1157 3532 pbilosopbis
1177 3460 1784 3532 ambitioseJactatam
1800 3462 1969 3516 dicit.

359 3531 529 3587 Hanc
574 3531 837 3586 tamenin
878 3531 1172 3586 Patribus
1202 3531 1509 3603 proditam
1532 3548 1658 3587 cum
1691 3549 1768 3586 ex
1799 3532 1971 3587 Salo-

364 3619 533 3658 mone
555 3604 794 3673 astruit,
821 3608 940 3657 tum
964 3602 1255 3674 exemplis
1276 3602 1482 3657 Jacobi
1500 3619 1565 3657 ac
1586 3604 1848 3674 Josepbi.
1873 3603 1975 3657 Ex

361 3676 460 3729 bis
482 3674 747 3729 ostendit
786 3689 899 3728 non
937 3674 1278 3730 venditione
1300 3689 1559 3745 servum,
1586 3681 1645 3728 at
1680 3676 1971 3745 sapientia

362 3746 625 3801 liberum
676 3761 960 3817 quemque
998 3745 1156 3817 lieri.
1198 3745 1364 3817 Hinc
1396 3743 1802 3817 demonstrato
1842 3746 1975 3817 quis

360 3816 547 3883 liber,
570 3833 643 3870 an
665 3814 1011 3885 secum—eum
1042 3816 1225 3871 solum
1249 3814 1457 3871 definit
1491 3820 1586 3869 sui
1606 3816 1775 3887 juris
1815 3814 1969 3885 esse,

361 3888 464 3960 qui
486 3903 598 3960 non
618 3888 888 3960 cogitur,-
925 3887 1329 3960 unde_eolligit
1367 3888 1609 3941 servire
1631 3896 1757 3940 cuin
1779 3887 1973 3960 liber-

360 3957 487 4013 tate
507 3957 807 4013 interdum
828 3957 862 4029 j
869 3959 1028 4030 ungi.
1067 3958 1192 4012 Sub
1207 3957 1341 4030 ilizec
1366 3965 1694 4030 sequuntur
1734 3973 1875 4012 vere
1897 3958 1974 4011 li-

359 4029 1247 4110 berorumque-damexempla
1280 4033 1339 4110 et
1366 4029 1824 4110 descriptiones,
1852 4030 1976 4110 qui:

357 4101 476 4156 bus
492 4099 774 4171 subditur
790 4099 1079 4154 libertate
1099 4100 1252 4154 bunc
1274 4100 1502 4155 demum
1524 4099 1669 4169 frui,
1695 4101 1792 4171 qui
1814 4099 1977 4155 vivat

361 4187 444 4228 ex
477 4170 735 4245 legibus.
781 4171 1015 4226 Deinde
1038 4170 1337 4227 nonnullis
1373 4177 1578 4226 contra
1594 4170 1977 4243 philosophos

365 4312 765 4396 (Sl‘l‘lonnulli
797 4329 947 4368 mss.
972 4355 986 4383 ,
1027 4336 1053 4396 «ξ
1085 4315 1142 4367 et
1168 4311 1266 4396 ille
1295 4311 1561 4396 profecto
1597 4315 1935 4396 gemitus...»

369 4387 489 4454 (10)
518 4385 700 4439 Pauci
730 4400 876 4455 mss.
896 4425 910 4454 ,
946 4405 968 4435 ι
1003 4388 1061 4438 et
1089 4385 1189 4455 qui
1220 4384 1472 4454 Spiritus
1496 4384 1799 4455 sapientim
1832 4385 1969 4439 sit.»

366 4455 491 4527 (11)
519 4455 750 4525 Scripta
784 4456 942 4510 circa
970 4455 1261 4527 ann.‘38’7.
1580 4518 1587 4523 _

370 4525 491 4598 (12)
522 4527 750 4581 Thuan.
785 4542 962 4595 unus,
1011 4548 1032 4575 α
1086 4525 1422 4598 Feliciano:
1463 4551 1484 4575 η
1522 4526 1630 4582 sed
1687 4526 1936 4583 aliorum
1961 4568 1975 4596 ,

294 4603 486 4671 atque
516 4598 653 4671 edit,
687 4598 992 4671 retinenda
1024 4597 1330 4668 inscriptio
1363 4600 1473 4651 est.

374 4668 493 4739 ('13)
521 4669 674 4723 Edit.
708 4668 841 4723 Gill.
882 4691 904 4716 η
939 4669 1208 4723 internus
1256 4684 1453 4723 sermo
1488 4669 1844 4724 crederetur.
1883 4691 1903 4716 »ι

373 4742 492 4812 (14)
530 4742 697 4796 Rom.
732 4740 870 4794 edit.
906 4739 1053 4808 sola,
1092 4760 1125 4790 «ν
1164 4740 1236 4794 de
1282 4740 1612 4812 Psalmistae
1658 4740 1979 4812 mysteriis,

300 4810 407 4870 vel
428 4813 504 4866 de
532 4812 767 4866 Pauli...
799 4812 956 4881 quod
988 4827 1191 4867 eorum
1237 4810 1658 4880 profundum...
1703 4812 1816 4880 ipsi
1851 4811 1983 4864 suis

300 4886 607 4954 exponant
635 4883 1037 4937 sermonibus.
1075 4906 1097 4930 η
1125 4882 1725 4954 Manifestumﬂautem
1758 4884 1985 4954 estnon

291 4953 417 5011 alio
449 4954 700 5009 consilio
733 4954 863 5007 haec
894 4957 949 5007 et
971 4953 1187 5007 similia
1214 4953 1285 5007 ab
1309 4953 1639 5007 editoribus
1677 4954 1844 5007 Rom.
1891 4953 1984 5005 in-

295 5026 591 5096 terpolata
633 5025 822 5079 fuisse
854 5025 913 5096 in
946 5025 1055 5079 hac
1095 5024 1365 5094 epistola,
1400 5024 1519 5077 nisi
1550 5024 1797 5096 ut‘illam
1829 5023 1981 5076 inter

303 5093 724 5167 expositiones
758 5093 1144 5150 Psalmorum’
1167 5096 1551 5167 intruderent.
1584 5093 1781 5167 Quod
1810 5108 1987 5162 porro

299 5166 687 5229 ad’loeorum
717 5166 1514 5238 quorumdamil’aulinorum
1545 5166 1986 5238 obscuritatem,

303 5240 523 5296 eodem
553 5236 935 5308 plane‘modo
976 5238 1047 5291 de
1097 5237 1193 5290 illa
1224 5237 1485 5307 loquitur
1523 5239 1896 5308 Augustinus
1927 5236 1990 5308 in

302 5306 611 5382 Epistad
638 5310 803 5382 Rom.
836 5308 987 5372 Quin
1016 5311 1072 5362 et
1090 5306 1463 5382 Peqtrus’ipse
1494 5306 1668 5378 epist.
1703 5309 1749 5361 ll
1782 5323 1908 5377 cap.
1930 5306 1985 5377 8,

305 5380 478 5437 vers.
514 5381 599 5448 16,
636 5380 901 5435 eamdem
930 5380 1222 5451 agnoscit.

387 5452 504 5522 (15)
558 5452 727 5505 Rom.
769 5451 908 5505 edit.
944 5448 1093 5519 sola,
1147 5472 1167 5498 ι
1217 5448 1479 5522 offendit,
1514 5449 1585 5504 de
1617 5449 1844 5520 psalmo
1900 5451 1992 5504 est

313 5521 437 5591 cur,
472 5524 571 5593 qui
604 5522 778 5576 hodie
810 5522 1000 5575 lectus
1032 5524 1142 5590 est,
1177 5521 1323 5593 etde
1356 5522 1687 5593 sententiis,
1726 5544 1747 5593 gr
1782 5523 1894 5593 etc.

392 5590 508 5664 (16)
538 5593 758 5647 Omnes
791 5593 929 5647 edit.
957 5633 972 5664 ,
1010 5615 1031 5640 α
1078 5592 1139 5646 in
1173 5591 1405 5664 Christi
1440 5606 1579 5646 esse
1611 5590 1932 5660 sapientia;
1966 5609 1989 5639 ι

305 5680 467 5736 mss.
490 5662 990 5736 frequentissimi,
1020 5685 1041 5711 ιι
1075 5664 1134 5736 ip
1157 5662 1553 5736 Christoesse
1571 5664 1931 5736 sapientiae;
1967 5684 1988 5709 η

314 5735 539 5817 unicus
575 5731 789 5818 lio-ver.
826 5738 885 5789 et
913 5736 1051 5789 edit.
1085 5733 1360 5818 Eras‘..ac
1554 5732 1626 5787 ad
1646 5731 1994 5806 marginem,

317 5828 345 5867 ιι
386 5806 448 5866 in
470 5804 812 5882 cognitione
843 5821 984 5861 esse
1027 5805 1355 5882 sapientiae.
1392 5825 1415 5858 ι
1448 5804 1655 5882 Neque
1689 5804 1832 5871 vero
1864 5818 1998 5881 ger-

608 5922 866 5987 PAnoa.
905 5920 1062 5985 XVI.

2003 4618 2064 4687 D

2064 2013 2358 2081 amicitiae,
2389 2013 2446 2064 et
2472 2008 2630 2080 quod
2659 2008 2794 2079 plus
2828 2011 2939 2077 est,
2962 2011 3222 2079 paterna:
3255 2011 3462 2081 gratiae
3481 2026 3743 2066 amorem

2065 2114 2438 2174 recognosco
2471 2098 2623 2158 (nam
2652 2099 2919 2151 vetustas
2951 2096 3128 2152 habet
3148 2098 3369 2169 aliquid
3393 2116 3527 2153 cum
3554 2099 3743 2170 pluri-

2067 2193 2183 2246 bus
2233 2185 2658 2255 consociabile,
2710 2184 2939 2255 patrius
2981 2200 3149 2240 amor
3192 2203 3309 2239 non
3349 2185 3574 2256 habet),
3619 2188 3744 2242 tum

2070 2280 2207 2352 quia
2237 2294 2356 2332 non
2401 2274 2609 2346 jejune
2653 2287 2745 2326 me
2788 2271 3009 2326 fecisse
3043 2271 3188 2344 jam,
3248 2274 3405 2345 quod
3450 2276 3742 2347 postulas,

2071 2367 2391 2423 arbitratus
2422 2380 2510 2433 es,
2543 2361 2763 2433 parebo
2782 2360 3066 2415 voluntati
3087 2358 3224 2432 tum,
3244 2362 3578 2418 admonitus
3599 2380 3747 2435 prae-

2074 2456 2299 2525 sertim,
2335 2457 2392 2508 et
2420 2455 2778 2523 provocatus
2810 2449 3081 2520 exemplo
3112 2466 3264 2523 meo,
3289 2452 3445 2523 quod
3464 2452 3607 2506 mihi
3627 2468 3747 2508 non

2074 2544 2531 2610 difficillimum;
2564 2540 2701 2611 quia
2744 2555 2862 2594 non
2880 2555 3161 2611 magnum
3206 2540 3464 2613 aliquem
3513 2541 3623 2596 sed
3653 2557 3746 2596 me

2072 2635 2269 2706 ipsum
2298 2631 2589 2700 imitabor,
2628 2645 2761 2684 cum
2789 2629 2849 2684 in
2879 2644 3045 2684 meos
3077 2645 3196 2685 non
3227 2646 3479 2703 magnos
3510 2630 3747 2703 aliquos

2072 2739 2222 2780 usus
2252 2722 2538 2777 revertor.

2144 2813 2197 2867 3.
2233 2811 2305 2866 Et
2333 2811 2405 2865 de
2438 2807 2707 2864 consiliis
2739 2807 2996 2880 quidem,
3032 2824 3167 2863 cum
3186 2808 3376 2865 beatae
3393 2809 3530 2866 vitae
3552 2811 3749 2883 imago

2076 2905 2249 2974 atque
2280 2899 2516 2973 effigies
2548 2901 2754 2953 nostro
2790 2914 3065 2953 sermone
3096 2900 3547 2971 exprimeretur,
3580 2904 3752 2971 puta-

2077 3007 2210 3047 mus
2252 3006 2381 3044 eam
2415 2988 2627 3043 factam
2659 2987 3159 3058 complexionem,
3206 2992 3269 3044 ut
3311 2989 3584 3061 pluribus
3635 2989 3754 3045 for-

2076 3085 2239 3135 tasse
2270 3079 2422 3133 aliis.
2457 3077 2560 3131 tibi
2592 3079 2751 3131 certe
2792 3076 3006 3131 amanti
3054 3079 3243 3131 nostri
3288 3090 3406 3133 non
3452 3079 3753 3150 improbe-

2078 3187 2210 3225 mur
2233 3169 2415 3240 ;.licet
2444 3165 2748 3221 difficilius
2780 3166 2858 3220 sit
2889 3169 2986 3221 tuo
3011 3165 3258 3237 judicio,
3292 3184 3468 3238 quam
3498 3167 3755 3237 plurium

1996 3252 2052 3323 α
2077 3276 2195 3315 non
2227 3257 2548 3328 displicere
2582 3271 2593 3310 :
2630 3254 2962 3326 sedjudicii
2985 3255 3218 3325 pondus
3242 3254 3455 3310 affectu
3484 3255 3749 3326 ablcvas,

2078 3363 2267 3419 eoque
2298 3345 2443 3399 mihi
2473 3343 2766 3398 blandior.

2152 3437 2202 3491 4.
2240 3436 2383 3489 Haec
2413 3437 2606 3487 autem
2625 3432 2894 3503 epistola,
2929 3434 3207 3503 quoniam
3237 3435 3293 3487 te
3323 3432 3632 3488 absentem
3663 3431 3756 3488 of-

2081 3526 2284 3594 fendit,
2321 3523 2392 3578 de
2412 3521 2722 3576 sententiis
2746 3519 2857 3591 (15)
2893 3522 3054 3575 Pauli
3088 3525 3179 3576 est
3208 3522 3481 3592 apostoli,
3515 3523 3613 3594 qui
3644 3538 3756 3576 nos

2083 3632 2115 3668 a
2166 3614 2452 3669 servitute
2488 3611 2548 3664 in
2578 3610 2912 3664 libertatem
2951 3613 3141 3677 vocat,
3177 3611 3383 3665 dicens
3432 3626 3444 3665 :
3502 3634 3522 3656 ια
3560 3610 3757 3665 Pretio

2082 3703 2258 3773 empti
2289 3701 2457 3769 estis,
2492 3699 2669 3754 nolite
2704 3698 2831 3752 ﬁeri
2864 3700 3026 3753 servi
3059 3699 3365 3754 hominum
3397 3698 3454 3769 (Ι
3484 3699 3618 3754 Cor.
3653 3716 3754 3768 vn,

2081 3792 2192 3862 23),
2215 3789 2536 3845 ostendens
2560 3788 2887 3842 libertatem
2906 3792 3169 3843 nostram
3189 3789 3249 3842 in
3268 3789 3605 3860 cognitione
3618 3803 3758 3842 esse

2083 3880 2388 3952 sapientiae
2421 3878 2552 3947 (16).
2586 3876 2728 3941 Quae
2762 3877 3053 3932 sententia
3082 3893 3297 3950 magno
3327 3894 3358 3931 a
3381 3876 3758 3949 philosophis

2083 3972 2358 4025 ﬂuctuata
2388 3971 2561 4039 atque
2594 3965 2810 4038 jactata
2844 3970 2935 4020 est
2983 3966 3400 4038 disputationis
3431 3966 3755 4035 molimine,

2084 4058 2418 4114 dicentibus
2451 4056 2587 4127 quia
2623 4055 2816 4110 omnis
2862 4046 3103 4127 sapiens
3136 4056 3307 4128 liber,
3342 4056 3534 4111 omnis
3565 4057 3761 4110 autem

2085 4147 2380 4219 insipiens
2412 4145 2634 4199 serviat
2662 4145 2796 4216 (Π).
3654 4169 3692 4189 ι.

2086 4306 2318 4346 manam
2348 4289 2501 4343 hanc
2540 4288 2852 4343 lectionem
2899 4303 3037 4342 esse
3088 4288 3446 4355 dubitamus,
3488 4287 3635 4340 alias
3686 4300 3762 4339 ex

2085 4378 2234 4418 voce
2270 4384 2290 4411 α
2329 4361 2688 4432 cognitione,
2719 4384 2740 4407 η
2794 4360 2855 4413 in
2895 4361 3136 4432 antiquo
3178 4358 3495 4432 exemplari
3545 4372 3757 4432 exesa,

2086 4427 2445 4506 profluxisse
2464 4427 2891 4506 existimantes.
2919 4427 3065 4483 Nam
3089 4429 3406 4506 sivenlegas
3428 4450 3449 4473 «
3477 4429 3536 4479 in
3557 4427 3759 4479 Chris-

2088 4504 2146 4560 ἰο
2198 4504 2523 4585 sapientiie,
2574 4526 2594 4549 »ι

2091 4593 2325 4649 gruum,
2377 4589 2506 4628 Sive
2559 4596 2580 4649 ᾳ
2630 4589 2688 4625 ιη
2734 4589 2955 4624 Curisu
3000 4589 3286 4639 sapientia
3335 4591 3355 4615 η
3402 4589 3503 4649 (ιμς

2090 4640 2442 4703 concinnius
2484 4644 2769 4712 videtur;
2829 4656 3082 4711 quonam
3139 4645 3308 4708 pacto
3368 4640 3764 4708 subjungcret

2087 4725 2334 4775 sanctus
2367 4718 2584 4770 Doctor
2616 4715 2765 4767 hanc
2783 4712 3130 4766 sententiam
3161 4726 3369 4782 magna
3388 4712 3762 4764 contentione

2097 4793 2363 4852 iactatam
2392 4803 2531 4841 esse
2558 4802 2593 4838 a
2619 4783 2997 4852 Philosophis
3019 4784 3046 4835 ‘l
3077 4782 3251 4851 Atqui
3285 4798 3316 4836 e
3350 4782 3644 4836 contrario
3688 4782 3763 4834 li-

2133 4866 2372 4916 ertatem
2404 4859 2462 4911 in
2495 4856 2832 4927 cognitione
2865 4853 3182 4927 sapientiae,
3203 4855 3475 4927 positam,
3511 4869 3617 4906 seu
3642 4868 3762 4927 Aso-

2090 4935 2212 4987 lum
2248 4924 2744 4999 sapientem'esse
2777 4925 3028 4999 liberum
3074 4924 3245 4977 stoici
3295 4940 3513 4999 magno
3542 4924 3765 4999 ambitu

2093 4995 2563 5057 vendita—verunt.
2598 4997 2883 5050 Versatur
2911 4998 2970 5048 in
2994 4995 3102 5049 hac
3136 4996 3374 5049 materia
3398 4996 3764 5065 parodoxum

2092 5077 2125 5129 5
2159 5075 2233 5127 Μ.
2267 5071 2462 5135 Tullii,
2496 5074 2552 5124 et
2581 5069 2614 5123 6
2641 5084 2781 5122 non.
2823 5068 2881 5119 in
2912 5067 3154 5119 multum
3199 5067 3456 5121 diversa.
3491 5067 3765 5121 Clemens

2095 5147 2264 5200 Alex.
2299 5143 2401 5197 lib.
2437 5158 2494 5193 ιιι
2519 5140 2761 5210 Ρίριίίιθ.
2798 5154 2849 5191 c.
2883 5138 2935 5207 ὓ,
2962 5139 3155 5192 solum
3176 5138 3577 5192 Christianum
3619 5139 3769 5210 divi:

2096 5223 2210 5271 tem
2260 5215 2488 5268 astruit.
2544 5208 2722 5264 l’hilo'
2756 5225 2990 5279 quoque
3035 5225 3268 5263 omnem
3311 5210 3560 5279 probum
3592 5208 3769 5278 potiri

2095 5288 2363 5343 libertate
2379 5284 2742 5339 demonstrat
2759 5282 2911 5334 edita
2927 5282 3415 5334 commentatione
3430 5281 3542 5333 sub
3562 5279 3769 5331 eodem

2098 5359 2284 5426 titulo,
2327 5372 2402 5411 ex
2448 5371 2564 5427 quo
2595 5369 2713 5407 non
2745 5368 2929 5423 pauca
2961 5353 3020 5406 in
3057 5352 3209 5427 hanc
3240 5350 3770 5427 episto-laintraus-

2099 5432 2228 5486 tulit
2257 5418 2612 5482 Ambrdsius
2644 5418 2867 5492 nos—ter,
2902 5418 3394 5494 quemadmodum
3422 5422 3481 5474 in
3509 5420 3610 5473 lib.
3647 5418 3771 5494 1_de

2100 5500 2282 5557 Jacob
2302 5506 2359 5554 et
2396 5499 2523 5552 Vita
2557 5497 2753 5566 beata,
2789 5489 2980 5566 capi?
3012 5501 3067 5549 ct
3096 5496 3149 5564 8,
3184 5499 3241 5548 et
3271 5494 3370 5545 lib.
3406 5508 3467 5568 ιι,
3501 5489 3685 5568 οορ.1
3713 5492 3770 5543 et

2100 5575 2154 5644 3,
2188 5572 2285 5626 ubi
2319 5574 2599 5625 tractatur
2630 5562 2791 5644 idem
2825 5562 3256 5644 argumentum,
3298 5562 3567 5644 quaedam
3599 5562 3774 5644 etiam

2102 5630 2403 5700 mutuatus
2436 5645 2546 5713 est,
2574 5646 2630 5695 ut
2674 5640 2735 5695 in
2766 5630 3062 5694 Adm'onit.
3087 5637 3160 5691 ad
3190 5630 3432 5689 eosdem
3462 5632 3649 5686 libros
3680 5630 3776 5686 ob-

2105 5717 2500 5772 servavimus.

2176 5787 2289 5862 (t'l)
2321 5788 2491 5847 Rom.
2523 5786 2685 5861 edit.,
2708 5805 2730 5837 α
2764 5780 3055 5857 insipiens
3085 5791 3322 5836 servus.
3360 5796 3381 5825 ι
3410 5776 3484 5831 At
3502 5774 3777 5849 sequenti

3426 5892 3501 5957 36

2646 4501 2804 4572 quod
2854 4516 3097 4553 sensum
3147 4499 3328 4572 et‘ticit
3378 4514 3581 4572 parum
3615 4513 3761 4572 con-

2630 4568 2688 4625 in
2734 4572 2955 4624 Christi
3000 4569 3286 4639 sapientia
3335 4591 3355 4615 η
3402 4569 3557 4638 quod
3586 4568 3761 4637 paulo
