3978 6168
316 308 323 313 ’
404 307 560 371 1131

1842 302 1910 365 S.
1953 297 2402 371 AMBROSII.

3650 303 3783 374 4132

474 505 530 559 5.
563 502 681 557 Sed
711 501 892 557 multo
921 501 1035 558 hoc
1063 502 1232 573 prius
1256 501 1441 557 David
1461 500 1621 557 ﬁlius
1639 501 1809 572 dixit,
1843 502 1945 573 qui
1962 501 2043 556 ait
2071 517 2084 556 :
2117 488 2177 553 Α
2209 501 2525 573 protlceret
2551 501 2625 557 ad
2658 502 3134 558 conversionem.
3165 501 3235 558 Et
3260 503 3385 575 quia
3403 506 3629 562 servitus
3643 506 3787 563 habet

410 615 433 641 α
467 591 695 647 Stultus
726 591 884 646 sicut
925 590 1065 646 luna
1106 593 1365 645 mutatur
1410 590 1623 660 (Eeeli.
1675 607 1866 660 xxvii,
1912 590 2023 661 12).
2062 614 2085 638 ι

404 680 661 752 Sapiens
692 679 850 735 enim
896 695 1016 735 non
1062 683 1222 735 metu
1270 679 1586 752 frangitur,
1636 695 1756 735 non
1800 681 2091 749 potestate

404 771 696 841 mutatur,
747 786 866 825 non
904 769 1189 824 attollitur
1236 769 1581 840 prosperis,
1633 785 1754 824 non
1811 768 2087 823 tristibus

408 859 740 931 mergitur;
771 859 875 913 ubi
905 858 1062 913 enim
1092 858 1401 929 sapientia,
1435 858 1518 912 ibi
1554 858 1745 912 virtus
1776 858 1976 925 animi,
2010 848 2093 911 ibi

416 947 748 1005 constantia
768 951 825 1002 et
852 947 1151 1002 fortitudo.
1178 947 1436 1019 Sapiens
1468 962 1614 1020 ergo
1647 947 1802 1001 idem
1834 949 1927 1001 est
1954 945 2086 999 ani-

408 1054 527 1109 mo,
568 1054 686 1093 non
729 1036 1030 1106 minuitur,
1076 1052 1194 1092 non
1224 1039 1476 1109 augetur
1520 1052 1719 1091 rerum
1750 1035 2089 1090 mutationi-

404 1128 567 1183 bus:
601 1140 712 1181 nec
756 1129 815 1181 ut
862 1126 1147 1197 parvulus
1196 1126 1474 1194 ﬂuctuat,
1521 1128 1584 1180 ut
1634 1124 2088 1179 circumferatur

406 1216 567 1273 omni
594 1217 771 1271 vento
802 1215 1110 1283 doctrinas,
1131 1214 1240 1269 sed
1262 1217 1455 1269 manet
1471 1214 1774 1285 perfectus
1806 1213 1866 1268 in
1885 1212 2087 1267 Chris-

405 1308 466 1361 to
494 1304 776 1359 fundatus
808 1303 1115 1373 charitate,
1155 1303 1455 1358 radicatus
1486 1303 1621 1357 fide.
1653 1302 1905 1373 Sapiens
1936 1317 2082 1374 ergo

409 1393 682 1449 defectus
712 1408 911 1447 rerum
940 1392 1194 1465 ignorat,
1230 1394 1287 1447 et
1315 1392 1519 1447 varios
1549 1391 1728 1446 animi
1752 1406 1932 1446 casus
1950 1406 2088 1445 nes-

409 1483 490 1538 cit
517 1481 631 1555 (18)
664 1497 678 1537 :
714 1481 821 1536 sed
844 1480 1097 1553 fulgebit
1117 1481 1273 1535 sicut
1291 1479 1678 1552 Soljustitiaa,
1704 1479 1806 1553 qui
1826 1479 1885 1534 in
1903 1495 2091 1552 regno

406 1571 601 1626 Patris
631 1569 727 1626 sui
757 1569 1207 1643 fulget(Matth.
1232 1586 1359 1641 xm,
1390 1568 1504 1639 43).

477 1678 533 1733 6.
564 1677 737 1734 Unde
758 1679 954 1732 tamen
983 1676 1100 1732 hoc
1122 1676 1361 1748 plenius
1385 1676 1653 1731 hauserit
1687 1674 2089 1748 philosophia,

409 1767 483 1822 de
515 1783 631 1839 qua
669 1768 902 1838 patrum
931 1765 1247 1836 disciplina
1278 1767 1335 1820 et
1371 1764 1704 1836 prudentia,
1738 1763 2092 1820 considere-

2208 591 2628 647 discretionem
2660 592 2775 659 (est
2802 592 2957 646 enim
3002 593 3372 647 necessitatis
3413 593 3678 664 inﬁrmior,
3703 612 3787 651 vo-

2206 678 2448 735 luntatis
2478 680 2724 750 fortior;
2756 681 2894 752 quia
2939 682 3248 752 pulchrius
3293 683 3381 736 est
3418 681 3632 752 bonum,
3669 684 3793 755 quod

2206 785 2325 824 non
2355 785 2429 824 ex
2459 770 2819 824 necessitate
2855 769 2939 840 ﬂt,
2992 770 3098 825 sed
3147 786 3222 824 ex
3268 770 3580 842 voluntate),
3623 772 3731 827 ideo
3753 775 3795 828 ei

2206 859 2395 929 primo
2430 857 2644 930 jugum
2690 858 2972 929 imposuit
3009 859 3399 929 necessitatis,
3438 863 3621 929 postea
3650 860 3794 917 bene-

2205 946 2522 1002 dictionem
2551 948 2605 1001 ei
2636 947 2985 1003 voluntaria
3017 947 3404 1019 subjectionis
3432 948 3723 1019 impertivit.

2275 1035 2330 1090 9.
2364 1035 2498 1091 Non
2530 1037 2713 1109 igitur
2751 1040 2959 1091 natura
2989 1052 3231 1091 servum
3257 1036 3409 1105 facit,
3440 1037 3539 1091 sed
3567 1038 3798 1109 insipien-

2204 1124 2284 1178 tia
2318 1140 2467 1180 :nec
2496 1124 2888 1180 manumissio
2918 1125 3193 1194 liberum,
3238 1125 3345 1180 sed
3375 1124 3674 1196 disciplina.
3716 1125 3799 1179 De-

2206 1213 2384 1285 nique
2415 1212 2575 1268 Esau
2606 1213 2759 1269 liber
2786 1217 2961 1269 natus
2992 1217 3105 1284 est,
3145 1217 3204 1269 et
3249 1229 3460 1269 servus
3489 1213 3659 1268 factus
3698 1217 3798 1268 est:

2206 1301 2433 1373 Joseph
2463 1302 2740 1358 venditus
2763 1303 2825 1357 in
2842 1303 3189 1358 servitutem
3212 1302 3484 1374 est(Gen.
3511 1301 3803 1373 xxxvii,£8),

2205 1394 2262 1447 et
2292 1391 2519 1446 electus
2555 1394 2649 1447 est
2676 1391 2749 1446 ad
2779 1395 3130 1463 potestatem
3160 1391 3335 1463 (Gen.
3369 1408 3475 1461 xu,
3504 1392 3587 1461 41)
3608 1395 3690 1461 ;ut
3711 1392 3803 1446 suis

2205 1480 2575 1551 emptoribus
2619 1480 2956 1552 imperaret.
3014 1480 3149 1536 Non
3204 1480 3616 1553 dedignabatur
3662 1482 3806 1534 tamen

2207 1568 2564 1641 obsequium
2604 1568 2960 1640 sedulitatis,
3011 1568 3118 1625 sed
3164 1569 3401 1625 tenebat
3441 1569 3656 1624 virtutis
3683 1567 3807 1622 fasti-

2206 1659 2391 1731 gium,
2422 1658 2815 1714 conservabat
2852 1658 3181 1714 libertatem
3214 1658 3577 1728 innocentiae,
3619 1655 3809 1730 integri-

2207 1748 2344 1803 tatis
2387 1748 2813 1803 auctoritatem.
2870 1746 3041 1802 Unde
3102 1746 3351 1819 pulchre
3391 1746 3676 1818 psalmista
3709 1746 3809 1799 ait:

412 1816 481 1822 __
519 1816 631 1839 Γ-
671 1816 902 1838 ,_-__m
936 1816 1247 1836 -ηἻηΜ
1285 1816 1332 1820 η
1372 1816 1704 1836 reﬁxa",
1748 1816 2050 1820 "mm"-
3103 1816 3123 1819 ,
3393 1816 3412 1818 _

406 1872 564 1912 mus.
607 1855 819 1910 Nonne
872 1854 1100 1926 primus
1146 1853 1308 1924 Noe,
1365 1869 1501 1908 cum
1544 1852 1905 1908 advertisset
1953 1851 2091 1924 quia
2120 1816 2175 1880 Β
2213 1859 2236 1884 ⁸
2270 1837 2334 1891 In
2377 1851 2620 1926 Servum
2667 1836 3063 1926 Υβωιωάδίαε
3094 1839 3185 1926 δεῖ
3222 1836 3451 1926 δοῖθρῖξ
3484 1854 3496 1890 ε
3529 1834 3810 1926 humili“?

410 1944 767 2016 insipienter
794 1942 954 1998 illius
985 1958 1134 1998 suus
1182 1941 1365 1997 Cham
1404 1941 1621 1996 riserat
1669 1942 1950 1997 nudatum
1983 1957 2091 2012 pa-

408 2037 580 2105 trem,
612 2031 916 2090 maledixit
936 2031 1012 2102 ei,
1044 2031 1250 2086 dicens
1275 2046 1288 2086 :
1313 2052 1335 2082 ι
1362 2030 1713 2086 Maledictus
1742 2030 1927 2085 Cham
1948 2030 2085 2101 (19),

409 2139 630 2179 servus
681 2120 1050 2177 domesticus
1099 2119 1211 2175 erit
1257 2118 1543 2173 fratribus
1576 2118 1707 2174 suis
1756 2117 1932 2190 (Gen.
1985 2135 2090 2189 ιχ,

406 2211 541 2285 25);
577 2234 599 2261 ιι
648 2212 706 2267 et
749 2208 1079 2283 praeposuit
1111 2208 1167 2264 ei
1209 2207 1423 2263 fratres
1466 2206 1601 2279 ejus
1645 2207 1942 2278 dominos,
1991 2208 2092 2279 qui

410 2300 714 2374 sapienter
770 2298 958 2372 patris
1022 2299 1394 2355 senectutem
1459 2295 1863 2352 honorandum
1924 2300 2094 2368 puta-

408 2393 548 2446 runt
561 2390 592 2446 ?

479 2478 535 2536 7.
568 2478 780 2534 Nonne
821 2476 996 2533 etiam
1046 2475 1183 2532 fons
1213 2474 1311 2531 ille
1351 2474 1804 2547 disciplinarum
1834 2474 2096 2530 omnium

410 2567 619 2638 Jacob,
652 2566 979 2622 ubertatem
1010 2564 1429 2635 disputationis
1460 2561 1644 2635 hujus
1676 2563 1938 2619 omnium
1959 2578 2096 2634 pec-

409 2658 640 2713 toribus
670 2654 902 2725 infudit,
936 2653 1037 2725 qui
1088 2653 1393 2724 sapientiaa
1423 2652 1632 2708 merito
1679 2652 1961 2724 prmlatus
1995 2654 2088 2707 est

410 2745 578 2800 fratri
610 2743 834 2799 seniori
862 2742 1036 2812 (Gen.
1061 2760 1245 2812 xxvn,
1278 2742 1414 2813 29)?
1436 2742 1701 2814 Denique
1733 2745 1900 2813 pater
1929 2740 2087 2812 plus,

413 2834 516 2907 qui
559 2832 705 2897 932
737 2832 891 2886 inter
918 2831 1072 2885 duos
1114 2831 1269 2886 filios
1299 2829 1513 2886 aﬂ‘ectu
1546 2833 1797 2887 certaret
1827 2833 2094 2901 paterno,

415 2921 524 2978 sed
554 2922 921 2991 discreparet
944 2918 1172 2992 judicio
1204 2917 1324 2990 (20)
1352 2918 1601 2975 aﬂ'ectus
1632 2920 1788 2975 enim
1820 2917 2096 2973 necessi-

412 3010 617 3067 tudine
650 3008 932 3079 defertur,
966 3008 1193 3064 meritis
1234 3011 1426 3063 autem
1453 3007 1678 3080 judicia
1720 3007 2091 3079 formantur),

417 3116 552 3156 cum
580 3099 871 3156 divideret
898 3098 1065 3153 alteri
1100 3097 1367 3170 gratiam,
1392 3096 1560 3152 alteri
1588 3096 2090 3151 misericordiam:
2129 3133 2182 3195 Ο

416 3189 669 3262 sapienti
697 3188 966 3262 gratiam,
987 3187 1288 3259 insipienti
1312 3185 1816 3255 misericordiam;
1851 3186 1989 3257 quia
2021 3185 2096 3240 ad

412 3280 693 3335 virtutem
724 3294 790 3334 se
829 3277 1087 3349 propriis
1129 3276 1362 3331 viribus
1413 3276 1646 3348 erigere
1696 3290 1814 3329 non
1844 3277 2095 3345 poterat,

416 3384 529 3427 nec
558 3370 947 3440 spontaneum
979 3382 1259 3439 gressum
1290 3364 1576 3433 attollere,
1603 3363 1909 3419 benedixit
1938 3380 2097 3434 eum,

420 3461 487 3516 ut
507 3458 762 3514 serviret
789 3455 956 3511 fratri
986 3471 1118 3527 suo,
1139 3458 1196 3511 et
1216 3456 1379 3511 esset
1408 3454 1603 3525 ipsius
1635 3468 1872 3523 servus,
1894 3454 2101 3507 osten-

423 3548 575 3604 dens
597 3548 676 3602 ita
697 3545 1052 3602 deteriorem
1074 3560 1213 3601 esse
1238 3545 1523 3600 servitute
1543 3541 1942 3613 insipientiam
1963 3540 2099 3612 (21),

421 3640 487 3692 ut
513 3636 777 3693 remedio
808 3635 863 3690 ei
893 3634 1153 3690 servitus
1193 3635 1306 3704 sit;
1357 3632 1494 3705 quia
1543 3631 1763 3687 stultus
1793 3646 2003 3704 regere
2034 3644 2104 3685 se

424 3741 543 3783 non
572 3728 786 3797 potest,
819 3726 877 3779 et
918 3724 1036 3779 nisi
1081 3722 1513 3778 moderatorem
1562 3721 1793 3792 habeat,
1826 3719 2105 3792 praecipi-

424 3816 581 3869 tatur
606 3811 864 3884 propriis
895 3811 1320 3867 voluntatibus.
1376 3872 1379 3875 _

495 3902 550 3957 8.
607 3899 876 3972 Diligens
924 3915 1069 3972 ergo
1122 3902 1289 3970 pater
1334 3902 1393 3955 et
1451 3897 1812 3968 consulens,
1863 3912 2105 3952 servum

425 4004 560 4046 eum
575 3988 690 4062 (22)
707 3987 904 4043 fratris
935 3989 1029 4044 sui
1048 3988 1206 4058 fecit,
1241 3990 1303 4042 ut
1330 3985 1466 4059 ejus
1490 3990 1803 4060 regeretur
1822 3985 2099 4041 consilio.

423 4078 562 4136 Ideo
593 4076 949 4134 inconsultis
977 4077 1214 4148 populis
1244 4075 1546 4147 sapientes
1566 4075 1785 4147 quique
1814 4075 2107 4130 adhiben-

425 4174 524 4226 tur
551 4169 840 4236 rectores,
874 4166 975 4238 qui
1004 4165 1295 4237 plebeiam
1317 4164 1717 4235 insipientiam
1739 4165 1951 4236 vigore
1972 4180 2108 4234 pro-

424 4260 556 4334 prio
587 4259 833 4331 regant;
879 4260 943 4311 ut
980 4254 1258 4327 potentia:
1304 4254 1505 4323 specie
1548 4252 1943 4321 dominentur,
1991 4268 2109 4324 quo

427 4351 525 4407 vel
555 4349 776 4405 invitos
807 4346 1153 4401 auctoritate
1176 4343 1488 4416 potestatis
1512 4340 1835 4413 subjiciant
1864 4342 1936 4396 ad
1969 4341 2109 4396 obe-

426 4439 706 4496 diendum
735 4433 1243 4507 prudentioribus,
1278 4434 1334 4487 et
1366 4430 1818 4502 obsequendum
1840 4429 2103 4501 legibus.
2138 4450 2191 4511 ι)

424 4528 715 4600 Imposuit
764 4526 948 4598 igitur
976 4521 1280 4594 insipienti
1324 4519 1484 4575 velut
1530 4517 1815 4573 indomito
1867 4516 2103 4590 jugum,

425 4619 484 4670 et
513 4618 608 4671 cui
638 4617 698 4670 in
722 4614 918 4687 gladio
948 4628 1059 4668 suo
1109 4610 1429 4666 vivendum
1477 4608 1727 4676 dixerat,
1774 4605 2107 4662 libertatem

424 4705 699 4775 negavit;
730 4719 804 4758 ne
846 4702 1169 4759 temeritate
1211 4699 1528 4768 laberetur,
1574 4695 1844 4768 praefecit
1891 4695 1946 4750 ei
1997 4695 2110 4750 fra-

425 4794 595 4861 trem,
630 4791 806 4863 cujus
854 4791 1199 4847 auctoritate
1244 4791 1302 4844 et
1350 4785 1754 4844 moderatione
1798 4782 2111 4857 subjectus

426 4945 608 4986 versu
635 4945 799 5003 pro_a
850 4932 1034 4986 David
1066 4931 1224 5003 ﬁlius
1255 4930 1416 5001 dicit,
1446 4950 1468 4979 ι
1508 4944 1656 4984 mss.
1690 4927 1872 5003 muth
1906 4927 2109 5003 plures

430 4998 658 5073 legunt,
697 5024 718 5073 ιε
756 5001 1148 5073 Βανίἀίὰίοἰῑς
1186 5026 1207 5051 ιι
1242 4998 1465 5073 aliquot
1494 5006 1718 5073 autem,
1760 5021 1783 5073 ιι
1828 4998 2108 5073 Salomon

431 5070 592 5128 dicit.
632 5070 653 5120 δὲ
688 5070 977 5142 Οιιαιηνοὶ)
1012 5087 1144 5142 rem
1191 5070 1367 5142 porro
1411 5072 1711 5127 Salomoni
1751 5070 2107 5142 Ambrosius

426 5145 645 5199 tribuat
684 5140 1471 5214 ecclesiasticum,diximus
1502 5146 1659 5197 tomo
1697 5142 1739 5211 Ι,
1789 5158 1926 5214 pag.
1976 5140 2100 5214 8_O'_l.

429 5217 511 5271 De
542 5214 757 5287 plagiis
788 5228 932 5287 vero
964 5211 1455 5287 philosophorum
1496 5217 1579 5268 tot
1620 5211 1855 5287 tamque
1876 5211 2105 5287 'multis

425 5282 578 5344 locis
609 5282 743 5341 cum
774 5283 982 5339 eodem
1006 5282 1189 5350 priori
1218 5287 1397 5354 tomo,
1442 5286 1566 5338 tum
1597 5282 1777 5338 etiam
1819 5283 1933 5337 hoc
1970 5282 2104 5353 ipso

428 5360 710 5430 disputat,
742 5358 805 5411 ut
846 5354 935 5410 eis
983 5354 1373 5410 recensendis
1422 5356 1776 5410 arbitremur
1818 5369 2104 5424 superse-

430 5431 709 5487 dendum.
1134 5481 1139 5487 .

497 5501 612 5574 (18)
651 5500 870 5574 Omnes
920 5495 1088 5574 _ed_it.,
1153 5514 1175 5543 α
1228 5494 1465 5574 varium
1514 5494 1779 5574 animum
1817 5494 2043 5574 nescit;
2072 5518 2094 5545 η

424 5566 753 5649 ωᾴείνθιεο
781 5568 1039 5649 plurimi,
1068 5589 1090 5617 ι
1116 5566 1318 5649 varios
1350 5566 1529 5649 animi
1552 5581 1770 5649 casus‘;
1807 5586 1830 5617 ι
1863 5566 2104 5649 quidam

428 5646 629 5715 etiam,
683 5666 711 5715 σε
761 5636 957 5698 motus
986 5636 1208 5710 nescit;
1258 5661 1286 5715 ρ
1349 5638 1449 5693 alii
1503 5636 1792 5715 nonnulli,
1844 5636 2103 5715 (varius

424 5707 662 5789 animi;
701 5707 738 5767 ἰ
788 5715 1025 5792 Boyer.,
1062 5734 1085 5766 ε
1144 5707 1351 5777 varius
1381 5724 1521 5774 esse
1554 5707 2009 5786 animi,'nescit.
2071 5731 2096 5763 ιι

2208 1928 2345 1981 runt
2374 1925 2435 1981 in
2466 1925 2854 1997 compedibus
2893 1925 3078 1996 pedes
3110 1924 3246 1996 ejus
3278 1924 3467 1996 (Psal.
3500 1941 3607 1980 CIV.
3637 1922 3810 1993 17,18).

2208 2015 2273 2070 In
2300 2031 2565 2084 servum,
2597 2014 2810 2087 inquit,
2853 2014 3247 2069 venumdatus
3280 2017 3393 2085 est,
3430 2035 3452 2063 ι
3502 2028 3613 2068 non
3653 2027 3811 2067 servus

2208 2104 2424 2159 factus.
2462 2127 2485 2153 ι
2523 2103 2999 2159 Humiliaverunt
3025 2103 3211 2175 pedes
3242 2102 3402 2176 ejus,
3437 2126 3459 2152 ι
3493 2118 3605 2158 non
3623 2102 3814 2157 animam

2208 2209 2364 2266 ejus.

2281 2282 2369 2337 10.
2404 2280 2710 2348 Quomodo
2740 2282 2898 2337 enim
2942 2280 3247 2337 humiliata
3295 2283 3389 2337 est
3429 2280 3631 2351 anima,
3659 2279 3719 2335 de
3741 2294 3819 2351 qua

2210 2372 2353 2427 dicit
2386 2388 2399 2427 :
2437 2392 2459 2422 ι
2482 2371 2729 2427 Ferrum
2746 2371 3129 2442 pertransivit
3145 2371 3405 2426 animam
3418 2370 3550 2444 ejus
3578 2369 3816 2441 (Ibid)?-

2211 2461 2361 2517 Nam
2393 2477 2529 2516 cum
2568 2460 2817 2515 aliorum
2848 2462 3077 2516 animas
3108 2463 3420 2532 peccatum
3463 2461 3701 2515 transeat
3724 2456 3821 2527 (fer-

2210 2567 2342 2606 rum
2365 2551 2521 2605 enim
2551 2553 2857 2621 peccatum
2888 2553 3001 2621 est,
3042 2550 3199 2622 quod
3245 2554 3342 2605 est
3370 2548 3726 2621 penetrabile)
3750 2546 3821 2601 Jo-

2212 2639 2363 2711 seph
2385 2639 2576 2694 sancti
2604 2638 2797 2693 anima
2829 2638 2905 2693 ita
2935 2655 3054 2694 non
3082 2640 3269 2710 patuit
3304 2642 3567 2711 peccato,
3597 2640 3654 2692 ut
3681 2634 3822 2707 magis

2211 2732 2520 2800 peccatum
2575 2727 2705 2798 ipsa
2760 2731 3117 2798 penetraret.
3186 2729 3458 2800 Denique
3510 2743 3615 2783 nec
3669 2723 3823 2780 herilis

2212 2816 2512 2871 illecebrae
2559 2815 2754 2870 ﬂexus
2809 2820 2903 2871 est
2959 2816 3382 2886 delinimento,
3435 2832 3543 2872 nec
3597 2812 3825 2869 immerito

2212 2906 2480 2960 ﬂammas
2529 2920 2649 2959 non
2705 2906 2900 2960 sensit
2946 2905 3251 2976 libidinis,
3298 2907 3438 2979 quia
3484 2905 3621 2969 933
3659 2901 3830 2974 majora

2213 2993 2431 3049 divinae
2461 2993 2751 3065 ﬂagrabat
2769 2994 2982 3049 ardore
3001 2995 3210 3066 gratiae
3232 2994 3408 3050 Unde
3430 2993 3614 3050 ethoc
3642 2990 3828 3063 pulchra
3920 2996 3921 3073 ξ

2214 3083 2286 3138 de
2326 3098 2397 3138 eo
2427 3082 2646 3138 dictum
2678 3086 2768 3137 est
2803 3098 2816 3138 :
2854 3105 2877 3131 ιι
2927 3080 3076 3147 Quia
3120 3083 3427 3155 eloquium
3464 3081 3683 3139 Domini
3720 3076 3831 3134 ussit

2213 3190 2350 3231 eum
2381 3173 2573 3244 (Psal.
2608 3189 2723 3245 CIV,
2758 3170 2887 3245 19);
2943 3188 3063 3245 quo
3103 3174 3386 3230 restinxit
3423 3173 3633 3246 ignitus
3667 3165 3830 3226 diaboli

2214 3263 2487 3336 sagittas.

2286 3352 2696 3418 11.Quomodo
2736 3351 2834 3407 hic
2865 3367 3109 3423 servus,
3140 3351 3241 3423 qui
3291 3352 3549 3408 erudivit
3592 3346 3830 3422 principes

2214 3442 2417 3515 pOpuli
2437 3441 2497 3496 in
2526 3441 2625 3496 illa
2655 3440 3039 3497 frumentaria
3068 3441 3559 3513 dispensatione;
3590 3443 3648 3495 ut
3673 3438 3831 3494 future

2216 3532 2433 3604 in0pim
2479 3530 2859 3587 consulerent
2888 3533 2945 3586 et
2974 3530 3413 3602 providerent?
3444 3533 3558 3586 Aut
3601 3523 3833 3602 quomodo

2218 3637 2458 3694 servus,
2491 3620 2592 3692 qui
2621 3622 2803 3675 totam
2834 3624 3054 3675 terram
3092 3620 3439 3692 acquisivit,
3471 3623 3528 3676 et
3555 3619 3836 3675 universum

2217 3710 2502 3783 p0pulum
2529 3709 2953 3781 {Egyptiorum
2987 3709 3048 3763 in
3079 3710 3437 3765 servitutem
3465 3707 3684 3779 redegit
3705 3702 3835 3776 (Gen.

2218 3817 2398 3868 xavn,
2428 3798 2567 3869 20)?
2595 3798 2731 3854 Non
2774 3801 2836 3853 ut
2883 3798 3282 3853 conditionem
3326 3797 3559 3853 servitii
3613 3790 3836 3868 ignobilis

2217 3888 2530 3961 irrogaret,
2566 3886 2673 3942 sed
2703 3889 2766 3941 ut
2794 3886 3076 3942 tributum
3098 3886 3510 3956 constitueret,
3534 3886 3838 3958 praeterpos-

2221 3977 2560 4033 sessionem
2613 3978 2809 4031 tamen
2856 3975 3321 4047 sacerdotalem,
3365 3992 3543 4048 quam
3586 3990 3619 4029 a
3656 3966 3838 4027 tributis

2220 4067 2541 4121 immunem
2571 4064 2941 4136 reservavit;
2982 4067 3046 4119 ut
3083 4064 3239 4136 apud
3290 4064 3616 4137 Egyptios
3660 4068 3839 4133 quoque

2221 4155 2581 4211 inviolabilis
2613 4153 2933 4209 haberetur
2961 4154 3175 4227 religio
3206 4153 3618 4210 sacerdotalis.

2294 4245 2382 4300 12.
2415 4244 2551 4299 Non
2591 4242 2732 4299 fecit
2761 4243 2943 4315 igitur
2973 4258 3109 4298 eum
3147 4259 3395 4298 servum
3436 4239 3840 4307 venditio;nam

2223 4334 2424 4406 utique
2453 4332 2925 4405 negotiatoribus
2955 4336 3080 4387 erat
3108 4332 3390 4387 venditus
3416 4344 3651 4388 :verum
3677 4326 3724 4381 si
3747 4334 3839 4395 pre-

2222 4424 2366 4479 tium
2412 4425 2682 4495 spectes,
2734 4422 2954 4477 multos
2999 4421 3272 4476 invenies
3321 4421 3430 4493 qui
3469 4418 3722 4476 emerunt
3760 4406 3842 4465 sibi

2222 4511 2515 4583 puellulas
2546 4510 2752 4566 formae
2781 4509 3185 4583 elegantioris,
3220 4525 3475 4581 quarum
3495 4520 3683 4563 amore
3711 4496 3841 4569 capti:

2222 4601 2377 4672 turpi
2409 4600 2654 4656 servitio
2685 4616 2823 4655 sese
2847 4599 3152 4655 dederunt.
3178 4598 3507 4654 Videbatur
3525 4598 3729 4666 Apeme
3741 4602 3842 4643 con-

2224 4690 2438 4746 cubina
2471 4689 2630 4744 Darii
2662 4690 2829 4761 regis
2860 4689 3081 4745 sedens
3110 4688 3184 4769 ad
3214 4688 3521 4743 dexteram
3541 4684 3688 4757 ejus,
3715 4675 3843 4733 aufe-

2222 4796 2365 4836 rens
2423 4780 2496 4835 de
2543 4779 2731 4850 capite
2779 4777 2915 4850 ejus
2961 4776 3257 4848 diadema,
3309 4779 3368 4832 et
3414 4791 3526 4832 suo
3583 4773 3841 4843 imponens

2223 4923 2390 4978 Haud
2422 4920 2815 4977 incommode.

2292 4994 2406 5065 (19)
2442 4995 2613 5048 Rom.
2647 4993 2785 5065 edit.
2835 4992 3075 5065 solata:
3112 4990 3465 5053 Maledictus
3503 4986 3834 5065 ChanaamQ

2221 5061 2311 5121 Et'
2347 5061 2505 5121 certe
2554 5064 2824 5119 scribunt
2882 5061 3060 5144 LXX,
3111 5068 3484 5144 ἐνείκαι-ἀρατος
3524 5066 3676 5144 ,πέμ-ν
3723 5062 3841 5144 quos

2220 5146 2335 5228 hoc
2365 5146 2518 5215 loco,
2572 5146 2730 5199 sicut
2763 5148 2820 5199 et
2863 5142 3003 5198 alibi
3048 5131 3841 5198 secutum'constat'Ambro-

2437 5289 2566 5367 Yet.
2599 5288 2826 5367 edit.,“«_
2871 5286 2980 5342 sed
3020 5285 3381 5367 disceptaret
3405 5280 3644 5367 judicio:
3658 5295 3751 5367 *ιε-ε

2292 5298 2385 5358 (20
2443 5298 2566 5343 Vel.
2599 5298 2764 5356 edit.,
2802 5309 2825 5333 α
2871 5298 2980 5342 sed
3020 5298 3381 5367 disceptaret
3405 5298 3643 5362 juuimo.
3675 5298 3700 5355 ξ
3740 5342 3751 5353 ,

2291 5298 2407 5433 (2ιέ
2448 5360 2670 5433 Eadem
2714 5358 2852 5413 edit.
2878 5379 2967 5433 ,λς
3008 5356 3372 5433 deteriorem
3417 5366 3569 5433 esse.
3596 5354 3837 5433 195113393;

2219 5406 2405 5503 tium;
2448 5406 2783 5487 732318;
2793 5406 2805 5411 -
2817 5406 3087 5484 's'liblata'
3097 5406 3172 5482 sit
3185 5406 3202 5409 _
3216 5406 3680 5488 vox—servitute,
3703 5406 3839 5468 'nihil

2221 5519 2424 5559 causae
2446 5506 2558 5559 est.

2291 5577 2405 5649 (22)
2429 5576 2578 5633 Mss.
2618 5574 2861 5648 aliquot,
2900 5595 2921 5624 α
2954 5571 3023 5629 Et
3051 5569 3371 5628 consolans
3402 5576 3629 5623 servum
3655 5569 3786 5625 eum,
3814 5571 3832 5597 ι

2220 5651 2332 5706 etc.
