4070 6180
178 387 339 467 1133

1344 384 1960 466 EP‘ISTOLARUM
2005 400 2349 465 CLASSIS
2394 396 2445 466 1.

3479 381 3639 465 1134

175 600 409 669 vertici,
456 599 668 671 palmis
715 599 931 655 faciem
973 599 1108 671 ejus
1151 601 1393 656 sinistra
1433 617 1609 656 manu
1639 600 1855 655 verbe-
1881 583 1937 648 Α
2042 600 2129 655 16.
2165 600 2344 656 Liber
2374 603 2467 657 est
2499 602 2617 671 ille,
2650 602 2751 674 qui
2771 602 3163 676 progrediens
3186 604 3246 657 in
3268 600 3553 673 libellum,
3581 603 3638 657 si

178 705 363 746 rans:
396 705 572 761 quam
603 705 711 744 rex
741 693 945 760 aperto
977 706 1079 745 ore
1110 689 1465 760 intuebatur,
1502 691 1771 761 gaudens
1804 690 1854 743 si

183 778 419 851 quando
451 771 739 833 arrideret
768 779 823 832 ei
855 778 1092 833 mulier:
1135 779 1295 849 quod
1325 779 1379 833 si
1408 794 1476 833 ea
1507 778 1857 849 indignare-

182 871 301 936 tur,
333 867 621 922 miserum
652 881 719 921 se
752 870 925 938 atque
957 867 1240 921 afflictum
1278 870 1548 937 putaret;
1592 868 1652 920 ut
1691 869 1857 937 pote-

189 959 342 1011 state
373 955 699 1024 submissa,
729 955 1048 1009 blanditias
1081 955 1194 1024 (23)
1215 955 1540 1024 obtexeret,
1575 958 1631 1009 et
1661 955 1858 1009 conci-

182 1045 319 1099 liari
375 1044 493 1098 sibi
549 1060 678 1098 eam
732 1045 1153 1114 deprecaretur
1207 1043 1327 1113 (III
1376 1044 1561 1098 Esdr.
1617 1061 1705 1112 IV,
1752 1041 1854 1097 29-

180 1134 296 1204 31).

255 1221 343 1275 13.
378 1222 495 1277 Sed
525 1222 669 1293 quid
698 1223 812 1276 ista
844 1237 1060 1294 magno
1082 1222 1411 1293 allegemus
1433 1221 1694 1276 ambitu?
1723 1221 1857 1276 Non

181 1310 457 1365 videmus
505 1311 856 1382 plerumque
906 1311 964 1365 in
1013 1314 1362 1381 potestatem
1408 1311 1715 1381 piraticam
1763 1310 1858 1365 vel

188 1399 534 1454 immanium
576 1400 965 1455 barbarorum
1003 1400 1279 1454 redactos
1325 1403 1602 1470 parentes
1642 1415 1673 1452 a
1719 1398 1857 1453 ﬁliis

184 1488 402 1543 redimi
437 1489 732 1559 pecunia?
770 1488 1069 1560 Numquid
1098 1488 1268 1559 leges
1307 1488 1575 1558 pecuniae
1605 1486 1717 1559 (24)
1749 1504 1859 1557 po-

183 1577 371 1632 tiores
403 1592 576 1649 quam
608 1577 778 1649 leges
817 1579 1093 1632 natura)?
1131 1576 1431 1647 Numquid
1472 1577 1532 1630 in
1573 1577 1859 1631 servitute

197 1665 522 1720 accersitur
549 1666 741 1736 pietas
773 1665 932 1737 (25)?
976 1664 1253 1736 Plerique
1293 1667 1593 1735 emptores
1623 1665 1861 1719 leonum

196 1758 356 1823 sunt,
397 1757 453 1809 et
489 1757 684 1809 tamen
723 1769 842 1808 non
871 1753 1247 1808 dominantur
1284 1753 1598 1808 leonibus:
1644 1754 1750 1807 sed
1783 1752 1859 1806 ita

194 1841 599 1913 subjiciuntur
618 1858 795 1897 versa
814 1842 967 1910 vice,
991 1845 1053 1896 ut
1075 1842 1129 1895 si
1150 1844 1538 1912 exasperatos
1557 1857 1662 1895 eos
1684 1857 1865 1895 excu-

1969 689 2187 744 viderit
2228 691 2535 745 mulierem
2586 691 2801 745 bonam
2841 695 3107 762 aspectu,
3156 695 3213 746 et
3259 691 3637 763 deprzedatus

1971 791 2116 847 opes
2135 777 2509 833 inimicorum
2528 795 2794 849 suorum,
2820 783 3113 850 repertam
3134 780 3252 834 illic
3274 779 3641 851 concupierit

1971 880 2122 936 eam,
2154 867 2407 937 demptis
2439 868 2782 938 superfluis,
2815 872 2872 922 et
2911 869 3251 924 indumento
3283 869 3637 940 captivitatis

1971 954 2254 1024 detracto,
2292 956 2352 1009 in
2381 972 2628 1011 uxorem
2661 957 2778 1011 sibi
2809 957 3332 1029 copulaverit,jam
3362 974 3480 1013 non
3512 973 3639 1013 ser-

1969 1059 2124 1111 vam,
2170 1045 2277 1099 sed
2326 1044 2573 1099 liberam
2623 1046 2823 1115 (Deut.
2876 1062 3000 1116 xxi,
3053 1046 3139 1115 10,
3190 1047 3314 1117 13);
3365 1048 3641 1120 intelligit

1969 1132 2125 1185 enim
2157 1132 2461 1187 famulatui
2484 1135 2854 1204 prudentiam
2876 1138 2933 1189 et
2953 1135 3326 1206 disciplinam
3348 1153 3465 1191 non
3486 1136 3637 1191 sub-

1962 1218 2187 1290 jacere.
2236 1222 2493 1293 Ideoque
2544 1224 2642 1278 lex
2698 1224 2870 1279 dicit:
2927 1247 2948 1271 «
3004 1225 3138 1279 Non
3184 1226 3640 1281 venumdabitur

1966 1310 2218 1378 pecunia
2250 1310 2425 1379 (Ibid.
2460 1312 2587 1381 14);
2621 1329 2795 1368 omne
2839 1313 2996 1368 enim
3038 1316 3362 1383 pretiosum
3396 1329 3515 1369 non
3543 1317 3639 1368 est

1967 1412 2036 1451 ea
2067 1398 2333 1469 dignum.
2371 1400 2439 1453 Et
2478 1400 2589 1455 Job
2620 1401 2792 1456 dicit:
2832 1424 2854 1449 α
2905 1402 3147 1457 Attrahe
3193 1401 3541 1472 sapientiam
3572 1402 3633 1456 in

1969 1487 2250 1541 interiora
2283 1488 2437 1557 (Job.
2470 1506 2680 1558 xxvm,
2715 1490 2824 1561 18).
2863 1513 2885 1538 ιο
2920 1490 3053 1545 Non
3082 1490 3165 1544 illi
3198 1491 3651 1565 comparabitur.

1968 1574 2295 1646 KEthiopiae
2326 1578 2596 1647 topazion
2627 1579 2761 1649 (26),
2795 1580 2955 1651 quod
2982 1594 3127 1635 auro
3156 1579 3407 1635 habetur
3434 1594 3643 1653 argen-

1969 1664 2152 1733 toque
2181 1665 2531 1734 pretiosius.

2040 1750 2127 1805 1’7.
2161 1751 2278 1806 Sed
2308 1769 2426 1807 non
2459 1754 2558 1809 ille
2602 1755 2797 1810 solum
2826 1756 2999 1827 liber,
3031 1758 3134 1828 qui
3176 1758 3477 1813 dominum
3505 1758 3641 1813 lici-

1966 1841 2215 1895 tatorem
2263 1858 2383 1896 non
2431 1843 2689 1912 pertulit,
2732 1848 2831 1899 aut
2877 1844 3178 1901 tollentem
3226 1846 3472 1918 digitum
3524 1862 3643 1902 non

186 1934 315 1986 tere
347 1931 580 1987 cervice
610 1934 775 1987 toros
814 1931 1091 1999 viderint,
1123 1930 1355 2002 fugiant
1393 1934 1450 1985 et
1489 1930 1859 1985 delitescant.
1894 1958 1947 2021 Β
1972 1928 2116 1983 vidit
2148 1927 2283 2002 (27),
2318 1930 2424 1984 sed
2457 1931 2555 1986 ille
2598 1932 2792 2004 magis
2833 1933 3003 2004 liber,
3038 1935 3141 2006 qui
3185 1934 3336 1990 intra
3378 1951 3446 1990 se
3493 1935 3647 1991 liber

189 2019 354 2074 Nihil
388 2035 535 2092 ergo
556 2020 906 2091 praejudicat
926 2019 1195 2090 pecunia,
1222 2035 1354 2091 quae
1375 2019 1723 2090 plerumque
1745 2019 1864 2073 sibi
1896 2017 1937 2021 '
1969 2020 2083 2087 est,
2120 2018 2220 2089 qui
2252 2017 2491 2091 legibus
2523 2023 2751 2076 naturaa
2782 2022 2935 2077 liber
2950 2025 3062 2093 est,
3097 2024 3291 2094 legem
3322 2024 3525 2080 sciens
3542 2041 3645 2080 na-

187 2108 468 2164 dominos
512 2111 688 2164 emit:
742 2109 887 2163 nihil
937 2109 1153 2163 tabulae
1203 2108 1591 2178 auctionales,
1646 2108 1864 2179 quibus
1968 2109 2546 2179 turaaprtescriptam
2569 2125 2708 2164 esse
2732 2111 3019 2181 moribus,
3042 2127 3159 2167 non
3179 2113 3641 2184 conditionibus;

188 2200 421 2267 emptor
477 2197 819 2269 frequenter
880 2196 1254 2268 adjudicatur
1317 2201 1493 2268 atque
1548 2197 1861 2251 addicitur.
1973 2201 2031 2253 et
2061 2212 2400 2251 mensuram
2434 2197 2765 2252 officiorum
2800 2203 3259 2255 consentaneum
3298 2217 3418 2255 non
3448 2201 3643 2256 homi-

188 2284 544 2342 Contractus
576 2303 692 2342 non
722 2288 905 2341 mutat
934 2302 1149 2358 genus,
1183 2302 1292 2341 nec
1333 2287 1640 2355 sapientiae
1681 2286 1863 2340 liber-
1974 2286 2069 2340 nis
2100 2284 2365 2353 arbitrio,
2400 2286 2508 2339 sed
2552 2289 2778 2341 naturae
2822 2287 3180 2358 disciplinis.
3213 2289 3423 2343 Utrum
3462 2289 3645 2362 igitur

190 2378 373 2430 tatem
409 2375 630 2430 adimit.
683 2375 948 2446 Denique
994 2374 1216 2429 famulo
1267 2375 1521 2446 sapienti
1568 2374 1752 2443 multi,
1806 2377 1867 2428 ut
1972 2375 2086 2429 iste
2116 2374 2268 2427 liber
2296 2374 2399 2427 tibi
2432 2375 2856 2446 tantummodo,
2876 2391 2951 2430 an
2981 2377 3218 2448 quidam
3242 2394 3461 2434 censor
3486 2379 3644 2435 vide-

187 2464 481 2534 scriptum
510 2468 603 2519 est
633 2464 843 2533 (Prov.
869 2481 1013 2534 xvn,
1044 2464 1121 2533 2),
1158 2463 1427 2517 serviunt
1448 2462 1654 2518 liberi:
1689 2466 1745 2517 et
1775 2466 1868 2517 est
1970 2467 2087 2533 tur,
2123 2467 2179 2517 et
2199 2463 2520 2533 praefectus
2539 2464 2806 2519 moribus
2827 2465 2856 2520 ?
2887 2465 3055 2521 Unde
3076 2482 3219 2521 vere
3240 2467 3321 2521 ait
3338 2466 3642 2539 Scriptura

187 2568 410 2607 servus
441 2552 805 2625 intelligens,
839 2552 941 2623 qui
969 2555 1139 2623 regat
1168 2552 1442 2607 dominos
1483 2551 1719 2606 stultos.
1971 2552 2107 2623 quia
2138 2566 2435 2622 pauperes
2476 2552 2721 2607 divitum
2762 2554 3068 2624 praepositi
3111 2557 3301 2626 erunt,
3336 2558 3395 2611 et
3430 2557 3643 2627 privati

273 2642 359 2697 14.
389 2640 572 2706 Quem
606 2657 751 2713 ergo
782 2642 974 2714 magis
1004 2641 1256 2695 liberum
1290 2656 1505 2696 censes
1527 2642 1556 2695 ἱ)
1607 2641 1743 2695 Sola
1774 2642 1867 2695 est
1973 2642 2173 2711 utique
2203 2640 2736 2695 administrantium
2766 2642 2975 2712 (Prov.
3008 2660 3155 2714 χιιι,
3180 2643 3256 2714 '7).

185 2731 716 2802 sapientiaiibera,‘
734 2747 869 2802 quin
890 2730 1176 2784 divitibus
1197 2745 1491 2800 pauperes
1514 2730 1782 2799 praeficit,
1808 2732 1870 2783 et
2047 2730 2133 2783 18.
2168 2731 2259 2783 An
2289 2730 2395 2783 tibi
2427 2730 2578 2784 liber
2606 2730 2859 2802 videtur,
2882 2733 2981 2803 qui
3012 2732 3263 2804 pecunia
3293 2732 3644 2806 suffragium

184 2836 330 2892 quae
359 2836 573 2875 servos
603 2821 863 2891 propriis
895 2820 1166 2874 fenerare
1198 2819 1455 2873 dominis
1496 2818 1670 2874 facit:
1706 2818 1867 2872 fene-
1977 2818 2094 2873 sibi
2142 2819 2328 2873 emit?
2357 2818 2457 2889 qui
2487 2819 2762 2889 plausum
2805 2821 3005 2891 populi
3052 2822 3245 2894 magis
3277 2838 3453 2894 quam
3478 2822 3643 2895 judi-

180 2924 328 2964 rare
356 2925 474 2964 non
518 2909 852 2980 pecuniam,
891 2909 1001 2963 sed
1041 2908 1439 2963 intellectum:
1475 2908 1745 2962 fenerare
1774 2911 1866 2961 ta-
1976 2907 2132 2962 cium
2164 2906 2410 2978 requirit
2440 2908 2854 2978 prudentium?
2898 2909 3000 2965 Ille
3032 2926 3178 2983 ergo
3209 2911 3361 2967 liber
3399 2916 3510 2983 est,
3543 2913 3645 2984 qui

179 2998 415 3053 lentum
463 2998 623 3053 illius
680 2998 971 3053 Dominici
1029 2998 1355 3069 aeternique
1409 2997 1697 3066 thesauri,
1759 2996 1862 3068 qui
1974 2995 2359 3066 popularibus
2418 2997 2580 3050 auris
2639 3001 2941 3065 movetur;
2998 2999 3098 3054 ille
3155 3002 3256 3072 qui
3300 3000 3645 3056 reformidat

181 3103 496 3158 nunquam
528 3088 944 3158 corrumpitur,
978 3086 1154 3158 cujus
1177 3088 1234 3140 et
1256 3102 1438 3140 usura
1459 3088 1719 3157 pretiosa
1742 3088 1833 3139 est
1860 3100 1872 3140 :
1979 3084 2222 3140 sibilum
2252 3085 2466 3157 vulgi?
2494 3086 2611 3140 Sed
2640 3101 2757 3141 non
2788 3086 2901 3141 ista
2929 3087 3194 3155 libertas,
3229 3106 3404 3160 quam
3434 3106 3645 3145 manu-

182 3176 469 3231 fenerare
517 3176 659 3231 illud
718 3176 1091 3248 intelligibile
1139 3175 1511 3246 eloquiorum
1557 3178 1868 3247 argentum
1980 3175 2206 3229 missus
2238 3174 2472 3244 accipit,
2507 3178 2564 3229 et
2599 3175 2789 3245 palma
2837 3176 3064 3231 lictoris
3102 3168 3647 3250 donatus'acquirit

183 3265 551 3336 caelestium,
579 3266 651 3320 de
675 3281 793 3337 quo
814 3266 910 3319 lex
932 3265 1102 3319 dicit:
1142 3286 1164 3311 α
1191 3262 1539 3319 Foenerabis
1564 3264 1865 3335 gentibus,
1905 3316 1953 3337 η
1978 3263 2110 3333 (28).
2147 3263 2279 3317 Non
2311 3263 2467 3317 enim
2498 3264 2975 3333 munificentiam,
3010 3266 3116 3321 sed
3157 3266 3433 3321 virtutem
3461 3268 3646 3322 liber-

184 3360 263 3410 tu
292 3360 486 3409 autem
514 3316 632 3409 non
662 3316 1026 3409 mutuaberis
1049 3354 1249 3423 (Deut.
1276 3370 1374 3422 xv,
1396 3353 1473 3423 6).
1513 3373 1536 3403 ι
1564 3316 1737 3417 ιδιωά
1761 3316 1872 3407 He:
1903 3316 1954 3379 Ο
1980 3316 2156 3407 tatem
2187 3367 2328 3407 esse
2359 3352 2645 3407 arbitror:
2695 3369 2828 3424 quae
2869 3316 2986 3408 non
3036 3353 3343 3426 suffragiis
3386 3356 3649 3411 defertur

181 3446 401 3500 braeus
433 3444 721 3499 feneravit
748 3444 1046 3516 gentibus,
1070 3443 1201 3513 ipse
1223 3446 1417 3497 autem
1439 3458 1557 3497 non
1581 3442 1806 3512 accepit
1836 3458 1869 3496 a
1980 3441 2214 3510 alienis,
2249 3441 2357 3495 sed
2404 3442 2882 3513 magnanin’iitate
2928 3443 3167 3513 prOpria
3213 3444 3546 3501 vindicatur
3577 3462 3647 3500 ac

182 3533 435 3605 populis
466 3533 812 3604 doctrinam,
846 3533 954 3587 sed
982 3532 1254 3587 tradidit:
1292 3532 1384 3586 cui
1417 3531 1646 3602 aperuit
1679 3531 1869 3586 Domi-
1981 3531 2341 3601 possidetur.
2376 3530 2626 3600 Sapiens
2657 3531 2813 3585 enim
2841 3547 3079 3602 semper
3109 3532 3387 3603 liberest,
3412 3549 3650 3605 semper
3712 3526 3721 3529 ’

185 3637 317 3677 nus
347 3622 693 3677 thesaurum
731 3638 926 3692 suum,
960 3624 1024 3676 ut
1067 3623 1278 3694 gentes
1324 3620 1524 3691 pluvia
1572 3619 1869 3674 sermonis
1984 3619 2329 3689 honoratus,
2365 3634 2603 3688 semper
2633 3620 2686 3673 is
2716 3621 2815 3690 qui
2854 3622 3061 3689 praesit
3091 3622 3347 3693 legibus.
3381 3623 3647 3694 Denique

184 3711 298 3766 sui
320 3709 543 3766 faceret
570 3703 720 3767 934
749 3711 1123 3781 humescere,
1148 3713 1205 3765 et
1231 3711 1397 3765 fieret
1418 3710 1696 3781 princeps
1719 3725 1870 3781 gen-
1980 3706 2147 3779 justo
2178 3723 2294 3761 non
2327 3711 2418 3761 est
2449 3708 2638 3777 posita
2670 3707 2787 3777 lex,
2824 3709 2931 3763 sed
2964 3709 3189 3780 injusto
3220 3711 3277 3781 (Ι
3308 3711 3452 3766 Tim.
3477 3729 3516 3777 ι,
3548 3712 3604 3782 9)
3630 3727 3647 3782 ;

182 3801 364 3871 tium,
397 3801 526 3872 ipse
556 3802 750 3856 autem
782 3816 964 3872 supra
996 3816 1064 3856 se
1091 3800 1420 3872 principem
1441 3799 1667 3854 nullum
1696 3799 1871 3854 babe-

188 3894 309 3945 ret.

272 3980 366 4035 15.
400 3979 582 4035 Liber
609 3981 703 4034 est
730 3994 875 4051 ergo
906 3978 1009 4049 qui
1030 3978 1271 4049 sapiens
1292 3981 1405 4049 est,
1426 3978 1615 4050 pretio
1637 3980 1871 4048 emptus

194 4068 585 4127 oraculorum
616 4068 969 4139 coalestium,
1001 4067 1102 4123 illo
1128 4083 1295 4139 auro,
1328 4068 1429 4123 illo
1458 4071 1705 4141 argento
1738 4083 1871 4121 ser-

191 4158 399 4214 monis
431 4157 648 4212 divini:
683 4158 875 4228 pretio
915 4159 1148 4228 emptus
1188 4157 1503 4228 sanguinis
1533 4159 1675 4226 (non
1717 4157 1874 4211 enim

192 4248 509 4304 minimum
541 4249 635 4302 est
661 4249 987 4317 emptorem
1016 4248 1369 4318 agnoscere)
1410 4246 1601 4316 pretio
1642 4249 1875 4316 emptus

193 4337 435 4411 gratim,
467 4336 569 4407 qui
600 4335 826 4391 audivit
875 4338 933 4390 et
977 4335 1271 4390 intellexit
1318 4335 1647 4389 dicentem:
1706 4356 1729 4384 ι
1765 4333 1876 4399 Qui

192 4426 405 4495 sititis,
451 4425 528 4479 ite
577 4424 651 4479 ad
692 4439 939 4496 aquam;
991 4427 1048 4478 et
1090 4425 1429 4495 quicunque
1479 4440 1597 4479 non
1640 4423 1876 4478 habetis

191 4517 535 4588 argentum,
569 4514 667 4585 ite,
699 4514 894 4584 emite,
929 4517 984 4568 et
1024 4513 1227 4585 bibite,
1263 4516 1319 4568 et
1350 4513 1697 4568 manducate
1728 4512 1872 4584 (Isa.

190 4622 290 4677 LV,
329 4602 406 4675 1).

272 4816 393 4888 (23)
422 4815 623 4873 Codex
652 4817 888 4889 Boyer.,
928 4840 949 4867 α
985 4817 1305 4872 Blandiens
1340 4816 1601 4871 furorem
1636 4815 1877 4871 obtexe-

202 4892 317 4943 ret.
363 4912 384 4935 η

275 4959 488 5014 24.1ta
527 4960 665 5014 edit.
720 4962 777 5013 et
824 4975 975 5015 mss.
1022 4960 1200 5031 longe
1246 4959 1504 5029 plurimi,
1556 4958 1673 5012 nisi
1723 4958 1878 5029 quod

203 5031 497 5085 omittitur
527 5032 586 5084 in
618 5031 897 5085 omnibus
927 5031 1063 5085 edit.
1100 5037 1156 5085 et
1198 5031 1405 5101 paucis
1444 5046 1593 5101 mss.
1634 5045 1746 5083 vox
1771 5046 1878 5098 pe-

205 5101 429 5173 cunia;
461 5102 591 5157 cod.
625 5118 768 5157 vero
798 5103 1012 5173 Boyer.
1045 5100 1240 5156 locum
1271 5103 1359 5156 sic
1384 5100 1568 5169 effert,
1598 5124 1620 5148 ις
1648 5101 1875 5173 redimi.

205 5170 513 5243 Numquid
544 5173 810 5243 pecunia:
842 5170 1155 5244 subjacent
1180 5173 1355 5244 leges
1386 5174 1650 5227 naturae?
1691 5172 1880 5225 Num-

205 5244 351 5315 quid
384 5242 443 5297 in
476 5242 821 5298 servitutem
852 5242 1397 5313 accersitur'pietas
1418 5247 1446 5298 ?
1480 5266 1500 5291 η

278 5316 398 5383 (25)
430 5315 554 5368 Vet.
599 5316 759 5383 edit.,
804 5338 824 5362 α
869 5315 927 5369 in
960 5319 1243 5369 scrvntute
1288 5314 1578 5369 accrescit
1606 5314 1815 5384 pietas.
1856 5336 1876 5359 η

244 5385 400 5467 .(26‘,
433 5386 643 5457 Boyer.
678 5386 834 5457 cod.,
873 5410 893 5433 η
927 5402 1136 5441 aurum
1165 5386 1236 5440 de
1270 5386 1595 5455 Aithiopia,
1627 5390 1683 5439 et
1720 5389 1878 5454 topa-

207 5473 366 5511 ZIOD.
407 5481 428 5503 η

282 5525 398 5597 (37)
446 5527 577 5599 Duo
628 5543 802 5597 mss.,
858 5551 879 5575 α
933 5529 1033 5599 qui
1082 5526 1820 5599 dominum_litigatorem,_
1858 5550 1879 5572 »

210 5614 394 5663 unus,
431 5598 783 5653 liciatorcm.
818 5597 1105 5654 Neutrum
1155 5597 1497 5665 commode;
1548 5597 1700 5651 idem
1730 5597 1885 5649 enim

212 5673 330 5738 est,
367 5692 388 5715 ιι
427 5670 776 5725 licitatorem
810 5687 928 5725 non
965 5671 1224 5738 pertulit,
1254 5694 1276 5718 ι»
1316 5684 1384 5722 ac

215 5740 493 5798 auctione
526 5756 645 5798 non
675 5741 805 5797 fuit.
829 5741 956 5808 Quo

1906 4673 1963 4737 D

1425 5668 1523 5739 qui
1567 5671 1798 5737 emptus
1833 5667 1890 5720 in

1031 5746 1225 5797 autem
1254 5740 1507 5809 additur,
1536 5761 1557 5785 «
1592 5739 1893 5793 tollentem

223 5810 477 5895 digitum
507 5828 627 5870 non
657 5814 825 5889 vidit,
850 5837 873 5863 »
900 5813 980 5869 ibi
998 5815 1261 5889 tangitur
1279 5811 1479 5891 prisca
1503 5809 1893 5886 consuetudo,

1982 3795 2186 3868 justus
2218 3796 2374 3851 enim
2407 3796 2537 3867 ipse
2569 3796 2686 3850 sibi
2712 3796 2810 3851 lex
2840 3800 2951 3865 est,
2986 3813 3104 3853 non
3140 3799 3369 3855 habens
3400 3815 3655 3856 necesse

1984 3885 2226 3957 longius
2250 3884 2370 3939 sibi
2391 3900 2703 3940 accersere
2726 3885 2974 3940 formam
2996 3888 3253 3959 virtutis,
3272 3905 3448 3961 quam
3472 3890 3651 3945 corde

1987 3974 2278 4029 inclusam
2325 3978 2512 4045 gerat,
2576 3974 2863 4044 scriptum
2911 3975 3140 4031 habens
3190 3993 3343 4048 opus
3389 3978 3545 4051 legis
3596 3979 3656 4034 in

1986 4062 2205 4117 tabulis
2236 4062 2438 4117 cordis
2469 4062 2584 4132 sui,
2619 4063 2713 4117 cui
2731 4063 2953 4118 dictum
2986 4065 3101 4120 sit:
3138 4087 3160 4117 ι
3188 4066 3334 4122 Bibe
3351 4082 3564 4139 aquam
3586 4066 3658 4122 de

1987 4152 2105 4206 tuis
2135 4152 2320 4218 vasis,
2355 4155 2412 4205 et
2443 4152 2514 4206 de
2545 4155 2855 4222 puteorum
2885 4156 3117 4209 tuorum
3152 4154 3417 4211 fontibus
3441 4156 3651 4226 (Prov.

1985 4257 2045 4309 v,
2094 4241 2181 4310 15)
2216 4265 2237 4288 ι»
2273 4240 2423 4305 Quid
2454 4240 2610 4295 enim
2630 4241 2806 4296 nobis
2838 4245 2954 4296 tam
2972 4244 3326 4314 proximum,
3352 4260 3527 4315 quam
3554 4244 3660 4299 Dei

1989 4329 2236 4384 verbum
2255 4331 2284 4384 ε)
2316 4329 2443 4384 Hoc
2476 4333 2568 4384 est
2587 4330 2836 4385 verbum
2856 4330 2915 4385 in
2934 4332 3111 4385 corde
3135 4335 3363 4403 nostro,
3386 4335 3443 4387 et
3472 4332 3531 4386 in
3555 4345 3658 4387 ore

1990 4421 2215 4486 nostro,
2250 4418 2409 4489 quod
2440 4433 2558 4473 non
2589 4419 2860 4473 videmus
2891 4423 2946 4473 et
2975 4422 3270 4475 tenemus.

2062 4505 2148 4562 19.
2182 4506 2432 4578 Sapiens
2456 4522 2601 4577 ergo
2626 4507 2794 4574 liber,
2820 4508 3095 4577 quoniam
3119 4509 3220 4579 qui
3248 4523 3315 4562 ea
3338 4508 3494 4577 facit,
3520 4523 3654 4579 qua)

1989 4596 2135 4667 vult,
2166 4596 2316 4651 liber
2344 4598 2456 4651 est.
2499 4596 2616 4650 Sed
2648 4611 2767 4651 non
2798 4596 2993 4651 omnis
3023 4596 3178 4651 bona
3207 4597 3484 4652 voluntas
3518 4596 3656 4669 (29),

1992 4827 2108 4911 q'ua
2138 4810 2237 4911 qui
2259 4810 2548 4911 emebant,
2575 4810 2911 4911 di‘gitumain
2942 4825 3235 4911 assensus
3257 4812 3661 4911 testimonium

1994 4880 2320 4937 elevabant.
2356 4882 2582 4955 Qiccro,
2623 4880 2791 4955 verr.
2826 4880 2891 4937 3:
2921 4902 2942 4928 α
2977 4883 3311 4938 Accurrunt
3330 4884 3403 4937 ad
3424 4886 3657 4955 tempus

1948 4964 1953 4971 '
1996 4958 2312 5021 emptores,
2345 4952 2593 5022 digitum
2624 4952 2790 5005 tollit.
2833 4973 2854 5001 ι

2068 5026 2181 5094 (28)
2225 5024 2392 5105 Putat
2442 5022 2711 5105 Nannius
2746 5024 2993 5105 patinam
3044 5024 3273 5105 lictoris
3300 5025 3476 5105 idem
3526 5041 3665 5105 esse

1999 5093 2371 5164 ac'praatoris
2402 5093 2721 5146 vindictam
2752 5096 2905 5164 apud
2941 5095 3265 5150 Horatium.
3300 5096 3439 5151 Erat
3469 5102 3664 5152 autem

2000 5167 2277 5239 vindicta,
2302 5165 2449 5233 sive,
2475 5169 2535 5218 ut
2560 5165 2655 5239 alii
2674 5170 2905 5235 vocant,
2932 5167 3183 5239 festuca,
3203 5168 3474 5239 quendam
3494 5169 3665 5239 virga

2002 5236 2178 5307 cujus
2229 5239 2520 5309 extremo,
2550 5236 2677 5289 sive
2722 5241 2958 5305 praetor,
2991 5239 3119 5292 sive
3162 5236 3344 5309 jussu
3393 5236 3666 5309 ejusde'm

2001 5309 2191 5371 lictor,
2227 5310 2400 5376 caput
2443 5307 2622 5375 illius,
2658 5310 2757 5377 qui
2804 5307 3188 5363 asserebatur
3217 5310 3275 5363 in
3315 5307 3663 5376 libertatem,

2001 5380 2316 5451 tangebat;
2350 5378 2642 5451 malumus
2674 5385 2867 5434 tamen
2899 5380 3088 5451 palma
3119 5380 3449 5451 significari
3479 5379 3665 5451 domi-

2001 5452 2060 5504 ni
2092 5449 2199 5504 scu
2233 5450 2459 5521 lictoris
2500 5464 2757 5519 manum,
2790 5449 2916 5521 qua
2949 5450 3035 5504 illi
3083 5449 3308 5521 alapam
3354 5449 3667 5521 manumit-

1999 5522 2176 5647 géndo
2214 5520 2595 5592 infligebant:
2633 5521 2704 5576 de
2738 5517 2855 5592 quo
2885 5521 3018 5575 vide
3050 5522 3151 5575 lib.
3178 5517 3224 5573 ii
3266 5519 3501 5574 Phaedri
3545 5517 3663 5574 fab.

2073 5662 2186 5733 (29)
2221 5664 2392 5718 Rom.
2426 5662 2590 5734 edit.,
2629 5687 2650 5709 «
2686 5663 2860 5718 bonaa
2891 5662 3230 5729 voluntatis,
3252 5660 3357 5734 sed
3380 5660 3668 5730 sapientis

2001 5732 2224 5793 tantum
2254 5736 2382 5803 est;
2419 5758 2440 5781 ιι
2477 5732 2608 5791 aliae
2641 5750 2775 5791 cum
2821 5734 3097 5791 omnibus
3146 5732 3384 5789 omnino
3423 5747 3572 5789 mss.
3605 5734 3669 5793 ut

2002 5824 2114 5868 nos
2146 5806 2207 5862 in
2238 5809 2421 5872 textu,
