4070 6180
454 364 622 429 113δ

1930 361 1997 423 S.
2030 356 2475 422 AMBROSII.

3732 357 3874 421 11$

468 567 577 623 sed
610 564 897 637 sapientis
927 566 1018 620 est
1050 564 1246 620 omnia
1283 579 1417 637 quae
1446 563 1603 620 bona
1632 564 1772 619 sunt
1800 560 1985 631 velle;
2019 559 2140 615 odit
2166 540 2225 604 Α
2246 561 2516 631 questrat
2546 575 2580 615 a
2609 558 2745 632 lege
2781 557 3206 629 Christianum,
3257 573 3331 614 ne
3373 558 3593 614 invitus
3637 557 3879 615 videatur

465 656 611 720 935
653 664 809 719 enim
855 664 1094 733 malum,
1138 664 1275 734 quia
1316 662 1474 734 quod
1518 662 1739 718 bonum
1782 663 1892 730 est,
1936 658 2135 731 elegit.

465 753 628 826 Ergo
679 754 732 807 si
773 754 933 824 quod
968 753 1192 808 bonum
1239 755 1333 807 est
1375 752 1577 823 elegit,
1626 751 1848 805 arbiter
1893 747 2136 804 electio-

461 843 578 912 nis,
629 844 686 896 et
736 842 968 913 eligens
1016 842 1378 912 operationis
1427 841 1579 895 liber
1626 844 1747 909 est;
1797 840 1933 910 quia
1979 835 2138 908 quod

459 932 588 985 vult
620 930 787 986 facit:
826 932 978 986 liber
1010 947 1155 1003 ergo
1187 930 1458 1001 sapiens:
1499 929 1749 1000 Sapiens
1776 928 1969 983 omnia
2004 941 2137 997 quae

462 1019 619 1089 facit,
678 1020 831 1074 bene
884 1020 1042 1074 facit.
1098 1019 1210 1085 Qui
1270 1023 1462 1074 autem
1523 1019 1676 1073 bene
1732 1017 1867 1071 facit
1920 1015 2135 1084 omnia,

460 1112 620 1164 recte
669 1108 811 1176 facit
866 1108 1093 1163 omnia:
1156 1109 1258 1179 qui
1311 1124 1453 1163 vero
1512 1111 1671 1162 recte
1727 1107 1865 1160 facit
1919 1104 2136 1188 omnia,

460 1199 665 1269 utique
723 1196 1034 1268 inoffense,
1092 1201 1148 1253 et
1205 1196 1833 1268 irreprehensibiliter,
1894 1196 1951 1249 et
2006 1194 2137 1247 sine

460 1288 673 1341 damno
719 1290 776 1340 et
813 1286 1204 1341 commotione
1246 1288 1340 1341 sui
1376 1286 1516 1341 facit
1560 1286 1777 1340 omnia.
1816 1282 1924 1338 Cui
1959 1283 2138 1355 igitur

460 1372 577 1430 hoc
602 1375 833 1444 subest,
857 1378 920 1429 ut
944 1374 1235 1430 inoffense
1255 1374 1431 1429 faciat
1450 1374 1583 1429 sine
1606 1372 1996 1429 commotione
2018 1371 2136 1441 sui,

462 1463 594 1518 sine
622 1464 870 1533 damno;
910 1464 1055 1518 nihil
1094 1464 1445 1534 insipienter
1481 1462 1640 1533 facit,
1687 1462 1796 1517 sed
1837 1460 2139 1532 sapienter

464 1552 680 1608 omnia.
713 1551 825 1618 Qui
856 1556 1050 1608 autem
1080 1554 1383 1623 sapienter
1411 1552 1572 1623 facit,
1596 1551 1743 1607 nihil
1774 1550 1950 1606 habet
1978 1548 2138 1621 quod

465 1643 718 1711 metuat;
756 1644 951 1696 metus
999 1642 1155 1695 enim
1200 1642 1261 1695 in
1307 1644 1549 1712 peccato
1598 1643 1711 1695 est.
1775 1639 1890 1695 Ubi
1940 1641 2137 1693 autem

466 1730 627 1784 nulla
665 1729 920 1785 formido
944 1771 958 1799 ,
1009 1730 1094 1784 ibi
1131 1730 1416 1784 libertas:
1458 1729 1563 1784 ubi
1598 1729 1865 1798 libertas,
1906 1727 1988 1782 ibi
2025 1743 2136 1797 po-

464 1821 655 1873 testas
686 1817 943 1873 faciendi
972 1818 1131 1889 quod
1159 1817 1285 1872 vult
1309 1832 1321 1873 :
1355 1817 1525 1873 solus
1557 1832 1704 1890 ergo
1721 1817 1965 1888 sapiens
1985 1815 2139 1871 liber

470 1910 583 1963 est.

538 1995 630 2052 20.
662 1995 895 2051 Etenim
925 1995 1027 2067 qui
1058 2010 1251 2068 neque
1284 1995 1418 2068 cogi
1460 1996 1675 2066 potest,
1708 2009 1901 2067 neque
1929 1993 2137 2065 prohi-

465 2084 619 2155 beri,
652 2084 706 2140 is
751 2100 1124 2156 nequaquam
1172 2099 1426 2140 servus:
1480 2083 1766 2155 sapientis
1809 2086 2003 2157 autem
2046 2087 2140 2139 est

465 2189 657 2245 neque
687 2174 823 2246 cogi
854 2189 1046 2245 neque
1075 2173 1401 2244 prohiberi,
1435 2188 1555 2229 non
1586 2175 1680 2228 est
1706 2173 1890 2245 igitur
1917 2187 2134 2227 servus

464 2263 731 2334 sapiens.
775 2262 1134 2317 Prohibetur
1171 2262 1358 2332 enim,
1411 2263 1513 2333 qui
1562 2276 1682 2317 non
1730 2260 1997 2333 fungitur
2036 2261 2133 2331 iis,

465 2367 599 2423 quae
631 2350 968 2406 desiderat:
999 2367 1136 2422 qum
1168 2354 1361 2406 autem
1393 2351 1692 2407 desiderat
1720 2350 1983 2421 sapiens,
2018 2349 2137 2404 nisi

466 2456 536 2496 ea
565 2456 700 2512 quae
731 2439 966 2495 virtutis
998 2443 1055 2493 et
1074 2439 1408 2509 disciplinae
1431 2442 1589 2509 sunt,
1609 2439 1739 2494 sine
1761 2438 1981 2510 quibus
1998 2453 2138 2493 esse

465 2546 585 2585 non
616 2530 862 2600 potest?
901 2529 965 2583 In
998 2529 1130 2599 ipso
1161 2528 1317 2584 enim
1348 2532 1506 2598 sunt,
1539 2544 1649 2583 nec
1672 2528 2035 2583 divelluntur
2063 2526 2137 2581 ab

466 2634 560 2674 eo.
591 2618 759 2682 Quod
790 2617 844 2672 si
883 2616 1262 2686 divelluntur,
1290 2615 1417 2689 jam
1466 2633 1585 2672 non
1633 2616 1896 2687 sapiens,
1930 2616 2030 2687 qui
2061 2615 2141 2671 sit

467 2708 600 2763 sine
628 2706 866 2762 virtutis
895 2722 1011 2760 usu
1041 2722 1109 2760 ac
1142 2706 1475 2776 disciplina,
1509 2706 1727 2777 quibus
1748 2707 1878 2775 ipse
1899 2720 1966 2760 se
1989 2705 2141 2759 frau-

468 2795 586 2865 dat,
618 2795 670 2848 si
701 2810 820 2849 non
852 2795 930 2849 sit
956 2794 1325 2849 voluntarius
1356 2794 1590 2849 virtutis
1622 2794 1937 2865 interpres.
1969 2792 2138 2859 Quod

471 2885 525 2939 si
557 2884 809 2956 cogitur,
841 2883 1223 2938 manifestum
1264 2884 1357 2938 est
1386 2884 1543 2955 quod
1593 2883 1816 2937 invitus
1847 2882 2040 2937 faciat.
2075 2882 2139 2938 In

472 2972 749 3029 omnibus
797 2975 991 3026 autem
1039 2971 1213 3026 factis
1272 2975 1407 3026 auta
1468 2972 1685 3027 virtute
1735 2972 2138 3027 correctiones

471 3064 629 3129 sunt,
671 3064 773 3117 aut
807 3077 843 3115 a
880 3060 1099 3115 malitia
1145 3060 1581 3132 prolapsiones,
1633 3063 1733 3116 aut
1775 3062 1991 3131 media,
2040 3064 2140 3116 aut

466 3149 880 3206 indifferentia.
916 3149 1164 3205 Virtutis
1187 3165 1307 3206 non
1339 3154 1606 3220 coactus,
1637 3150 1747 3206 sed
1770 3151 2140 3206 voluntarius

469 3243 788 3296 exsecutor
817 3241 911 3294 est
942 3240 1227 3309 sapiens;
1280 3240 1558 3311 quoniam
1608 3241 1803 3295 omnia
1849 3255 1982 3312 quae
2014 3240 2140 3311 pla-

471 3332 625 3398 cent,
652 3330 776 3400 agit
797 3328 1034 3383 malitiae
1048 3328 1332 3400 fugitans,
1353 3345 1464 3385 nec
1477 3329 1772 3384 somnium
1787 3329 1841 3400 ej
1851 3346 1921 3384 us
1935 3330 2142 3385 admit-

468 3418 555 3473 tit.
592 3416 1072 3475 Indiﬂ‘erentibus
1112 3418 1191 3472 ita
1234 3434 1353 3473 non
1383 3421 1674 3488 movetur,
1706 3420 1771 3472 ut
1798 3418 1978 3473 nullis
2011 3433 2141 3473 mo-

468 3506 687 3561 mentis
719 3506 873 3561 sicut
904 3506 1122 3579 vulgus
1153 3506 1457 3561 hominum
1480 3506 1614 3560 'huc
1653 3508 1826 3578 atque
1866 3506 2006 3562 illuc
2046 3507 2141 3561 in-

473 3595 740 3666 clinetur,
778 3595 885 3651 sed
931 3598 1207 3667 tanquam
1256 3595 1317 3649 in
1347 3598 1565 3651 statera
1604 3611 1775 3651 mens
1805 3594 1940 3668 ejus
1971 3611 2142 3667 aequa

470 3684 640 3740 lance
669 3685 921 3755 pendeat
950 3700 965 3755 ;
1018 3700 1210 3756 neque
1250 3684 1323 3738 ad
1355 3684 1724 3755 voluptuaria
1753 3685 2137 3756 propendeat,

472 3788 665 3845 neque
697 3773 935 3829 omnino
965 3773 1040 3827 ad
1067 3788 1155 3842 ea,
1192 3789 1325 3845 quae
1364 3777 1504 3828 sunt
1542 3774 1895 3844 aversanda,
1928 3774 2024 3829 vel
2053 3774 2142 3829 le-

470 3862 627 3915 viter
647 3861 907 3917 studium
930 3862 1175 3917 inclinet
1195 3878 1391 3932 suum,
1423 3863 1532 3917 sed
1562 3862 1884 3919 immobilis
1911 3865 2145 3918 maneat

472 3946 707 4004 affectu.
740 3950 909 4004 Unde
938 3950 1122 4021 liquet
1150 3951 1287 4022 quia
1308 3951 1453 4005 nihil
1476 3951 1697 4006 invitus
1716 3951 1854 4006 facit
1872 3952 2134 4023 sapiens,

474 4052 668 4109 neque
699 4039 971 4111 cogitur;
1022 4038 1161 4109 quia
1205 4039 1260 4093 si
1305 4054 1524 4094 servus
1566 4041 1750 4110 esset,
1786 4044 2140 4112 cogeretur:

471 4126 628 4182 liber
655 4126 838 4199 igitur
867 4129 961 4181 est
988 4127 1252 4197 sapiens.
2103 4117 2113 4125 ’

543 4215 632 4270 2i.
665 4216 992 4287 Apostolus
1023 4230 1261 4287 quoque
1292 4215 1382 4270 sic
1422 4215 1626 4271 definit
1653 4216 1895 4272 dicens:
1947 4239 1971 4269 «
2007 4218 2143 4274 Non

471 4321 608 4361 sum
638 4320 751 4377 ego
783 4305 955 4375 liber,
980 4320 1099 4360 non
1120 4320 1252 4359 sum
1277 4305 1584 4376 apostolus
1603 4305 1663 4375 (1
1690 4305 1826 4362 Cor.
1858 4323 1943 4377 ιχ,
1979 4308 2034 4378 1)
2054 4309 2083 4363 ?
2116 4328 2139 4358 ι

471 4394 589 4450 Sed
605 4394 753 4449 adeo
771 4394 941 4465 liber,
967 4397 1029 4449 ut
1046 4410 1178 4449 cum
1201 4394 1644 4450 subintrassent
1660 4395 1896 4466 quidam
1916 4398 2140 4451 tentare

471 4483 801 4539 libertatem
832 4483 989 4555 ejus,
1015 4500 1124 4539 nec
1146 4484 1218 4539 ad
1241 4484 1468 4555 horam,
1492 4487 1557 4540 ut
1580 4484 1709 4555 ipse
1730 4484 1809 4538 ait
1830 4484 2051 4555 (GaIat.
2075 4502 2138 4556 ιι,

471 4572 549 4642 5),
581 4573 820 4627 cederet
850 4572 1236 4644 subjectioni,
1269 4575 1332 4628 ut
1378 4574 1601 4628 veritas
1645 4573 1955 4646 Evangelii
1986 4589 2143 4644 prte-

2242 649 2364 721 legi
2395 648 2822 704 succumbere:
2860 639 3004 703 936
3038 650 3212 703 vocat
3231 646 3292 702 in
3312 646 3712 720 Evangelium,
3741 649 3879 720 quod

2244 737 2514 793 volentes
2559 739 2616 792 et
2663 738 2988 808 praedicant
3019 739 3076 791 et
3122 739 3460 807 operantur.
3509 735 3746 792 Judaaus
3783 737 3880 793 sub

2244 827 2398 898 lege,
2422 826 2796 881 Christianus
2820 842 2926 897 per
2951 825 3332 897 Evangelium
3356 841 3370 880 :
3395 825 3605 897 inlege
3624 827 3878 894 servitus,

2246 917 2306 971 in
2329 915 2653 987 Evangelio
2675 916 2942 986 libertas,
2967 915 3068 970 ubi
3083 914 3343 987 cognitio
3361 915 3687 983 sapientiae.
3703 915 3880 970 Omnis

2248 1021 2392 1078 ergo
2450 1007 2550 1075 qui
2606 1004 2907 1059 Christum
2955 1004 3183 1073 recipit,
3239 1005 3522 1074 sapiens:
3574 1002 3673 1073 qui
3717 1007 3880 1058 autem

2249 1095 2510 1165 sapiens,
2544 1094 2696 1148 liber
2721 1110 2733 1148 :
2768 1093 2960 1147 omnis
2996 1093 3182 1164 igitur
3207 1092 3584 1147 Christianus
3605 1095 3659 1146 et
3677 1091 3813 1146 liber
3836 1096 3883 1146 et

2248 1183 2511 1254 sapiens.

2318 1271 2408 1326 23.
2442 1271 2655 1326 Docuit
2674 1287 2769 1326 me
2785 1274 2981 1326 tamen
3011 1270 3337 1342 Apostolus
3358 1269 3523 1342 quod
3552 1268 3699 1324 ultra
3724 1270 3884 1339 ipsam

2245 1361 2577 1416 libertatem
2604 1360 2701 1429 sit,
2724 1362 2789 1415 ut
2818 1360 3048 1415 servire
3076 1359 3322 1415 libertas
3352 1360 3466 1414 sit:
3507 1380 3531 1405 ι
3564 1356 3708 1413 Cum
3733 1356 3875 1426 liber,

2245 1451 2454 1522 inquit,
2490 1469 2514 1500 α
2549 1464 2749 1504 essem
2783 1449 3043 1505 omnium
3072 1464 3167 1504 me
3184 1463 3430 1504 servum
3447 1446 3565 1503 feci
3590 1462 3605 1517 ;
3633 1449 3695 1501 ut
3710 1446 3879 1516 plures

2245 1538 2658 1595 lucrifacerem
2688 1537 2745 1608 (1
2771 1537 2909 1594 Cor.
2939 1554 3023 1607 ix,
3055 1537 3164 1607 19).
3195 1535 3345 1602 Quid
3376 1540 3473 1592 est
3498 1535 3651 1591 ultra
3677 1535 3881 1590 liberta-

2245 1632 2385 1700 tem,
2416 1627 2533 1683 nisi
2564 1627 2786 1682 habere
2817 1626 3099 1697 Spiritum
3128 1625 3360 1696 gratim,
3395 1624 3622 1680 habere
3660 1623 3880 1679 charita-

2245 1720 2363 1773 tem
2381 1719 2411 1773 ?
2442 1717 2713 1772 Libertas
2743 1715 2899 1770 enim
2930 1715 3187 1772 liberum
3216 1714 3355 1769 facit
3386 1713 3752 1783 hominibus,
3775 1712 3886 1767 cha-

2246 1807 2391 1862 ritas
2421 1805 2674 1860 amicum
2704 1805 2848 1860 Deo.
2882 1803 3053 1861 Unde
3084 1804 3164 1859 ait
3210 1802 3532 1859 Christus:
3586 1825 3610 1851 ιι
3657 1802 3772 1857 Vos
3797 1817 3881 1857 au-

2173 1915 2222 1977 Β
2246 1898 2365 1952 tem
2394 1895 2513 1950 dixi
2548 1894 2775 1949 amicos
2810 1893 3001 1965 (Joan.
3035 1910 3137 1964 xv,
3182 1892 3295 1964 15).
3342 1913 3367 1943 ιι
3422 1893 3592 1948 Bona
3638 1891 3881 1959 charitas,

2249 1985 2321 2041 de
2352 2000 2467 2056 qua
2496 1983 2748 2038 dicitur:
2786 2004 2809 2030 α
2851 1983 2969 2038 Per
2998 1981 3341 2037 charitatem
3393 1980 3655 2052 Spiritus
3702 1980 3882 2036 servits

2247 2072 2503 2128 invicem
2555 2070 2775 2143 (Galat.
2804 2088 2865 2143 v,
2899 2072 3011 2143 i3),
3046 2095 3070 2121 ι»
3117 2070 3377 2127 Servivit
3426 2073 3487 2126 et
3529 2069 3810 2139 Christus,
3836 2072 3884 2123 ut

2249 2176 2458 2218 omnes
2486 2161 2715 2217 liberos
2762 2159 3006 2216 faceret.
3042 2182 3066 2209 α
3111 2160 3325 2215 Manus
3375 2159 3517 2232 ejus
3555 2159 3616 2215 in
3665 2157 3878 2230 cophino

2249 2250 2585 2308 servierunt
2616 2249 2805 2320 (Psal.
2839 2266 3020 2320 nxxx,
3058 2249 3152 2319 '7):
3203 2249 3305 2320 qui
3353 2264 3481 2305 non
3524 2250 3777 2320 rapinam
3811 2249 3880 2301 est

2247 2340 2565 2395 arbitratus
2614 2353 2755 2394 esse
2803 2353 2871 2393 se
2914 2337 3203 2410 aequalem
3250 2338 3399 2408 Deo,
3452 2337 3701 2393 formam
3753 2333 3879 2391 servi

2248 2429 2477 2499 accepit
2506 2426 2790 2499 (Philipp.
2825 2444 2888 2498 ιι,
2918 2427 3006 2497 ’7);
3055 2430 3113 2482 et
3156 2427 3357 2483 omnia
3407 2426 3687 2482 omnibus
3726 2424 3878 2479 factus

2248 2521 2360 2588 est,
2403 2520 2469 2573 ut
2509 2516 2787 2572 omnibus
2837 2515 3089 2571 salutem
3133 2514 3375 2572 afferret
3419 2515 3473 2586 (1
3519 2515 3655 2572 Cor.
3689 2530 3762 2585 ix,
3791 2510 3876 2581 29.).

2247 2606 2437 2679 Cujus
2467 2606 2724 2661 imitator
2752 2605 2993 2676 Paulus,
3024 2607 3083 2659 et
3129 2605 3300 2676 quasi
3333 2605 3454 2660 sub
3498 2604 3660 2677 Lege
3688 2605 3814 2671 erat,
3837 2602 3878 2653 et

2249 2696 2421 2768 quasi
2451 2695 2582 2751 sine
2615 2695 2776 2768 Lege
2802 2695 3040 2749 vivebat
3073 2710 3181 2764 pro
3215 2710 3426 2750 eorum
3466 2694 3727 2763 utilitate,
3760 2703 3876 2762 quos

2251 2784 2524 2856 cupiebat
2552 2784 2803 2839 lucrari:
2837 2787 2896 2838 et
2922 2783 3216 2854 infirmus,
3250 2786 3313 2838 ut
3362 2799 3474 2839 eos
3507 2782 3873 2839 conﬁrmaret:

2251 2876 2308 2930 et
2337 2874 2632 2945 currebat,
2652 2877 2709 2927 et
2730 2888 2950 2943 corpus
2984 2889 3161 2928 suum
3186 2872 3544 2944 castigabat,
3566 2875 3629 2928 ut
3658 2870 3876 2942 potesta-

2249 2966 2340 3019 tes
2371 2978 2580 3019 aereas
2609 2962 2669 3016 in
2697 2960 2935 3017 Christo
2964 2958 3378 3032 triumpharet.

2320 3051 2410 3107 24.
2443 3051 2552 3107 Est
2582 3066 2727 3125 ergo
2757 3050 3012 3121 sapienti
3059 3053 3117 3105 et
3163 3051 3397 3108 servire
3444 3051 3707 3107 libertas.
3744 3042 3873 3102 Unde

2250 3141 2553 3213 colligitur
2580 3142 2719 3212 quia
2748 3139 2930 3196 stulto
2974 3143 3032 3195 et
3070 3140 3365 3211 imperare
3396 3142 3662 3197 servitus
3693 3139 3803 3203 est;
3835 3134 3875 3187 et

2251 3231 2409 3303 quod
2438 3230 2615 3302 pejus
2643 3233 2756 3299 est,
2790 3245 2924 3285 cum
2961 3230 3348 3300 paucioribus
3388 3230 3617 3301 praesit,
3650 3223 3873 3299 pluribus

2250 3318 2507 3375 dominis
2537 3321 2593 3373 et
2610 3319 2991 3391 gravioribus
3020 3319 3228 3374 servit.
3253 3319 3457 3375 Servit
3477 3319 3632 3374 enim
3661 3310 3872 3387 propriis

2250 3408 2657 3480 passionibus,
2691 3408 2877 3463 servit
2906 3407 3326 3478 cupiditatibus
3359 3409 3516 3479 suis,
3549 3418 3778 3478 quarum
3803 3399 3873 3453 d0-

2252 3499 2535 3553 minatum
2565 3512 2676 3552 nec
2705 3499 2877 3553 nocte
2918 3499 3115 3568 potest
3161 3496 3397 3569 fugere,
3452 3512 3565 3553 nec
3607 3495 3727 3563 die;
3767 3487 3871 3561 quia

2250 3588 2403 3642 intra
2435 3603 2502 3642 se
2533 3586 2808 3642 dominos
2840 3585 3037 3657 habet,
3070 3586 3223 3641 intra
3250 3602 3319 3642 se
3366 3586 3676 3643 servitium
3702 3580 3871 3653 patitur

2250 3676 2641 3733 intolerabile.
2674 3676 2923 3732 Gemina
2954 3676 3113 3732 enim
3141 3677 3407 3732 servitus
3440 3678 3553 3747 est,
3576 3674 3744 3729 altera
3768 3681 3868 3723 cor-

2250 3766 2437 3838 poris,
2489 3765 2838 3837 animarum,
2870 3766 3086 3822 altera:
3134 3766 3357 3821 domini
3407 3767 3605 3821 autem
3646 3756 3866 3830 corporis
3964 3758 3965 3771 ‘

2252 3856 2492 3927 quidem
2522 3855 2816 3926 homines,
2849 3855 3175 3910 animarum
3204 3858 3404 3910 autem
3436 3855 3667 3910 malitiae
3696 3853 3745 3906 et
3767 3859 3866 3918 pas-

2253 3945 2480 4016 siones,
2512 3961 2546 3999 a
2575 3944 2794 4017 quibus
2827 3944 2957 4000 sola
2984 3945 3162 4001 animi
3180 3945 3428 4001 libertas
3451 3936 3865 4016 sapientemvin-

2253 4034 2427 4105 dicat,
2461 4037 2526 4089 ut
2554 4035 2801 4090 servitio
2834 4035 2888 4089 ei
2916 4034 3091 4089 liceat
3129 4034 3314 4090 exire.

2323 4124 2414 4179 25.
2443 4123 2791 4190 Quaeramus
2821 4123 3004 4197 igitur
3030 4123 3197 4178 illum
3224 4139 3367 4179 vere
3398 4123 3731 4195 sapientem,
3757 4124 3861 4168 vere

2252 4214 2526 4283 liberum,
2558 4214 2658 4285 qui
2707 4214 2980 4285 quamvis
3021 4212 3134 4268 sub
3181 4212 3573 4284 plurimorum
3617 4204 3859 4265 dominatu

2254 4302 2450 4376 degat,
2483 4303 2668 4358 libere
2699 4302 2875 4358 dicit:
2913 4324 2935 4350 «ι
2969 4300 3116 4367 Quis
3151 4305 3263 4373 est,
3299 4302 3403 4374 qui
3434 4315 3657 4357 mecum
3681 4290 3858 4368 judicio

2255 4392 2568 4449 contendat
2587 4393 2615 4447 ?
2644 4392 2733 4446 Tu
2762 4392 2931 4447 solus
2961 4408 3199 4448 manum
3229 4394 3388 4448 tuam
3419 4408 3453 4447 a
3482 4406 3572 4446 me
3600 4385 3857 4449 abstine,a

2255 4481 2431 4554 cujus
2465 4488 2787 4550 conspectu
2819 4496 2939 4538 non
2966 4485 3173 4554 potero
3203 4497 3297 4537 me
3325 4478 3703 4543 abscondere,
3732 4473 3781 4527 et
3806 4466 3857 4521 ti-

2255 4588 2385 4628 mor
2411 4575 2549 4627 tuus
2580 4588 2698 4628 non
2726 4589 2820 4629 me
2849 4571 3132 4644 percellat
3161 4572 3315 4643 (Job.
3346 4588 3472 4641 vui,
3521 4564 3718 4633 19-21).

472 4660 789 4716 dicaretur.
822 4660 932 4726 Qui
962 4642 1109 4734 ergo
1142 4677 1259 4717 non
1293 4662 1501 4731 cessit,
1533 4662 1745 4717 volens
1777 4642 2139 4733 praedicavit.
2169 4642 2220 4703 θ
2324 4659 2393 4717 26
2424 4661 2607 4727 Quem
2637 4642 2881 4718 secutus
2913 4662 3097 4716 David
3127 4677 3236 4717 rex
3264 4662 3383 4718 ait:
3421 4683 3443 4708 σι
3479 4657 3606 4713 Tibi
3631 4651 3733 4710 soli
3758 4658 3852 4718 Ρθο·

473 4749 590 4803 Ubi
620 4750 917 4819 voluntas,
951 4750 1033 4805 ibi
1064 4766 1297 4805 merces
1325 4750 1646 4805 voluntatis
1673 4766 1686 4805 :
1739 4751 1841 4806 ubi
1870 4752 2143 4807 necessi-

472 4840 584 4907 tas,
620 4838 702 4892 ibi
751 4838 1107 4911 obsequium
1157 4840 1558 4895 necessitutis.
1602 4840 1811 4896 Melior
1849 4856 1994 4915 ergo
2042 4856 2145 4897 vo-

477 4925 675 4981 luntas
709 4943 883 4998 quam
915 4928 1270 4983 necessitas.
1307 4928 1470 4985 Velle
1509 4944 1654 5002 ergo
1703 4931 1989 5002 sapientis
2029 4934 2142 5002 est,

472 5030 684 5087 parere
714 5020 769 5071 et
810 5017 1038 5071 servire
1068 5017 1428 5088 insipientis.

544 5105 633 5159 22.
672 5105 818 5160 Haec
857 5106 1029 5159 etiam
1081 5109 1173 5160 est
1225 5107 1497 5178 Apostoli
1540 5108 1803 5164 deﬁnitio
1852 5108 2139 5164 dicentis:

479 5214 500 5241 α
537 5194 601 5249 Si
630 5195 787 5250 enim
817 5193 1028 5249 volens
1061 5194 1175 5249 hoc
1213 5212 1348 5268 ago,
1392 5197 1726 5251 mercedem
1770 5197 2039 5251 habebo:
2092 5196 2145 5249 si

474 5287 667 5340 autem
698 5284 943 5355 invitus,
978 5284 1349 5355 dispensatio
1380 5285 1523 5339 mihi
1554 5286 1773 5340 credita
1798 5290 1889 5340 est
1918 5285 1978 5353 (1
2006 5284 2142 5339 Cor.

472 5389 554 5445 ιχ,
598 5372 708 5446 17).
751 5373 1009 5444 Sapienti
1051 5374 1233 5445 igitur
1272 5389 1504 5428 merces
1545 5374 1840 5443 defeitur,
1902 5374 2143 5444 sapiens

471 5467 667 5519 autem
706 5478 781 5517 ex
811 5463 1111 5518 voluntate
1158 5462 1334 5517 facit:
1381 5463 1533 5517 liber
1575 5462 1770 5534 itaque
1818 5463 2145 5519 secundum

472 5552 823 5623 Apostolum
872 5553 1135 5623 sapiens.
1171 5552 1339 5606 Unde
1390 5554 1446 5605 et
1491 5552 1621 5623 ipse
1667 5551 1909 5608 clamat:
1963 5574 1984 5601 α
2022 5551 2144 5607 Vos

472 5642 631 5696 enim
658 5642 719 5697 in
751 5642 1084 5697 libertatem
1112 5640 1305 5696 vocati
1336 5640 1505 5711 estis,
1541 5643 1767 5698 tantum
1804 5658 1879 5698 ne
1906 5642 2145 5699 liberta-

470 5730 589 5790 tem
620 5731 682 5787 in
712 5731 1091 5801 occasionem
1121 5731 1322 5788 carnis
1355 5730 1508 5787 detis
1538 5730 1757 5809 (Galat.
1798 5749 1857 5807 v,
1885 5732 1997 5810 18).
2031 5731 2142 5789 Se-

2233 4751 2384 4806 'cavi
2421 4750 2607 4821 (Psal.
2638 4769 2692 4822 L,
2725 4751 2800 4821 6).
2839 4770 2862 4801 ι
2899 4750 3112 4824 Regali
3142 4751 3298 4806 enim
3329 4749 3616 4805 subnixus
3643 4733 3849 4824 fastigi?!

2254 4840 2429 4912 quasi
2462 4839 2659 4913 legum
2695 4839 3035 4895 dominibus
3064 4839 3303 4913 legibus
3327 4855 3465 4895 reus
3484 4852 3595 4893 non
3624 4832 3747 4898 erat,
3767 4818 3851 4877 801i

2256 4930 2379 4985 Deo
2410 4929 2707 4986 obnoxius
2734 4930 3066 5000 tenebatur,
3096 4929 3201 5001 qui
3230 4929 3504 4985 dominus
3531 4927 3617 4981 est
3640 4914 3848 4993 potesta-

2252 5022 2395 5075 tum.

2324 5108 2414 5163 2'7.
2448 5108 2647 5163 Alium
2674 5107 2809 5163 audi
2841 5107 3122 5163 liberum:
3162 5131 3184 5157 α
3218 5107 3360 5162 Mihi
3390 5108 3573 5161 autem
3600 5112 3695 5171 Ρνο
3719 5084 3846 5187 mffﬁ'

2259 5213 2357 5252 mo
2388 5200 2499 5267 est,
2533 5202 2595 5252 ut
2633 5214 2665 5252 a
2695 5197 2870 5253 vobis
2915 5196 3226 5268 dijudicer,
3265 5200 3363 5252 aut
3395 5195 3465 5250 ab
3499 5194 3723 5269 humano

2257 5287 2365 5341 sed
2403 5302 2597 5358 neque
2634 5303 2729 5341 me
2770 5287 2967 5357 ipsum
3008 5286 3269 5357 dijudico
3314 5302 3326 5341 :
3380 5283 3519 5341 nihil
3562 5276 3697 5334 enim
3736 5262 3840 5367 ξηίδ]

2255 5391 2389 5430 sum
2423 5377 2779 5431 conscius...
2814 5376 2915 5447 qui
2946 5377 3139 5430 autem
3180 5375 3459 5445 dijudicat
3490 5384 3592 5436 me,
3614 5362 3836 5450 Domni“?

2254 5469 2346 5519 est
2381 5464 2437 5534 (1
2464 5464 2599 5519 Cor.
2634 5482 2711 5534 ιν,
2745 5464 2798 5534 3,
2832 5465 2907 5535 4).
2947 5485 2967 5513 ι
3014 5464 3169 5518 Vera
3197 5463 3437 5518 libertas
3458 5451 3686 5515 hominis
3711 5453 3837 5539 Sili“:

2252 5552 2410 5623 talis,
2452 5553 2589 5625 quia
2628 5553 2912 5626 dijudicat
2954 5553 3179 5624 omnia,
3217 5553 3347 5625 ipse
3384 5552 3561 5606 autem
3594 5558 3622 5595 a
3651 5536 3830 5626 ιιθωξηθ

2255 5618 2615 5714 dijudicatur
2630 5618 2840 5714 (I'Cor.
2866 5661 2926 5715 ιι,
2955 5644 3070 5713 15),
3098 5618 3209 5699 nec
3238 5618 3273 5698 a
3301 5645 3625 5714 quocunque
3649 5618 3829 5715 ore“?

2251 5704 2337 5788 rae
2393 5704 2703 5806 participe,
2761 5733 2868 5790 sed
2912 5704 3201 5790 isolinDeo
3258 5704 3339 5789 se.
3375 5704 3643 5788 subditum
3683 5704 3822 5770 ηονίίο
