3978 6168
223 367 354 430 1141

1438 361 2052 428 EPISTOLARUM
2083 365 2423 432 CLASSIS
2454 367 2501 432 Ι.

3471 372 3630 440 1142

217 583 323 623 ruxn
352 562 699 634 constringe,
732 561 830 634 qui
856 578 972 617 non
1004 563 1475 636 appropinquant
1505 564 1629 619 tibi.
1665 564 1842 620 Multa
1871 546 1923 610 Ᾱ
1957 568 2136 637 empti
2168 569 2483 642 sanguinis
2514 570 2754 645 Christi,
2786 589 2904 630 non
2927 573 3324 647 subjiciamur
3353 575 3628 633 servituti

217 654 417 727 ﬂagella
445 655 808 722 peccatorum
840 651 1027 720 (Psal.
1063 669 1226 720 xxxx,
1250 653 1303 722 9,
1331 653 1439 723 10),
1479 675 1499 701 ο
1537 654 1673 724 quia
1704 654 1845 708 mul-

215 746 274 800 tis
301 742 534 814 ﬂagellis
567 757 714 810 opus
745 744 857 811 est,
890 745 952 795 ut
987 757 1190 796 eorum
1241 742 1629 812 imprudentia
1676 759 1842 799 coer-

213 837 402 888 ceatur.
436 830 752 900 Disciplina
785 830 899 884 hoc
930 831 1134 903 exigit,
1174 847 1289 886 non
1321 832 1714 886 inclementia.
1737 834 1842 888 De-

210 922 362 992 nique
408 942 428 965 κ
461 919 558 990 qui
605 920 792 988 parcit
833 919 1045 974 baculo
1093 936 1226 990 suo,
1278 921 1400 974 odit
1448 921 1631 975 lilium
1663 937 1838 976 suum

208 1011 387 1080 (Prov.
436 1025 554 1077 xxxx,
608 1008 737 1076 24);
772 1009 949 1062 simul
979 1009 1115 1080 quia
1147 1009 1560 1081 unusquisque
1592 1011 1836 1082 gravius

205 1099 315 1153 suis
359 1097 608 1168 peccatis
650 1097 1000 1168 flagellatur.
1050 1098 1261 1152 Gravia
1303 1099 1459 1152 enim
1489 1099 1837 1154 delictorum

204 1187 453 1258 pondera,
486 1187 692 1258 gravia
721 1187 1033 1240 criminum
1063 1188 1333 1256 verbera,
1361 1189 1516 1242 sicut
1537 1204 1688 1244 onus
1711 1205 1840 1261 gra-

201 1280 386 1330 vantur
410 1291 609 1347 grave,
647 1279 702 1330 et
731 1275 1005 1347 inﬂigunt
1033 1277 1244 1330 animm
1277 1276 1607 1347 cicatrices,
1639 1282 1695 1332 et
1724 1295 1836 1349 pu-

198 1369 428 1420 trescere
461 1364 681 1419 faciunt
712 1364 925 1420 mentis
958 1366 1155 1420 ulcera
1185 1365 1374 1436 (Psal.
1411 1383 1636 1437 xxxvxx,
1669 1368 1722 1438 5,
1755 1368 1832 1438 6).

254 1454 332 1508 42.
367 1453 735 1524 Deponamus
766 1455 947 1526 igitur
976 1458 1090 1508 tam
1123 1471 1363 1526 gravem
1386 1455 1691 1511 servitutis
1717 1473 1837 1512 sar-

196 1545 382 1611 cinam,
412 1543 818 1597 renuntiamus
849 1543 1099 1598 luxuriae
1129 1560 1196 1598 ac
1243 1544 1493 1614 deliciis,
1544 1561 1677 1616 qua:
1723 1563 1834 1602 nos

195 1631 522 1704 quibusdam
538 1632 880 1702 astringunt
901 1633 1154 1687 nexibus
1178 1633 1579 1705 cupiditatum,
1614 1637 1671 1689 et
1701 1636 1834 1690 vin-

194 1721 324 1776 culis
366 1721 567 1792 ligant.
622 1721 784 1775 Nihtl
830 1721 985 1776 enim
1032 1725 1282 1793 prosunt
1310 1723 1538 1778 deliciae
1569 1725 1747 1779 stulto
1780 1727 1837 1780 et

189 1811 498 1882 quicunque
529 1825 563 1864 a
594 1810 843 1880 pueritia
890 1810 1118 1866 dederit
1164 1828 1232 1866 se
1281 1812 1534 1881 deliciis,
1577 1814 1836 1868 manebit

1957 655 2259 713 hominum
2291 661 2381 714 vel
2415 662 2781 730 passionum.
2808 665 2940 720 Non
2962 666 3388 722 erubescamus
3419 683 3629 737 pecca-

1955 749 2075 800 tum
2107 750 2374 803 nostrum
2405 749 2592 805 fateri.
2629 753 2773 807 Vide
2820 770 2996 824 quam
3038 755 3209 820 liber,
3263 757 3361 827 qui
3397 758 3627 827 poterat

1957 835 2154 890 dicere
2189 855 2200 891 :
2242 858 2263 888 α
2299 839 2431 893 Νοη
2461 843 2754 897 reveritus
2785 860 2914 898 sum
2955 845 3383 901 multitudinem
3427 846 3630 916 populi

1956 928 2019 978 ut
2046 942 2162 980 non
2185 929 2590 984 annuntiat-em
2610 931 2668 985 in
2693 937 3016 1004 conspectu
3039 935 3298 989 omnium
3320 939 3629 1006 peccatum

1957 1030 2150 1069 meum
2181 1016 2325 1085 (Job.
2359 1035 2528 1087 xxxx,
2558 1020 2670 1089 34).
2710 1045 2732 1069 ι»
2766 1021 2874 1086 Qui
2906 1024 3061 1077 enim
3095 1025 3405 1079 confitetur
3438 1025 3632 1079 Domi-

1955 1119 2051 1171 no,
2103 1107 2338 1160 exuitur
2379 1124 2412 1161 a
2457 1110 2760 1165 servitute.
2819 1135 2840 1159 ιι
2875 1113 3084 1167 Justus
3124 1114 3279 1168 enim
3309 1116 3623 1169 accusator

1955 1195 2046 1246 est
2063 1194 2155 1248 sui
2179 1194 2238 1248 in
2259 1197 2546 1268 principio
2571 1201 2866 1255 sermonis
2888 1202 3094 1272 (Prov.
3121 1220 3282 1271 xvxxx,
3309 1203 3417 1271 17),
3439 1225 3462 1251 η
3487 1203 3622 1258 Non

1954 1281 2146 1336 solum
2173 1283 2343 1354 liber,
2380 1287 2484 1341 sed
2517 1290 2687 1342 etiam
2717 1289 2940 1361 justus,
2975 1292 3080 1345 sed
3109 1291 3338 1363 justitia
3369 1292 3429 1345 in
3450 1292 3624 1347 liber-

1952 1372 2068 1425 tate
2099 1375 2210 1442 est,
2243 1377 2299 1429 et
2329 1373 2571 1430 libertas
2605 1377 2662 1432 in
2694 1379 3074 1435 confessione
3100 1396 3114 1450 ;
3158 1381 3332 1435 simul
3363 1380 3520 1435 enim
3551 1397 3621 1435 ac

1953 1460 2271 1516 confessus
2320 1465 2454 1534 quis
2502 1465 2695 1536 fuerit,
2745 1468 3092 1524 absolvitur.
3127 1469 3392 1541 Denique
3426 1491 3448 1517 «ι
3486 1469 3622 1524 Dixi

1949 1552 2339 1618 pronuntiabo
2377 1553 2694 1610 adversum
2747 1573 2837 1611 xxxe
2887 1557 3239 1628 injustitiam
3285 1574 3472 1612 meam
3505 1558 3619 1614 Do-

1948 1639 2126 1708 mino,
2163 1644 2220 1694 et
2250 1643 2309 1695 tu
2341 1643 2626 1698 remisisti
2657 1645 3012 1716 impietatem
3047 1647 3245 1701 cordis
3280 1647 3392 1702 mei
3423 1647 3616 1716 (Psal.

1949 1744 2112 1798 xxxx,
2173 1730 2248 1799 5,).
2287 1751 2308 1779 ιο
2363 1731 2525 1786 Mora
2570 1748 2714 1805 ergo
2755 1735 3150 1790 absolutionis
3183 1736 3242 1790 in
3284 1737 3618 1792 conﬁtendo

1947 1819 2058 1886 est,
2109 1818 2552 1874 confessionem
2602 1823 2874 1893 sequitur
2909 1827 3287 1894 peccatorum
3315 1823 3616 1880 remissio.

185 1901 236 1954 in
263 1901 534 1954 servitute
569 1903 632 1954 ut
661 1899 871 1954 vivens
903 1904 1172 1956 mortuus
1208 1901 1304 1955 sit.
1343 1902 1661 1957 Recidatur
1688 1919 1832 1975 ergo
1866 1925 1920 1988 Β
1946 1904 2196 1976 Sapiens
2228 1911 2319 1962 est
2351 1910 2548 1981 igitur,
2582 1911 2682 1982 qui
2716 1913 3064 1982 confitetur;
3098 1913 3267 1982 liber,
3295 1913 3619 1984 cuipecca-

185 1989 449 2056 luxuries,
483 1988 716 2043 delicia)
747 1992 1136 2044 recensentur
1162 1991 1314 2059 (42);
1365 1994 1422 2045 et
1469 1991 1524 2044 si
1557 1992 1693 2063 quis
1727 1991 1834 2047 fuit

183 2078 527 2146 luxuriosus,
578 2077 870 2132 valedicat
918 2079 1350 2148 superioribus.
1402 2079 1618 2134 Recisa
1675 2081 1833 2136 enim

183 2167 335 2221 vinea
363 2166 620 2222 fructum
648 2166 836 2235 all‘ert,
869 2168 1218 2238 semiputata
1252 2167 1598 2238 frondescit,
1630 2169 1834 2241 negle-

182 2258 260 2310 cta
303 2255 579 2312 luxuriat.
626 2256 882 2327 Ideoque
931 2257 1218 2327 scriptum
1261 2260 1354 2313 est
1404 2273 1416 2311 :
1473 2258 1834 2329 «Tanquam

179 2346 518 2417 agricultura
573 2345 749 2400 homo
799 2346 1177 2416 imprudens,
1235 2350 1292 2400 et
1340 2349 1616 2418 tanquam
1661 2347 1833 2402 vinea

179 2433 336 2490 homo
383 2450 576 2508 egens
625 2450 858 2490 sensu:
910 2435 962 2489 si
1007 2435 1324 2506 reliqueris
1367 2451 1521 2504 eum,
1557 2435 1832 2491 desertus

177 2524 274 2578 erit
313 2524 519 2593 (Prov.
568 2540 733 2594 xxxv,
786 2523 874 2592 30,
925 2524 1037 2594 31).
1074 2547 1096 2573 ι»
1133 2524 1408 2580 Colamus
1439 2540 1583 2596 ergo
1616 2541 1832 2596 corpus

177 2612 276 2667 hoc
305 2617 599 2683 nostrum,
635 2614 1001 2682 castigemus
1031 2613 1194 2683 illud,
1237 2615 1579 2686 redigamus
1610 2615 1670 2668 in
1701 2630 1834 2670 ser-

172 2702 416 2773 vitutem,
451 2719 576 2758 non
606 2703 751 2757 illud
783 2703 1206 2773 despiciamus.

229 2789 312 2847 43.
343 2792 489 2847 Sunt
518 2793 681 2848 enim
713 2793 976 2847 membra
1009 2796 1213 2848 nostra
1236 2809 1397 2847 arma
1416 2792 1666 2865 justitize
1694 2791 1828 2862 (43),
1873 2821 1877 2826 -

171 2883 295 2935 sunt
321 2884 376 2936 et
403 2897 572 2935 arma
612 2881 858 2952 peccati.
904 2881 965 2935 Si
1015 2881 1339 2950 elevantur,
1389 2897 1549 2936 arma
1579 2881 1830 2953 justitiaa

169 2973 312 3040 sunt,
347 2974 408 3025 ut
435 2975 750 3042 peccatum
782 2970 842 3023 in
887 2969 982 3024 his
1026 2986 1144 3025 non
1186 2971 1551 3041 dominetur;
1585 2971 1637 3024 si
1668 2987 1830 3026 mor-

168 3061 314 3113 tuum
343 3059 523 3115 fuerit
555 3075 776 3130 corpus
808 3062 1078 3114 nostrum
1121 3059 1234 3130 (44)
1287 3063 1550 3130 peccato,
1593 3076 1708 3114 non
1739 3076 1830 3115 re-

166 3149 355 3218 gnabit
381 3151 442 3204 in
473 3165 549 3205 eo
585 3149 776 3219 culpa,
810 3152 867 3204 et
895 3152 1066 3204 erunt
1098 3149 1360 3203 membra
1398 3152 1599 3204 nostra
1630 3166 1663 3203 a
1693 3165 1829 3220 pec-

1944 1997 2066 2048 tum
2096 1996 2410 2051 dimissum
2437 2001 2546 2067 est,
2577 2001 2736 2054 nulla
2765 2000 2888 2070 jam
2921 2003 3279 2057 contrahens
3323 2018 3441 2056 aera
3481 2019 3618 2074 pec-

1945 2084 2248 2155 cati.Vale,
2271 2089 2328 2140 et
2349 2103 2459 2141 nos
2483 2087 2682 2160 dilige,
2710 2091 2772 2142 ut
2789 2089 2938 2144 facis
2961 2091 3097 2162 quia
3117 2095 3175 2146 et
3195 2106 3306 2163 ego
3329 2092 3385 2146 te
3408 2091 3613 2165 diligo.

2364 2211 2728 2267 EPISTOLA
2750 2215 3044 2268 xxxvnx
3067 2215 3201 2285 (46).

1947 2316 2289 2392 Sapientem
2322 2333 2456 2392 esse
2475 2318 2542 2392 di
2552 2319 2956 2392 vitemtneque
2975 2322 3073 2375 hic
3097 2321 3272 2376 ullum
3293 2337 3499 2377 sexum
3519 2338 3616 2377 cx-

2017 2389 2136 2459 cipi
2178 2403 2247 2473 se
2273 2389 2584 2473 didicisse
2617 2389 2918 2473 eanetri
2955 2392 3423 2473 epistola,_cujus
3452 2394 3615 2449 locus

2018 2458 2379 2534 enucleatur.
2402 2460 2617 2534 Pacem
2640 2461 2902 2534 aliasque
2931 2458 3184 2518 virtutes
3204 2458 3432 2520 divites
3454 2481 3609 2532 esse,

2015 2531 2079 2585 di
2090 2531 2380 2606 vitamque
2411 2532 2612 2585 ordini
2639 2531 2845 2606 Enoch
2885 2541 3057 2606 atque
3091 2535 3288 2590 Eliam
3329 2531 3612 2592 annume-F

2014 2602 2254 2657 randos.
2285 2602 2438 2657 Post
2475 2619 2598 2674 qum
2645 2605 2854 2659 Achab
2905 2602 2974 2660 ρι’
3005 2606 3287 2662 Nabuthe
3334 2608 3499 2662 inter
3545 2623 3614 2666 se

2013 2675 2390 2745 comparatis,
2417 2675 2782 2746 prepositum
2807 2676 3116 2748 problema
3146 2677 3554 2735 conﬁrmatur.

2233 2799 2575 2854 Annnosxus
2614 2798 2991 2856 qurnxcxxxvo
3031 2801 3303 2858 salutem.

2013 2905 2063 2960 1.
2090 2905 2446 2960 Videbamur
2467 2906 2733 2976 proxime
2757 2907 2815 2962 in
2837 2908 3302 2979 disceptationes
3325 2909 3613 2965 incidisse

1940 2993 2355 3064 philos0phiae,
2388 3010 2519 3048 cum
2539 2995 2610 3049 de
2632 2997 2884 3066 apostoli
2904 2997 3068 3052 Pauli
3092 2999 3342 3068 epistola
3365 3015 3613 3054 sumen-

1939 3087 2029 3137 tes
2053 3083 2380 3150 exordium,
2410 3085 2796 3139 tractaremus
2835 3087 2994 3155 quod
3030 3086 3222 3140 omnis
3254 3087 3497 3157 sapiens
3537 3088 3612 3142 li-

1939 3171 2294 3227 ber.Verum
2324 3175 2550 3242 postea,
2585 3188 2718 3227 cum
2750 3173 3174 3244 Petriapostoli
3199 3175 3511 3246 epistolam
3530 3177 3612 3231 le-

166 3240 282 3291 cato
323 3238 532 3294 libera.
591 3239 726 3293 Non
774 3239 1121 3294 obediamus
1170 3238 1352 3310 igitur
1410 3238 1829 3308 cupiditatibus

1997 3276 2144 3314 arem
2172 3260 2396 3315 adverti
2430 3261 2586 3332 quod
2617 3261 2810 3316 omnis
2834 3263 3075 3332 sapiens
3107 3264 3283 3317 etiam
3307 3263 3477 3318 dives
3500 3280 3612 3319 nec

164 3325 306 3397 ejus,
338 3343 540 3400 neque
576 3328 966 3383 exhibeamus
997 3327 1257 3382 membra
1288 3329 1490 3382 nostra
1523 3343 1684 3381 arma
1713 3327 1818 3381 ini-

163 3416 387 3486 quitatis
417 3420 692 3489 peccato.
723 3417 782 3473 Si
814 3417 1036 3472 videris
1069 3416 1375 3471 mulierem
1424 3415 1497 3470 ad
1542 3416 1826 3487 concupi-

160 3507 434 3562 scendum
465 3521 622 3575 eam,
656 3505 917 3560 membra
964 3508 1061 3559 tua
1111 3520 1273 3559 arma
1316 3505 1542 3574 peccati
1573 3508 1731 3559 sunt.
1765 3504 1829 3560 Si

157 3592 378 3650 locutus
409 3612 479 3650 es
513 3595 588 3650 ad
623 3594 1056 3649 sollicitandam
1105 3609 1254 3662 eam,
1305 3593 1511 3664 lingua
1541 3596 1637 3648 tua
1669 3597 1726 3648 et
1754 3610 1825 3649 os

155 3685 305 3738 tuum
337 3685 611 3740 membra
640 3683 865 3754 peccati
895 3686 1054 3738 sunt.
1089 3682 1150 3738 Si
1190 3682 1489 3737 abstulisti
1537 3683 1823 3738 terminos

154 3786 182 3823 a
208 3774 472 3842 patribus
503 3774 760 3845 positos,
794 3772 1056 3826 membra
1084 3777 1182 3827 tua
1211 3788 1370 3826 arma
1403 3773 1630 3842 peccati
1662 3774 1820 3827 sunt.

155 3860 209 3915 Si
237 3863 539 3918 festinasti
573 3862 976 3918 velocioribus
1007 3862 1260 3932 pedibus
1292 3861 1365 3915 ad
1406 3859 1825 3916 effundendum

155 3951 555 4009 innocentium
586 3953 962 4025 sanguinem,
994 3951 1258 4006 membra
1285 3953 1383 4006 tua
1412 3965 1572 4004 arma
1603 3949 1823 4022 iniqui-

151 4041 276 4097 tatis
306 4047 471 4100 sunt.

215 4131 300 4186 44.
335 4132 583 4202 Contra,
617 4131 668 4185 si
701 4130 901 4185 vidisti
924 4145 1198 4202 egenum,
1231 4132 1288 4184 et
1317 4129 1605 4184 induxisti
1635 4129 1695 4184 in
1727 4131 1826 4184 do-

151 4235 298 4276 mum
333 4225 520 4292 tuam,
554 4221 817 4276 membra
851 4224 946 4275 tua
975 4236 1134 4274 arma
1161 4219 1410 4290 justitiae
1442 4223 1598 4274 sunt.
1633 4219 1692 4274 Si
1719 4220 1826 4275 eri-

151 4312 321 4379 puisti
353 4312 640 4384 injuriam
671 4311 1078 4381 accipiexxtem,
1102 4309 1195 4363 vel
1221 4325 1354 4364 eum
1375 4310 1477 4380 qui
1498 4309 1825 4364 ducebatur

147 4399 214 4454 ad
261 4405 540 4469 mortem,
595 4403 648 4456 si
694 4399 928 4454 scidisti
973 4398 1436 4470 chirographum
1492 4398 1820 4468 debitoris,

149 4490 408 4545 membra
452 4495 558 4546 tua
607 4506 768 4544 arma
808 4488 1061 4560 justitiae
1109 4490 1268 4542 sunt.
1299 4486 1360 4542 Si
1393 4487 1714 4543 confessus
1755 4503 1822 4543 es

148 4576 447 4634 Christum
499 4579 681 4652 [arma
732 4580 890 4633 enim
939 4577 1272 4632 intellectus
1317 4576 1525 4646 (Prov.
1576 4594 1698 4646 xxv,
1741 4578 1818 4645 Ἴ),

146 4665 292 4722 labia
342 4639 661 4740 sapientiae
705 4666 862 4739 (45),]
919 4667 1070 4721 labia
1117 4669 1214 4720 tua
1266 4639 1526 4721 membra
1571 4639 1820 4738 justitiae
1853 4639 1911 4706 D

146 4761 297 4812 sunt.
329 4759 448 4824 Qui
480 4761 676 4829 potest
707 4757 902 4811 dicere
936 4773 946 4810 :
1006 4779 1027 4802 «
1063 4755 1282 4809 Oculus
1312 4771 1472 4810 eram
1504 4770 1818 4826 caecorum,

143 4861 245 4915 pes
276 4848 655 4916 claudorum,
707 4849 872 4918 pater
917 4844 1282 4899 infirmorum.
1329 4844 1484 4913 (Job.
1532 4862 1695 4916 xxxx,
1731 4846 1817 4917 15,

143 4933 249 5006 16),
288 4960 311 4985 ιι
347 4937 619 4992 membra
651 4935 786 5008 ejus
820 4934 1080 4989 membra
1105 4932 1352 5004 justitiae
1385 4937 1542 4989 sunt.

217 5025 360 5090 941
417 5025 516 5082 45.
569 5025 728 5098 Ergo
768 5024 1001 5080 liberati
1031 5040 1063 5077 a
1103 5026 1364 5094 peccato,
1410 5023 1581 5095 quasi
1630 5025 1819 5095 pretio

203 5230 320 5300 (42)
349 5231 563 5286 Codex
593 5231 802 5302 Boyer.
839 5231 1026 5285 solus.
1067 5253 1088 5279 α
1124 5229 1344 5284 divitiae
1385 5233 1754 5286 resecentur.
1791 5253 1812 5277 ιι

204 5310 319 5378 (43)
373 5311 655 5366 Forsitan
701 5327 820 5365 non
868 5311 1161 5382 ingratum
1209 5310 1407 5378 fuerit,
1457 5310 1510 5364 si
1553 5327 1687 5380 quas
1719 5326 1820 5365 se-

133 5386 401 5449 quuntur
435 5399 630 5452 nsque
661 5383 730 5436 ad
766 5398 1074 5436 numerum
1106 5382 1392 5448 ultimum,
1429 5383 1702 5436 conferre
1746 5382 1820 5435 li-

137 5452 330 5508 buerit
362 5470 506 5508 cum
537 5456 631 5518 iis,
665 5470 798 5524 quae
828 5454 886 5506 in
909 5453 1011 5507 lib.
1039 5470 1054 5506 x
1079 5453 1152 5507 (.le
1174 5453 1354 5508 Jacob
1377 5460 1436 5507 et
1472 5453 1597 5506 Vita
1620 5453 1816 5522 beata,

135 5538 260 5592 cap.
295 5525 353 5593 3,
388 5541 556 5580 num.
597 5527 680 5591 l0,
715 5526 1114 5579 disseruntur.

202 5605 323 5673 (44)
357 5605 445 5657 lta
484 5605 608 5659 cod.
648 5606 858 5676 Boyer.
893 5605 1090 5659 caeteri
1131 5619 1290 5666 vero,
1334 5607 1390 5658 et
1437 5620 1644 5659 omnes
1678 5604 1816 5658 edit.

133 5678 672 5748 praetermiserunt,
698 5693 910 5748 corpus
931 5683 1214 5731 nostrum.
1241 5676 1583 5748 Haudbono
1608 5691 1814 5748 sensu.

203 5745 323 5815 (45)
375 5749 550 5802 Rom.
606 5749 743 5803 edit.
794 5745 850 5803 et
892 5748 1066 5817 pauci
1117 5761 1285 5815 mss.,
1337 5746 1496 5802 labia
1528 5747 1821 5817 sapientis

128 5821 244 5871 vet.
279 5821 342 5874 et
365 5833 522 5874 mss.
546 5821 726 5876 multo
750 5820 971 5891 plures,
999 5817 1154 5874 labia
1178 5818 1487 5890 sapientiae
1506 5837 1523 5883 ;
1559 5818 1812 5874 fortasse

1940 3364 2150 3403 sexum
2182 3349 2498 3420 exceperit,
2533 3350 2634 3420 qui
2666 3350 2915 3405 feminas
2945 3353 3214 3406 ornatum
3237 3367 3471 3407 omnem
3492 3369 3613 3410 non

1939 3437 1997 3492 in
2044 3437 2324 3508 pretiosis
2371 3438 2715 3509 monilibus,
2749 3439 2857 3494 sed
2889 3440 2946 3495 in
2976 3440 3152 3495 bonis
3185 3440 3451 3497 moribus
3502 3442 3611 3496 ha-

1938 3525 2080 3581 bere
2113 3527 2462 3598 scripserit;
2514 3549 2535 3573 α
2572 3528 2707 3584 Non
2753 3529 2930 3600 enim,
2981 3529 3190 3601 inquit,
3231 3531 3608 3586 extrinsecus

1937 3615 2282 3684 capillorum
2313 3615 2652 3686 implicatio,
2699 3621 2799 3672 aut
2837 3619 2962 3672 auri
3009 3619 3475 3690 circumpositio,
3507 3622 3608 3674 aut

1936 3703 2174 3757 habitus
2207 3704 2694 3760 vestimentorum
2723 3711 3152 3776 ornamentum,
3197 3708 3305 3763 sed
3337 3708 3434 3762 ille
3463 3708 3608 3764 abs-

1937 3793 2210 3848 conditus
2245 3793 2442 3849 cordis
2476 3794 2651 3849 homo
2684 3794 2798 3867 (47)
2829 3796 2886 3866 (I
2907 3797 3080 3852 Petr.
3114 3815 3194 3866 xxx,
3229 3795 3281 3866 3,
3309 3796 3386 3867 4).
3424 3821 3445 3844 »

2005 3884 2057 3938 2.
2095 3884 2218 3938 Duo
2251 3886 2390 3938 sunt
2422 3883 2603 3955 igitur
2633 3887 2689 3939 et
2720 3900 2858 3940 esse
2894 3885 3193 3941 hominem
3237 3885 3297 3941 in
3347 3886 3606 3957 homine,

1934 3975 1991 4027 et
2019 3973 2181 4026 illum
2215 3988 2352 4027 esse
2385 3972 2643 4043 divitem,
2677 3974 2778 4045 qui
2808 3975 2922 4030 sibi
2948 3975 3240 4030 nullarum
3272 3975 3609 4030 divitiarum

1935 4077 2111 4116 usum
2155 4062 2435 4132 requirat.
2489 4062 2744 4118 Pulchre
2810 4066 3003 4118 autem
3061 4064 3259 4119 cordis
3309 4064 3606 4119 hominem

1936 4151 2101 4221 dixit,
2135 4167 2204 4207 eo
2237 4151 2394 4222 quod
2425 4154 2584 4208 totus
2616 4151 2922 4223 sapientiw
2956 4155 3032 4208 sit
3059 4153 3467 4222 absconditus,
3520 4153 3607 4207 si-

1934 4243 2032 4294 cut
2060 4241 2190 4310 ipsa
2221 4241 2528 4311 sapientia,
2564 4259 2697 4313 qua:
2729 4258 2847 4297 non
2879 4242 3128 4312 videtur,
3166 4243 3274 4297 sed
3323 4241 3605 4313 intelligi-

1933 4332 2046 4383 tur.
2082 4329 2270 4384 Nemo
2301 4333 2432 4384 ante
2464 4330 2702 4386 Petrum
2738 4331 2837 4384 tali
2870 4332 3259 4401 expressione
3309 4346 3458 4384 usus
3491 4333 3603 4398 est,

1934 4421 1996 4472 ut
2045 4417 2269 4473 diceret
2319 4419 2518 4474 cordis
2569 4419 2868 4474 hominem
2918 4419 3177 4474 exterior
3223 4419 3378 4472 enim
3427 4417 3603 4472 homo

1933 4507 2184 4577 plurima
2216 4508 2275 4561 in
2307 4524 2373 4562 se
2407 4508 2668 4562 membra
2698 4507 2875 4562 habet
2907 4524 2917 4562 :
2967 4507 3209 4560 interior
3243 4508 3434 4560 autem
3468 4522 3604 4561 cor-

1936 4597 2028 4650 dis
2059 4597 2234 4652 homo
2268 4600 2426 4651 totus
2457 4597 2670 4667 plenus
2701 4597 2931 4668 gratiae,
2965 4595 3177 4665 plenus
3209 4595 3466 4650 decoris.

2004 4686 2057 4740 3.
2097 4709 2116 4732 «
2157 4687 2220 4740 ln
2253 4685 2716 4756 incorruptione,
2765 4685 2974 4755 inquit,
3025 4683 3207 4754 quieti
3247 4687 3303 4738 et
3350 4685 3604 4740 modesti

1937 4775 2205 4845 spiritus,
2247 4774 2356 4844 qui
2404 4778 2494 4828 est
2545 4777 2677 4828 ante
2723 4773 2908 4828 Deum
2951 4772 3121 4827 dives
3153 4772 3330 4843 (Ibid.
3369 4773 3444 4842 4).
3473 4797 3494 4821 ιι
3534 4773 3606 4829 Et

1935 4879 2074 4918 vere
2097 4863 2288 4932 dives,
2313 4863 2414 4933 qui
2437 4863 2495 4916 in
2518 4864 2841 4934 conspectu
2865 4863 2970 4916 Dei
2991 4865 3184 4933 potest
3201 4862 3368 4918 dives
3390 4862 3602 4933 videri,

1934 4953 1994 5006 in
2027 4951 2202 5022 cujus
2233 4955 2557 5022 conspectu
2591 4955 2744 5006 terra
2776 4952 3011 5024 exigua,
3049 4952 3306 5008 mundus
3336 4952 3466 5023 ipse
3495 4969 3603 5009 an-

1938 5045 2154 5115 gustus
2185 5043 2276 5096 est
2306 5056 2317 5095 :
2355 5041 2462 5096 sed
2503 5041 2698 5096 solum
2745 5040 2909 5096 illum
2957 5042 3116 5097 Deus
3146 5042 3386 5097 divitem
3417 5043 3601 5113 novit,

1937 5231 2262 5302 sapientia;
2311 5246 2446 5286 nam
2489 5229 2737 5286 Graecus
2787 5229 2964 5286 habet
3007 5231 3138 5293 ὅπλα
3200 5237 3248 5292 δὲ
3311 5237 3603 5300 αὶσοὴσεως-

1933 5316 2239 5394 nauseam.

2006 5391 2117 5458 (46)
2150 5389 2378 5460 Scripta
2410 5391 2566 5444 circa
2595 5407 2730 5445 ann.
2755 5389 2879 5446 387.

2005 5456 2119 5529 (47)
2164 5463 2242 5514 lla
2287 5456 2436 5516 mss.
2491 5466 2547 5516 et
2595 5463 2756 5526 edit.,
2796 5462 2910 5516 nisi
2943 5463 3098 5533 quod
3137 5463 3302 5514 Rom.
3337 5456 3598 5533 praefert,

1938 5554 1960 5583 ι
1997 5534 2256 5598 Quorum
2305 5549 2421 5588 non
2457 5535 2553 5602 sit,
2593 5534 2798 5603 inquit,
2839 5554 2860 5583 ι
2897 5530 3030 5595 etc.,
3067 5547 3176 5603 ms.
3213 5545 3352 5603 vero
3387 5530 3598 5603 Doyer.

1933 5606 2116 5681 totum
2147 5605 2341 5658 locum
2502 5600 2702 5681 verbis
2728 5600 2920 5681 reddit
2955 5620 2967 5657 :
3007 5624 3027 5651 ι
3066 5602 3216 5681 Non,
3252 5600 3458 5680 inquit,
3492 5613 3603 5681 ex.-

1933 5677 2229 5730 trinsecus
2280 5676 2625 5746 capillorum
2659 5675 2969 5746 intricatio,
3004 5675 3101 5725 aut
3142 5675 3270 5722 auri
3315 5675 3605 5746 composi-

1935 5748 2034 5814 tio,
2086 5751 2184 5801 aut
2224 5744 2712 5802 vestimentorum
2747 5745 2985 5800 habitus
3030 5745 3440 5814 ornamentum
3485 5744 3599 5813 est,

1933 5813 2059 5887 sed,
2093 5819 2340 5874 interior
2367 5816 2759 5874 absconditus
2798 5815 2998 5873 cordis
3029 5813 3229 5868 homo.
3271 5837 3292 5860 ιι
