3978 6168
80 344 217 417 1⁸145

1218 348 1821 416 EPISTOLARUM
1854 349 2189 415 CLASSIS
2227 350 2274 413 Ι.

3323 348 3484 415 1146

143 554 215 609 10.
252 551 399 607 Nihil
430 552 606 625 igitur
632 549 845 607 affectu
876 552 1162 623 sapientis
1195 551 1395 621 ditius,
1431 551 1580 606 nihil
1602 551 1697 606 in-
1724 567 1777 631 Α
1818 552 1936 606 sibi
1977 552 2362 622 superstitem
2405 551 2861 624 derelinqueret,
2909 553 3211 623 parentem
3258 552 3485 623 nepoti-

92 643 315 717 sipientis
337 642 631 713 'egentius.
666 641 815 695 Nam
848 657 981 695 cum
1023 656 1275 713 regnum
1327 642 1431 697 Dei
1478 658 1702 714 paupe-

93 751 194 791 rum
217 734 281 787 sit
309 730 543 799 (Matth.
594 747 651 800 v,
697 729 778 800 3),
825 731 967 802 quid
1014 746 1153 785 esse
1199 731 1553 801 locupletius
1598 748 1702 802 po-

91 823 213 879 test?
252 820 315 873 Et
360 819 488 873 ideo
538 819 821 888 praeclare
867 819 1191 889 Apostolus
1246 836 1257 874 :
1298 843 1319 867 «
1354 820 1399 874 Ο
1434 820 1699 890 altitudo,

85 910 254 981 inquit,
284 909 610 962 divitiarum
640 907 946 978 sapientiae
980 912 1036 963 et
1066 910 1333 963 scientiae
1366 910 1470 964 Dei
1503 911 1697 979 (Rom.

84 1018 147 1069 χι,
174 996 258 1052 33!
292 1017 313 1048 ι
346 996 635 1051 Praeclare
667 997 840 1052 etiam
871 997 1079 1052 David.
1110 998 1212 1069 qui
1238 999 1298 1053 in
1323 999 1414 1052 via
1438 1000 1703 1054 testimo-

82 1089 277 1143 niorum
304 1085 649 1155 caelestium,
703 1087 876 1156 quasi
903 1087 964 1141 in
993 1087 1270 1142 omnibus
1302 1088 1545 1157 divitiis,
1594 1089 1700 1142 de-

82 1175 362 1231 lectabatur
387 1173 579 1243 (Psal.
617 1190 818 1245 cxvm,
853 1175 963 1247 l4).
989 1175 1294 1247 Expressa
1316 1176 1576 1247 Moyses,
1602 1176 1704 1247 qui

84 1265 198 1319 ait:
245 1285 265 1314 ι
322 1263 657 1333 Nephtalim
718 1265 960 1321 satietas
1025 1265 1438 1335 accipientium
1501 1265 1700 1333 (Deut.

83 1370 255 1420 χχχιιι,
300 1352 407 1419 23).
443 1375 466 1400 η
520 1352 881 1423 Nephtalim,
929 1353 1285 1409 abundantia
1333 1354 1703 1427 significatur

84 1442 249 1495 Latina
278 1440 773 1511 interpretatione,
808 1443 902 1496 vel
936 1442 1195 1497 dilatatio
1240 1441 1373 1512 (56).
1422 1443 1510 1497 Ibi
1558 1457 1703 1514 ergo

82 1529 387 1583 abundantia
416 1530 518 1584 ubi
550 1531 829 1601 satietas;
863 1531 964 1586 ubi
994 1535 1189 1587 autem
1232 1532 1421 1586 fames
1473 1531 1704 1602 cupidi-

84 1622 246 1688 tatum,
276 1618 368 1672 ubi
399 1618 766 1690 inexplibilis
795 1621 1144 1691 appetentis,
1180 1620 1263 1675 ibi
1309 1621 1510 1693 utique
1558 1636 1705 1691 pau-

83 1710 265 1778 pertas.
295 1706 404 1762 Sed
435 1708 574 1778 quia
607 1708 707 1762 vix
737 1709 854 1763 ulla
886 1710 970 1764 rei
999 1709 1358 1780 pecuniaria)
1380 1710 1473 1765 vel
1499 1709 1708 1764 mundi

85 1795 231 1866 hujus
259 1796 541 1866 cupiditas
576 1798 907 1853 satietatem
934 1798 1130 1869 habet,
1163 1799 1295 1855 ideo
1317 1799 1539 1854 addidit
1554 1799 1667 1869 (5'7)
1690 1814 1702 1853 :

88 1907 105 1930 ο
133 1883 191 1937 Et
215 1883 524 1954 replebitur
552 1886 968 1942 benedictione
1001 1887 1206 1958 (Ibid).
1244 1912 1265 1936 »

137 1971 207 2027 11.
251 1973 581 2029 Secundum
629 1975 761 2030 haec
814 1976 1024 2031 Petrus
1076 1977 1384 2048 apostolus
1443 1975 1708 2032 deﬁnivit

87 2077 177 2116 non
202 2061 255 2116 in
280 2078 416 2118 auro
447 2066 504 2119 et
543 2068 796 2137 argento
846 2069 903 2120 et
947 2067 1307 2121 indumentis
1358 2066 1708 2120 feminarum

86 2165 195 2205 esse
236 2156 655 2224 ornamentum,
704 2154 812 2208 sed
859 2154 920 2209 in
968 2155 1198 2210 occulto
1238 2155 1437 2210 cordis
1469 2155 1707 2210 homine

83 2241 220 2310 atque
245 2240 591 2296 abscondito
622 2241 684 2310 (Ι
706 2242 881 2298 Petr.
917 2261 1001 2313 ιιι,
1033 2242 1087 2314 3,
1123 2244 1179 2313 4)
1205 2261 1217 2298 :
1253 2244 1407 2300 unde
1437 2244 1596 2298 nulla
1641 2260 1708 2300 se

88 2331 227 2382 exuat
252 2329 460 2385 cultum
490 2331 751 2401 pietatis,
786 2335 1057 2387 ornatum
1087 2334 1314 2404 gratiae,
1368 2333 1504 2388 vitae
1535 2337 1710 2389 aeter-

87 2432 163 2558 3&1).
192 2417 599 2476 haereditatem.
635 2420 798 2491 Vale,
851 2424 909 2475 et
949 2437 1062 2476 nos
1106 2422 1310 2494 dilige,
1344 2422 1482 2495 quia
1514 2438 1626 2478 nos
1654 2426 1710 2478 te

120 2524 133 2558 l
154 2523 363 2558 mimus.

120 2523 363 2579 iugunus.

375 2634 525 2698 944
573 2641 941 2698 EPISTOLA
969 2644 1217 2699 XXXIX
1246 2600 1405 2716 (58)..

89 2727 383 2786 Faustinum
409 2737 662 2804 propter
691 2734 923 2788 sororis
951 2739 1198 2788 mortem
1228 2733 1525 2789 hominum
1572 2749 1713 2788 con-

143 2803 363 2857 sortium
390 2803 724 2875 fugientem
755 2804 975 2875 arguit,
1011 2805 1120 2859 lioc
1160 2806 1277 2876 ipsi
1320 2806 1519 2859 sorori
1562 2804 1716 2872 iniu-

143 2875 293 2943 rium,
324 2892 388 2929 ac
416 2876 733 2931 interitum
764 2891 878 2930 non
907 2875 1247 2930 hominibus
1276 2876 1483 2941 solum,
1516 2876 1627 2930 sed
1658 2881 1717 2931 et

143 2946 460 3018 civitatibus
489 2963 854 3002 communem
886 2963 1022 3002 esse
1050 2962 1314 3003 mouens.
1365 2948 1545 3004 Nihil
1571 2962 1718 3018 ergo

144 3014 222 3091 illi
248 3016 367 3091 jam
415 3017 636 3073 deberi
683 3018 805 3073 nisi
859 3034 1107 3091 preces,-
1170 3025 1375 3074 vetare
1422 3014 1715 3091 siquidem

143 3086 470 3158 Apostolum,
507 3104 587 3144 ne
619 3105 785 3161 quem
818 3086 1137 3144 secundum
1170 3106 1407 3144 carnem
1437 3086 1567 3162 jam
1615 3105 1713 3162 co-

143 3173 478 3231 gnoscamus,
532 3167 596 3215 at
629 3159 854 3214 horam
906 3167 1260 3215 creaturam.
1309 3159 1584 3227 Quaenam
1613 3159 1717 3214 illa

147 3230 232 3299 sit,
263 3236 316 3285 et
343 3231 817 3304 quomodoillum
849 3231 1037 3287 solari
1064 3232 1424 3288 Ambrosius
1463 3233 1592 3303 ipse
1636 3237 1719 3286 te-

148 3302 365 3369 neatur;
394 3302 779 3375 expenditur.

376 3392 724 3447 Auenosws
764 3391 1064 3448 Fausrmo
1095 3376 1368 3448 salutem.

149 3495 191 3551 1.
225 3498 442 3555 Acerbo
474 3501 531 3555 te
562 3499 882 3555 doliturum
912 3499 1117 3554 dolore
1147 3499 1373 3554 obitum
1418 3514 1722 3571 germanae

97 3586 184 3639 tuae
209 3602 314 3641 non
344 3588 726 3660 ignorabam,
759 3604 878 3643 non
908 3591 1102 3644 tamen
1134 3591 1196 3643 ut
1221 3605 1255 3642 a
1282 3588 1458 3643 nobis
1489 3591 1544 3643 te
1574 3589 1724 3644 alle-

98 3688 257 3745 gares,
286 3678 388 3732 sed
418 3681 479 3732 ut
507 3678 690 3733 nobis
721 3680 777 3733 te
815 3678 1134 3748 redderes;
1182 3693 1317 3732 nam
1363 3678 1474 3732 etsi
1525 3677 1723 3732 minus

95 3760 312 3831 jucunda
341 3768 549 3822 solatia
600 3767 1004 3835 maerentibus,
1058 3770 1252 3822 tamen
1297 3781 1724 3838 nonnunquam

99 3856 390 3911 necessaria
419 3859 583 3912 sunt.
615 3856 702 3910 Tu
732 3858 927 3911 autem
955 3855 1154 3910 abiisti
1186 3856 1246 3910 in
1276 3858 1510 3911 secreta
1558 3870 1726 3910 mon-

100 3939 229 4012 tium,
257 3947 311 3998 et
334 3944 482 4001 inter
508 3946 775 4000 ferarum
806 3944 1134 3999 diversaris
1168 3944 1408 4015 spelaea,
1441 3943 1603 3999 omni
1623 3943 1729 3998 hu-

102 4044 251 4086 manm
291 4034 764 4089 conversationis
814 4049 930 4089 usu
972 4033 1242 4089 abdicato
1292 4033 1428 4105 (59),
1478 4034 1538 4088 et
1568 4032 1726 4104 quod

102 4120 304 4187 gravius
332 4127 439 4193 est,
468 4123 703 4195 judicio
734 4124 857 4179 tuo.

152 4205 195 4264 2.
230 4210 543 4269 Tantumne
576 4213 649 4268 de
677 4216 735 4267 te
767 4212 1116 4268 commeruit
1162 4227 1446 4284 germana
1494 4210 1637 4281 tua,‘
1665 4214 1726 4266 ut

103 4302 300 4368 prapter
340 4318 512 4373 quam
563 4302 859 4357 excellere
915 4302 1069 4372 apud
1112 4304 1168 4356 te
1219 4300 1423 4356 debuit
1467 4300 1725 4357 conditio

104 4381 330 4460 humana,
363 4407 495 4463 qua:
528 4395 647 4446 tam
677 4392 984 4465 egregiam
1013 4390 1290 4446 feminam
1321 4389 1469 4459 tulit,
1489 4393 1730 4461 propter

104 4486 204 4530 eam
244 4480 388 4548 apud
432 4484 490 4536 te
522 4481 774 4536 minoris
823 4480 1240 4552 prmrogativm
1271 4479 1390 4533 sit?
1434 4479 1535 4533 Illa
1566 4481 1727 4534 certe

106 4560 195 4617 vita
233 4569 544 4639 excedens,
599 4570 712 4625 hoc
755 4573 811 4624 te
855 4568 1153 4624 mulcebat
1188 4567 1421 4637 solatio,
1474 4567 1633 4639 quod
1670 4570 1727 4621 te

1810 641 1946 711 bus,
1966 641 2284 711 praesulem
2302 642 2585 712 parvulis,
2618 642 3026 697 auxiliatorem
3057 641 3387 710 destitutis;
3418 645 3478 698 tu

1809 729 1888 784 ita
1935 734 1991 784 te
2037 734 2095 785 et
2137 731 2451 800 nepotibus
2495 733 2552 785 et
2581 730 2755 786 nobis
2788 731 3076 803 abnegas,
3119 732 3180 785 ut
3211 730 3480 785 consola-

1812 819 1990 873 tionis
2020 820 2181 873 illius
2212 819 2467 875 fructum
2498 835 2615 874 non
2646 821 2995 875 sentiamus.
3044 820 3146 873 Illa
3195 823 3250 875 te
3299 820 3481 874 chara

1813 910 2064 980 pignora
2106 914 2318 965 vocant
2364 925 2483 964 non
2530 910 2603 964 ad
2648 910 2986 978 dolendum,
3020 909 3128 963 sed
3160 908 3234 963 ad
3263 924 3477 964 conso-

1814 997 2083 1067 landum;
2114 1000 2176 1053 ut
2207 1014 2341 1053 cum
2367 1001 2424 1055 te
2454 999 2673 1068 vident,
2722 1001 2969 1053 matrem
3012 998 3131 1052 sibi
3180 1013 3299 1053 non
3346 1013 3480 1052 ere-

1818 1086 1958 1140 dant
2001 1087 2230 1142 obiisse
2283 1087 2416 1157 (60);
2464 1088 2527 1141 in
2574 1090 2631 1142 te
2681 1102 2809 1141 eam
2859 1088 3312 1158 recognoscant,
3344 1086 3406 1140 in
3430 1089 3486 1141 te

1818 1175 1953 1246 ejus
1984 1176 2360 1246 praesentiam
2391 1178 2642 1247 teneant,
2675 1175 2737 1231 in
2767 1179 2822 1230 te
2852 1176 3032 1230 vitam
3061 1174 3197 1247 ejus
3228 1176 3345 1230 sibi
3367 1191 3483 1230 ma-

1816 1279 1959 1318 nere
1989 1264 2368 1321 arbitrentur.
3289 1331 3303 1344 ο

1864 1353 1940 1407 ’3.
1983 1352 2099 1408 Sed
2128 1354 2295 1409 doles
2325 1355 2482 1426 quod
2524 1355 2743 1410 dudum
2779 1354 3202 1410 ﬂorentissima
3240 1355 3482 1424 repente

1817 1442 2120 1497 occiderit.
2155 1442 2371 1497 Verum
2402 1444 2515 1499 hoc
2545 1444 2720 1499 nobis
2765 1459 3074 1499 commune
3122 1458 3241 1497 non
3287 1442 3482 1497 solum

1818 1547 1951 1586 cum
1978 1530 2337 1601 hominibus,
2372 1533 2479 1588 sed
2511 1534 2686 1588 etiam
2717 1549 2848 1589 cum
2881 1532 3242 1602 civitatibus,
3276 1531 3485 1586 terris-

1817 1634 1932 1690 que
1964 1618 2114 1690 ipsis
2145 1624 2257 1675 est.
2304 1621 2528 1692 Nempe
2558 1623 2631 1676 de
2659 1622 3026 1677 Bononiensi
3053 1621 3305 1677 veniens
3337 1620 3484 1676 urbe

1817 1725 1852 1764 ιι
1900 1712 2069 1780 tergo
2123 1708 2475 1780 Claternam,
2533 1711 2724 1781 ipsam
2770 1711 3116 1779 Bononiam,
3177 1710 3482 1779 Mutinam,

1822 1798 2121 1870 Rhegium
2138 1798 2618 1870 derelinquebas,
2651 1800 2712 1854 in
2732 1799 2975 1854 dextera
2996 1801 3123 1853 erat
3150 1797 3483 1867 Brixillum,

1820 1903 1854 1940 a
1883 1887 2074 1942 fronte
2105 1888 2454 1942 occurrebat
2485 1887 2802 1957 Placentia,
2839 1890 3100 1942 veterem
3123 1886 3487 1942 nobilitatem

1820 1976 1953 2047 ipso
1983 1976 2178 2031 adhuc
2207 1978 2443 2031 nomine
2474 1992 2719 2046 sonans,
2753 1977 2826 2031 ad
2856 1977 3065 2031 laevam
3088 1975 3487 2046 Apenniniin-

1822 2065 1977 2120 culta
2008 2066 2346 2135 miseratus,
2382 2069 2441 2120 et
2470 2065 3027 2120 ﬂorentissimorum
3057 2064 3356 2134 quondam
3383 2078 3489 2132 po-

1820 2154 2095 2227 pulcrum
2125 2154 2367 2208 castella
2399 2153 2846 2222 considerabas,
2879 2156 3055 2223 atque
3084 2150 3299 2206 affectu
3329 2149 3486 2205 rele-

1822 2244 2011 2316 gebas
2042 2242 2260 2297 dolenti
2292 2242 2426 2311 (61).
2459 2243 2568 2297 Tot
2598 2242 2780 2313 igitur
2798 2243 3219 2295 semirutarum
3252 2239 3487 2294 urbium

1824 2333 2129 2400 cadavera,
2159 2334 2568 2401 terrarumque
2598 2331 2711 2385 sub
2743 2330 2950 2384 eodem
2999 2331 3324 2399 conspectu
3370 2343 3480 2382 ex-

1823 2422 2017 2493 posita
2050 2421 2257 2475 funera
2285 2435 2404 2475 non
2432 2423 2488 2474 te
2516 2420 2834 2474 admonent
2863 2419 3062 2488 unius,
3096 2419 3320 2472 sancta
3350 2416 3490 2471 licet

1826 2515 1884 2566 et
1910 2509 2275 2564 admirabilis
2308 2508 2565 2577 feminae,
2605 2508 3022 2562 decessionem
3067 2505 3492 2562 consolabilio-

1828 2616 1951 2656 rem
1983 2599 2343 2667 habendam;
2373 2597 2706 2668 praesertim
2739 2612 2872 2651 cum
2903 2596 3002 2651 illa
3040 2595 3100 2650 in
3145 2597 3494 2666 perpetuum

1825 2691 2119 2760 prostrata
2162 2704 2231 2741 ac
2281 2687 2473 2742 diruta
2521 2687 2685 2741 sint:
2731 2686 2862 2741 haec
2902 2689 3097 2740 autem
3139 2684 3214 2739 ad
3256 2687 3490 2754 tempus

1828 2778 2066 2850 quidem
2097 2780 2296 2848 erepta
2326 2776 2523 2846 nobis,
2556 2776 2859 2831 meliorem
2891 2774 3011 2829 illic
3039 2774 3219 2827 vitam
3249 2772 3493 2844 exigat?

1899 2868 1953 2921 4.
1994 2867 2195 2938 Itaque
2243 2882 2362 2921 non
2405 2869 2524 2920 tam
2573 2864 3013 2937 deplorandam,
3066 2877 3240 2934 quam
3288 2876 3497 2932 prose-

1830 2957 2125 3029 quendam
2156 2954 2523 3015 orationibus
2552 2969 2720 3024 reor;
2754 2969 2863 3008 nec
2894 2951 3389 3009 moestitieandam
3420 2951 3498 3004 la-

1831 3046 2051 3117 crymis
2083 3046 2222 3114 tuis,
2261 3045 2366 3099 sed
2397 3043 2590 3116 magis
2622 3042 3022 3097 oblationibus
3069 3032 3215 3097 945
3245 3040 3499 3116 animam

1832 3136 1966 3208 ejus
1999 3136 2246 3191 Domino
2277 3132 2801 3188 commendandam
2828 3131 3085 3185 arbitror
3113 3129 3250 3199 (62).

1903 3227 1956 3279 5.
1998 3225 2217 3279 Verum
2262 3223 2412 3278 forte
2462 3237 2707 3277 asseras
2754 3235 3034 3275 securum
3080 3221 3137 3273 te
3168 3218 3240 3273 de
3271 3217 3500 3273 meritis

1752 3308 1805 3372 Ο
1835 3312 1969 3385 ejus
1999 3329 2069 3368 ac
2100 3313 2214 3368 fide
2247 3311 2379 3381 (63),
2412 3310 2657 3381 nequire
2689 3312 2884 3364 tamen
2917 3307 3071 3363 ferre
3110 3306 3497 3376 desiderium,

1835 3403 1994 3475 quod
2023 3418 2152 3458 eam
2176 3401 2301 3473 jam
2330 3416 2447 3456 non
2476 3399 2682 3454 videas
2732 3397 3060 3453 secundum
3105 3411 3365 3465 carnem,
3405 3395 3499 3450 id-

1836 3509 1951 3564 que
1998 3492 2106 3547 tibi
2148 3505 2381 3546 summo
2428 3489 2618 3543 dolori
2677 3488 2773 3542 sit.
2835 3487 2961 3541 Nec
3009 3485 3155 3539 illud
3202 3488 3260 3539 te
3308 3486 3505 3539 movet

1837 3581 2263 3653 Apostolicum,
2298 3578 2455 3650 quod
2484 3579 2563 3632 ait
2596 3593 2608 3632 :
2648 3598 2669 3627 ιι
2703 3575 2847 3640 Quia
2880 3576 3175 3629 neminem
3227 3574 3501 3628 novimus

1837 3686 1913 3727 ex
1942 3672 2056 3727 hoc
2087 3669 2415 3725 secundum
2445 3680 2703 3721 carnem.
2741 3664 2810 3718 Et
2858 3664 2912 3718 si
2957 3663 3351 3734 cognovimus
3401 3677 3503 3717 se-

1838 3760 2094 3815 cundum
2125 3772 2364 3812 carnem
2392 3755 2713 3823 Christum,
2759 3753 2868 3808 sed
2903 3768 3059 3806 nunc
3085 3751 3212 3822 jam
3242 3767 3360 3806 non
3391 3766 3503 3806 no-

1838 3849 2034 3903 vimus
2065 3846 2154 3917 (II
2182 3846 2319 3901 Cor.
2351 3862 2409 3914 v,
2446 3844 2574 3914 16)?
2610 3864 2631 3890 ι
2685 3842 2834 3898 Caro
2871 3843 3027 3896 enim
3060 3843 3263 3895 nostra
3293 3855 3507 3911 perpe-

1838 3941 1936 3994 tua
1953 3952 2093 3992 esse
2111 3951 2179 3991 ac
2200 3935 2473 3990 diuturna
2493 3948 2611 3988 non
2627 3935 2853 4003 potest;
2872 3946 3123 3986 necesse
3141 3932 3234 3985 est
3253 3930 3505 4000 occidat,

1840 4030 1903 4082 ut
1930 4027 2239 4098 resurgat;
2272 4038 2525 4079 necesse
2557 4025 2650 4077 est
2678 4021 3031 4090 resolvatur,
3062 4022 3125 4074 ut
3146 4019 3504 4090 requiescat,

1842 4119 1903 4171 ut
1948 4116 2046 4170 fiat
2090 4114 2327 4187 quidam
2372 4112 2510 4167 ﬁnis
2541 4111 2787 4182 {peccati
2834 4108 2968 4179 (64).
3023 4108 3093 4163 Ει
3122 4108 3254 4164 ideo
3289 4108 3504 4162 multos

1842 4205 2236 4278 cognovimus
2270 4202 2601 4257 secundum
2631 4216 2889 4269 carnem,
2923 4199 3032 4253 sed
3060 4213 3218 4252 nunc
3244 4196 3368 4268 jam
3392 4211 3511 4251 non

1842 4295 2137 4350 novimus.
2170 4293 2370 4363 Ipsum
2400 4292 2713 4346 Dominum
2743 4289 2950 4344 Jesum
2983 4286 3396 4358 cognovimus,
3432 4284 3517 4337 in-

1842 4386 1968 4456 quit
1998 4382 2342 4454 Apostolus,
2377 4379 2706 4436 secundum
2737 4392 2994 4446 carnem,
3033 4398 3054 4423 α
3082 4374 3193 4429 sed
3212 4371 3506 4442 nuncjam

1842 4490 1963 4530 non
1994 4473 2290 4528 novimus.
2328 4493 2349 4519 η
2384 4470 2515 4526 Jam
2544 4468 2701 4523 enim
2733 4466 2932 4521 carnis
2979 4464 3336 4534 deposuerat
3367 4475 3507 4515 exu-

1842 4565 1992 4634 vias,
2020 4562 2144 4635 jam
2175 4560 2377 4632 specie
2406 4556 2664 4613 hominis
2694 4570 2813 4610 non
2853 4551 3187 4620 videbatur,
3230 4549 3356 4621 jam
3400 4563 3508 4619 pro

160 4706 263 4783 (56)
288 4710 440 4767 Idem
472 4711 602 4767 cod.
641 4712 873 4783 Boyer.,
914 4734 935 4759 «
972 4711 1195 4783 Latium
1227 4709 1728 4783 interpretationis
1753 4668 1812 4735 θ
1845 4707 2102 4783 Megara,
2156 4705 2361 4783 deutra
2419 4701 2649 4783 Bircus,
2696 4692 3510 4783 sinistra.gorinthqstﬂquce

108 4775 494 4847 signiﬁcatione
524 4775 941 4837 abundantiam
974 4783 1065 4837 vel
1110 4775 1450 4835 dilationem
1502 4778 1733 4851 signifi-

108 4852 195 4927 cat.
228 4875 246 4895 η
277 4852 435 4927 Quod
463 4870 608 4927 vero
637 4855 708 4908 ad
728 4855 897 4927 hunc
921 4854 1321 4927 significatum
1352 4851 1559 4927 in_eo,_
1579 4851 1731 4927 alia:

108 4916 231 4991 ditur
252 4924 315 4976 ad
350 4925 442 4980 illa
471 4926 652 4980 verba
686 4925 842 4980 citati
874 4916 1095 4980 locivex
1126 4925 1330 4979 Deut.:
1363 4943 1385 4971 ε
1412 4916 1730 4991 Nephthali

110 4987 418 5072 abundantia
449 4997 807 5072 perfruetur,
839 5001 894 5072 et
923 4997 1136 5072 plenus
1170 4995 1289 5072 erit
1307 4987 1734 5072 benedictioni-

110 5064 269 5139 bus._»
302 5064 693 5139 Nam'alioqui
734 5064 957 5122 rectius
1006 5068 1537 5139 interpretaremur
1579 5064 1734 5118 idem

110 5134 417 5211 vectabulum
448 5134 966 5211 comparationem,
1001 5134 1393 5194 retorsionem
1422 5149 1491 5191 ac
1513 5138 1735 5190 tortuo-

113 5205 329 5281 sitalem,
356 5213 416 5262 ut
448 5205 627 5281 vulg—0
660 5210 875 5265 solent.

166 5276 262 5350 (ξῖ)
300 5278 500 5350 Boyer.
533 5276 719 5347 s'olus,
759 5302 781 5332 ι
819 5282 952 5335 ideo
986 5280 1056 5334 de
1084 5280 1249 5350 justo
1278 5279 1511 5350 dicitur.
1548 5300 1570 5325 η

167 5344 262 5420 (ἓξ)
297 5344 518 5420 Scripta
549 5344 715 5406 haud
736 5353 917 5406 multo
949 5344 1248 5420 post'ann.
1282 5349 1408 5406 387.

117 5415 263 5533 “£92
298 5415 568 5477 Nonnulli
601 5439 749 5478 mss.
782 5439 851 5478 ac
882 5415 998 5477 vet.
1044 5423 1205 5491 edit.,
1256 5441 1283 5472 ‹‹
1334 5437 1449 5476 usu
1491 5418 1733 5474 abdica-

136 5498 207 5538 US.
241 5509 260 5536 ι

299 5561 434 5637 βοᾷ.
469 5564 702 5637 Boyer.,
741 5586 763 5617 σι
802 5582 918 5620 non
950 5565 1194 5637 credant
1224 5563 1463 5637 abesse.
1510 5585 1531 5609 ι·

172 5628 267 5707 (61)
290 5631 538 5707 imitatio
559 5628 659 5691 est
689 5628 879 5692 Servii
910 5635 1145 5707 Sulpitii
1174 5634 1244 5689 ad
1276 5634 1622 5707 Qiceronem
1663 5631 1736 5707 de

119 5694 259 5779 Ohilu'
290 5703 487 5779 Tulliae
534 5707 699 5763 Filiae
752 5726 764 5763 :
823 5730 847 5760 κ
903 5708 992 5763 Ex
1020 5694 1165 5762 ‘Asia
1196 5705 1456 5779 rediens,
1500 5719 1633 5779 eum
1662 5702 1736 5757 ab

123 5766 305 5852 {Egilia
332 5775 621 5852 Megaram
650 5796 859 5836 ve'sus
880 5780 1245 5852 navigarem,
1281 5766 1737 5852 cmpi'regioncs

124 5849 308 5899 circum
335 5846 484 5904 circa
513 5852 854 5923 prospicere
882 5869 893 5908 :
919 5846 1054 5925 post
1076 5866 1166 5907 me
1188 5851 1313 5906 erat
1335 5846 1577 5921 Aﬂgina,
1603 5848 1736 5901 ante

1844 4764 2053 4849 oppuidn
2091 4764 2365 4852 'quodam
2393 4846 2402 4852 _
2430 4764 2692 4852 tempore
2737 4765 3197 4852 ﬂorentissima,
3250 4764 3510 4852 fuerunt,

1842 4834 1998 4903 nunc
2032 4834 2319 4917 prostrata
2352 4846 2409 4898 et
2436 4834 2627 4895 diruta
2656 4841 2789 4892 ante
2820 4836 3027 4892 oculos
3073 4834 3293 4906 jacent.
3340 4834 3510 4904 Coepi

1844 4922 2079 4963 nonmat
2108 4930 2335 4963 mecum
2366 4913 2629 4963 cosritare
2665 4926 2676 4963 :
2715 4907 2892 4963 Hemi
2924 4923 3036 4963 nos
3059 4906 3403 4963 homunculi
3432 4907 3510 4960 in-

1844 4910 2079 4990 egomet
2107 4930 2336 4971 mecum
2366 4913 2629 4984 cogitare
2665 4926 2676 4964 :
2715 4910 2892 4991 Hem!
2924 4923 3036 4990 nos
3059 4910 3403 4987 homunculi
3432 4910 3513 4960 in-

1843 4990 2174 5061 dignamur,
2228 4987 2281 5041 si
2324 4985 2459 5056 quis
2505 4985 2775 5037 nostrum
2819 4983 3058 5046 interiit,
3121 4982 3220 5033 aut
3270 4992 3513 5033 OCCISUS

1843 5065 1954 5110 est.
1988 5076 2121 5110 cum
2153 5059 2211 5110 in
2242 5073 2359 5110 uno
2386 5056 2518 5110 loco
2546 5056 2631 5107 tot
2663 5051 3014 5110 onpidorum
3044 5051 3335 5105 cadavera
3366 5064 3502 5110 pro-

1842 5055 1954 5128 est,
1988 5076 2121 5115 cum
2153 5059 2211 5112 in
2242 5055 2359 5134 uno
2386 5056 2631 5134 locotot
2663 5055 3014 5134 oppidorum
3044 5055 3335 5105 cadavera
3366 5064 3502 5120 pro-

1839 5125 1998 5203 jecla
2023 5127 2293 5202 jaceantl
2332 5151 2352 5173 »ι
2388 5128 2467 5181 lta
2501 5125 2791 5179 Nannius.

1915 5202 2029 5278 (ϐξ.)
2068 5200 2460 5278 Msa-Bolon
2510 5195 2864 5278 «mlacrymis
2910 5192 3353 5278 t‘uis‘animam,
3384 5190 3513 5278 sed

1844 5264 2039 5343 magis
2068 5264 2466 5344 oblationi—bus
2492 5268 2623 5344 citis
2643 5264 3165 5344 commendandam
3182 5264 3457 5344 arbitror.
3487 5280 3510 5344 τ

1843 5332 2207 5399 Οὺέθιινιὼίε
2251 5342 2441 5396 obiter
2489 5338 2869 5393 Ambrosium
2921 5336 3033 5390 hoc
3080 5335 3211 5389 loco
3263 5334 3416 5386 sicut
3457 5332 3515 5382 et

1844 5416 1986 5490 alibi
2030 5431 2148 5470 non
2196 5413 2381 5469 semel
2430 5408 2918 5490 consuetudinem
2968 5408 3296 5490 orationum
3338 5404 3512 5482 atque

1845 5486 2204 5541 oblationum
2236 5500 2342 5555 pro
2372 5482 2620 5537 mortuis
2646 5479 3047 5533 faciendarum
3071 5474 3401 5551 testificari.

1918 5557 2031 5628 (63)
2070 5558 2271 5613 Codex
2317 5556 2527 5625 Boyer.
2578 5552 2746 5607 solus
2801 5573 2822 5597 α
2873 5549 2944 5603 de
2990 5546 3214 5601 meritis
3266 5557 3403 5612 ejus
3440 5537 3514 5594 ad

1847 5630 2042 5769 ME)
2069 5651 2215 5755 ltiss.
2251 5696 2538 5764 nonnulli,
2567 5718 2587 5741 α
2617 5696 2674 5769 et
2706 5692 2803 5769 [lat
2823 5688 3080 5769 quidam,
3112 5705 3132 5731 ιι
3160 5685 3273 5769 etc.
3300 5683 3514 5753 Boyer.

1846 5753 2036 5842 solus],
2073 5753 2114 5822 ﬁci
2142 5753 2418 5828 necesse
2462 5753 2554 5825 est
2600 5767 2663 5818 ut
2701 5753 3166 5836 ﬁgat'quosdam
3194 5753 3347 5812 fines
3378 5769 3521 5830 pec-

1851 5847 2003 5899 cato.
2046 5868 2066 5891 »
