3978 6168
78 333 221 399 1149

1250 334 1857 404 EPISTOLARUM
1893 338 2234 403 CLASSIS
2263 341 2314 405 Ι.

3338 343 3499 415 1150

88 538 133 594 si
153 533 643 605 distinxerisjusto
663 533 800 604 (Ἡ),
825 537 891 589 ut
918 550 1035 589 non
1070 534 1216 600 947
1248 539 1471 606 peccet,
1493 541 1551 592 et
1573 538 1700 609 ipse
1728 525 1960 595 Abora
1988 541 2128 613 quid
2159 542 2482 614 loquamini
2512 560 2524 600 :
2560 561 2677 601 non
2722 546 2878 601 enim
2918 563 3031 603 vos
3071 548 3219 603 estis
3266 547 3369 620 qui
3407 547 3494 604 loc

87 642 184 683 non
220 623 579 695 peccaverit,
631 622 838 694 justus
902 624 1022 678 vita
1089 625 1247 679 vivet
1304 627 1442 697 quia
1500 627 1704 682 dixisti

90 717 161 771 ei:
195 716 242 768 et
277 713 334 766 tu
367 711 617 766 animam
655 715 816 767 tuam
861 712 1150 768 liberabis
1188 714 1435 784 (Ezech.
1484 732 1565 786 ιιι,
1608 717 1703 771 1'7-

134 891 177 945 3.
218 889 354 944 Malo
394 890 592 961 igitur,
640 892 977 962 imperator,
1032 894 1325 950 bonorum
1368 895 1510 949 mihi
1561 910 1700 950 esse

81 985 252 1047 tecum,
271 994 434 1049 quam
463 979 752 1034 malorum
785 983 1172 1053 consortium,
1199 988 1255 1039 et
1282 984 1416 1039 ideo
1447 984 1702 1039 clemen-

79 1068 154 1121 tiae
179 1068 279 1121 tute
317 1066 628 1137 displicere
666 1069 842 1124 debet
901 1072 1232 1127 sacerdotis
1281 1073 1600 1143 silentium,
1634 1073 1703 1127 li-

80 1156 241 1210 bertas
256 1154 497 1224 placere.
520 1156 669 1211 Nam
693 1158 913 1213 silentii
931 1160 1046 1215 mei
1066 1162 1330 1231 periculo
1350 1162 1697 1233 inv‘olveris,

79 1243 320 1297 libertatis
346 1243 499 1299 bono
525 1244 783 1317 juvaris.
816 1249 949 1305 Non
968 1265 1113 1323 ergo
1134 1251 1506 1321 importunus
1539 1252 1699 1307 inde-

76 1333 184 1386 bitis
210 1347 291 1386 me
318 1333 628 1405 intersere,
662 1337 872 1391 alienis
912 1338 1124 1411 ingere
1161 1355 1173 1394 :
1209 1340 1317 1395 sed
1361 1341 1578 1396 debitis
1601 1341 1701 1396 ob-

75 1424 312 1490 tempero,
343 1423 632 1479 mandatis
684 1425 785 1480 Dei
838 1428 1025 1481 nostri
1069 1428 1303 1483 obedio.
1348 1428 1517 1493 Quod
1547 1429 1698 1485 facio

74 1510 281 1578 primum
308 1510 388 1564 tui
416 1526 640 1583 amore,
679 1514 764 1568 tui
808 1517 1016 1586 gratia,
1051 1519 1165 1572 tuae
1206 1518 1401 1573 studio
1451 1534 1698 1573 conser-

72 1596 239 1651 vandae
264 1598 484 1655 salutis.
517 1600 581 1656 Si
606 1602 665 1656 id
698 1604 839 1658 mihi
861 1605 956 1659 vel
989 1621 1107 1660 non
1139 1607 1422 1677 creditur,
1472 1607 1567 1662 vel
1601 1607 1694 1662 in-

72 1685 325 1742 terdicitur
354 1703 368 1742 :
399 1688 532 1745 dico
566 1707 713 1747 sane
752 1693 970 1749 divinae
1016 1694 1262 1750 offensm
1315 1698 1491 1751 metu.
1546 1697 1696 1753 Nam

68 1775 106 1827 si
131 1789 294 1830 meum
328 1778 658 1847 perieulum
694 1784 750 1836 te
797 1786 1041 1838 exueret
1084 1784 1229 1856 ('12)‘,
1283 1786 1572 1855 patienter
1602 1803 1696 1842 me

1815 630 2082 701 quimini,
2114 632 2222 686 sed
2252 632 2507 703 Spiritus
2541 635 2731 690 Patris
2764 637 2968 707 vestri,
3003 638 3108 709 qui
3137 637 3403 709 loquitur
3431 638 3493 693 in

1814 720 1989 774 vobis
2020 721 2257 791 (Matth.
2288 739 2346 793 v,
2379 722 2467 794 19,
2502 725 2611 793 20).
2648 725 2719 780 Et
2748 727 2941 781 tamen
2969 726 3022 781 si
3053 726 3115 780 in
3146 726 3348 781 causis
3378 725 3493 781 rei-

1813 810 2069 879 publicae
2100 811 2342 882 loquar,
2393 814 2664 883 quamvis
2703 814 2877 868 etiam
2923 815 3044 869 illic
3083 814 3314 887 justitia
3355 830 3490 870 ser-

1814 899 2005 953 vanda
2037 899 2132 969 sit,
2167 916 2285 955 non
2304 904 2461 957 tanto
2491 903 2791 975 astringar
2812 907 2988 972 metu,
3012 905 3065 958 si
3095 920 3211 959 non
3243 903 3486 959 audiar:

1815 988 1875 1041 in
1906 1004 2087 1042 causa
2120 1004 2261 1045 vero
2294 990 2399 1045 Dei
2429 1007 2605 1062 quem
2635 992 2863 1062 audies,
2898 993 2951 1047 si
2974 993 3342 1048 sacerdotem
3370 1008 3491 1047 non

1814 1076 2043 1147 audias,
2078 1076 2255 1150 cujus
2295 1079 2831 1152 majore-peccatur
2858 1082 3121 1153 periculo
3143 1084 3171 1137 ?
3213 1081 3357 1147 Quis
3385 1080 3492 1137 tibi

1815 1180 2023 1220 verum
2050 1167 2286 1221 audebit
2310 1167 2529 1240 dicere,
2556 1170 2609 1224 si
2639 1171 2923 1226 sacerdos
2946 1187 3062 1226 non
3093 1172 3350 1226 audeat?

1884 1256 1937 1309 5.
1970 1255 2123 1310 Novi
2154 1258 2208 1311 te
2241 1256 2423 1328 pium,
2461 1258 2828 1330 clementem,
2864 1260 3081 1330 mitem,
3114 1263 3288 1331 atque
3320 1262 3485 1313 tran-

1816 1343 2100 1415 quillum,
2161 1345 2337 1400 fidem
2385 1362 2454 1401 ac
2512 1347 2781 1403 timorem
2830 1349 3063 1403 Domini
3120 1348 3284 1404 cordi
3343 1347 3492 1412 948

1815 1433 2129 1489 habentem
2163 1450 2175 1489 :
2209 1436 2314 1490 sed
2348 1436 2696 1509 plerumque
2730 1438 2922 1509 aliqua
2961 1454 3072 1493 nos
3104 1438 3331 1493 fallunt.
3368 1438 3492 1493 Ha-

1812 1522 1951 1577 bent
1986 1523 2166 1595 aliqui
2215 1524 2403 1579 zelum
2454 1525 2580 1595 Dei,
2617 1527 2723 1581 sed
2764 1543 2883 1582 non
2930 1528 3257 1582 secundum
3287 1527 3488 1582 scien-

1812 1611 1950 1666 tiam
1996 1611 2184 1680 (Rom.
2235 1631 2295 1682 x,
2341 1614 2417 1682 2).
2471 1615 2559 1668 Ne
2603 1616 2785 1687 igitur
2826 1616 2940 1671 hoc
2983 1616 3159 1671 etiam
3206 1616 3484 1672 fidelibus

1811 1700 2025 1755 animis
2060 1700 2325 1771 obrepat,
2359 1703 2685 1758 cavendum
2715 1705 2990 1761 arbitror.
3027 1706 3181 1760 Novi
3214 1706 3488 1775 pietatem

1811 1792 1970 1843 tuam
2000 1805 2144 1862 erga
2176 1790 2381 1857 Deum,
2414 1790 2713 1846 lenitatem
2742 1792 2802 1847 in
2831 1793 3104 1848 homines
3140 1809 3153 1848 :
3188 1793 3488 1865 obligatus

65 1878 145 1961 pro
168 1870 216 1917 te
241 1863 534 1964 offerrem,
582 1870 714 1964 sed_
731 1887 849 1925 non
893 1872 1199 1964 libenter;
1248 1875 1400 1929 malo
1446 1876 1602 1930 enim
1638 1879 1695 1931 te
1732 1902 1782 1964 Β
1811 1895 1946 1934 sum
1975 1879 2285 1934 beneficiis
2310 1882 2538 1935 tuarum
2563 1880 3083 1953 indulgentiarum.
3111 1863 3340 1936 Etideo
3352 1881 3489 1952 plus

68 1951 167 2006 sine
191 1968 307 2008 meo
332 1960 644 2027 acceptum
675 1959 797 2014 Deo
815 1976 955 2015 esse
974 1964 1031 2015 et
1051 1962 1381 2034 gloriosum
1404 1964 1693 2034 periculo.

66 2038 145 2094 Sin
167 2046 337 2097 autem
366 2044 595 2100 silentii
628 2048 743 2102 mei
788 2048 1406 2123 dissimulationisque
1438 2053 1608 2123 culpa
1642 2058 1698 2109 et

70 2144 138 2183 me
168 2129 431 2203 ingravat,
465 2150 585 2189 nec
625 2139 679 2191 te
709 2136 957 2207 liberat;
1010 2139 1162 2194 malo
1210 2140 1697 2211 importuniorem

70 2232 334 2289 me,qnam
378 2222 745 2280 inutiliorem
792 2230 891 2280 aut
938 2229 1261 2298 turpiorem
1297 2228 1559 2300 judiees.
1605 2230 1695 2286 Si-

69 2306 254 2376 quidem
282 2311 571 2383 scriptum
589 2317 696 2380 est,
715 2315 946 2371 dicente
965 2320 1172 2372 sancto
1205 2318 1474 2388 apostolo
1487 2321 1693 2390 Paulo,

70 2393 204 2464 cujus
238 2413 343 2452 non
371 2405 551 2471 potes
601 2402 931 2459 doctrinam
978 2405 1251 2461 refellere
1284 2422 1297 2462 :
1338 2430 1360 2454 α
1395 2408 1556 2462 Iusta
1585 2426 1695 2481 op-

67 2488 293 2557 portune,
342 2489 683 2560 importune
732 2509 957 2565 argue,
1009 2495 1298 2564 obsecra,
1349 2497 1589 2568 increpa
1635 2500 1695 2554 in

70 2574 186 2627 omni
212 2578 470 2645 patientia
502 2584 569 2634 et
598 2582 865 2636 doctrina
897 2582 980 2653 (II
1015 2583 1160 2639 Tim.
1188 2601 1270 2654 ιν,
1302 2585 1378 2655 2).
1420 2609 1441 2633 ι»

20 2742 23 2743 ν
117 2661 158 2716 4.
188 2663 468 2723 Habemus
497 2684 652 2742 ergo
682 2674 740 2725 et
760 2687 871 2726 nos
903 2672 998 2726 cui
1028 2673 1350 2743 displicere
1379 2674 1515 2745 plus
1546 2676 1696 2746 peri-

64 2749 150 2803 culi
174 2753 268 2824 sit;
311 2759 651 2826 przesertim
683 2776 818 2815 cum
863 2761 1040 2815 etiam
1073 2762 1531 2832 imperatoribus
1565 2780 1685 2820 non

65 2836 316 2909 diSpliceat
342 2861 451 2902 suo
480 2864 785 2920 quemque
808 2849 977 2923 fungi
1008 2866 1273 2921 munere,
1300 2854 1357 2906 et
1398 2853 1695 2923 patienter

64 2929 263 2986 audiatis
293 2950 779 3011 unumquemque
806 2955 914 3010 pro
945 2954 1057 2995 suo
1090 2945 1519 3012 suggerentem
1547 2943 1684 2999 ofﬁ-

69 3016 154 3086 cio,
180 3019 282 3076 imo
310 3028 669 3097 corripiatis,
706 3029 759 3084 si
789 3045 909 3084 non
956 3031 1155 3083 utatur
1197 3030 1423 3085 militiae
1453 3048 1581 3087 suae
1610 3048 1698 3088 or-

62 3103 164 3160 dine
187 3110 306 3181 ('78).
338 3113 503 3179 Quod
548 3133 693 3190 ergo
733 3119 792 3172 in
841 3118 916 3172 iis
962 3118 1217 3173 libenter
1264 3121 1563 3191 accipitis,
1596 3124 1699 3193 qui

64 3195 198 3252 vobis
238 3202 509 3277 militant,
578 3224 716 3263 num
774 3207 888 3262 hoc
934 3208 997 3261 in
1034 3208 1452 3263 sacerdotibus
1499 3215 1699 3280 potest

64 3286 321 3347 molestum
348 3295 548 3352 videri
577 3313 711 3352 cum
762 3297 822 3351 id
864 3297 1196 3367 loquamur,
1230 3313 1349 3352 non
1388 3300 1546 3370 quod
1592 3318 1699 3356 vo-

65 3374 244 3451 Iumus,
284 3385 387 3440 sed
438 3386 607 3457 quod
649 3385 982 3458 jubemur?
1024 3386 1161 3440 Scis
1206 3387 1364 3441 enim
1414 3387 1634 3443 lectum
1684 3380 1696 3420 ⁵

67 3490 82 3509 ι
106 3468 223 3525 Cum
249 3475 474 3530 stabitis
509 3479 651 3531 ante
682 3491 860 3549 reges
890 3479 947 3530 et
967 3474 1284 3546 praesides,
1325 3476 1506 3532 nolite
1543 3479 1702 3551 cogi-

66 3558 156 3613 tare
186 3563 313 3633 quid
370 3565 738 3637 loquamini,
784 3565 1018 3620 dabitur
1070 3564 1228 3618 enim
1290 3564 1464 3620 vobis
1502 3567 1564 3621 in
1602 3567 1701 3623 illa

112 3700 205 3779 (Et)
233 3705 349 3779 l_luo
380 3725 563 3779 mss.,
601 3730 625 3759 «
659 3709 711 3764 si
742 3707 1176 3779 dixerisjusto.
1212 3730 1235 3779 ρ

113 3772 373 3859 (Ἡῌῖθε.
406 3772 559 3859 eod!
591 3781 791 3859 solus,
842 3802 864 3828 α
898 3772 1113 3834 divinae
1160 3776 1407 3834 offensae
1446 3795 1692 3837 memor.

63 3837 171 3897 Nam
188 3837 391 3906 simtu
421 3852 731 3906 hauseris.
769 3837 792 3899 έ

111 3914 201 3997 (Ἓξ)
222 3920 470 3997 Prorsus
505 3927 567 3977 et
596 3922 656 3997 in
677 3923 976 3997 principio
1010 3920 1194 3997 hujus
1214 3921 1692 3997 epistolmtnem-

63 3996 114 4049 pc
138 3984 216 4041 his
244 3992 461 4064 verbis,
497 3996 603 4066 qui
632 3984 912 4066 obsequio
941 3984 1171 4066 militiae
1185 3984 1416 4066 videtur
1429 3984 1693 4050 militiam

64 4068 235 4141 ponere
261 4078 373 4141 non
405 4065 636 4141 tantum
667 4081 773 4141 pro
789 4065 1089 4141 castrensi
1111 4065 1428 4141 stipendio,
1457 4067 1693 4141 sedpro

65 4133 227 4204 quavis
257 4133 582 4205 functione,
619 4133 973 4206 ministerio,
1014 4140 1071 4191 et
1100 4133 1321 4191 officio.
1356 4133 1502 4191 Haec
1536 4133 1696 4193 Nan-

65 4211 179 4254 nius.

111 4270 200 4350 (71)
229 4275 369 4350 Reg.
405 4280 544 4335 cod.
579 4279 747 4334 solus
774 4294 786 4334 :
842 4300 864 4329 ι
900 4278 1067 4343 Quod
1100 4278 1153 4332 si
1186 4278 1523 4347 peccaverit
1555 4280 1690 4335 inte

66 4335 202 4420 [mter
228 4335 376 4420 tuus,
412 4351 567 4405 vade
599 4353 656 4405 et
686 4335 1081 4420 corripeveum
1116 4335 1269 4403 inter
1300 4351 1354 4403 te
1386 4352 1443 4403 et
1475 4350 1691 4420 ipsum.

66 4406 105 4491 ξὶ
131 4414 173 4466 te
198 4406 457 4491 audierit,
494 4423 762 4477 lucratus
796 4406 865 4475 es
897 4420 1133 4475 fratrem
1181 4424 1383 4474 tuum:
1421 4406 1693 4477 siautem

68 4481 105 4560 te
139 4499 237 4540 non
278 4481 566 4560 audierit,
617 4492 833 4547 adhibe
886 4495 1079 4546 tecum
1131 4491 1324 4545 adhuc
1373 4507 1552 4546 unum
1597 4492 1692 4547 vel

65 4547 210 4623 duos;
237 4564 292 4615 ut
321 4563 378 4616 in
414 4547 523 4619 ore
553 4547 805 4619 duorum
836 4564 927 4617 vel
959 4564 1136 4618 trium
1165 4562 1405 4617 testium
1427 4567 1546 4618 stet
1575 4580 1692 4619 om-

66 4629 376 4702 Tfeﬂerbum.
408 4635 581 4699 Quod
613 4635 665 4688 si
696 4651 810 4689 non
834 4634 1083 4689 audierit
1105 4649 1232 4702 eos,
1258 4634 1352 4687 die
1377 4633 1687 4690 Ecclesiae.
1726 4630 1777 4691 D
1805 4637 2052 4690 comites
2082 4638 2167 4691 rei
2198 4635 2466 4690 militaris
2497 4634 2685 4688 fuisse
2717 4634 2773 4687 in
2806 4629 3039 4688 Oriente
3071 4632 3264 4699 tradit,

65 4694 288 4777 .idvertis
335 4694 506 4777 ergo,
550 4707 885 4777 imperator,
939 4706 1095 4776 quod
1136 4694 1377 4777 causam
1424 4705 1530 4760 Dei
1563 4707 1691 4761 dis-

64 4768 291 4885 :ignularc
319 4768 436 4831 non
466 4768 702 4850 queam.
735 4768 883 4843 Quid
919 4768 1149 4849 igitur?
1197 4776 1452 4830 Causam
1497 4777 1624 4846 Dei,
1662 4801 1684 4825 ι

105 4850 144 4888 C.

114 4907 205 4991 (Ἳῇ)
230 4912 531 4975 Cedrenus
563 4920 621 4975 in
657 4920 807 4974 Hist.
856 4919 1013 4973 hunc
1041 4918 1452 4991 magistratum
1480 4918 1686 4991 appel-

64 4974 117 5063 lat
140 4982 478 5063 Honoratum
498 4974 863 5063 praefectum,
901 4974 1176 5063 nimirum
1193 4974 1688 5063 Constantinopo-

64 5048 132 5129 lis,
161 5056 253 5132 ubi
278 5059 427 5115 hanc
459 5048 747 5117 actionem
781 5048 1109 5132 contigisse
1141 5064 1443 5132 memorat.
1477 5048 1602 5132 Sed
1626 5060 1687 5115 in

66 5136 122 5203 re}
151 5129 430 5203 veritatem
467 5137 580 5187 tam
615 5134 792 5187 multa
825 5129 1048 5201 peccat,
1072 5135 1134 5187 ut
1154 5131 1288 5203 ejus
1310 5131 1514 5203 haberi
1546 5148 1686 5201 pos-

65 5196 115 5241 aut
142 5199 278 5273 nulla
310 5205 478 5257 ratio.
530 5204 805 5259 Valesius
828 5196 897 5257 in
928 5196 1217 5257 Ammian'.
1255 5196 1681 5273 Marcellinum,

66 5276 163 5347 P33.
192 5270 239 5335 4,
271 5273 346 5347 de
387 5276 600 5330 comite
628 5275 884 5330 Orientis
915 5291 1104 5347 agens
1128 5289 1151 5347 λε
1191 5296 1213 5321 ε
1245 5274 1556 5347 Caeterum,
1590 5270 1683 5328 in-l

64 5340 171 5416 finit,
190 5356 313 5416 cum
334 5345 466 5400 haec
488 5348 679 5401 civilis
702 5340 1183 5416 potestas'fuerit,
1209 5345 1391 5399 miror
1410 5340 1681 5401 sanetum

64 5406 389 5489 Ambrosium
414 5418 473 5470 in
491 5406 736 5489 epistola
754 5418 825 5471 ad
848 5406 1249 5489 Theodosium
1269 5417 1397 5471 haec
1414 5417 1680 5472 scribere

64 5476 258 5558 "flatum
286 5490 377 5540 est
404 5504 437 5540 a
473 5476 681 5543 comite
703 5489 959 5543 Orientis
991 5488 1325 5543 militarium
1356 5489 1674 5558 partium...

65 5547 137 5619 Sed
178 5551 322 5631 hunc
370 5559 588 5631 nodum
621 5561 856 5614 solvent
902 5561 1237 5631 peritiores.
1288 5547 1678 5631 far-Fuitsane

64 5632 102 5699 ξῖξ
123 5636 180 5674 eo
216 5627 498 5699 solvendo
550 5632 780 5686 felicior
822 5627 1235 5697 Godofredus;
1286 5630 1382 5684 hic
1431 5630 1590 5699 enim
1618 5631 1676 5684 in

63 5684 302 5776 (f‘hfouot:
327 5698 473 5776 Cod.
503 5684 1264 5776 Tlieod.etvin'Oo'mment.
1299 5701 1360 5776 in
1392 5701 1507 5774 leg.
1539 5698 1572 5755 9
1603 5701 1675 5755 de

66 5753 243 5822 ludaeis
270 5753 440 5827 docet
462 5753 726 5847 esset};
752 5753 825 5829 ns
850 5753 1675 5831 nume;semisses

1807 1972 2040 2039 metuo,
2089 1969 2343 2039 amplius
2390 1969 2678 2025 sollicitor
2720 1986 2794 2026 ne
2842 1971 3016 2025 etiam
3057 1972 3187 2042 ipse
3231 1974 3331 2025 tuo
3377 1985 3471 2026 me

1809 2060 2015 2127 postea
2040 2057 2287 2128 judicio,
2304 2058 2687 2128 condemnes,
2721 2060 2879 2129 quod
2909 2075 3037 2114 mea
3073 2061 3174 2113 aut
3202 2058 3487 2114 dissimu-

1808 2146 2026 2201 latione
2072 2149 2171 2200 aut
2217 2146 2552 2201 adulatione
2599 2148 3042 2217 prolapsionem
3074 2163 3192 2202 non
3225 2147 3489 2202 evitave-

1809 2234 1916 2289 ris.
1950 2234 2009 2288 Si
2042 2233 2103 2288 in
2131 2249 2223 2289 me
2259 2234 2497 2304 peccari
2524 2234 2809 2305 viderem,
2834 2251 2952 2290 non
2974 2235 3252 2291 deberem
3268 2238 3486 2305 tacere,

1810 2324 2097 2394 scriptum
2129 2326 2221 2377 est
2252 2324 2407 2377 enim
2441 2338 2454 2378 :
2488 2322 2552 2379 Si
2584 2323 2768 2378 frater
2812 2326 2951 2379 tuus
2997 2325 3059 2379 in
3100 2327 3157 2379 te
3194 2338 3487 2395 peccave-

1809 2414 1905 2482 rit,
1949 2411 2182 2482 corripe
2213 2412 2375 2467 illum
2425 2412 2638 2482 primo,
2689 2412 2901 2467 deinde
2944 2412 3205 2483 increpa,
3250 2412 3487 2469 duobus

1809 2504 1906 2555 aut
1935 2501 2127 2556 tribus
2167 2500 2420 2555 testibus
2469 2501 2707 2570 (Matth.
2749 2518 2927 2571 xvm,
2987 2501 3083 2571 15,
3136 2501 3269 2571 16.).
3313 2500 3375 2556 Si
3430 2503 3487 2558 te

1808 2606 1928 2645 non
1959 2589 2229 2655 audierit,
2280 2589 2375 2644 die
2423 2589 2736 2645 Ecclesiae.
2783 2588 3039 2645 Causam
3068 2605 3215 2662 ergo
3246 2589 3351 2645 Dei
3403 2591 3484 2645 ta-

1809 2679 1957 2733 cebo
1979 2680 2009 2734 ‘3
2038 2677 2189 2744 Quid
2218 2678 2401 2751 igitur
2429 2678 2528 2749 sit,
2562 2679 2719 2750 quod
2750 2681 3004 2735 metuam
3036 2679 3487 2735 consideremus

1807 2767 1945 2839 ('14).

1880 2857 1933 2913 ὃ.
1980 2857 2248 2912 Relatum
2281 2860 2373 2913 est
2400 2873 2434 2912 a
2465 2858 2675 2913 comite
2706 2857 2951 2913 orientis
2981 2857 3321 2912 militarium
3344 2873 3485 2928 par-

1810 2946 1953 3001 tium
1984 2947 2099 3017 (75)
2132 2946 2440 3002 incensam
2469 2963 2607 3003 esse
2638 2963 3028 3020 synagogam,
3051 2947 3228 3019 idque
3249 2949 3490 3002 auctore

1813 3035 2033 3090 factum
2071 3036 2375 3107 episcopo.
2410 3036 2656 3091 Jussisti
2689 3036 2975 3091 vindicari
2997 3036 3057 3090 in
3079 3040 3351 3106 emteros,
3384 3052 3490 3108 sy-

1814 3140 2131 3196 nngogam,
2165 3124 2342 3196 idque
2372 3128 2612 3180 auctore
2651 3124 2870 3180 factum
2901 3124 3207 3195 episcopo.
3239 3124 3491 3179 Jussisti

1813 3213 2103 3267 vindicari
2133 3214 2192 3267 in
2214 3216 2486 3283 caeteros,
2521 3229 2891 3286 synagogam
2928 3213 3002 3267 ab
3043 3214 3177 3284 ipso
3217 3212 3487 3268 exaedifi-

1814 3302 1936 3356 cari
1964 3302 2267 3373 episcopo.
2294 3302 2426 3358 Non
2453 3305 2654 3357 astruo
2679 3306 2703 3369 (
2707 3302 2797 3371 ’16)
2819 3301 3277 3373 exspectandam
3294 3300 3485 3355 fuisse

1813 3391 2205 3446 assertionem
2238 3390 2545 3462 episcopi;
2587 3390 2933 3447 sacerdotes
2982 3391 3139 3446 enim
3182 3390 3489 3445 turbarum

1813 3479 2222 3535 moderatores
2265 3482 2422 3549 sunt,
2458 3479 2715 3534 studiosi
2747 3480 2933 3550 pacis,
2968 3478 3085 3534 nisi
3125 3495 3256 3533 cum
3292 3482 3349 3533 et
3374 3478 3489 3549 ipsi

1813 3571 2122 3624 moventur
2150 3568 2370 3642 injuria
2401 3569 2526 3639 Dei,
2558 3572 2656 3624 aut
2690 3569 2976 3624 Ecclesiae
3008 3567 3381 3623 contumelia.
3402 3567 3491 3623 Sit

1811 3710 2067 3766 Orientis
2100 3711 2432 3783 militarium
2456 3711 2728 3782 partium,
2754 3733 2775 3761 ιι
2803 3727 2978 3783 quem
2996 3711 3096 3766 lex
3116 3710 3289 3765 citata
3319 3709 3487 3766 titulo

1811 3783 2045 3837 comitis
2074 3786 2132 3837 et
2163 3782 2430 3853 magistri
2473 3783 2780 3853 utriusque
2812 3782 3033 3837 militiae
3061 3798 3168 3852 per
3195 3783 3485 3853 orientem

1810 3854 2027 3925 signat,
2061 3857 2125 3907 ut
2171 3852 2569 3925 distinguatur
2615 3852 2697 3907 ab
2734 3854 2919 3909 altero
2963 3855 3175 3909 comite
3231 3852 3489 3925 orientis

1810 3923 2072 3979 civilium
2104 3923 2385 3994 partium,
2426 3940 2602 3995 quem
2649 3925 2937 3980 describit
2984 3925 3257 3980 Zozimus
3288 3923 3391 3979 lib.
3426 3941 3486 3992 x,

1810 3995 2204 4067 Bullcngerus
2236 3996 2315 4049 lib
2346 4013 2403 4048 1v
2434 3996 2506 4049 dc
2536 3995 2678 4067 Imp.
2723 3996 2887 4051 Rom.
2928 4012 3054 4066 cap.
3089 3997 3180 4063 25,
3215 3995 3488 4065 quamvis

1808 4066 1957 4120 duas
1987 4066 2120 4122 illas
2149 4066 2467 4138 dignitates
2499 4066 2899 4122 non’videatur
2919 4069 3067 4121 satis
3090 4067 3483 4138 distinguere,

1806 4140 2059 4193 attamen
2089 4138 2160 4192 ad
2203 4137 2474 4192 comitem
2503 4137 2759 4193 Orientis
2789 4139 3053 4193 militiam
3084 4137 3319 4209 quoque
3349 4153 3482 4207 per-

1806 4209 2079 4277 tinuisse,
2115 4209 2271 4264 clare
2303 4210 2518 4263 indicat
2549 4210 2715 4264 hisce
2748 4211 2950 4264 verbis
2984 4226 2997 4265 :
3035 4233 3058 4256 α
3101 4209 3247 4272 Quia
3276 4209 3483 4262 Persae

1807 4282 2145 4334 Armeniam
2206 4284 2262 4335 et
2310 4281 2796 4350 MeSOpotamiam
2847 4281 3196 4348 vastabant,
3277 4294 3480 4350 comes

1806 4351 2053 4406 orientis
2082 4352 2178 4406 vir
2206 4349 2552 4421 spectabilis
2579 4353 2633 4406 ei
2684 4368 2817 4407 eum
2850 4352 3116 4406 exercitu
3146 4349 3483 4421 impositus,

1804 4422 2065 4477 vicarius
2095 4418 2360 4493 prmfecti
2388 4423 2686 4493 praetorio.
2726 4442 2747 4471 ι
2783 4422 2853 4493 Et
2891 4422 3066 4492 paulo
3098 4418 3296 4493 post;
3318 4439 3353 4493 «_
3374 4418 3485 4473 Co-

1804 4509 1933 4565 mes
1964 4497 2020 4548 et
2048 4488 2335 4565 magister
2371 4488 2619 4565 militum
2656 4508 2764 4561 per
2809 4488 3118 4565 Orientemf
3140 4488 3416 4565 illustris.
3454 4510 3476 4537 ι

1805 4564 1871 4618 L.
1905 4582 2009 4618 xm
2040 4565 2116 4620 de
2135 4560 2402 4619 Matatis.
2444 4564 2602 4618 Idem
2646 4560 2790 4618 vero
2838 4562 3110 4633 sequenti
3157 4576 3285 4629 cap.
3329 4560 3481 4614 duos

1805 4637 2052 4685 comites
2082 4638 2166 4685 rei
2198 4635 2466 4685 militaris
2497 4634 2685 4685 fuisse
2717 4634 2773 4685 in
2806 4632 3039 4685 Oriente
3071 4632 3264 4685 tradit.
3299 4646 3477 4685 auem

3341 4647 3375 4684 ιι

1804 4708 2069 4761 consule.
2105 4708 2249 4761 Haec
2280 4721 2457 4776 porro
2479 4704 2710 4776 abunde
2745 4702 3213 4776 V’alesiidiluunt
3242 4702 3479 4776 dubita-

1803 4782 2043 4832 tionem.
2085 4778 2251 4842 Quod
2281 4773 2473 4831 autem
2514 4775 2889 4830 Godofredus
2921 4777 3123 4829 contra
3157 4773 3477 4828 Baronium

1807 4849 1958 4902 hanc
2012 4849 2321 4918 epistolam
2365 4862 2519 4901 anno
2549 4847 2654 4918 393
2701 4846 2982 4916 scriptam
3012 4843 3327 4910 contendit,
3356 4842 3482 4915 jam

1805 4924 1937 4973 ante
1967 4917 2431 4973 examinavimus
2464 4933 2575 4973 suo
2606 4917 2760 4971 loco.

1875 4991 1987 5058 (76)
2016 4990 2258 5060 Aliquot
2288 5005 2458 5056 mss.,
2506 5010 2529 5038 ι
2564 5004 2681 5043 non
2703 5003 2934 5043 assero.
2971 4987 3356 5060 {Dictionem
3379 5001 3481 5041 ve-

1805 5075 1871 5115 ro
1903 5058 2317 5127 assertionem,
2350 5076 2482 5129 quae
2504 5075 2656 5128 pone
2689 5060 2983 5131 sequitur,
3011 5058 3283 5131 Nannius
3301 5073 3481 5129 expo-

1803 5132 1887 5186 nit
1923 5132 1982 5185 in
2014 5132 2169 5186 hunc
2202 5132 2433 5185 modem
2462 5130 2898 5198 Assertionem,
2933 5130 2991 5184 id
3022 5134 3131 5194 est,
3167 5130 3473 5185 defensio-

1796 5218 1950 5257 nem.
1987 5202 2325 5272 Metaphora
2367 5201 2501 5256 inde
2532 5206 2784 5272 sumpta,
2827 5201 2984 5273 quod
3015 5202 3074 5255 in
3105 5217 3287 5256 causa
3319 5200 3470 5273 libe-

1792 5275 1901 5329 rali
1944 5270 2305 5328 assertorem
2354 5273 2483 5327 sive
2522 5270 2816 5327 vindicem
2845 5270 3073 5327 adesse
3130 5270 3462 5343 Oportebat,

1792 5362 1909 5417 quo
1940 5345 2187 5421 alterius
2207 5344 2555 5421 libertatem.
2570 5345 2749 5421 quiin
2768 5346 3114 5421 servitutem
3136 5342 3460 5421 petebatur,

1794 5412 2113 5492 assereret.
2150 5416 2228 5469 ita
2259 5415 2375 5492 ille.
2410 5415 2527 5471 Sed
2561 5412 2969 5492 forte‘verius
3016 5430 3086 5467 ac
3128 5412 3459 5492 simplicius

1793 5488 2016 5542 dixeris
2059 5488 2475 5555 assertionem,
2523 5487 2651 5542 sive
2698 5487 3146 5541 afﬁrmationcm
3174 5487 3459 5555 episcopi

1790 5560 2192 5613 testimonium
2238 5574 2399 5627 esse,
2448 5553 2565 5629 quo
2615 5574 2819 5613 remne
2864 5559 3032 5629 illam
3072 5553 3337 5629 fecisset,
3384 5564 3459 5602 an

1791 5645 1991 5698 secus,
2026 5621 2513 5685 declararethst
2540 5633 2735 5684 autem
2767 5630 2827 5683 in
2870 5626 3072 5681 verbis
3120 5644 3141 5669 α
3192 5621 3327 5698 Non
3356 5635 3461 5674 as-

1790 5706 1920 5756 truo
1959 5689 1988 5749 n'
2015 5701 2283 5772 quaedam
2318 5702 2590 5772 praetorio
2626 5700 2940 5765 rhetorica,
2974 5710 3109 5767 qua,
3142 5689 3302 5763 quod
3336 5706 3466 5750 ma-

1788 5773 1945 5829 xime
1975 5773 2209 5843 dieitur,
2242 5773 2361 5829 dici
2390 5776 2662 5846 negatur.
