3978 6168
138 299 262 381 1153

1309 294 1924 369 EPISTOLARUM
1955 302 2296 365 CLASSIS
2324 298 2373 365 Ῑ.

3379 302 3534 369 1154

152 527 290 570 caves
331 522 394 562 ne
437 505 597 560 etiam
645 517 802 557 nunc
837 503 937 557 fiat
956 504 984 557 ε)
1013 502 1178 558 Adeo
1209 519 1242 558 a
1272 506 1328 558 te
1357 518 1476 559 non
1507 502 1617 558 fuit
1639 501 1742 575 ju-
1769 480 1834 556 ι’
1863 505 1921 558 et
1948 502 2081 558 loco
2113 518 2288 574 quem
2319 503 2452 558 dedi
2483 503 2656 558 vobis
2691 506 2747 559 et
2790 504 3057 574 patribus
3099 505 3340 576 vestris,
3372 505 3527 560 sicut

152 600 368 664 bendum,
398 597 454 649 ut
479 592 740 648 Julianus
772 593 885 646 hoc
911 590 1200 663 jusserit!

215 684 422 751 95013.
455 681 595 746 Quid
627 684 822 736 tamen
854 683 1096 736 movet?
1146 681 1352 736 Utrum
1382 682 1518 752 quia
1548 682 1738 752 quod-

154 791 326 846 cunque
354 771 646 827 aediﬁcium
681 772 980 841 publicum
1015 775 1291 826 exustum
1327 774 1438 840 est,
1477 774 1575 824 aut
1605 771 1740 841 quia

142 879 407 936 synagoga:
447 861 652 915 locus?
701 861 762 915 Si
795 861 1046 915 aedificio
1078 861 1323 915 incenso
1355 861 1614 914 moveris
1647 861 1738 912 vi-

137 954 321 1008 lissimo
346 950 493 1021 (quid
525 950 680 1003 enim
712 951 771 1003 in
804 954 918 1003 tam
951 950 1200 1021 ignobili
1234 953 1428 1003 castro
1460 965 1595 1002 esse
1628 965 1736 1018 po-

135 1043 250 1110 tuit),
278 1056 379 1094 non
408 1039 758 1108 recordaris,
785 1039 1120 1109 imperator,
1147 1042 1498 1108 quantorum
1535 1040 1738 1092 Romae

132 1131 298 1184 domus
341 1127 742 1198 przel'ectorum
791 1129 1054 1182 incensa}
1085 1129 1226 1193 sint,
1261 1131 1317 1181 et
1346 1143 1516 1182 nemo
1549 1127 1738 1180 vindi-

132 1219 292 1273 cavit?
317 1217 424 1271 Imo
455 1217 504 1270 si
535 1217 670 1288 quis
703 1217 1119 1287 imperatorum
1163 1217 1348 1270 voluit
1397 1216 1612 1270 factum
1645 1232 1739 1283 se:

127 1307 286 1359 verius
312 1305 758 1375 reprehendere,
792 1305 926 1376 ejus
957 1307 1149 1376 magis
1173 1305 1272 1376 qui
1303 1308 1460 1358 tanto
1491 1309 1581 1358 est
1611 1321 1738 1374 per-

124 1394 287 1447 culsus
317 1393 638 1462 dispendio,
673 1409 912 1448 causam
945 1394 1214 1466 gravavit
1245 1391 1378 1461 (89).
1424 1392 1572 1456 Quid
1617 1394 1734 1465 igi-

118 1485 190 1535 tur
213 1481 444 1552 dignius,
480 1484 541 1535 ut
571 1481 839 1537 Callicini
871 1483 1052 1536 castri
1083 1483 1142 1536 in
1171 1485 1335 1552 parte
1367 1482 1560 1552 aliqua
1595 1483 1734 1536 mdi-

114 1570 332 1624 ticiorum
360 1571 717 1641 incendium,
754 1588 827 1625 an
860 1571 1026 1626 urbis
1064 1572 1267 1626 Romae
1315 1571 1734 1625 vindicandum

114 1659 468 1729 aestimaretur,
518 1660 577 1714 si
626 1663 924 1730 oporteret
957 1661 1196 1714 tamen?
1226 1659 1733 1729 Constantinopoli

112 1747 288 1800 dudum
333 1747 543 1802 domus
591 1748 856 1819 episcopi
907 1749 1151 1803 incensa
1194 1751 1304 1818 est,
1337 1750 1393 1802 et
1423 1748 1580 1802 ﬁlius
1612 1748 1733 1802 cle-

110 1835 298 1890 mentiae
339 1838 450 1890 tuae
500 1838 847 1890 intercessit
892 1837 1044 1908 apud
1095 1841 1319 1907 patrem
1370 1836 1522 1907 (90);
1569 1840 1631 1891 ut
1680 1840 1814 1934 etB

106 1939 257 1990 suam,
289 1923 393 1978 hoc
423 1927 541 1994 est,
576 1926 680 1979 filii
710 1926 1081 1995 imperatoris
1113 1927 1411 1997 injuriam,
1443 1930 1498 1981 et
1521 1927 1733 1982 domus

105 2012 440 2067 sacerdotalis
473 2015 820 2069 incendium
851 2031 970 2069 non
999 2015 1360 2070 vindicares.
1422 2016 1556 2071 Non
1589 2033 1733 2072 con-

103 2100 309 2170 sideras,
344 2102 685 2172 imperator,
721 2119 794 2158 ne
825 2107 881 2158 et
913 2105 1027 2159 hoc
1059 2120 1192 2158 cum
1225 2105 1512 2160 vindicari
1537 2105 1735 2176 jusse-

101 2189 182 2256 ris,
225 2190 339 2258 ipse
388 2191 604 2245 iterum
654 2192 1022 2263 interveniat,
1072 2208 1144 2247 ne
1191 2192 1556 2248 vindicetur!
1617 2194 1732 2248 Sed

102 2276 220 2330 bene
265 2279 396 2333 illud
446 2281 811 2351 acquisitum
865 2284 956 2336 est
997 2298 1029 2335 a
1079 2285 1243 2352 patre
1289 2283 1443 2352 tilio;
1488 2283 1732 2354 dignum

100 2371 195 2418 erat
233 2368 394 2436 enim,
446 2373 514 2423 ut
558 2385 726 2424 suam
771 2370 1047 2442 injuriam
1096 2373 1263 2440 prius
1305 2372 1432 2442 ipse
1466 2372 1727 2426 donaret.

100 2454 224 2509 Bene
271 2456 406 2511 illud
455 2474 596 2512 cum
648 2459 854 2530 gratiae
907 2460 1283 2515 distinctione
1327 2460 1584 2514 divisum
1616 2463 1728 2530 est,

93 2545 139 2594 ut
163 2546 208 2596 et
237 2544 384 2600 filius
415 2563 531 2616 pro
566 2563 694 2617 sua,
730 2551 786 2602 et
816 2551 981 2618 pater
1011 2564 1116 2618 pro
1150 2549 1252 2602 filii
1285 2548 1503 2620 injuria
1550 2565 1730 2621 roga-

90 2634 234 2686 retur.
269 2634 411 2689 Hinc
443 2636 599 2689 nihil
631 2641 722 2692 est
753 2637 911 2709 quod
933 2637 1053 2693 tilio
1080 2653 1379 2708 reserves,
1415 2641 1471 2692 et
1500 2639 1634 2693 vide
1657 2655 1730 2694 ne

90 2721 202 2790 quid
230 2722 341 2778 Deo
371 2725 664 2797 deroges.

142 2810 215 2865 11.
246 2811 370 2867 Νοιι
402 2817 502 2868 est
535 2830 681 2888 ergo
714 2831 893 2870 causa
925 2819 1098 2871 tantae
1123 2816 1496 2871 commotioni
1519 2817 1730 2872 idonea

87 2903 131 2950 ut
158 2906 377 2971 propter
403 2904 649 2958 mdiﬁcii
683 2907 1056 2960 exustionem
1088 2907 1146 2959 in
1177 2906 1458 2977 populum
1487 2909 1603 2960 tam
1636 2923 1731 2962 se-

85 3002 197 3041 vere
216 2991 548 3047 vindicetur
575 3009 586 3048 :
623 2995 802 3049 multo
826 2998 1018 3048 autem
1039 2995 1232 3049 minus
1252 2996 1387 3066 quia
1420 3011 1729 3069 synagoga

82 3075 291 3133 incensa
347 3085 476 3152 est,
547 3082 812 3152 perfidiae
859 3084 1069 3153 locus,
1124 3085 1436 3155 impietatis
1483 3086 1725 3157 domus,

82 3170 317 3222 amentiae
350 3171 817 3240 receptaculum,
852 3172 1012 3243 quod
1043 3172 1201 3226 Deus
1233 3173 1530 3227 damnavit
1574 3176 1722 3244 ipse.

1865 593 1978 648 feci
2012 591 2190 646 Selon
2223 591 2366 662 (91):
2403 596 2458 646 et
2486 592 2795 664 projiciam
2813 609 2922 648 vos
2953 610 2985 648 a
3015 593 3165 648 facie
3195 610 3343 663 mea,
3371 594 3526 649 sicut

1863 681 2088 754 projeci
2139 681 2350 735 fratres
2398 685 2634 736 vestros
2681 697 2850 736 omne
2883 699 3086 737 semen
3119 683 3412 753 Ephraam.
3457 683 3528 738 Et

1861 776 1922 824 tu
1957 771 2073 825 noli
2108 786 2275 824 orare
2309 786 2413 840 pro
2445 771 2658 840 pOpulo
2690 772 2824 839 isto,
2859 775 2914 824 et
2937 772 3374 841 nolipostularo
3405 773 3527 826 illis

1861 859 2350 926 misericordiam,
2403 863 2458 912 et
2506 875 2696 930 neque
2738 863 3073 914 accesseris
3105 861 3175 914 ad
3208 877 3299 914 me
3332 877 3436 930 pro
3469 861 3538 921 il,

1860 949 1955 1018 lis,
1991 950 2124 1019 quia
2157 964 2273 1001 non
2306 948 2613 1002 exaudiam
2649 953 2722 1002 te.
2758 950 2871 1002 Aut
2902 965 3018 1003 non
3059 950 3226 1004 vides
3259 951 3395 1020 quid
3427 952 3524 1005 isti

1860 1037 2082 1090 faciunt
2114 1039 2171 1090 in
2205 1037 2540 1091 civitatibus
2565 1037 2712 1091 Juda
2736 1038 2980 1105 (Jerem.
3016 1056 3114 1105 vn,
3153 1039 3282 1106 i—i)?
3308 1060 3328 1087 ι
3366 1040 3524 1094 Deus

1859 1143 1925 1180 se
1975 1142 2081 1196 pro
2131 1127 2248 1180 illis
2298 1126 2569 1196 prohibet
2611 1125 2829 1196 rogari,
2865 1143 3016 1197 quos
3047 1131 3108 1181 tu
3136 1127 3522 1206 vindicandos

1856 1219 2048 1285 putas.

1933 1304 2018 1357 15.
2067 1306 2142 1356 At
2185 1307 2342 1356 certe
2394 1303 2444 1357 si
2489 1303 2623 1373 jure
2669 1305 2927 1376 gentium
2975 1321 3234 1376 agerem,
3271 1305 3529 1360 dicerem

1859 1395 2110 1463 quantas
2144 1392 2430 1446 Ecclesiae
2459 1392 2740 1446 basilicas
2773 1394 2964 1447 Judaei
3002 1397 3264 1463 tempore
3296 1394 3525 1462 imperii

1857 1481 2077 1535 Juliani
2124 1481 2493 1535 incenderint
2536 1479 2668 1552 (92).
2722 1483 2883 1536 Duas
2932 1483 3223 1551 Damasci,
3275 1499 3524 1552 quarum

1860 1585 1974 1623 una
2005 1570 2104 1624 vix
2137 1572 2400 1639 reparata
2432 1572 2542 1638 est,
2574 1570 2681 1624 sed
2717 1571 3024 1638 Ecclesiae,
3067 1588 3184 1626 non
3233 1574 3370 1635 951
3428 1594 3527 1648 sy-

1857 1674 2111 1730 nagogae
2169 1658 2485 1727 impendiis
2537 1674 2550 1712 :
2619 1659 2802 1712 altera
2865 1659 3112 1712 basilica
3171 1659 3526 1714 informibus

1859 1747 2062 1802 horret
2090 1746 2309 1816 ruinis,
2349 1746 2616 1800 lncensae
2654 1750 2792 1800 sunt
2820 1747 3085 1801 basilicae
3116 1747 3309 1818 Gazis,
3339 1749 3532 1802 Asca-

1858 1835 2034 1904 lonaa,
2069 1835 2304 1905 Beryto,
2351 1839 2406 1888 et
2449 1834 2567 1888 illis
2611 1835 2734 1888 fere
2783 1835 2934 1889 locis
2963 1835 3258 1902 omnibus,
3295 1839 3352 1890 et
3396 1836 3523 1890 vin-

1856 1925 2069 1978 dictam
2127 1939 2298 1978 nemo
2357 1924 2654 1994 quaesivit.
2717 1923 2964 1979 Incensa
3023 1929 3114 1979 est
3169 1925 3416 1980 basilica
3471 1927 3530 1980 et

1855 2012 2233 2069 Alexandriae
2265 2028 2297 2065 a
2330 2013 2654 2083 gentilibus
2677 2017 2733 2066 et
2753 2013 3001 2083 Judaeis,
3021 2030 3153 2084 quae
3185 2015 3314 2069 sola
3341 2030 3529 2085 praes-

1854 2103 2016 2157 tabat
2047 2102 2300 2156 caeteris.
2337 2101 2604 2156 Ecclesia
2634 2117 2752 2157 non
2793 2103 3085 2157 vindicata
3114 2106 3224 2174 est,
3258 2104 3527 2159 vindica-

1854 2191 2017 2246 bitur
2047 2205 2376 2261 synagoga.

1928 2279 2014 2335 16.
2049 2279 2455 2332 Vindicabitur
2499 2279 2674 2332 etiam
2725 2277 3264 2336 Valentinianorum
3325 2283 3526 2339 fanum

1857 2369 2212 2423 incensum?
2267 2367 2417 2430 Quid
2475 2371 2568 2421 est
2627 2368 2783 2420 enim
2841 2368 2957 2422 nisi
3016 2368 3235 2440 fanum,
3287 2371 3347 2426 in
3404 2388 3522 2444 quo

1856 2461 1950 2513 est
1996 2459 2326 2512 conventus
2373 2456 2727 2528 gentilium?
2777 2457 2942 2512 Licet
2984 2459 3239 2530 gentiles
3296 2462 3522 2518 duode-

1859 2548 1974 2602 cim
2024 2547 2169 2600 deos
2214 2545 2526 2614 appellent,
2576 2545 2674 2599 isti
2723 2546 2958 2617 triginta
3007 2551 3064 2602 et
3109 2548 3260 2604 duos
3291 2550 3524 2607 [Eonas

1859 2637 2054 2691 colant
2084 2635 2218 2704 (93),
2251 2649 2403 2705 quos
2434 2634 2728 2704 appellant
2756 2635 2922 2689 deos.
2965 2635 3113 2690 Nam
3155 2641 3211 2691 et
3253 2639 3324 2694 de
3375 2642 3524 2710 ipsis

1857 2724 2117 2793 comperi
2164 2723 2410 2776 relatum
2455 2725 2512 2776 et
2559 2727 2937 2794 praeceptum,
2989 2729 3052 2779 ut
3099 2727 3157 2780 in
3199 2730 3523 2786 monachos

1854 2814 2288 2881 vindicaretur,
2351 2812 2448 2882 qui
2506 2812 2957 2881 prohibentibus
3017 2814 3128 2869 iter
3171 2817 3522 2873 Valentinia-

1859 2904 1975 2973 nis,
2009 2919 2124 2974 quo
2154 2901 2418 2972 psalmos
2468 2905 2747 2956 canentes
2796 2918 2870 2956 ex
2915 2907 3343 2962 consuetudine
3375 2925 3522 2962 usu-

1855 3009 1970 3063 que
2018 2992 2204 3046 veteri
2251 2990 2578 3063 pergebant
2611 2992 2683 3044 ad
2715 2991 3114 3047 celebritatem
3149 2995 3523 3054 Machabaeo-

1856 3099 1986 3136 rum
2044 3083 2360 3150 martyrum
2415 3077 2528 3149 (9-1)
2573 3081 2709 3134 moti
2761 3081 3074 3136 insolentia
3135 3083 3524 3142 incenderunt

1857 3171 2059 3225 fanum
2106 3185 2311 3225 eorum
2358 3169 2696 3240 iniquodam
2740 3171 2922 3224 rurali
2966 3172 3097 3227 vico
3145 3175 3520 3231 tumultuarie

79 3253 156 3307 Sic
185 3257 329 3312 enim
361 3259 627 3332 legimus
658 3277 766 3330 per
797 3277 865 3315 os
896 3261 1190 3330 Jeremize,
1216 3261 1444 3317 dicente
1481 3263 1726 3318 Domino
1757 3234 1809 3301 Ο
1857 3260 2178 3315 conditum.

80 3341 178 3397 Deo
206 3350 436 3403 nostro:
486 3372 510 3396 α
541 3349 610 3403 Et
640 3348 852 3403 faciam
881 3350 1100 3419 domui,
1136 3349 1239 3404 ubi
1269 3350 1607 3406 invocatum
1638 3356 1730 3408 est

77 3447 258 3488 nomen
289 3452 495 3492 meum
528 3454 710 3509 super
740 3439 951 3510 ipsam,
1000 3440 1060 3493 in
1103 3455 1218 3510 qua
1269 3440 1563 3496 conﬁditis
1593 3457 1724 3514 vos,

131 3591 230 3670 (89)
272 3595 461 3670 Long.
525 3598 680 3670 cod.,
737 3621 760 3647 α
798 3615 1039 3654 causam
1076 3599 1321 3654 curavit.
1360 3624 1381 3648 n
1433 3601 1726 3658 Caeterum

70 3669 296 3744 castrum
327 3668 772 3744 Callinicumgin
793 3671 1111 3744 _Osdroena
1141 3672 1384 3744 orientis
1416 3675 1720 3742 provincia

72 3738 218 3789 situm
261 3738 450 3795 fuisse
514 3741 888 3796 Godofredus
950 3743 1079 3797 loco
1144 3743 1316 3797 citato
1378 3738 1722 3801 auctoritate

73 3806 620 3884 Ammia‘ni,7Zosimi
649 3829 718 3866 ac
749 3813 983 3868 Notitice
1014 3813 1240 3884 imperii
1273 3815 1472 3869 tradit.

122 3880 538 3954 (90)_Di(:imus
585 3899 659 3938 ex
698 3883 938 3938 Socrate
970 3885 1072 3938 lib.
1097 3880 1166 3953 'v,
1201 3901 1253 3938 c.
1290 3886 1377 3954 17,
1412 3887 1717 3942 incensam

69 3961 183 4028 esse
211 3951 480 4028 Nectarii
509 3954 767 4023 domum,
803 3951 1644 4028 idquei'il‘heodosio'Augusto
1666 3963 1724 4014 et

64 4015 502 4098 C_ynegio_cossf
540 4015 946 4098 assignamu's.
983 4027 1188 4098 Neque
1219 4043 1360 4081 vero
1393 4015 1565 4083 nobis
1586 4031 1719 4084 offi-

66 4093 145 4162 cit,
174 4095 326 4162 quod
364 4093 733 4151 Ambrosius
765 4097 984 4151 dudum
1026 4093 1328 4152 incensam
1377 4099 1518 4152 dicit
1567 4116 1722 4154 eam-

69 4158 498 4242 dem—domum;
545 4169 796 4242 perinde
834 4170 988 4242 enim
1037 4168 1150 4242 hoc
1199 4169 1518 4242 loeo_agit,
1568 4188 1636 4224 ac
1671 4172 1722 4226 si

63 4238 190 4310 quis
225 4239 571 4308 quempiam
610 4238 840 4309 judicio
886 4239 1234 4309 defendens,
1269 4240 1366 4310 qui
1401 4238 1722 4298 commisso

65 4317 152 4369 per
179 4305 636 4377 imprudentiam
670 4310 1006 4378 homicidio,
1029 4305 1228 4363 statim
1255 4305 1486 4380 p'mnam
1520 4313 1722 4368 subire

64 4384 380 4448 cogeretur,
417 4397 558 4436 eum
588 4397 720 4434 cum
751 4382 864 4434 alio
897 4383 993 4452 qui
1020 4382 1241 4434 caedem
1263 4387 1396 4436 ante
1420 4400 1528 4437 sex
1562 4401 1720 4438 men-

59 4458 144 4498 ses
187 4464 261 4502 ex
311 4453 560 4506 insidiis
614 4457 1001 4521 perpetratam
1054 4453 1290 4521 impune
1341 4454 1596 4523 tulisset,
1647 4458 1723 4509 ita

63 4527 414 4593 compararet
450 4539 463 4577 :
499 4524 857 4576 Sententiam
889 4524 946 4577 in
975 4524 1128 4577 hunc
1152 4524 1446 4578 insontem
1466 4526 1588 4593 jam
1612 4543 1722 4580 vos

59 4586 278 4665 tulistis,
315 4608 457 4647 cum
491 4594 549 4646 in
583 4594 937 4648 sceleratum
971 4594 1156 4660 illum,
1189 4610 1220 4646 τι
1252 4611 1366 4665 quo
1399 4586 1616 4650 dudum
1651 4599 1796 4665 ci-D

58 4659 136 4710 vis
165 4659 506 4738 immaniter
536 4659 1313 4738 trucidatusgest,inihildur'n
1349 4669 1591 4738 gravius
1625 4669 1723 4723 de-

59 4735 375 4855 crevgritis.
431 4736 497 4790 in
546 4752 662 4806 quo
708 4736 922 4791 videtis
972 4737 1045 4790 ab
1091 4753 1205 4791 usu
1252 4735 1547 4792 communi
1580 4741 1724 4794 nihil

59 4814 174 4854 rece
221 4820 344 4855 ere.

57 4814 344 4860 recedere.

117 4873 224 4944 (9t)
276 4877 361 4930 Ita
393 4893 572 4946 mss.,
604 4878 741 4932 edit.
777 4881 968 4933 autem
1001 4879 1239 4934 Amerb.
1274 4895 1405 4932 cum
1438 4880 1596 4933 LXX
1631 4881 1722 4934 in-

56 4942 219 5013 terpr.
247 4947 475 5023 scribit
504 4942 646 5023 Solo
669 4969 685 5002 :
720 4949 912 5018 Eras.,
940 4953 1349 5023 et_sequentes
1382 4967 1514 5004 cum
1547 4952 1721 5023 Vulg.

52 5027 197 5068 vers.
233 5017 389 5090 Silo.
428 5019 581 5072 Infra
614 5036 756 5076 vero
788 5017 904 5090 pro
930 5046 950 5068 «ι
991 5017 1204 5076 fratres
1242 5026 1479 5077 vestros
1517 5046 1539 5070 n
1572 5017 1720 5078 mss.

53 5089 312 5160 nonnulli
346 5090 589 5160 habent,
630 5113 650 5141 «
687 5089 888 5160 patres
918 5096 1174 5147 vestros.
1216 5117 1236 5139 ιν

115 5157 582 5232 (92)(ἶοῐιειιιό
629 5157 811 5232 super
855 5163 949 5217 his
1000 5164 1380 5218 hasnlicarum
1429 5163 1721 5219 incendiis

51 5223 319 5307 Gregorii
374 5232 618 5307 Na_zia_n.
668 5223 817 5307 orat.
851 5235 917 5287 16
948 5238 1009 5288 in
1040 5236 1280 5301 Julian.,
1313 5235 1722 5307 Chrysostomi

52 5303 193 5374 orat:
222 5301 434 5374 4Atom.
471 5305 510 5370 l,
544 5305 825 5374 Cyrillum
858 5307 1048 5372 Alex.,
1083 5312 1137 5360 ct
1166 5308 1335 5360 alios.

109 5370 219 5440 (93)
258 5372 436 5447 Rom.
471 5370 612 5429 edit.
647 5396 668 5425 α
704 5377 942 5447 triginta
976 5370 1205 5430 Adonas
1241 5378 1450 5431 colant.
1492 5402 1512 5422 η
1548 5377 1617 5431 Et
1638 5393 1724 5433 re-

46 5453 175 5516 vera
225 5445 475 5516 totidem
523 5445 857 5516 agnoscunt
903 5449 1186 5516 Irenaeus,
1248 5450 1347 5501 lib.
1403 5465 1417 5501 ι
1477 5449 1718 5504 advers.

46 5507 332 5588 ﬂereses
345 5534 370 5588 ;Δ
386 5507 808 5585 Tertullianus,
828 5519 1070 5573 advers.
1108 5507 1358 5580 Valent;
1381 5519 1722 5588 Epiphanns

46 5579 272 5659 Haeres.
306 5585 427 5659 3t;
458 5579 888 5658 Theodoretus,
921 5590 1204 5644 Paulinus
1236 5591 1298 5642 in
1337 5579 1460 5642 ιἰίξι
1488 5579 1720 5659 .”11ηΙ)1·.,

45 5654 98 5732 et
129 5654 513 5732 Augustinus
533 5659 858 5732 deficerem
876 5654 1012 5732 cap.
1046 5660 1132 5715 11.
1167 5659 1283 5714 Sed
1316 5676 1448 5714 cum
1480 5654 1722 5716 ultimus

45 5719 136 5796 hic
185 5719 492 5796 proditum
534 5746 567 5784 a
619 5719 1045 5787 Valentinianis
1085 5734 1315 5787 asserat
1345 5747 1551 5786 omnes
1581 5732 1719 5788 illos

42 5794 274 5852 (Bonas
307 5815 390 5854 ex
415 5802 603 5877 Bytho
622 5805 679 5859 et
701 5803 842 5877 Sige
865 5807 1205 5877 generatos,
1228 5807 1444 5877 movet,
1471 5818 1723 5877 consen-

47 5879 151 5926 sus
195 5884 358 5932 mss.
412 5877 470 5935 et
512 5876 631 5934 vet.
672 5874 812 5936 edit.
853 5874 918 5936 ut
955 5880 1266 5957 utrumque
1293 5874 1368 5937 ab
1405 5875 1726 5940 Ambrosio

1927 3349 2011 3405 17.
2061 3348 2268 3414 Quanti
2317 3363 2384 3403 se
2432 3346 2644 3402 offerre
2692 3347 2910 3404 habent
2951 3349 3051 3404 tali
3091 3351 3349 3421 cptioni:
3385 3369 3519 3408 cum

1855 3439 2228 3496 meminerint
2269 3441 2532 3508 tempore
2577 3437 2793 3493 Juliani
2836 3438 3019 3510 illum,
3064 3441 3164 3511 qui
3213 3457 3375 3496 aram
3407 3443 3520 3514 (95)

1852 3603 1986 3657 aliis
2029 3602 2098 3656 30
2141 3600 2586 3672 adnumeratum
2630 3599 3007 3672 arbitremus.
3053 3600 3222 3656 Certe
3269 3603 3520 3672 ipsemet

1855 3675 1955 3728 lib.
1990 3674 2063 3728 de
2101 3672 2335 3726 Incarn.
2379 3671 2704 3742 Dom.cap.
2737 3671 2790 3739 4,
2826 3687 2985 3726 num.
3017 3672 3070 3742 ‘2,
3103 3673 3200 3726 ubi
3251 3671 3517 3730 eamdem

1855 3747 2068 3800 horum
2098 3741 2846 3814 haereticoruminsaniam
2886 3741 3090 3814 tangit,
3125 3744 3385 3798 z’Eonum
3418 3762 3518 3800 nu-

1852 3832 2079 3871 merum
2125 3829 2244 3868 non
2292 3813 2586 3882 exprimit.
2633 3814 2818 3867 Porro
2870 3813 3334 3882 per’duodecim
3380 3817 3514 3872 illos

1852 3890 2020 3953 deos,
2063 3886 2162 3957 qui
2215 3883 2511 3953 superiori
2554 3898 2737 3938 versu
2781 3890 3200 3952 memorantur,
3247 3888 3515 3942 Nannius

1852 3963 2011 4015 recte
2041 3957 2313 4028 intelligit
2342 3959 2659 4028 consentes
2692 3957 2858 4024 deos,
2884 3957 3040 4026 quod
3063 3957 3230 4012 Jovis
3248 3959 3518 4014 consiliis

1851 4033 2144 4084 interesse
2177 4027 2576 4101 crederentur,
2609 4027 2686 4101 ita
2717 4028 3068 4101 nominatos,
3093 4045 3161 4082 ac
3183 4045 3294 4101 suo
3316 4047 3518 4101 quem-

1851 4118 1964 4173 que
2009 4100 2198 4173 mensi
2242 4098 2858 4173 praafectos._llorum
2904 4100 3140 4154 nomina
3196 4098 3520 4156 etferuntur

1851 4168 1964 4228 hoc
1996 4171 2248 4225 disticho
2282 4169 2434 4239 apud
2468 4168 2718 4222 Ennium
2752 4184 2764 4224 :

1943 4316 2102 4370 Juno,
2129 4313 2306 4370 Vesta,
2342 4311 2593 4369 Minerva,
2628 4311 2802 4369 Ceres,
2832 4312 3012 4368 Diana,
3039 4311 3240 4371 Venus,
3275 4314 3433 4374 Mars,

1945 4376 2258 4431 Mercurius,
2290 4374 2458 4431 Jovis,
2495 4374 2790 4433 Neptunus,
2827 4375 3118 4433 Vulcanus,
3147 4375 3353 4436 Apollo.

1919 4512 2031 4582 (94)
2080 4511 2189 4564 Hic
2225 4505 2401 4582 multa
2435 4509 2771 4582 occurrunt,
2806 4522 2946 4582 quze
2969 4507 3361 4582 pertinentac
3397 4505 3512 4562 Ec-

1849 4577 2244 4639 clesiasticam
2304 4578 2677 4646 disciplinam
2735 4591 2748 4630 :
2810 4577 3082 4628 nimirum
3141 4577 3513 4646 publicarum

1849 4653 2343 4725 supplicationum
2399 4649 2752 4725 antiquitas,
2802 4647 3120 4725 celebritas
3170 4651 3513 4705 monasticae

1848 4717 2255 4788 institutionis,
2288 4736 2355 4772 ac
2383 4717 2637 4788 denique
2669 4717 3143 4790 b’iachabaeorum
3191 4726 3515 4790 martyrum

1847 4799 2044 4868 prisca
2092 4792 2411 4858 veneratio,
2465 4805 2639 4868 quam
2673 4788 2860 4868 etiam
2909 4789 3145 4868 plurimi
3201 4788 3511 4868 sermones

1845 4859 2082 4922 Patrum
2113 4866 2453 4918 Graecorum
2483 4874 2552 4912 ac
2587 4859 2924 4913 Latinorum
2956 4860 3014 4912 in
3044 4862 3385 4916 eorumdem
3417 4879 3514 4918 na-

1845 4939 2064 4993 talibus
2096 4933 2278 4988 habiti
2309 4934 2734 4985 contestantur.

1916 5010 2028 5078 (95)
2058 5005 2276 5060 Omnes
2309 5003 2470 5071 edit.,
2509 5023 2529 5050 «ι
2564 5001 2715 5078 Quot
2747 5017 2814 5078 se
2845 5000 3124 5078 offerre...
3174 5003 3512 5078 illumquia

1846 5073 2045 5147 aram;
2074 5101 2095 5125 η
2133 5091 2338 5130 omnes
2356 5089 2532 5147 mss.,
2561 5097 2582 5118 «
2609 5073 2819 5147 Quanti
2842 5089 2908 5127 se
2932 5073 3173 5142 otl‘erre;
3204 5095 3225 5123 »
3253 5076 3360 5130 sed
3384 5073 3511 5145 plu-

1845 5168 1945 5208 res
1975 5145 2218 5216 tantum,
2256 5146 2494 5219 »V__illum
2533 5145 2634 5219 qui
2663 5159 2863 5212 aram;
2901 5169 2922 5192 ιι
2961 5147 3320 5219 unusetiam
3357 5148 3506 5219 Reg.

1847 5227 1978 5278 ante
2010 5235 2218 5274 vocem
2267 5217 2429 5271 illum
2471 5216 2711 5270 exhibet
2740 5231 2954 5270 nomen
2988 5217 3354 5287 Capitolium.
3392 5216 3509 5271 V6-

1846 5298 2174 5349 rumtamen
2222 5291 2274 5342 si
2323 5288 2520 5357 opinio
2566 5287 2803 5341 Baronii
2848 5287 2921 5340 ad
2959 5304 3054 5342 an.
3087 5289 3212 5355 362,
3248 5305 3356 5342 nec
3388 5305 3506 5342 non

1847 5364 2123 5420 llermani
2157 5361 2257 5414 lib.
2300 5377 2333 5412 v
2399 5359 2539 5412 Vin
2582 5358 2793 5412 Ambr.
2847 5375 2974 5428 cap.
3018 5359 3103 5428 13,
3155 5359 3508 5412 admittenda

1845 5442 1956 5504 est,
1992 5450 2125 5506 quae
2158 5436 2314 5487 certe
2346 5429 2675 5506 probabilis
2701 5430 3012 5506 admodum
3050 5430 3223 5506 nobis
3254 5428 3504 5506 videtur,

1846 5497 2168 5562 Emilianus
2215 5497 2616 5574 appellabatur
2663 5501 2759 5555 hic
2809 5502 2968 5574 ipse_
2986 5497 3508 5574 m_a_rtyr._»Eten_im

1842 5580 2033 5635 eidem
2065 5569 2311 5646 uterque
2341 5573 2622 5646 attribuit,
2657 5569 2892 5646 quando
2925 5569 3190 5646 Emiliani
3224 5569 3508 5646 Dorosto-

1840 5650 2014 5706 ritani
2043 5639 2322 5720 martyrio
2357 5639 2754 5720 Hieronymus
2795 5643 2862 5720 in
2895 5641 3206 5720 Chronico
3246 5639 3506 5720 tradidit,

1847 5723 2002 5778 sicut
2030 5724 2086 5774 et
2115 5708 2522 5773 Theodoretus
2551 5708 2654 5769 li'b.
2690 5732 2751 5766 ιιι
2783 5713 2925 5766 lu'st.
2967 5727 3093 5780 cap.
3125 5708 3179 5782 Ἰ,
3211 5709 3313 5764 ubi
3340 5708 3511 5782 judi-l

1843 5797 1899 5854 ci
1929 5807 2142 5849 nomen
2172 5790 2364 5845 fuisse
2392 5785 2718 5858 Capitolino
2750 5783 2977 5858 scribit.
3000 5779 3165 5858 Quod
3195 5779 3512 5840 vero'subq

1835 5853 1922 5933 dit
1949 5865 2246 5928 neminem
2275 5853 2682 5938 eidem'judici
2715 5853 2989 5915 osculum
3023 5853 3236 5935 postea
3262 5871 3383 5918 non
3410 5870 3516 5936 ne,
