4070 6180
504 296 664 358 1155

1969 287 2037 358 Ξ.
2082 280 2528 359 AMBROSII.

3765 303 3882 369 1156

507 493 726 566 dejecit
754 495 811 549 et
839 494 1098 549 turbavit
1128 495 1509 566 sacrificium,
1547 494 1885 551 damnatum
1917 512 1948 550 a
1975 494 2184 567 judice
2207 478 2269 547 ι
2296 512 2475 552 manu
2523 495 2764 552 liberari
2818 496 3024 567 potuit.
3076 497 3267 553 Addet
3312 497 3467 554 hanc
3530 499 3883 577 celebritatem,

507 582 728 637 fecisse
756 583 1140 655 martyrium?
1171 584 1368 655 Itaque
1400 600 1700 656 nunquam
1739 584 1887 639 alias
1933 584 2031 639 ille
2079 583 2185 655 ju-

508 671 626 726 dex
654 672 879 727 audivit
907 688 1063 743 eum,
1098 673 1215 727 nisi
1244 677 1593 743 persecutor
1612 674 1851 728 habitus
1873 676 1982 736 est,
2009 688 2184 728 nemo

508 760 675 815 illum
707 776 1062 833 congressu,
1095 776 1269 817 nemo
1318 761 1482 816 illum
1530 778 1793 834 unquam
1840 762 2049 817 osculo
2090 763 2183 816 di-

502 866 692 922 gnum
725 850 969 920 putavit.
1001 849 1110 915 Qui
1139 850 1253 905 nisi
1279 850 1405 921 jam
1436 853 1601 905 esset
1630 850 1969 918 defunctus,
2003 852 2175 904 time-

506 954 654 1008 rem,
688 938 1028 1009 imperator,
1063 955 1138 994 ne
1178 940 1238 993 in
1287 955 1421 994 eum
1468 943 1532 995 tu
1579 940 1941 1010 viudicares,
1992 955 2182 1010 quan-

509 1044 685 1100 quam
729 1028 1049 1082 vindictam
1099 1027 1404 1084 cmlestem
1450 1044 1569 1083 non
1617 1029 1897 1097 evaserit,
1941 1044 2051 1083 suo
2084 1044 2186 1083 su-

509 1119 746 1188 perstes
777 1116 1000 1172 haeredi
1029 1116 1166 1187 (96).

582 1205 670 1262 18.
713 1205 830 1260 Sed
859 1205 1115 1260 refertur
1144 1206 1541 1279 cognitionem
1589 1205 1919 1262 mandatam
1960 1206 2171 1277 judici,

512 1295 920 1365 scriptumque
968 1310 1038 1350 eo
1083 1295 1243 1366 quod
1288 1310 1407 1350 non
1453 1295 1680 1350 referre
1724 1295 2013 1365 debuerit,
2075 1295 2184 1350 sed

511 1383 814 1438 vindicare
863 1399 876 1439 :
928 1384 1286 1455 requirenda
1334 1399 1573 1456 quoque
1630 1384 1862 1439 sublata
1922 1384 2184 1440 donaria.

512 1471 784 1527 Omittam
812 1471 955 1543 alia;
989 1473 1253 1529 incensa:
1283 1476 1422 1528 sunt
1452 1472 1564 1543 (97)
1597 1489 1630 1527 a
1661 1473 1889 1528 Judaeis
1911 1473 2190 1529 ecclesia-

518 1576 651 1616 rum
678 1560 968 1632 basilicae,
1000 1564 1057 1617 et
1084 1562 1231 1616 nihil
1263 1562 1558 1617 redditum
1607 1564 1719 1633 est,
1771 1562 1917 1617 nihil
1966 1564 2186 1634 repeti-

514 1653 659 1722 tum,
714 1650 861 1705 nihil
902 1651 1240 1723 quaesitum.
1289 1649 1442 1716 Quid
1487 1654 1684 1707 autem
1731 1652 1952 1707 habere
2002 1653 2192 1722 potuit

517 1754 830 1811 synagoga
878 1741 939 1794 in
978 1742 1176 1794 castro
1222 1739 1459 1810 ultimo;
1511 1755 1645 1795 cum
1684 1742 1869 1796 totum
1900 1740 2190 1812 quidquid

515 1827 638 1883 illic
682 1831 792 1898 est,
842 1843 961 1883 non
1007 1828 1257 1882 multum
1302 1828 1399 1897 sit,
1448 1828 1593 1882 nihil
1642 1829 1990 1899 pretiosum,
2042 1829 2188 1884 nihil

519 1917 872 1988 capiosum?
898 1915 1048 1981 Quid
1078 1916 1290 1971 deinde
1322 1915 1595 1971 incendio
1627 1917 1789 1987 potui
1815 1919 1940 1988 rapi
1962 1917 2190 1974 Judaeis

519 2005 937 2061 insidiantibus
967 2004 1110 2076 (98)?
1141 2005 1316 2060 Artes
1346 2004 1479 2060 istae
1512 2008 1653 2060 sunt
1680 2005 2030 2062 Judeeorum
2076 2024 2188 2063 vo-

520 2094 763 2152 lentium
794 2091 1169 2164 calumniari;
1212 2096 1276 2148 ut
1319 2092 1456 2148 dum
1500 2095 1613 2149 ista
1643 2099 1988 2167 queruntur,
2022 2112 2191 2151 man-

522 2185 694 2240 detur
721 2186 887 2239 extra
918 2184 1183 2238 ordinem
1212 2182 1482 2238 militaris
1517 2199 1769 2239 censura
1797 2183 2028 2256 judicii,
2063 2186 2191 2239 mit-

521 2276 678 2329 tatur
705 2273 877 2328 miles
908 2272 1168 2327 fortasse
1208 2271 1475 2327 dicturus
1525 2273 1684 2344 quod
1734 2273 1830 2328 hic
1875 2274 2191 2346 aliquando

523 2366 657 2419 ante
684 2365 871 2433 tuum,
911 2362 1250 2433 imperator,
1302 2361 1450 2416 dixit
1491 2362 1810 2418 adventum
1842 2379 1855 2419 :
1887 2363 2192 2429 Quomodo

524 2451 740 2524 poterit
789 2467 902 2507 nos
944 2451 1220 2506 Christus
1262 2450 1496 2522 juvere,
1542 2451 1647 2523 qui
1681 2467 1790 2522 pro
1836 2452 2063 2508 Judaais
2094 2453 2194 2508 ad-

524 2557 743 2597 versus
774 2540 1078 2595 Christum
1107 2539 1471 2595 militamus?
1516 2541 1617 2611 qui
1647 2540 1930 2595 mittimur
1956 2542 2028 2596 ad
2061 2542 2191 2597 vin-

525 2632 742 2688 dictam
769 2630 1113 2686 Judaeorum
1158 2626 1298 2699 (99)!
1333 2643 1480 2684 suos
1528 2629 1912 2699 perdiderunt
1959 2633 2193 2687 exerci-

524 2726 646 2791 tus,
677 2723 920 2776 nostros
949 2718 1155 2773 volunt
1182 2718 1452 2788 perdere.

609 2804 880 2868 95219.
922 2808 987 2862 In
1035 2823 1185 2879 quas
1232 2810 1518 2877 praeterea
1565 2824 1683 2864 non
1733 2810 2044 2880 prosiliant
2092 2827 2193 2866 ca-

526 2900 802 2971 lumnias,
846 2898 946 2970 qui
998 2897 1172 2952 etiam
1218 2896 1455 2952 Christo
1496 2896 1667 2953 falsis
1697 2899 2059 2956 testimoniis
2091 2917 2194 2955 ca-

528 2989 794 3047 lumniati
838 2988 1016 3043 sunt?
1063 2986 1128 3040 In
1171 3001 1321 3057 quas
1369 3002 1486 3042 non
1528 2988 1839 3058 prosiliant
1869 2990 2194 3045 calumnias

528 3080 800 3137 homines
832 3080 889 3132 et
915 3076 1072 3132 circa
1102 3075 1300 3130 divina
1330 3075 1687 3132 mendaces?
1733 3077 1895 3142 Quos
1937 3094 2057 3134 non
2085 3094 2194 3134 au-

528 3173 725 3226 ctores
773 3164 1086 3223 seditionis
1134 3164 1326 3219 fuisse
1374 3165 1609 3221 dicant?
1657 3165 1819 3230 Quos
1858 3183 1977 3222 non
2006 3183 2191 3239 appe-

524 3262 667 3330 tant,
702 3257 875 3313 etiam
904 3271 1057 3328 quos
1087 3270 1205 3310 non
1234 3257 1671 3327 recognoscant
1701 3259 1763 3310 ut
1792 3259 2195 3312 catenatorum

526 3348 769 3405 ordines
798 3346 1143 3400 innumeros
1172 3347 1441 3415 spectent
1472 3345 1543 3399 de
1578 3345 1905 3401 christiano
1951 3347 2193 3418 populo,

525 3440 590 3494 ut
620 3436 848 3508 captiva
877 3435 1115 3490 videant
1143 3432 1293 3489 colla
1315 3431 1509 3504 plebis
1532 3433 1751 3502 fidelis,
1784 3438 1847 3489 ut
1867 3435 2197 3490 condantur

524 3528 587 3582 in
633 3525 912 3582 tenebras
962 3522 1069 3579 Dei
1111 3522 1356 3591 servuli,
1407 3526 1467 3577 ut
1515 3521 1804 3579 feriantur
1852 3524 2192 3595 securibus,

526 3613 740 3672 dentur
783 3612 1048 3687 ignibus,
1096 3611 1400 3668 tradantur
1445 3611 1720 3682 metallis,
1768 3628 1843 3668 ne
1874 3627 2049 3685 poena
2075 3614 2193 3668 cito

523 3707 807 3762 transeat.

594 3796 684 3850 20.
727 3794 901 3850 Hunc
930 3791 1102 3848 dabis
1130 3790 1492 3863 triumphum
1515 3789 1759 3865 {Judaeis
1802 3790 1875 3848 de
1925 3792 2197 3848 Ecclesia
2254 3836 2262 3846 .

526 3882 674 3940 Dei?
703 3883 817 3939 hoc
845 3885 1133 3953 tropaeum
1164 3881 1236 3937 de
1264 3880 1483 3936 Christi
1515 3882 1774 3952 p0pulo?
1805 3882 1935 3937 haec
1957 3881 2194 3955 gaudia,

527 3973 864 4044 imperator,
897 3970 1184 4042 perfidis?
1213 3970 1367 4025 hanc
1399 3969 1803 4025 celebritatem
1831 3971 2194 4044 Synagogae,

527 4061 642 4119 hoc
671 4062 867 4117 luctus
898 4058 1216 4115 Ecclesiael
1267 4058 1507 4115 Referet
1554 4058 1897 4115 Judaeorum
1941 4060 2197 4130 populus

528 4152 682 4208 hanc
710 4150 1141 4207 solemnitatem
1169 4150 1229 4203 in
1260 4149 1389 4205 dies
1418 4148 1609 4204 festos
1639 4164 1786 4204 suos
1824 4152 1882 4204 et
1924 4150 2079 4204 inter
2124 4149 2198 4205 il-

528 4241 622 4297 los
652 4239 919 4312 profecto
949 4238 1300 4308 numerabit,
1334 4228 1553 4309 quibus
1584 4241 1684 4293 aut
1713 4238 1785 4293 de
1825 4237 2195 4309 Amorrheis,

529 4332 629 4386 aut
657 4330 729 4386 de
757 4328 1110 4385 Chananaeis
1139 4327 1539 4398 triumphavit,
1574 4330 1672 4382 aut
1700 4327 1772 4382 de
1793 4327 2026 4383 Pharao
2049 4343 2196 4400 rege

531 4420 799 4494 ngypti,
831 4420 931 4475 aut
961 4417 1033 4475 de
1064 4416 1621 4473 Nabuchodonosor
1650 4415 1813 4489 regis
1856 4414 2197 4489 Babyloniae

531 4578 738 4636 gasse,
770 4560 842 4618 de
872 4562 949 4617 iis
981 4557 1207 4636 osculis
1228 4558 1603 4636 potissimum
1627 4558 2035 4636 intelligimus,
2070 4562 2203 4636 qui-

530 4631 647 4692 Bus
672 4634 989 4706 jusserunt
1017 4631 1287 4706 Apostoli
1317 4631 1690 4706 Christianos
1737 4631 1993 4706 invicem
2041 4631 2201 4706 salu-

532 4711 655 4787 tare
677 4702 938 4787 quaeque
970 4702 1309 4787 praesertim
1333 4702 1395 4756 in
1418 4717 1751 4787 .safcroru‘m
1800 4702 2199 4787 celebratione

534 4722 655 4762 tare
686 4722 938 4830 illumque
970 4722 1302 4774 praesertim
1333 4722 1395 4756 In
1442 4722 1751 4757 sacrorum
1800 4722 2199 4784 CBIBDI'OIIOHB

534 4778 756 4859 singui
801 4775 1059 4859 singulis
1092 4774 1459 4859 efferabant.
1502 4774 1627 4839 Qua
1673 4774 1745 4857 de
1777 4774 2202 4859 re‘adisis‘Ba:

531 4845 765 4903 ronium
812 4848 884 4901 ad
909 4845 1026 4901 'an.
1079 4846 1167 4915 45,
1219 4845 1659 4916 Albaspineeum
1706 4846 1763 4900 in
1802 4845 2113 4901 Observat.
2145 4850 2202 4902 et

533 4919 636 4972 lib.
681 4936 723 4972 ii
770 4918 844 4973 de
902 4916 1107 4972 Veteri
1150 4916 1415 4984 Polliti'a,
1468 4933 1596 4988 cap.
1648 4917 1716 4972 15
1763 4919 1822 4972 et
1850 4932 2003 4988 seq.,
2038 4918 2197 4973 card.

535 4991 759 5115 Blonam
806 4989 912 5045 lib.
962 5006 1003 5043 ii
1053 4989 1128 5044 de
1174 4988 1379 5044 Rebus
1439 4988 1646 5060 Iiturg.
1694 5004 1821 5060 cap.
1889 4988 1977 5059 16,
2027 4994 2202 5061 atque

535 5077 708 5115 aios.
2196 5073 2202 5087 ‘

533 5069 708 5117 alios.
2196 5069 2215 5087 '

605 5134 719 5203 (96)
757 5131 968 5189 Haeres
998 5132 1115 5201 hic,
1148 5130 1227 5185 ait
1254 5131 1547 5200 Nannius,
1581 5146 1701 5186 non
1731 5131 1831 5203 qui
1859 5131 1919 5185 in
1944 5130 2049 5202 jus
2096 5132 2202 5187 de-

534 5203 717 5260 functi
750 5205 1067 5273 successit,
1101 5204 1210 5259 sed
1232 5218 1633 5258 successurus
1657 5218 1794 5258 esse
1816 5204 2200 5274 jsperabatur,

534 5280 596 5331 ut
625 5275 925 5347 intelligas
956 5277 1140 5347 lilium
1168 5278 1315 5347 ante,
1333 5278 1557 5347 patrem
1579 5277 1831 5347 mortem
1860 5275 2110 5329 obiisse.

609 5347 723 5418 (9'7)
763 5344 847 5401 Ita
875 5363 1022 5402 mss.
1053 5346 1231 5418 longe
1262 5344 1531 5418 plurimi;
1561 5344 1660 5399 alii
1690 5349 1886 5418 autem
1914 5345 2201 5418 nonnulli,

539 5423 596 5475 et
623 5416 834 5475 omnes
864 5418 1025 5482 edit.,
1062 5440 1084 5465 α
1120 5416 1228 5472 sed
1259 5416 1581 5472 vindicare.
1617 5417 2059 5487 Requirenda...
2095 5418 2204 5471 do-

538 5491 724 5561 naria,
758 5494 820 5544 ut
849 5490 1108 5544 omittam
1138 5489 1271 5561 alia.
1302 5489 1800 5561 IncensagsuntL»
1837 5492 1948 5543 etc.
2001 5488 2205 5561 Innui-

538 5566 634 5618 tur
662 5558 857 5617 autem
884 5561 957 5616 ab
988 5560 1306 5615 Ambrosio
1339 5558 1669 5614 Ecclesium
1700 5559 1817 5613 illis
1837 5559 2205 5631 temporibus

540 5649 858 5710 numerosa
886 5633 1281 5710 pretiosarum
1317 5646 1517 5691 rerum
1562 5646 1631 5687 ac
1675 5630 1967 5691 vasorum
2001 5630 2205 5710 supel-

538 5705 733 5766 lectile
761 5704 1122 5767 abundasse.

2296 586 2646 659 significans
2678 601 2745 641 se
2776 586 2848 640 de
2876 584 3097 641 Christi
3115 587 3334 659 p0pulo
3350 587 3693 660 triumphum
3712 593 3883 665 egisse.

2363 707 2453 764 21.
2496 708 2568 763 Et
2598 726 2732 764 cum
2764 709 2878 780 ipsi
2914 711 3201 766 Romanis
3227 712 3470 784 legibus
3512 715 3686 768 teneri
3728 731 3783 771 se
3820 736 3888 774 ne-

2294 801 2436 871 gent
2465 799 2542 853 ita
2572 802 2634 853 ut
2663 799 2906 854 crimina
2935 800 3105 873 leges
3163 804 3390 871 putent,
3436 817 3589 857 nuiic
3627 804 3766 859 velut
3804 808 3887 862 Ro-

2292 889 2485 942 manis
2534 888 2770 961 legibus
2815 905 2882 944 se
2924 890 3315 945 vindicandos
3366 893 3582 961 putant.
3631 891 3735 946 Ubi
3774 902 3889 952 erant

2294 976 2425 1030 istae
2455 976 2645 1048 leges,
2679 993 2813 1032 cum
2841 978 3224 1033 incenderent
3253 978 3372 1049 ipsi
3406 983 3751 1036 sacratarum
3773 983 3889 1040 basi-

2293 1064 2538 1120 licarum
2571 1064 2843 1121 crimina!
2878 1067 2941 1122 Si
2973 1067 3245 1123 Julianus
3276 1084 3400 1122 non
3431 1072 3523 1123 est
3550 1069 3700 1124 ultus
3740 1071 3889 1127 Eccle-

2296 1156 2467 1224 siam,
2517 1156 2654 1227 quia
2702 1156 3121 1226 praevaricator
3164 1160 3286 1211 erat
3320 1173 3334 1212 :
3368 1160 3451 1226 tu,
3498 1158 3804 1231 imperator,
3829 1164 3887 1217 ul-

2295 1244 2543 1299 cisceris
2574 1261 2902 1319 synagogas
2933 1245 3232 1318 injuriam,
3294 1246 3438 1318 quia
3469 1247 3802 1304 christianus
3824 1251 3889 1305 esl

2366 1356 2455 1413 22.
2500 1359 2572 1414 Et
2615 1360 2756 1431 quid
2802 1364 3000 1416 tecum
3038 1362 3288 1431 posthac
3338 1361 3617 1418 Christus
3654 1362 3892 1436 loquetur?

2296 1447 2430 1503 Non
2452 1448 2790 1503 recordaris
2812 1449 2952 1519 quid
2976 1450 3163 1505 David
3191 1454 3402 1506 sancto
3435 1468 3545 1522 per
3570 1452 3781 1507 Nathan
3802 1469 3889 1523 pro-

2294 1536 2531 1607 phetam
2560 1536 2929 1592 mandaverit
2959 1538 3045 1608 (II
3069 1539 3219 1611 Reg.
3251 1556 3357 1611 vii,
3391 1540 3425 1594 Ἶ
3454 1541 3635 1613 seq.)?
3664 1540 3774 1613 Ego
3796 1544 3892 1598 tede

2294 1624 2579 1680 fratribus
2608 1625 2727 1680 tuis
2756 1626 3044 1682 minorem
3075 1626 3252 1700 elegi,
3285 1631 3345 1683 et
3375 1629 3452 1683 de
3498 1630 3717 1699 privato
3764 1630 3894 1700 impe-

2296 1716 2552 1769 ratorem
2596 1712 2733 1769 feci.
2786 1714 2914 1787 Ego
2961 1715 3034 1771 de
3076 1716 3272 1772 fructu
3320 1717 3577 1772 seminis
3621 1718 3698 1773 tui
3726 1718 3777 1773 in
3800 1721 3893 1775 sede

2296 1802 2583 1873 imperiali
2612 1802 2824 1858 locavi.
2860 1802 2987 1876 Ego
3018 1804 3126 1859 tibi
3154 1803 3397 1877 subjeci
3442 1807 3708 1862 nationes
3747 1807 3895 1861 barba-

2299 1907 2420 1961 ras,
2451 1906 2565 1963 ego
2596 1891 2699 1946 tibi
2729 1907 2935 1963 pacem
2962 1892 3117 1963 dedi,
3149 1909 3264 1966 ego
3294 1894 3407 1949 tibi
3452 1894 3742 1951 inimicum
3788 1898 3895 1951 tuum

2297 1980 2357 2034 in
2386 1983 2735 2051 potestatein
2763 1987 2921 2036 tuam
2953 1982 3250 2052 captivum
3297 1983 3547 2039 deduxi.
3594 1984 3896 2040 Frumentum

2300 2086 2415 2125 non
2466 2068 2730 2125 habebas
2773 2070 2847 2125 ad
2906 2072 3206 2127 exercitus
3273 2071 3642 2145 alimoniam,
3704 2075 3898 2145 ipsorum

2300 2158 2561 2214 hostium
2589 2175 2766 2214 manu
2793 2159 3045 2230 patefeci
3074 2160 3180 2216 tibi
3208 2165 3438 2233 portas,
3487 2164 3686 2233 aperui
3715 2164 3895 2230 horrea;

2304 2247 2591 2303 dederunt
2636 2248 2745 2304 tibi
2788 2248 2995 2304 hostes
3041 2251 3127 2304 tui
3173 2255 3548 2307 commeatus
3593 2267 3747 2324 suos,
3798 2269 3898 2325 quos

2302 2328 2670 2407 paraverant.
2703 2337 2831 2411 Ego
2860 2339 3201 2409 perturbavi
3231 2339 3430 2395 hostis
3463 2342 3549 2395 tui
3597 2342 3831 2411 consilia,
3865 2348 3902 2395 ut

2305 2442 2372 2481 se
2403 2427 2533 2497 ipse
2563 2427 2829 2483 nudaret.
2863 2427 2991 2500 Ego
3035 2428 3231 2499 ipsum
3280 2434 3698 2502 usurpatorem
3739 2432 3902 2502 imperii

2306 2516 2384 2569 ita
2432 2515 2618 2585 vinxi,
2664 2532 2733 2572 ac
2780 2522 3033 2572 mentem
3073 2516 3210 2589 ejus
3241 2518 3453 2591 ligavi,
3487 2524 3548 2574 ut
3578 2536 3703 2575 cum
3730 2520 3905 2574 haberet

2305 2603 2499 2659 adhuc
2530 2604 2796 2677 fugiendi
2827 2606 3075 2677 cepiam,
3105 2608 3299 2663 tamen
3333 2624 3473 2663 cum
3520 2609 3778 2664 omnibus
3817 2609 3903 2662 suis

2304 2694 2581 2763 tanquam
2628 2697 2918 2765 metuens,
2966 2710 3041 2750 ne
3084 2695 3221 2767 quis
3265 2697 3373 2751 tibi
3432 2698 3668 2769 periret,
3722 2699 3829 2769 ipse
3865 2713 3907 2750 se

2308 2782 2624 2838 clauderet.
2658 2783 2784 2856 Ego
2818 2784 3090 2839 comitem
3125 2784 3262 2856 ejus
3307 2790 3490 2858 atque
3536 2788 3829 2843 exercitum
3861 2802 3909 2840 ei

2310 2871 2455 2935 953
2484 2872 2664 2926 altera
2693 2876 2856 2943 parte
2888 2877 3134 2945 naturae,
3168 2891 3321 2946 quos
3374 2880 3511 2932 ante
3549 2878 3906 2948 disperseram,

2308 2977 2382 3017 ne
2411 2962 2485 3016 ad
2514 2961 2657 3016 belli
2682 2962 3027 3018 societatem
3075 2965 3320 3032 coirent,
3373 2966 3452 3020 ad
3498 2967 3905 3037 supplementum

2307 3051 2415 3107 tibi
2442 3051 2705 3106 victor-im
2738 3052 3104 3124 congregavi
3133 3053 3231 3123 (1).
3265 3053 3400 3126 Ego
3445 3055 3759 3110 exercitum
3796 3058 3911 3108 tuum

2309 3156 2385 3196 ex
2414 3140 2613 3196 multis
2634 3141 2935 3197 indomitis
2959 3157 3286 3198 convenam
3308 3145 3655 3199 nationibus
3681 3128 3912 3214 (2),°quasi

2229 3214 2284 3282 Ο
2312 3232 2488 3285 unius
2532 3231 2727 3303 gentis
2776 3230 2953 3286 iidem
3000 3235 3057 3287 et
3100 3233 3585 3304 tranquillitatem
3628 3237 3682 3288 et
3717 3246 3911 3288 concor-

2310 3319 2465 3374 diam
2494 3334 2735 3375 servare
2766 3320 3044 3390 praecepi.
3078 3319 3204 3393 Ego
3251 3337 3387 3376 cum
3437 3323 3755 3393 periculum
3793 3334 3910 3374 sum-

2310 3424 2472 3463 mum
2504 3410 2669 3463 esset
2698 3423 2772 3463 ne
2811 3407 2994 3479 Alpes
3040 3409 3218 3464 infida
3260 3410 3655 3468 barbarorum
3698 3412 3911 3481 penetra-

2311 3501 2442 3552 rent
2490 3497 2758 3568 consilia,
2804 3498 2956 3552 intra
3004 3498 3201 3569 ipsum
3245 3499 3488 3571 Alpium
3535 3500 3743 3555 vallum
3778 3497 3913 3551 victo-

2313 3586 2460 3642 riam
2504 3586 2609 3641 tibi
2656 3586 2896 3657 contuli,
2946 3589 3010 3643 ut
3057 3588 3188 3643 sine
3234 3588 3453 3645 damno
3504 3590 3783 3645 vinceres.
3826 3583 3913 3654 Ego

2313 3690 2459 3748 ergo
2490 3678 2546 3730 te
2574 3675 2938 3747 triumphare
2981 3675 3094 3731 feci
3145 3677 3219 3732 de
3266 3678 3512 3735 inimico
3557 3682 3676 3746 tuo,
3718 3679 3770 3732 et
3796 3677 3846 3730 tu
3868 3671 3915 3724 de

2312 3764 2485 3838 plebe
2517 3780 2645 3821 mea
2676 3765 2783 3819 das
2813 3765 2963 3819 meis
2992 3764 3253 3821 inimicis
3282 3765 3677 3839 triumphum!

2384 3881 2474 3936 23.
2516 3880 2728 3936 Nonne
2777 3882 3087 3952 prOpterea
3144 3881 3440 3939 Maximus
3490 3882 3786 3939 destitutus
3830 3877 3916 3941 est,

2312 3969 2413 4041 qui
2444 3971 2577 4024 ante
2607 3971 2776 4040 ipsos
2806 3969 3200 4041 expeditionis
3231 3972 3382 4042 dies,
3416 3989 3551 4028 cum
3572 3970 3816 4043 audisset
3842 3965 3917 4018 Ro-

2312 4074 2424 4114 mae
2446 4074 2816 4132 synagogam
2829 4060 3153 4131 incensam,
3175 4060 3432 4116 edictum
3450 4062 3692 4117 Romam
3703 4054 3912 4117 miserat.

2313 4148 2482 4221 quasi
2529 4149 2749 4203 vindex
2797 4149 3129 4219 disciplinae
3173 4150 3477 4220 publicae?
3524 4149 3686 4205 Unde
3717 4142 3914 4218 populus

2313 4237 2689 4292 Christianus
2721 4237 2802 4292 ait
2833 4253 2845 4293 :
2880 4237 3040 4293 Nihil
3070 4237 3210 4293 boni
3240 4238 3379 4293 huic
3401 4240 3679 4294 imminet.
3714 4237 3823 4291 Rex
3838 4232 3914 4284 iste

2313 4328 2559 4383 Judaeus
2591 4326 2783 4382 factus
2813 4331 2905 4381 est
2936 4343 2949 4382 :
2995 4326 3374 4383 defensorem
3423 4329 3601 4384 istum
3642 4321 3914 4394 disciplinis

2314 4416 2668 4487 audivimus,
2718 4431 2891 4488 quem
2937 4432 3076 4472 mox
3102 4416 3378 4473 Christus
3409 4416 3693 4489 probavit,
3729 4411 3817 4485 qui
3839 4420 3914 4479 pro

2385 4560 2499 4636 (99)
2536 4558 2821 4636 Nonnulli
2838 4575 3016 4636 mss,
3046 4581 3082 4636 ε
3092 4562 3221 4636 rapi
3242 4555 3909 4636 Judaeisiusipientibu‘sif

2386 4627 2498 4701 (99)
2537 4631 2756 4687 Omnes
2786 4632 2946 4698 edit.,
2988 4627 3010 4679 εἰ
3045 4627 3498 4697 Qui—mittuntur
3538 4627 3623 4687 ad'
3655 4627 3914 4701 vindicta?!

2314 4696 2658 4828 incltaeorum
2688 4718 2856 4774 suos,
2895 4696 3089 4775 nete;
3127 4720 3333 4759 omnes
3365 4721 3513 4760 mss.
3554 4701 3765 4767 melius,
3805 4696 3915 4749 utin

2341 4791 2412 4828 ex
2444 4791 2498 4828 ιι.

2316 4778 2498 4831 textu.
3856 4831 3867 4839 .
3889 4827 3897 4839 .

2388 4846 2465 4916 (1)
2504 4845 2797 4918 Intelligo,
2831 4845 3020 4918 inquit
3049 4845 3341 4918 Nannius,
3393 4847 3640 4918 classem
3671 4831 3914 4918 navarChiv

2315 4934 2491 4990 quem
2514 4916 2814 4990 _Maxiifius
2846 4916 3001 4990 bello
3036 4916 3331 4990 maritimo
3354 4916 3703 4990 praefecerat,
3739 4916 3909 4990 tempe-

2317 4978 2467 5045 state
2498 4988 2811 5059 disjectam
2842 4988 3053 5043 fuisse.
3088 4988 3236 5043 Sunt
3274 4978 3429 5045 enim
3472 4989 3569 5060 qui
3612 4978 3745 5040 duas
3782 4978 3911 5060 natu:

2314 5077 2398 5115 rae
2446 5046 2645 5130 paruis
2698 5046 3011 5132 appellent,
3063 5063 3277 5114 terram
3321 5064 3376 5115 et
3407 5046 3609 5132 aquam
3640 5063 3846 5132 :aerem
3868 5046 3909 5132 ςξ

2318 5115 2519 5203 ignem
2567 5146 2691 5203 non
2734 5115 2875 5203 esse
2923 5115 3229 5200 elementa,
3283 5132 3390 5187 sed
3434 5115 3910 5203 ellemeiitatarnala

2319 5195 2596 5257 nimirum
2647 5201 2905 5269 aliunde,
2952 5218 3069 5257 non
3122 5195 3317 5257 autem
3360 5200 3681 5273 primordia.
3724 5195 3807 5247 θυι
3841 5199 3910 5273 f9:

2319 5275 2475 5329 mina
2520 5289 2718 5328 rerum
2764 5256 3009 5327 naturae.
3074 5273 3157 5328 Ila
3206 5256 3495 5329 Nannius.
3550 5271 3800 5325 Caeterum
3838 5256 3909 5310 Ῑιίε

2317 5345 2499 5400 multa
2527 5347 2857 5417 tanguntur
2880 5344 3146 5400 historiae
3179 5347 3389 5417 capita,
3423 5361 3550 5417 qua:
3597 5355 3714 5417 cum
3751 5340 3907 5417 nari}:

2315 5417 2579 5471 tionibus
2632 5401 3071 5471 "historicorum
3135 5401 3407 5488 ejusdem
3440 5401 3644 5488 ‘aelalis
3695 5401 3907 5488 conferri:

2316 5504 2435 5543 non
2469 5488 2645 5541 fuerit
2675 5462 3205 5557 supervacaneum.
3239 5488 3386 5542 Vide
3418 5484 3672 5543 similiter
3712 5489 3819 5549 qua?
3851 5462 3903 5519 αδ

2314 5559 2464 5631 psal.
2498 5575 2615 5628 in,
2649 5556 2809 5631 num.
2842 5556 2929 5630 6:2,
2962 5559 3439 5614 observavimus.

2389 5630 2467 5707 (9')
2505 5621 2686 5689 Ρθὺοί
2720 5646 2892 5707 πιεευι
2916 5621 2951 5679 ’⁸
2986 5645 3388 5697 convenarum
3419 5621 3740 5691 nationibus.
3770 5635 3788 5665 ι
