4070 6180
193 284 356 353 1157
1357 278 1880 354 EPISTOLARI.

2021 274 2360 350 CLASSIS
2402 278 2451 348 Ι.
3490 271 3648 350 1158

193 487 617 560 peccatoribus
647 490 917 542 mortuus
949 491 1042 544 est
1062 488 1140 558 (3)
1164 489 1351 558 (Rom.
1376 506 1434 557 v,
1459 488 1535 557 6).
1556 488 1616 543 Si
1641 490 1713 544 de
1744 505 1870 544 ser-
1894 473 1944 541 Α
1975 488 2225 544 rendam
2253 490 2353 542 aut
2379 486 2800 542 vindicandum
2832 501 2950 542 non
2981 487 3174 557 putes,
3208 484 3363 556 quod
3394 485 3457 538 in
3485 483 3644 539 hunc

197 592 370 632 mone
403 577 516 632 hoc
547 577 770 631 dictum
800 580 911 646 est,
945 577 1085 648 quid
1117 578 1188 631 de
1222 578 1440 632 ultione
1462 577 1732 632 dicetur?
1764 578 1870 632 Ille
1977 578 2133 633 diem
2182 593 2354 632 nemo
2399 577 2695 648 quaesivit,
2748 591 2920 630 nemo
2973 591 3227 646 unquam
3276 573 3644 628 vindicavit?

201 668 380 738 igitur
408 666 608 720 statim
638 682 672 719 a
706 665 973 734 Francis,
1007 682 1038 718 a
1072 666 1372 721 Saxonum
1405 670 1600 738 gente,
1633 667 1690 720 in
1724 666 1871 720 Sici-
1977 667 2167 722 Grave
2191 669 2282 720 est
2305 667 2477 720 fidem
2499 669 2654 720 tuam
2671 681 2776 735 pro
2795 665 3020 720 Judmis
3038 663 3378 735 periclitari.
3403 663 3643 718 Gedeon

201 755 296 824 lia,
329 755 659 823 Sisciw(4),
692 755 1034 825 Petavionc;
1068 755 1287 826 ubique
1306 755 1557 826 denique
1579 759 1870 809 terrarum
1979 771 2112 810 cum
2162 755 2485 810 occidisset
2527 759 2822 808 sacratum
2876 753 3120 808 vitulum
3164 753 3379 814 (Judic.
3416 769 3495 821 vx,
3527 752 3639 821 28),

199 845 391 898 victus
432 847 545 898 est.
578 842 729 907 Quid
763 844 860 913 pio
893 859 1203 898 commune
1236 860 1369 898 cum
1401 844 1626 914 perfido
1647 846 1675 898 ‘?
1704 843 1868 898 Abo-
1975 845 2251 898 dixerunt
2270 845 2552 916 gentiles:
2580 844 2670 896 Dii
2692 843 2806 913 ipsi
2831 842 3105 913 injuriam
3130 857 3296 895 suam
3321 841 3638 894 vindicent.

195 933 370 986 lenda
423 947 557 986 cum
602 932 784 1001 impio
824 937 964 986 sunt
1001 933 1172 986 etiam
1213 933 1529 1002 impietatis
1575 934 1863 1004 exempla.
1975 932 2119 997 Quis
2152 933 2328 986 habet
2361 932 2736 1003 Synagogam
2766 932 3116 985 vindicare?
3162 930 3436 984 Christus
3467 945 3640 1000 quem

194 1019 366 1084 Quod
397 1021 480 1075 illi
513 1021 732 1088 nocuit,
767 1036 884 1090 quo
928 1022 1120 1075 victus
1151 1019 1431 1092 offendit;
1465 1021 1578 1077 hoc
1617 1039 1736 1077 non
1766 1038 1868 1076 se-
1975 1022 2338 1090 occiderunt,
2373 1037 2547 1092 quem
2567 1024 2938 1092 negaverunt
2959 1023 2985 1074 ε)
3017 1021 3105 1073 An
3136 1020 3294 1073 Deus
3317 1020 3491 1072 Pater
3514 1020 3642 1071 vin-

194 1110 300 1180 qui
331 1109 524 1177 debet,
558 1109 666 1163 sed
698 1110 998 1178 damnare,
1041 1110 1140 1180 qui
1174 1111 1332 1164 vicit.
1973 1109 2192 1164 dicabit
2220 1125 2347 1178 eos,
2383 1109 2482 1180 qui
2516 1126 2624 1164 nec
2660 1111 2888 1164 Pati-em
2920 1109 3229 1180 recipiunt,
3255 1109 3393 1162 dum
3427 1108 3639 1162 Filium

269 1199 359 1253 24.
395 1199 593 1269 Itaque
617 1197 714 1251 illa
735 1198 841 1252 tibi
858 1215 975 1252 non
997 1198 1172 1269 quasi
1194 1199 1424 1270 ingrato
1443 1201 1739 1270 recensui,
1760 1199 1869 1254 sed
1975 1214 2090 1252 non
2114 1200 2504 1268 receperunt?
2523 1198 2669 1262 Quis
2693 1198 2868 1252 habet
2892 1197 3434 1252 Valentinianorum
3452 1197 3641 1252 haere-

195 1288 370 1359 quasi
396 1286 530 1358 jure
561 1287 771 1340 collata
802 1289 1148 1356 numeravi;
1182 1292 1244 1341 ut
1274 1289 1368 1342 his
1387 1288 1748 1358 admonitus,
1771 1288 1866 1342 cui
1972 1287 2086 1341 sim
2116 1288 2453 1356 vindicare;
2485 1304 2661 1358 quam
2695 1287 2883 1358 pietas
2912 1291 3009 1342 tua
3039 1287 3334 1358 quomodo
3360 1287 3635 1355 vindicat,

193 1376 334 1446 plus
364 1376 640 1430 collatum
671 1379 764 1429 est
785 1377 883 1445 (5),
910 1377 1042 1446 plus
1066 1377 1303 1448 diligas.
1340 1377 1605 1449 Denique
1628 1378 1741 1432 hoc
1772 1394 1870 1432 re-
1974 1391 2107 1430 cum
2129 1392 2234 1431 eos
2259 1376 2758 1446 excludijusserit
2779 1377 2877 1446 (9),
2905 1393 3013 1430 nec
3036 1376 3426 1430 conveniendi
3457 1391 3637 1428 usur-

196 1465 517 1535 spondenti
565 1464 789 1518 Simoni
830 1465 978 1518 dixit
1021 1465 1307 1519 Dominus
1351 1465 1565 1520 Jesus:
1616 1488 1638 1512 α
1690 1467 1869 1520 Recte
1972 1481 2112 1536 pare
2144 1465 2371 1535 c0piam
2401 1464 2513 1534 (IV
2539 1465 2684 1536 Reg.
2710 1483 2852 1533 xxii,
2875 1466 2970 1534 ‘2)?
2999 1465 3060 1520 Si
3093 1465 3318 1519 Josiam
3357 1464 3461 1518 tibi
3493 1463 3639 1534 obji-

193 1552 482 1624 judicasti
511 1553 671 1623 (Luc.
706 1570 807 1622 vn,
843 1553 954 1623 43).
993 1577 1014 1600 n
1060 1555 1384 1625 Statimque
1425 1570 1756 1609 conversus
1797 1555 1868 1608 ad
1973 1555 2124 1608 ciam
2157 1570 2359 1625 regem
2391 1554 2512 1608 Deo
2544 1555 2872 1624 probatum,
2911 1554 3023 1608 hoc
3056 1554 3114 1608 in
3148 1553 3281 1608 istis
3302 1553 3632 1624 damnabis,

200 1641 510 1696 mulierem
541 1657 671 1712 quae
703 1641 888 1712 pedes
927 1641 1062 1713 ejus
1105 1647 1408 1714 unguento
1450 1643 1635 1712 unxit,
1666 1647 1868 1714 typum
1973 1643 2128 1714 quod
2160 1643 2218 1695 in
2249 1643 2348 1696 illo
2381 1641 2691 1712 probatum
2723 1645 2832 1696 est.

198 1730 493 1785 Ecclesiae
522 1746 763 1802 gerens,
795 1731 874 1784 ait
904 1730 1162 1786 Simoni:
1213 1754 1234 1780 α
1273 1732 1518 1802 Propter
1546 1733 1704 1803 quod
1735 1733 1867 1786 dico
2043 1731 2131 1785 27.
2192 1729 2362 1784 Certe
2418 1730 2472 1784 si
2531 1731 2674 1784 mihi
2724 1747 2929 1800 parum
2980 1731 3115 1785 fidei
3164 1730 3446 1801 defertur,
3490 1731 3637 1803 jube

194 1820 340 1874 tibi:
388 1820 640 1874 remissa
685 1823 825 1874 sunt
871 1824 1110 1890 peccata
1159 1819 1294 1892 ejus
1340 1821 1540 1890 multa,
1591 1821 1870 1892 quoniam
1892 1853 1944 1916 Β
1973 1819 2190 1874 adesse
2221 1835 2372 1890 quos
2403 1819 2702 1890 putaveris
2733 1821 3085 1890 episcopos;
3122 1822 3421 1889 tractetur,
3455 1821 3638 1892 impe-

194 1908 405 1964 dilexit
437 1909 701 1963 multum.
737 1909 844 1963 Cui
869 1913 1062 1964 autem
1091 1910 1286 1964 minus
1312 1910 1638 1980 dimittitur,
1673 1910 1869 1965 minus
1892 1907 1939 1916 '
1974 1912 2152 1978 rator,
2185 1908 2327 1980 quid
2356 1908 2522 1962 salva
2554 1908 2666 1962 fide
2698 1909 2793 1979 agi
2827 1907 3056 1962 debeat.
3100 1908 3159 1962 Si
3193 1908 3265 1964 de
3299 1909 3498 1964 causis
3529 1925 3636 1980 pe-

198 1997 395 2070 diligit
424 1997 600 2068 (Ibid.
633 1998 744 2067 4⁸7).
786 2022 808 2045 ιο
845 1997 989 2052 Haec
1018 2000 1109 2052 est
1141 1999 1352 2052 mulier
1381 2015 1513 2070 quae
1545 2001 1602 2053 in
1632 1999 1869 2054 domum
1975 1997 2258 2052 cuniariis
2291 1997 2536 2051 comites
2586 2001 2720 2051 tuos
2764 1997 3052 2066 consulis,
3087 2001 3304 2068 quanto
3344 1999 3536 2071 magis
3576 1999 3637 2055 in

197 2087 490 2141 Pharisaei
521 2087 777 2155 intravit,
809 2085 986 2157 ejecit
1019 2087 1308 2155 Judaeum,
1341 2086 1642 2143 Christum
1672 2092 1867 2144 autem
1973 2101 2154 2141 causa
2171 2086 2482 2156 religionis
2505 2086 2852 2141 sacerdotes
2872 2086 3103 2142 Domini
3126 2103 3362 2158 aequum
3381 2091 3472 2143 est
3493 2103 3634 2143 con-

196 2176 541 2246 acquisivit.
579 2175 846 2230 Ecclesia
875 2177 1029 2230 enim
1063 2176 1442 2248 Synagogam
1464 2178 1740 2247 exclusit,
1766 2195 1872 2233 cur
1971 2175 2179 2230 sulas‘?

195 2265 414 2318 iterum
447 2267 722 2333 tenlatur,
756 2267 816 2318 ut
845 2264 998 2334 apud
1027 2264 1249 2318 Christi
1281 2265 1585 2336 famulum,
1611 2266 1724 2321 hoc
1756 2270 1867 2337 est,
2042 2264 2130 2318 28.
2149 2263 2499 2319 Consideret
2530 2263 2838 2319 clementia
2856 2267 2953 2319 tua
2975 2267 3229 2336 quantos
3255 2266 3637 2324 insidiatores

193 2353 274 2408 de
299 2357 535 2424 pectore
555 2353 710 2423 fidei,
729 2354 801 2408 de
819 2354 992 2408 domo
1015 2353 1235 2408 Christi
1256 2352 1574 2427 Synagoga
1597 2356 1872 2411 excludat
1971 2352 2185 2408 habeat
2200 2353 2490 2422 Ecclesia,
2505 2357 2759 2424 quantos
2772 2353 3182 2423 exploratores
3199 2371 3210 2408 :
3227 2354 3417 2410 levem
3432 2356 3640 2411 rimam

195 2442 584 2497 Ecclesiam?
1971 2443 2026 2496 si
2057 2441 2427 2506 offenderint,
2460 2442 2642 2514 flgent
2672 2442 2961 2497 aculeum.
2994 2442 3330 2498 Secundum
3365 2443 3638 2501 homines

272 2530 365 2586 25.
401 2532 543 2586 Haec
573 2548 707 2604 ego,
742 2533 1080 2602 imperator,
1113 2548 1314 2587 amore
1353 2536 1409 2588 et
1449 2532 1648 2588 studio
1684 2534 1769 2588 tui
1812 2534 1871 2590 in
1971 2531 2214 2603 loquor:
2260 2535 2538 2586 caeterum
2569 2532 2703 2600 plus
2734 2531 3075 2586 hominibus
3106 2532 3220 2601 (10)
3254 2533 3413 2588 Deus
3466 2535 3638 2589 time-

193 2621 363 2676 hunc
386 2637 718 2676 sermonem
742 2621 1202 2676 contuli.Debeo
1225 2621 1704 2676 enimbeneficiis
1728 2623 1868 2694 tuis,
1973 2624 2094 2691 tur,
2141 2621 2244 2692 qui
2283 2621 2457 2676 etiam
2506 2619 2963 2690 imperatoribus
3007 2620 3144 2692 jure
3192 2622 3524 2692 praefertur.
3574 2625 3635 2678 Si

191 2711 446 2783 quibus,
478 2727 571 2766 me
600 2713 854 2781 petente,
887 2711 1153 2765 liberasti
1181 2711 1470 2782 plurimos
1509 2711 1580 2767 de
1610 2713 1868 2782 exsiliis,
1975 2711 2165 2764 amico
2210 2709 2445 2780 aliquis,
2479 2709 2534 2763 si
2582 2710 2808 2779 parenti
2849 2713 2947 2764 aut
2986 2711 3316 2781 propinquo
3364 2712 3638 2767 deferen-

189 2801 277 2855 de
311 2801 673 2870 carceribus,
707 2799 779 2855 de
811 2800 1029 2854 ultimae
1061 2801 1226 2855 necis
1258 2803 1453 2871 pcenis
1485 2801 1595 2871 (6);
1630 2793 1779 2857 954
1812 2807 1874 2858 ut
1978 2800 2114 2854 dum
2154 2799 2470 2866 existimat,
2516 2803 2676 2852 recte
2726 2814 2840 2870 ego
2881 2802 2938 2852 et
2968 2799 3354 2854 deferendum
3405 2802 3547 2871 Deo,
3581 2805 3638 2856 et

186 2890 376 2944 malle
407 2890 651 2944 debeam
681 2905 787 2959 pro
820 2889 1008 2943 salute
1041 2892 1136 2944 tua
1168 2891 1341 2944 etiam
1363 2889 1753 2946 offensionem
1784 2893 1867 2947 tui
1977 2905 2112 2944 eum
2140 2887 2253 2957 (11)
2285 2887 2720 2958 praaferendum
2750 2888 3026 2942 omnibus
3057 2888 3344 2959 judicavi.
3378 2891 3640 2946 Consule

188 2979 388 3034 animi
443 2995 560 3033 non
606 2979 812 3032 timere
869 2979 1065 3048 (nemo
1113 2979 1339 3050 majore
1398 2979 1612 3034 fiducia
1669 2981 1868 3052 utitur,
1977 2979 2104 3047 tibi,
2140 2979 2474 3048 imperator,
2508 2979 2606 3030 aut
2637 2980 2834 3046 patere
2865 2991 2957 3031 me
2985 2979 3301 3033 consulere
3333 2981 3495 3035 mihi.

189 3084 384 3141 quam
414 3069 512 3139 qui
542 3083 617 3122 ex
646 3066 857 3122 affectu
891 3067 1114 3138 diligit:
1167 3085 1340 3122 nemo
1373 3074 1531 3123 certe
1562 3069 1737 3124 debet
1765 3071 1872 3124 12e-
2049 3067 2137 3121 29.
2162 3065 2310 3130 Quid
2335 3065 2708 3136 respondebo
2731 3069 2956 3136 postea,
2983 3067 3037 3121 si
3059 3071 3421 3138 compertum
3445 3069 3641 3141 fuerit,

189 3159 370 3224 dere,
404 3157 502 3228 qui
534 3157 651 3211 sibi
681 3156 959 3218 consulit)
991 3173 1064 3211 ne
1093 3161 1176 3212 tot
1205 3173 1495 3212 annorum
1527 3163 1872 3229 conceptam
1910 3217 1956 3229 ___
1979 3157 2111 3210 data
2161 3155 2298 3210 hinc
2345 3155 2709 3224 auctoritate,
2741 3155 2973 3226 aliquos
3025 3156 3497 3212 Christianorum
3547 3163 3646 3213 aut

190 3217 622 3317 cujuscunque
654 3217 984 3301 sacerdotis
1014 3247 1090 3316 (7)
1132 3247 1379 3318 gratiam
1419 3262 1537 3302 uno
1576 3217 1872 3304 momento
1905 3217 1958 3283 Ο
1980 3245 2198 3318 gladio,
2229 3247 2330 3298 aut
2361 3244 2644 3313 fustibus,
2677 3217 2776 3298 aut
2807 3217 3100 3314 plumbeis
3144 3249 3387 3300 necatos
3409 3247 3437 3301 ?
3481 3245 3645 3311 Quo-

191 3337 486 3390 amittam.
524 3335 594 3389 Et
621 3339 816 3389 tamen
848 3351 964 3390 non
996 3335 1274 3390 damnum
1315 3336 1521 3407 gratias
1563 3337 1869 3408 deprecor,
1981 3334 2280 3389 modolioc
2299 3332 2836 3405 purgabofactum?
2857 3332 3646 3406 Quomodoexcusaboapud

192 3425 316 3480 sed
351 3425 560 3478 salutis
590 3424 916 3495 periculum
945 3425 1042 3494 (8).
1983 3423 2319 3494 episcopos,
2341 3423 2439 3493 qui
2473 3438 2629 3477 nunc
2661 3423 2798 3493 quia
2827 3438 2934 3493 per
2953 3422 3190 3494 triginta
3224 3426 3281 3478 et
3301 3423 3646 3480 innumeros

281 3513 369 3568 26.
401 3512 745 3585 Quanquam
773 3518 1055 3585 quantum
1087 3517 1199 3585 est,
1232 3514 1571 3586 imperator,
1604 3517 1668 3571 ut
1707 3532 1876 3588 quaa-
1983 3527 2172 3567 annos
2194 3511 2526 3583 presbyteri
2548 3511 2784 3583 quidam
2805 3511 2918 3582 (12)
2943 3503 3088 3566 955
3112 3510 3299 3584 gradu
3323 3513 3527 3585 functi,
3553 3513 3648 3570 vel

280 3655 360 3723 (3)
390 3654 536 3730 Tota
565 3654 664 3710 illa
695 3655 992 3726 pericope,
1024 3678 1045 3706 σι
1082 3656 1460 3730 defensorem
1480 3657 1740 3730 istum...
1775 3676 1882 3730 pro
1985 3655 2201 3730 riorem
2233 3669 2558 3730 possumu_s
2588 3654 2963 3730 iplerpg'elari
2985 3652 3340 3730 i110_sensu_:
3372 3679 3393 3703 α
3428 3653 3518 3712 Ne
3549 3673 3648 3713 cu-

194 3729 626 3802 peccatoribus
658 3725 926 3782 mortuus
944 3732 1060 3802 est,
1099 3750 1121 3777 ι
1157 3729 1217 3783 in
1246 3745 1363 3784 uno
1387 3729 1517 3784 cod.
1547 3730 1695 3802 Reg.
1721 3725 1880 3786 desi-
1979 3725 2320 3802 juscunque
2335 3725 2685 3802 sacerdotis,
2707 3745 2728 3802 ag
2747 3725 2804 3778 id
2823 3728 2935 3802 est,
2951 3727 3211 3802 omnium
3230 3728 3648 3802 episcoporum

194 3796 482 3855 Eleratur:
519 3798 668 3853 forte
699 3798 1019 3870 nonrmale.
1046 3796 1053 3798 “
1641 3796 1667 3802 ⁷
1985 3796 2256 3870 gratiam,
2290 3811 2405 3870 qua
2431 3796 2555 3870 jam
2584 3812 2617 3850 a
2647 3799 2732 3870 tot
2779 3798 2950 3851 annis
2985 3796 3326 3870 principum
3357 3796 3649 3856 adversus

281 3870 582 3943 (4)7Long.
614 3871 770 3943 eod.,
805 3869 1112 3943 Scythiae:
1142 3871 1356 3926 melius
1385 3870 1504 3938 alii,
1537 3874 1710 3943 atque
1727 3871 1877 3928 edit.
1985 3867 2124 3943 reos
2155 3868 2579 3943 indulgentiam
2611 3867 2876 3943 ebtinere
2908 3867 3120 3943 solent,
3155 3867 3433 3925 amittam.

197 3938 448 4010 SiSCiaz,
479 3938 636 4012 quod
665 3938 1060 3996 nomen'male
1093 3943 1377 3996 scribitur
1405 3943 1464 3996 in
1495 3938 1631 3997 edit:
1667 3946 1876 4009 Siciw;
2057 3941 2134 4010 (8)
2163 3938 2518 4012 Colb.'_cod.,
2555 3962 2577 3985 «
2614 3939 2685 3993 Et
2723 3943 2916 4012 tamen
2947 3940 3165 3994 donum
3197 3943 3405 4012 gratiae
3438 3943 3653 4012 depre-

198 4015 338 4070 erat
369 4010 526 4085 enim
557 4012 752 4085 Siscia
787 4012 965 4085 sedes
991 4014 1349 4085 episcopalis
1372 4029 1488 4068 non
1511 4015 1794 4085 ignobilis
1819 4015 1876 4069 in
1987 4029 2110 4066 cor.
2144 4011 2260 4065 Sed
2283 4010 2493 4085 salutis
2519 4011 2843 4085 periculum
2867 4016 3147 4085 quantum
3167 4010 3277 4081 est,
3313 4010 3650 4084 imperator,

197 4083 516 4140 Pannonia
547 4084 876 4153 superiore.
911 4083 1068 4137 Infra
1098 4082 1261 4152 vero,
1286 4082 1614 4140 ubiomnes
1648 4087 1784 4140 edit.
1809 4103 1878 4140 ac
1986 4088 2049 4138 ut
2077 4082 2467 4154 quaerendum
2504 4087 2605 4136 aut
2643 4082 3080 4150 vindicandum,
3121 4107 3142 4130 η
3179 4088 3290 4138 etc.
3326 4082 3481 4138 Infra
3511 4101 3653 4140 vero

199 4155 396 4211 multo
428 4155 630 4224 plures
661 4171 834 4224 mss.,
873 4177 894 4202 α
931 4159 986 4208 et
1029 4171 1146 4225 quo
1190 4157 1385 4210 victus
1431 4156 1672 4210 offendit
1707 4181 1728 4204 η
1780 4158 1876 4212 alii

199 4227 438 4298 aliquot
467 4242 588 4296 prae
620 4242 687 4280 se
719 4226 932 4298 ferunt,
964 4230 1067 4298 «te
1090 4242 1324 4297 quoque
1346 4229 1538 4281 victus
1562 4227 1821 4282 offendit.
1853 4252 1874 4275 η

283 4297 366 4366 (5)
395 4299 624 4351 Sensus
655 4297 921 4351 nonnihil
954 4297 1250 4352 obscurus
1283 4298 1358 4352 ob
1408 4299 1726 4353 verborum
1757 4304 1878 4352 tra-

195 4368 552 4441 jectionem,
604 4385 737 4440 quae
781 4372 842 4422 ut
888 4367 1122 4422 facilius
1171 4369 1559 4439 explicentur,
1599 4371 1674 4424 ita
1717 4371 1880 4424 ordi-

202 4439 407 4495 nanda
440 4442 616 4495 sunt:
660 4461 684 4490 ι
717 4443 777 4494 tu
825 4439 958 4495 plus
1010 4440 1246 4495 diligas.
1281 4441 1376 4495 cui
1422 4441 1558 4495 plus
1603 4443 1878 4495 collatum

202 4455 407 4495 nanda
440 4455 616 4496 sunt:
660 4461 684 4490 ι
717 4455 777 4494 ω
825 4455 958 4510 plus
1010 4455 1246 4512 (1111888,
1281 4457 1376 4495 οιιι
1422 4455 1558 4512 plus
1603 4455 1878 4496 couatum

207 4514 330 4567 est.
371 4531 392 4560 ι

285 4583 366 4651 (6)
389 4581 901 4655 Hoetemporibus
920 4581 1161 4655 relatam
1184 4583 1254 4636 de
1281 4582 1548 4655 Eugenio
1572 4583 1878 4638 victoriam

206 4654 443 4709 secutis
483 4653 858 4707 Hermannus
896 4653 1176 4722 attribuit,
1209 4653 1396 4724 atque
1436 4655 1652 4708 multos
1690 4656 1881 4709 sancti

205 4725 515 4780 Antistitis
556 4729 769 4796 rogatu
814 4725 888 4777 ab
939 4725 1136 4791 exilio,
1173 4729 1231 4780 et
1273 4729 1539 4778 extremo
1585 4727 1879 4795 supplicio

207 4797 501 4851 liberatos
531 4795 690 4850 esse.
723 4795 942 4867 Verum
975 4799 1366 4867 praeterquam
1385 4796 1542 4866 quod
1573 4811 1647 4850 ex
1667 4798 1882 4851 Orosio

209 4872 273 4947 et
297 4867 512 4921 Pacato
535 4866 943 4947 Theodosium
955 4867 1200 4947 victoria
1217 4866 1338 4921 sua
1361 4869 1681 4947 clementer
1707 4884 1882 4947 usum

209 4940 350 5020 ipse
380 4939 674 5020 agnoscit,
703 4939 827 5020 jam
876 4939 1258 5020 advertimus
1285 4939 1682 5020 Ambrosium
1705 4940 1884 5020 multa

212 5009 568 5080 hujusmodi
614 5010 968 5080 impetrasse
997 5025 1029 5062 a
1060 5009 1419 5064 Theodosio.
1456 5010 1523 5063 Et
1566 5013 1724 5064 certe
1755 5009 1883 5080 epi-

212 5097 540 5151 scOporum
572 5097 730 5150 esse,
765 5085 827 5134 ut
858 5097 962 5150 pro
993 5081 1231 5135 miseris
1255 5082 1642 5151 imperatores
1675 5096 1888 5136 conve-

214 5154 405 5216 niant,
463 5168 581 5206 non
631 5153 816 5206 semel
861 5169 891 5204 a
939 5152 1112 5206 nobis
1158 5153 1540 5206 observatum
1587 5158 1680 5207 est
1725 5153 1882 5222 apud

209 5223 622 5280 Ambrosium.
655 5227 711 5278 et
741 5240 815 5278 ex
846 5223 1115 5280 pluribus
1148 5225 1463 5280 Augustini
1489 5223 1757 5280 epistolis
1780 5224 1880 5278 ad-

273 5239 622 5295 morosium,
655 5239 711 5278 Θῑ
741 5240 815 5278 ex
846 5239 1115 5294 pllll‘lDllS
1148 5239 1463 5295 AllgllSlllll
1489 5239 1757 5294 θριειοιιε
1780 5239 1880 5278 αα-

213 5299 421 5350 vertas
450 5294 603 5348 licet.

292 5367 372 5436 (³7)
389 5366 607 5420 Omnes
628 5366 788 5434 edit.,
819 5388 840 5414 ι
868 5365 1282 5437 cujuscunque
1307 5367 1654 5437 sacerdotii;
1685 5389 1704 5414 ιι
1731 5382 1878 5420 mss.

215 5453 256 5517 ρ
285 5439 582 5517 centrario
606 5453 796 5517 prope
827 5438 898 5517 ad
932 5436 1134 5517 unum,
1166 5459 1186 5485 ι
1224 5436 1636 5517 cujuscunqae
1675 5453 1880 5517 sacer-

221 5509 403 5565 dotis.
440 5529 462 5558 ι
510 5507 739 5573 Quibus
795 5509 957 5578 prior
1003 5509 1176 5563 lectio
1226 5507 1418 5580 magis
1466 5511 1754 5580 arriserit,
1808 5510 1882 5561 ita

218 5581 583 5661 intelligant:
628 5580 716 5661 Ne
749 5580 896 5661 mihi.
931 5579 1698 5661 comparatam’saeerdot‘io
1730 5595 1884 5649 ineo,

218 5650 621 5726 quodcunque
654 5651 797 5707 illud
827 5652 924 5722 sit,
957 5652 1086 5726 sive
1116 5651 1360 5726 dignum
1393 5651 1522 5705 sive
1554 5650 1882 5726 indignum,

221 5722 476 5810 gratiam
497 5722 552 5783 et
573 5723 837 5782 favorem
859 5723 1136 5783 amittam.
1163 5722 1504 5784 Lectionem
1525 5737 1667 5780 vero
1689 5725 1888 5801 poste-

1986 4153 2150 4224 pro":
2187 4155 2359 4208 fidem
2395 4159 2570 4223 luam,
2614 4177 2634 4201 η
2677 4154 2831 4207 idem
2875 4170 2986 4208 ms.
3023 4153 3218 4226 habet,
3257 4179 3278 4202 «
3324 4156 3500 4210 ﬁdem
3542 4174 3653 4212 no-

1986 4229 2318 4367 Sllégnltgg.
2355 4295 2485 4350 cod.
2512 4311 2688 4362 unus,
2715 4319 2735 4342 α
2772 4312 3105 4368 quanquam
3127 4313 3248 4367 prie
3267 4299 3500 4368 cmteris
3523 4299 3654 4367 ipse

1988 4372 2082 4422 tua
2117 4369 2412 4437 quomodo
2436 4368 2724 4434 vindicas,
2746 4382 2877 4421 cum
2901 4367 3006 4422 eos
3026 4370 3260 4422 excludi
3278 4367 3544 4439 jusseris
3573 4385 3586 4436 ;
3611 4392 3646 4439 _u

1985 4440 2196 4510 reliqui
2231 4455 2376 4492 mss.
2419 4443 2474 4492 et
2507 4454 2712 4510 omnes
2746 4440 2883 4510 edit.
2919 4443 2979 4492 ut
3009 4439 3068 4492 in
3103 4437 3295 4506 textu,
3319 4439 3433 4492 nisi
3467 4437 3648 4510 quod,

1988 4526 2094 4581 pro
2115 4507 2661 4582 quomodo,quidam
2687 4509 2816 4582 cod,
2842 4507 3114 4582 legunt”
3143 4525 3380 4582 quoquo
3401 4507 3594 4582 modo.
3626 4530 3648 4559 ι

1910 4581 1964 4645 D
1987 4578 2278 4636 Caeterum
2311 4578 2546 4635 exstant
2574 4579 2775 4649 plures
2798 4578 2966 4650 leges
2987 4580 3042 4632 in
3067 4578 3208 4634 Cod.
3234 4578 3316 4633 tit.
3338 4581 3408 4634 de
3434 4579 3651 4634 Haeret.

1988 4653 2206 4724 quibus
2229 4653 2488 4724 omnium
2501 4651 2918 4724 hiereticorum
2933 4651 3342 4724 conventicula
3360 4651 3654 4724 prohibita

1989 4721 2146 4793 sunt,
2183 4724 2318 4778 licet
2347 4723 2468 4776 illic
2500 4721 2890 4775 Valentiniani
2941 4722 3250 4791 speciatim
3297 4738 3415 4777 non
3461 4723 3654 4777 nomi-

1989 4800 2220 4851 nantur.

1988 4937 2028 4993 b
2061 4867 2174 4935 (IO)
2227 4865 2374 4989 Lgss.
2431 4878 2550 4918 non
2614 4863 2806 4933 pauci.
2874 4887 2895 4910 ιι
2941 4861 3234 4919 Caeterum
3280 4864 3416 4935 plus
3469 4865 3655 4920 omni-

2033 4953 2126 4993 us.
2165 4961 2186 4984 ιι
2223 4952 2254 4990 e
2283 4951 2333 4989 c.

2033 4953 2126 4991 US.
2165 4961 2186 4984 η
2223 4951 2333 4990 CIC.

2063 4979 2184 5077 (TI).
2386 5005 2628 5079 aliquot,
2657 5029 2677 5052 ιι
2713 5004 2971 5079 siamico
2996 5023 3106 5061 suo
3133 5005 3332 5078 aliqui,
3359 5007 3409 5062 si
3429 5010 3657 5079 parenti

1991 5084 2089 5146 aut
2118 5079 2488 5187 propinquo;
2521 5077 2903 5132 deferendum
2938 5079 3078 5146 Deo,
3114 5083 3169 5131 et
3201 5077 3354 5150 eum,
3391 5077 3560 5134 »_etc.

2063 5151 2137 5187 ίιΙι
2161 5158 2175 5187 \
2199 5149 2327 5187 Nnn
2355 5151 2520 5187 πεδιιηί
2549 5165 2673 5187 unae
2747 5171 2768 5187 ιι
2807 5149 3156 5187 nnnchulav-ii
3183 5152 3414 5187 nnialom
3478 5176 3499 5187 .-
3539 5168 3560 5187 1:

2063 5149 2175 5218 (12)
2199 5149 2331 5204 Non
2355 5151 2523 5219 pauci
2549 5165 2720 5216 mss.,
2747 5171 2768 5196 ει
2807 5149 3161 5219 presbyterii
3183 5152 3438 5220 quidam,
3478 5176 3499 5199 »
3539 5155 3650 5206 etc.

1991 5222 2184 5276 Cariae
2197 5237 2374 5290 porro
2389 5220 2649 5274 officium
2663 5220 2897 5274 clericis
2912 5221 3162 5274 maxime
3178 5238 3496 5277 onerosum
3509 5225 3652 5290 erat,

1992 5292 2469 5364 quandoquidem
2499 5292 2570 5345 ad
2602 5291 2743 5345 illud
2775 5292 3146 5364 tributorum,
3185 5309 3254 5346 ac
3283 5293 3655 5363 publicorum

1994 5361 2379 5419 aedificiorum
2397 5379 2533 5417 cura
2549 5361 2896 5432 pertinebat.
2912 5363 3238 5418 Onerosius
3253 5361 3442 5418 tamen
3461 5364 3652 5417 adhuc

1994 5437 2230 5504 fuisset,
2257 5434 2308 5488 si
2332 5434 2667 5504 spectacula
2692 5433 2939 5504 profana
2961 5450 3170 5488 curare
3193 5435 3444 5488 clericos
3478 5448 3656 5502 opor—

1993 5507 2229 5576 tuisset,
2264 5509 2326 5560 ut
2353 5506 2732 5560 Innocentius
2764 5506 2822 5574 Ι,
2855 5505 3136 5560 decretali
3166 5521 3273 5559 sua
3302 5505 3375 5557 ad
3408 5505 3650 5576 Victric.

1997 5571 2272 5632 Rothom.
2329 5592 2456 5647 cap.
2505 5576 2572 5630 13
2615 5577 2752 5631 edit.
2803 5571 3048 5646 Quesn.,
3099 5577 3236 5630 item
3281 5573 3554 5647 epist._4‘
3583 5571 3659 5628 ad

1994 5648 2218 5706 Nucer.
2255 5643 2470 5720 cap.'3,
2508 5651 2584 5704 et.
2616 5649 2790 5720 epist.
2808 5647 2984 5720 2377ad
3009 5643 3181 5718 epist.
3207 5643 3422 5720 synodi
3451 5643 3657 5720 Talea,

1994 5719 2228 5782 videtur
2241 5715 2603 5798 signiﬁcare.
2626 5715 3010 5780 Probabilius
3025 5715 3219 5777 tamen
3231 5715 3323 5774 est
3335 5715 3664 5798 intelligen-
