  <div class='ocr_page' id='page_1' title='image "/cluster/home/n/w/nwhite01/storage/ocr_20150623/16/hvd.32044096580444/585.png"; bbox 0 0 4070 6180; ppageno 0'>
   <div class='ocr_carea' id='block_1_1' title="bbox 570 279 727 348">
    <p class='ocr_par' dir='ltr' id='par_1_1' title="bbox 570 279 727 348">
     <span class='ocr_line' id='line_1_1' title="bbox 570 279 727 348; baseline 0 0"><span class='ocrx_word' id='word_1_1' title='bbox 570 279 727 348; x_wconf 85' lang='grc'>1159</span> 
     </span>
    </p>
   </div>
   <div class='ocr_carea' id='block_1_2' title="bbox 2020 278 2581 351">
    <p class='ocr_par' dir='ltr' id='par_1_2' title="bbox 2020 278 2581 351">
     <span class='ocr_line' id='line_1_2' title="bbox 2020 278 2581 351; baseline 0.004 -2"><span class='ocrx_word' id='word_1_2' title='bbox 2020 278 2089 350; x_wconf 82' lang='lat' dir='ltr'><strong>S.</strong></span> <span class='ocrx_word' id='word_1_3' title='bbox 2135 278 2581 351; x_wconf 82' lang='lat' dir='ltr'><strong>AMBROSII.</strong></span> 
     </span>
    </p>
   </div>
   <div class='ocr_carea' id='block_1_3' title="bbox 3812 298 3927 365">
    <p class='ocr_par' dir='ltr' id='par_1_3' title="bbox 3812 298 3927 365">
     <span class='ocr_line' id='line_1_3' title="bbox 3812 298 3927 365; baseline 0.043 -5"><span class='ocrx_word' id='word_1_4' title='bbox 3812 298 3927 365; x_wconf 80' lang='grc'>1160</span> 
     </span>
    </p>
   </div>
   <div class='ocr_carea' id='block_1_4' title="bbox 567 475 3928 575">
    <p class='ocr_par' dir='ltr' id='par_1_4' title="bbox 567 475 3928 575">
     <span class='ocr_line' id='line_1_4' title="bbox 567 475 3928 575; baseline 0.005 -35"><span class='ocrx_word' id='word_1_5' title='bbox 567 484 820 540; x_wconf 77' lang='lat' dir='ltr'><strong>ministri</strong></span> <span class='ocrx_word' id='word_1_6' title='bbox 854 483 1144 541; x_wconf 79' lang='lat' dir='ltr'><strong>Ecclesiae</strong></span> <span class='ocrx_word' id='word_1_7' title='bbox 1192 486 1574 542; x_wconf 80' lang='lat' dir='ltr'><strong>retrahuntur</strong></span> <span class='ocrx_word' id='word_1_8' title='bbox 1611 502 1645 541; x_wconf 94' lang='lat' dir='ltr'><strong>a</strong></span> <span class='ocrx_word' id='word_1_9' title='bbox 1675 502 1919 543; x_wconf 90' lang='lat' dir='ltr'><strong>munere</strong></span> <span class='ocrx_word' id='word_1_10' title='bbox 1951 503 2146 559; x_wconf 89' lang='lat' dir='ltr'><strong>sacro,</strong></span> <span class='ocrx_word' id='word_1_11' title='bbox 2179 475 2316 545; x_wconf 64' lang='lat' dir='ltr'><strong>etl</strong></span> <span class='ocrx_word' id='word_1_12' title='bbox 2350 488 2656 561; x_wconf 80' lang='lat' dir='ltr'><strong>hostibus,</strong></span> <span class='ocrx_word' id='word_1_13' title='bbox 2705 491 2764 544; x_wconf 89' lang='lat' dir='ltr'><strong>et</strong></span> <span class='ocrx_word' id='word_1_14' title='bbox 2812 492 3073 546; x_wconf 83' lang='lat' dir='ltr'><strong>servasti</strong></span> <span class='ocrx_word' id='word_1_15' title='bbox 3121 491 3397 549; x_wconf 88' lang='lat' dir='ltr'><strong>inimicos</strong></span> <span class='ocrx_word' id='word_1_16' title='bbox 3439 497 3589 564; x_wconf 85' lang='lat' dir='ltr'><strong>tuos,</strong></span> <span class='ocrx_word' id='word_1_17' title='bbox 3628 513 3715 566; x_wconf 89' lang='lat' dir='ltr'><strong>ne,</strong></span> <span class='ocrx_word' id='word_1_18' title='bbox 3755 517 3928 575; x_wconf 66' lang='lat' dir='ltr'><strong>quasso,</strong></span> 
     </span>
    </p>
   </div>
   <div class='ocr_carea' id='block_1_5' title="bbox 569 571 2235 648">
    <p class='ocr_par' dir='ltr' id='par_1_5' title="bbox 569 571 2235 648">
     <span class='ocr_line' id='line_1_5' title="bbox 569 571 2235 648; baseline 0.002 -20"><span class='ocrx_word' id='word_1_19' title='bbox 569 574 752 629; x_wconf 70' lang='lat' dir='ltr'><strong>curiae</strong></span> <span class='ocrx_word' id='word_1_20' title='bbox 784 571 1157 645; x_wconf 84' lang='lat' dir='ltr'><strong>deputantur,</strong></span> <span class='ocrx_word' id='word_1_21' title='bbox 1211 577 1474 648; x_wconf 77' lang='lat' dir='ltr'><strong>graviter</strong></span> <span class='ocrx_word' id='word_1_22' title='bbox 1511 578 1804 648; x_wconf 79' lang='lat' dir='ltr'><strong>gemunt?</strong></span> <span class='ocrx_word' id='word_1_23' title='bbox 1851 577 2001 631; x_wconf 91' lang='lat' dir='ltr'><strong>Nam</strong></span> <span class='ocrx_word' id='word_1_24' title='bbox 2052 577 2105 631; x_wconf 91' lang='lat' dir='ltr'><strong>si</strong></span> <span class='ocrx_word' id='word_1_25' title='bbox 2136 577 2235 648; x_wconf 87' lang='lat' dir='ltr'><strong>qui</strong></span> 
     </span>
    </p>
   </div>
   <div class='ocr_carea' id='block_1_6' title="bbox 565 663 2234 736">
    <p class='ocr_par' dir='ltr' id='par_1_6' title="bbox 565 663 2234 736">
     <span class='ocr_line' id='line_1_6' title="bbox 565 663 2234 736; baseline 0.003 -20"><span class='ocrx_word' id='word_1_26' title='bbox 565 663 742 718; x_wconf 82' lang='lat' dir='ltr'><strong>vobis</strong></span> <span class='ocrx_word' id='word_1_27' title='bbox 775 663 1043 734; x_wconf 88' lang='lat' dir='ltr'><strong>militant,</strong></span> <span class='ocrx_word' id='word_1_28' title='bbox 1095 668 1257 719; x_wconf 89' lang='lat' dir='ltr'><strong>certo</strong></span> <span class='ocrx_word' id='word_1_29' title='bbox 1306 665 1529 720; x_wconf 76' lang='lat' dir='ltr'><strong>militiae</strong></span> <span class='ocrx_word' id='word_1_30' title='bbox 1571 668 1835 736; x_wconf 87' lang='lat' dir='ltr'><strong>tempore</strong></span> <span class='ocrx_word' id='word_1_31' title='bbox 1886 670 2234 721; x_wconf 79' lang='lat' dir='ltr'><strong>servantur:</strong></span> 
     </span>
    </p>
   </div>
   <div class='ocr_carea' id='block_1_7' title="bbox 570 753 2238 826">
    <p class='ocr_par' dir='ltr' id='par_1_7' title="bbox 570 753 2238 826">
     <span class='ocr_line' id='line_1_7' title="bbox 570 753 2238 826; baseline 0.001 -19"><span class='ocrx_word' id='word_1_32' title='bbox 570 756 789 824; x_wconf 88' lang='lat' dir='ltr'><strong>quanto</strong></span> <span class='ocrx_word' id='word_1_33' title='bbox 805 754 996 825; x_wconf 88' lang='lat' dir='ltr'><strong>magis</strong></span> <span class='ocrx_word' id='word_1_34' title='bbox 1012 754 1189 809; x_wconf 90' lang='lat' dir='ltr'><strong>etiam</strong></span> <span class='ocrx_word' id='word_1_35' title='bbox 1203 770 1309 809; x_wconf 92' lang='lat' dir='ltr'><strong>eos</strong></span> <span class='ocrx_word' id='word_1_36' title='bbox 1324 754 1705 809; x_wconf 89' lang='lat' dir='ltr'><strong>considerare</strong></span> <span class='ocrx_word' id='word_1_37' title='bbox 1732 754 1961 809; x_wconf 85' lang='lat' dir='ltr'><strong>debetis</strong></span> <span class='ocrx_word' id='word_1_38' title='bbox 1973 753 2108 825; x_wconf 85' lang='lat'>(13),</span> <span class='ocrx_word' id='word_1_39' title='bbox 2138 756 2238 826; x_wconf 88' lang='lat' dir='ltr'><strong>qui</strong></span> 
     </span>
    </p>
   </div>
   <div class='ocr_carea' id='block_1_8' title="bbox 570 842 2239 914">
    <p class='ocr_par' dir='ltr' id='par_1_8' title="bbox 570 842 2239 914">
     <span class='ocr_line' id='line_1_8' title="bbox 570 842 2239 914; baseline 0.001 -19"><span class='ocrx_word' id='word_1_40' title='bbox 570 842 692 896; x_wconf 91' lang='lat' dir='ltr'><strong>Deo</strong></span> <span class='ocrx_word' id='word_1_41' title='bbox 708 843 997 897; x_wconf 84' lang='lat' dir='ltr'><strong>militant?</strong></span> <span class='ocrx_word' id='word_1_42' title='bbox 1013 842 1339 913; x_wconf 88' lang='lat' dir='ltr'><strong>Quomodo,</strong></span> <span class='ocrx_word' id='word_1_43' title='bbox 1357 843 1616 914; x_wconf 91' lang='lat' dir='ltr'><strong>inquam,</strong></span> <span class='ocrx_word' id='word_1_44' title='bbox 1634 843 1747 898; x_wconf 91' lang='lat' dir='ltr'><strong>hoc</strong></span> <span class='ocrx_word' id='word_1_45' title='bbox 1769 844 2070 907; x_wconf 80' lang='lat' dir='ltr'><strong>excusabo</strong></span> <span class='ocrx_word' id='word_1_46' title='bbox 2084 844 2239 913; x_wconf 87' lang='lat' dir='ltr'><strong>apud</strong></span> 
     </span>
    </p>
   </div>
   <div class='ocr_carea' id='block_1_9' title="bbox 571 931 2241 1003">
    <p class='ocr_par' dir='ltr' id='par_1_9' title="bbox 571 931 2241 1003">
     <span class='ocr_line' id='line_1_9' title="bbox 571 931 2241 1003; baseline 0.001 -18"><span class='ocrx_word' id='word_1_47' title='bbox 571 931 913 1002; x_wconf 83' lang='lat' dir='ltr'><strong>episcopos,</strong></span> <span class='ocrx_word' id='word_1_48' title='bbox 968 933 1068 1003; x_wconf 88' lang='lat' dir='ltr'><strong>qui</strong></span> <span class='ocrx_word' id='word_1_49' title='bbox 1113 935 1442 1003; x_wconf 89' lang='lat' dir='ltr'><strong>queruntur</strong></span> <span class='ocrx_word' id='word_1_50' title='bbox 1483 933 1556 986; x_wconf 91' lang='lat' dir='ltr'><strong>de</strong></span> <span class='ocrx_word' id='word_1_51' title='bbox 1604 932 1859 1003; x_wconf 84' lang='lat' dir='ltr'><strong>clericis,</strong></span> <span class='ocrx_word' id='word_1_52' title='bbox 1901 936 1959 986; x_wconf 92' lang='lat' dir='ltr'><strong>et</strong></span> <span class='ocrx_word' id='word_1_53' title='bbox 1989 934 2241 1000; x_wconf 87' lang='lat' dir='ltr'><strong>impres-</strong></span> 
     </span>
    </p>
   </div>
   <div class='ocr_carea' id='block_1_10' title="bbox 570 1020 1862 1092">
    <p class='ocr_par' dir='ltr' id='par_1_10' title="bbox 570 1020 1862 1092">
     <span class='ocr_line' id='line_1_10' title="bbox 570 1020 1862 1092; baseline 0.002 -19"><span class='ocrx_word' id='word_1_54' title='bbox 570 1020 742 1075; x_wconf 88' lang='lat' dir='ltr'><strong>sione</strong></span> <span class='ocrx_word' id='word_1_55' title='bbox 772 1021 943 1092; x_wconf 80' lang='lat' dir='ltr'><strong>gravi</strong></span> <span class='ocrx_word' id='word_1_56' title='bbox 972 1022 1194 1075; x_wconf 89' lang='lat' dir='ltr'><strong>vastari</strong></span> <span class='ocrx_word' id='word_1_57' title='bbox 1224 1021 1494 1075; x_wconf 90' lang='lat' dir='ltr'><strong>scribunt</strong></span> <span class='ocrx_word' id='word_1_58' title='bbox 1524 1021 1862 1075; x_wconf 84' lang='lat' dir='ltr'><strong>ecclesias?</strong></span> 
     </span>
    </p>
   </div>
   <div class='ocr_carea' id='block_1_11' title="bbox 639 1109 2240 1182">
    <p class='ocr_par' dir='ltr' id='par_1_11' title="bbox 639 1109 2240 1182">
     <span class='ocr_line' id='line_1_11' title="bbox 639 1109 2240 1182; baseline 0.001 -18"><span class='ocrx_word' id='word_1_59' title='bbox 639 1109 729 1164; x_wconf 86' lang='lat'><strong>30.</strong></span> <span class='ocrx_word' id='word_1_60' title='bbox 756 1110 883 1164; x_wconf 89' lang='lat' dir='ltr'><strong>Hoc</strong></span> <span class='ocrx_word' id='word_1_61' title='bbox 904 1112 1099 1165; x_wconf 89' lang='lat' dir='ltr'><strong>tamen</strong></span> <span class='ocrx_word' id='word_1_62' title='bbox 1141 1112 1201 1164; x_wconf 94' lang='lat' dir='ltr'><strong>in</strong></span> <span class='ocrx_word' id='word_1_63' title='bbox 1222 1110 1485 1165; x_wconf 84' lang='lat' dir='ltr'><strong>notitiam</strong></span> <span class='ocrx_word' id='word_1_64' title='bbox 1528 1111 1855 1165; x_wconf 67' lang='lat' dir='ltr'><strong>clementiae</strong></span> <span class='ocrx_word' id='word_1_65' title='bbox 1877 1114 1993 1166; x_wconf 75' lang='lat' dir='ltr'><strong>tuae</strong></span> <span class='ocrx_word' id='word_1_66' title='bbox 2024 1126 2240 1182; x_wconf 84' lang='lat' dir='ltr'><strong>perve-</strong></span> 
     </span>
    </p>
   </div>
   <div class='ocr_carea' id='block_1_12' title="bbox 564 1195 2225 1269">
    <p class='ocr_par' dir='ltr' id='par_1_12' title="bbox 564 1195 2225 1269">
     <span class='ocr_line' id='line_1_12' title="bbox 564 1195 2225 1269; baseline 0.001 -17"><span class='ocrx_word' id='word_1_67' title='bbox 564 1198 692 1253; x_wconf 84' lang='lat' dir='ltr'><strong>nire</strong></span> <span class='ocrx_word' id='word_1_68' title='bbox 710 1200 908 1269; x_wconf 91' lang='lat' dir='ltr'><strong>volui;</strong></span> <span class='ocrx_word' id='word_1_69' title='bbox 942 1199 1015 1253; x_wconf 92' lang='lat' dir='ltr'><strong>de</strong></span> <span class='ocrx_word' id='word_1_70' title='bbox 1040 1200 1252 1269; x_wconf 89' lang='lat' dir='ltr'><strong>hoc,ut</strong></span> <span class='ocrx_word' id='word_1_71' title='bbox 1272 1195 1483 1269; x_wconf 78' lang='lat' dir='ltr'><strong>placet,</strong></span> <span class='ocrx_word' id='word_1_72' title='bbox 1503 1199 1748 1255; x_wconf 90' lang='lat' dir='ltr'><strong>arbitrio</strong></span> <span class='ocrx_word' id='word_1_73' title='bbox 1780 1204 1876 1255; x_wconf 93' lang='lat' dir='ltr'><strong>tuo</strong></span> <span class='ocrx_word' id='word_1_74' title='bbox 1908 1200 2225 1255; x_wconf 90' lang='lat' dir='ltr'><strong>consulere</strong></span> 
     </span>
    </p>
   </div>
   <div class='ocr_carea' id='block_1_13' title="bbox 567 1288 2241 1361">
    <p class='ocr_par' dir='ltr' id='par_1_13' title="bbox 567 1288 2241 1361">
     <span class='ocr_line' id='line_1_13' title="bbox 567 1288 2241 1361; baseline 0.001 -20"><span class='ocrx_word' id='word_1_75' title='bbox 567 1290 623 1342; x_wconf 90' lang='lat' dir='ltr'><strong>et</strong></span> <span class='ocrx_word' id='word_1_76' title='bbox 643 1292 971 1359; x_wconf 85' lang='lat' dir='ltr'><strong>temperare</strong></span> <span class='ocrx_word' id='word_1_77' title='bbox 1010 1288 1391 1361; x_wconf 80' lang='lat' dir='ltr'><strong>dignaberis:</strong></span> <span class='ocrx_word' id='word_1_78' title='bbox 1427 1288 1570 1343; x_wconf 87' lang='lat' dir='ltr'><strong>illud</strong></span> <span class='ocrx_word' id='word_1_79' title='bbox 1597 1292 1791 1343; x_wconf 89' lang='lat' dir='ltr'><strong>autem</strong></span> <span class='ocrx_word' id='word_1_80' title='bbox 1829 1289 1989 1360; x_wconf 90' lang='lat' dir='ltr'><strong>quod</strong></span> <span class='ocrx_word' id='word_1_81' title='bbox 2016 1304 2109 1344; x_wconf 91' lang='lat' dir='ltr'><strong>me</strong></span> <span class='ocrx_word' id='word_1_82' title='bbox 2140 1304 2241 1342; x_wconf 79' lang='lat' dir='ltr'><strong>an-</strong></span> 
     </span>
    </p>
   </div>
   <div class='ocr_carea' id='block_1_14' title="bbox 570 1376 2239 1449">
    <p class='ocr_par' dir='ltr' id='par_1_14' title="bbox 570 1376 2239 1449">
     <span class='ocr_line' id='line_1_14' title="bbox 570 1376 2239 1449; baseline 0.001 -19"><span class='ocrx_word' id='word_1_83' title='bbox 570 1377 677 1448; x_wconf 90' lang='lat' dir='ltr'><strong>git,</strong></span> <span class='ocrx_word' id='word_1_84' title='bbox 711 1380 767 1430; x_wconf 91' lang='lat' dir='ltr'><strong>et</strong></span> <span class='ocrx_word' id='word_1_85' title='bbox 792 1376 932 1447; x_wconf 89' lang='lat' dir='ltr'><strong>jure</strong></span> <span class='ocrx_word' id='word_1_86' title='bbox 964 1378 1149 1449; x_wconf 82' lang='lat' dir='ltr'><strong>angit,</strong></span> <span class='ocrx_word' id='word_1_87' title='bbox 1204 1377 1456 1431; x_wconf 81' lang='lat' dir='ltr'><strong>exclude</strong></span> <span class='ocrx_word' id='word_1_88' title='bbox 1497 1381 1670 1449; x_wconf 88' lang='lat' dir='ltr'><strong>atque</strong></span> <span class='ocrx_word' id='word_1_89' title='bbox 1702 1376 1874 1449; x_wconf 90' lang='lat' dir='ltr'><strong>ejice.</strong></span> <span class='ocrx_word' id='word_1_90' title='bbox 1906 1378 2040 1447; x_wconf 88' lang='lat' dir='ltr'><strong>Ipse</strong></span> <span class='ocrx_word' id='word_1_91' title='bbox 2068 1377 2239 1445; x_wconf 82' lang='lat' dir='ltr'><strong>facis,</strong></span> 
     </span>
    </p>
   </div>
   <div class='ocr_carea' id='block_1_15' title="bbox 575 1464 2331 1537">
    <p class='ocr_par' dir='ltr' id='par_1_15' title="bbox 575 1464 2331 1537">
     <span class='ocr_line' id='line_1_15' title="bbox 575 1464 2331 1537; baseline 0.001 -18"><span class='ocrx_word' id='word_1_92' title='bbox 575 1464 863 1536; x_wconf 89' lang='lat' dir='ltr'><strong>quidquid</strong></span> <span class='ocrx_word' id='word_1_93' title='bbox 885 1466 1268 1537; x_wconf 84' lang='lat' dir='ltr'><strong>ﬁerijussisti</strong></span> <span class='ocrx_word' id='word_1_94' title='bbox 1297 1482 1310 1521; x_wconf 92' lang='lat'>:</span> <span class='ocrx_word' id='word_1_95' title='bbox 1351 1470 1451 1521; x_wconf 86' lang='lat' dir='ltr'><strong>aut</strong></span> <span class='ocrx_word' id='word_1_96' title='bbox 1471 1466 1522 1521; x_wconf 91' lang='lat' dir='ltr'><strong>si</strong></span> <span class='ocrx_word' id='word_1_97' title='bbox 1546 1466 1644 1521; x_wconf 84' lang='lat' dir='ltr'><strong>ille</strong></span> <span class='ocrx_word' id='word_1_98' title='bbox 1681 1466 1948 1521; x_wconf 84' lang='lat' dir='ltr'><strong>facturus</strong></span> <span class='ocrx_word' id='word_1_99' title='bbox 1977 1482 2094 1521; x_wconf 91' lang='lat' dir='ltr'><strong>non</strong></span> <span class='ocrx_word' id='word_1_100' title='bbox 2126 1469 2240 1536; x_wconf 90' lang='lat' dir='ltr'><strong>est,</strong></span> <span class='ocrx_word' id='word_1_101' title='bbox 2328 1480 2331 1481; x_wconf 71' lang='lat'><strong><em>&#39;</em></strong></span> 
     </span>
    </p>
   </div>
   <div class='ocr_carea' id='block_1_16' title="bbox 575 1548 2244 1627">
    <p class='ocr_par' dir='ltr' id='par_1_16' title="bbox 575 1548 2244 1627">
     <span class='ocr_line' id='line_1_16' title="bbox 575 1548 2244 1627; baseline 0.001 -19"><span class='ocrx_word' id='word_1_102' title='bbox 575 1554 731 1609; x_wconf 89' lang='lat' dir='ltr'><strong>malo</strong></span> <span class='ocrx_word' id='word_1_103' title='bbox 760 1556 815 1608; x_wconf 90' lang='lat' dir='ltr'><strong>te</strong></span> <span class='ocrx_word' id='word_1_104' title='bbox 863 1555 1058 1627; x_wconf 89' lang='lat' dir='ltr'><strong>magis</strong></span> <span class='ocrx_word' id='word_1_105' title='bbox 1102 1570 1241 1610; x_wconf 88' lang='lat' dir='ltr'><strong>esse</strong></span> <span class='ocrx_word' id='word_1_106' title='bbox 1291 1548 1663 1627; x_wconf 81' lang='lat' dir='ltr'><strong>clementem,</strong></span> <span class='ocrx_word' id='word_1_107' title='bbox 1697 1571 1873 1627; x_wconf 90' lang='lat' dir='ltr'><strong>quam</strong></span> <span class='ocrx_word' id='word_1_108' title='bbox 1932 1556 2095 1611; x_wconf 91' lang='lat' dir='ltr'><strong>illum</strong></span> <span class='ocrx_word' id='word_1_109' title='bbox 2126 1570 2244 1611; x_wconf 91' lang='lat' dir='ltr'><strong>non</strong></span> 
     </span>
    </p>
   </div>
   <div class='ocr_carea' id='block_1_17' title="bbox 573 1642 1374 1715">
    <p class='ocr_par' dir='ltr' id='par_1_17' title="bbox 573 1642 1374 1715">
     <span class='ocr_line' id='line_1_17' title="bbox 573 1642 1374 1715; baseline 0.004 -19"><span class='ocrx_word' id='word_1_110' title='bbox 573 1642 797 1699; x_wconf 88' lang='lat' dir='ltr'><strong>fecisse</strong></span> <span class='ocrx_word' id='word_1_111' title='bbox 830 1644 987 1715; x_wconf 90' lang='lat' dir='ltr'><strong>quod</strong></span> <span class='ocrx_word' id='word_1_112' title='bbox 1014 1643 1231 1715; x_wconf 81' lang='lat' dir='ltr'><strong>jussus</strong></span> <span class='ocrx_word' id='word_1_113' title='bbox 1263 1647 1374 1699; x_wconf 90' lang='lat' dir='ltr'><strong>est.</strong></span> 
     </span>
    </p>
   </div>
   <div class='ocr_carea' id='block_1_18' title="bbox 641 1730 2245 1804">
    <p class='ocr_par' dir='ltr' id='par_1_18' title="bbox 641 1730 2245 1804">
     <span class='ocr_line' id='line_1_18' title="bbox 641 1730 2245 1804; baseline 0 -18"><span class='ocrx_word' id='word_1_114' title='bbox 641 1730 733 1787; x_wconf 82' lang='lat'><strong>31.</strong></span> <span class='ocrx_word' id='word_1_115' title='bbox 770 1732 971 1787; x_wconf 90' lang='lat' dir='ltr'><strong>Habes</strong></span> <span class='ocrx_word' id='word_1_116' title='bbox 1005 1734 1065 1786; x_wconf 91' lang='lat' dir='ltr'><strong>in</strong></span> <span class='ocrx_word' id='word_1_117' title='bbox 1095 1732 1314 1804; x_wconf 89' lang='lat' dir='ltr'><strong>quibus</strong></span> <span class='ocrx_word' id='word_1_118' title='bbox 1339 1733 1570 1788; x_wconf 91' lang='lat' dir='ltr'><strong>Domini</strong></span> <span class='ocrx_word' id='word_1_119' title='bbox 1587 1733 1780 1788; x_wconf 88' lang='lat' dir='ltr'><strong>adhuc</strong></span> <span class='ocrx_word' id='word_1_120' title='bbox 1803 1732 2055 1788; x_wconf 88' lang='lat' dir='ltr'><strong>deberes</strong></span> <span class='ocrx_word' id='word_1_121' title='bbox 2087 1732 2245 1787; x_wconf 89' lang='lat' dir='ltr'><strong>circa</strong></span> 
     </span>
    </p>
   </div>
   <div class='ocr_carea' id='block_1_19' title="bbox 572 1816 2239 1891">
    <p class='ocr_par' dir='ltr' id='par_1_19' title="bbox 572 1816 2239 1891">
     <span class='ocr_line' id='line_1_19' title="bbox 572 1816 2239 1891; baseline 0.001 -17"><span class='ocrx_word' id='word_1_122' title='bbox 572 1820 887 1891; x_wconf 91' lang='lat' dir='ltr'><strong>imperium</strong></span> <span class='ocrx_word' id='word_1_123' title='bbox 936 1822 1266 1876; x_wconf 86' lang='lat' dir='ltr'><strong>Romanum</strong></span> <span class='ocrx_word' id='word_1_124' title='bbox 1317 1816 1567 1876; x_wconf 75' lang='lat' dir='ltr'><strong>invitare</strong></span> <span class='ocrx_word' id='word_1_125' title='bbox 1613 1824 1669 1876; x_wconf 93' lang='lat' dir='ltr'><strong>et</strong></span> <span class='ocrx_word' id='word_1_126' title='bbox 1698 1822 1949 1877; x_wconf 90' lang='lat' dir='ltr'><strong>emereri</strong></span> <span class='ocrx_word' id='word_1_127' title='bbox 1979 1822 2239 1877; x_wconf 89' lang='lat' dir='ltr'><strong>clemen-</strong></span> 
     </span>
    </p>
   </div>
   <div class='ocr_carea' id='block_1_20' title="bbox 570 1908 2238 1982">
    <p class='ocr_par' dir='ltr' id='par_1_20' title="bbox 570 1908 2238 1982">
     <span class='ocr_line' id='line_1_20' title="bbox 570 1908 2238 1982; baseline 0.001 -19"><span class='ocrx_word' id='word_1_128' title='bbox 570 1909 712 1963; x_wconf 89' lang='lat' dir='ltr'><strong>tiam</strong></span> <span class='ocrx_word' id='word_1_129' title='bbox 750 1925 762 1964; x_wconf 87' lang='lat'><strong>:</strong></span> <span class='ocrx_word' id='word_1_130' title='bbox 796 1908 984 1964; x_wconf 88' lang='lat' dir='ltr'><strong>habes</strong></span> <span class='ocrx_word' id='word_1_131' title='bbox 1006 1909 1224 1980; x_wconf 88' lang='lat' dir='ltr'><strong>quibus</strong></span> <span class='ocrx_word' id='word_1_132' title='bbox 1242 1911 1518 1981; x_wconf 87' lang='lat' dir='ltr'><strong>amplius,</strong></span> <span class='ocrx_word' id='word_1_133' title='bbox 1544 1926 1719 1982; x_wconf 87' lang='lat' dir='ltr'><strong>quam</strong></span> <span class='ocrx_word' id='word_1_134' title='bbox 1741 1910 1846 1965; x_wconf 87' lang='lat' dir='ltr'><strong>tibi</strong></span> <span class='ocrx_word' id='word_1_135' title='bbox 1865 1926 2074 1981; x_wconf 89' lang='lat' dir='ltr'><strong>speres</strong></span> <span class='ocrx_word' id='word_1_136' title='bbox 2105 1910 2238 1981; x_wconf 80' lang='lat'>(1-1),</span> 
     </span>
    </p>
   </div>
   <div class='ocr_carea' id='block_1_21' title="bbox 574 1997 2247 2069">
    <p class='ocr_par' dir='ltr' id='par_1_21' title="bbox 574 1997 2247 2069">
     <span class='ocr_line' id='line_1_21' title="bbox 574 1997 2247 2069; baseline 0.001 -18"><span class='ocrx_word' id='word_1_137' title='bbox 574 1997 809 2052; x_wconf 91' lang='lat' dir='ltr'><strong>illorum</strong></span> <span class='ocrx_word' id='word_1_138' title='bbox 827 1998 943 2068; x_wconf 87' lang='lat'>(15)</span> <span class='ocrx_word' id='word_1_139' title='bbox 964 1999 1171 2069; x_wconf 87' lang='lat' dir='ltr'><strong>gratia,</strong></span> <span class='ocrx_word' id='word_1_140' title='bbox 1200 1998 1435 2054; x_wconf 92' lang='lat' dir='ltr'><strong>illorum</strong></span> <span class='ocrx_word' id='word_1_141' title='bbox 1457 1999 1623 2053; x_wconf 92' lang='lat' dir='ltr'><strong>salus</strong></span> <span class='ocrx_word' id='word_1_142' title='bbox 1657 2002 1713 2053; x_wconf 92' lang='lat' dir='ltr'><strong>te</strong></span> <span class='ocrx_word' id='word_1_143' title='bbox 1734 2000 1794 2053; x_wconf 93' lang='lat' dir='ltr'><strong>in</strong></span> <span class='ocrx_word' id='word_1_144' title='bbox 1825 1999 1939 2055; x_wconf 94' lang='lat' dir='ltr'><strong>hoc</strong></span> <span class='ocrx_word' id='word_1_145' title='bbox 1970 2014 2247 2055; x_wconf 89' lang='lat' dir='ltr'><strong>sermone</strong></span> 
     </span>
    </p>
   </div>
   <div class='ocr_carea' id='block_1_22' title="bbox 578 2086 2246 2158">
    <p class='ocr_par' dir='ltr' id='par_1_22' title="bbox 578 2086 2246 2158">
     <span class='ocr_line' id='line_1_22' title="bbox 578 2086 2246 2158; baseline 0.001 -17"><span class='ocrx_word' id='word_1_146' title='bbox 578 2086 911 2142; x_wconf 87' lang='lat' dir='ltr'><strong>conveniat.</strong></span> <span class='ocrx_word' id='word_1_147' title='bbox 936 2087 1139 2142; x_wconf 85' lang='lat' dir='ltr'><strong>Timeo</strong></span> <span class='ocrx_word' id='word_1_148' title='bbox 1162 2102 1237 2141; x_wconf 92' lang='lat' dir='ltr'><strong>ne</strong></span> <span class='ocrx_word' id='word_1_149' title='bbox 1259 2102 1500 2142; x_wconf 86' lang='lat' dir='ltr'><strong>causam</strong></span> <span class='ocrx_word' id='word_1_150' title='bbox 1531 2088 1646 2158; x_wconf 89' lang='lat'>(16)</span> <span class='ocrx_word' id='word_1_151' title='bbox 1673 2092 1832 2142; x_wconf 90' lang='lat' dir='ltr'><strong>tuam</strong></span> <span class='ocrx_word' id='word_1_152' title='bbox 1862 2088 2053 2143; x_wconf 90' lang='lat' dir='ltr'><strong>alieno</strong></span> <span class='ocrx_word' id='word_1_153' title='bbox 2085 2104 2246 2143; x_wconf 87' lang='lat' dir='ltr'><strong>com-</strong></span> 
     </span>
    </p>
   </div>
   <div class='ocr_carea' id='block_1_23' title="bbox 573 2175 2244 2247">
    <p class='ocr_par' dir='ltr' id='par_1_23' title="bbox 573 2175 2244 2247">
     <span class='ocr_line' id='line_1_23' title="bbox 573 2175 2244 2247; baseline 0.001 -18"><span class='ocrx_word' id='word_1_154' title='bbox 573 2176 772 2229; x_wconf 88' lang='lat' dir='ltr'><strong>mittas</strong></span> <span class='ocrx_word' id='word_1_155' title='bbox 786 2175 1033 2246; x_wconf 90' lang='lat' dir='ltr'><strong>judicio.</strong></span> <span class='ocrx_word' id='word_1_156' title='bbox 1056 2176 1294 2247; x_wconf 83' lang='lat' dir='ltr'><strong>Integra</strong></span> <span class='ocrx_word' id='word_1_157' title='bbox 1312 2176 1505 2231; x_wconf 86' lang='lat' dir='ltr'><strong>adhuc</strong></span> <span class='ocrx_word' id='word_1_158' title='bbox 1526 2177 1640 2231; x_wconf 87' lang='lat' dir='ltr'><strong>sibi</strong></span> <span class='ocrx_word' id='word_1_159' title='bbox 1663 2180 1803 2231; x_wconf 90' lang='lat' dir='ltr'><strong>sunt</strong></span> <span class='ocrx_word' id='word_1_160' title='bbox 1816 2178 2032 2231; x_wconf 88' lang='lat' dir='ltr'><strong>omnia.</strong></span> <span class='ocrx_word' id='word_1_161' title='bbox 2052 2178 2115 2231; x_wconf 89' lang='lat' dir='ltr'><strong>In</strong></span> <span class='ocrx_word' id='word_1_162' title='bbox 2130 2178 2244 2231; x_wconf 87' lang='lat' dir='ltr'><strong>hoc</strong></span> 
     </span>
    </p>
   </div>
   <div class='ocr_carea' id='block_1_24' title="bbox 573 2265 2245 2337">
    <p class='ocr_par' dir='ltr' id='par_1_24' title="bbox 573 2265 2245 2337">
     <span class='ocr_line' id='line_1_24' title="bbox 573 2265 2245 2337; baseline 0 -18"><span class='ocrx_word' id='word_1_163' title='bbox 573 2279 667 2320; x_wconf 90' lang='lat' dir='ltr'><strong>me</strong></span> <span class='ocrx_word' id='word_1_164' title='bbox 682 2279 794 2337; x_wconf 87' lang='lat' dir='ltr'><strong>ego</strong></span> <span class='ocrx_word' id='word_1_165' title='bbox 811 2265 932 2319; x_wconf 88' lang='lat' dir='ltr'><strong>Deo</strong></span> <span class='ocrx_word' id='word_1_166' title='bbox 949 2268 1155 2320; x_wconf 90' lang='lat' dir='ltr'><strong>nostro</strong></span> <span class='ocrx_word' id='word_1_167' title='bbox 1168 2281 1276 2335; x_wconf 89' lang='lat' dir='ltr'><strong>pro</strong></span> <span class='ocrx_word' id='word_1_168' title='bbox 1292 2268 1346 2320; x_wconf 91' lang='lat' dir='ltr'><strong>te</strong></span> <span class='ocrx_word' id='word_1_169' title='bbox 1370 2265 1593 2337; x_wconf 92' lang='lat' dir='ltr'><strong>obligo,</strong></span> <span class='ocrx_word' id='word_1_170' title='bbox 1624 2281 1733 2321; x_wconf 90' lang='lat' dir='ltr'><strong>nec</strong></span> <span class='ocrx_word' id='word_1_171' title='bbox 1757 2266 2024 2321; x_wconf 87' lang='lat' dir='ltr'><strong>verearis</strong></span> <span class='ocrx_word' id='word_1_172' title='bbox 2038 2281 2245 2321; x_wconf 90' lang='lat' dir='ltr'><strong>sacra-</strong></span> 
     </span>
    </p>
   </div>
   <div class='ocr_carea' id='block_1_25' title="bbox 575 2353 2247 2426">
    <p class='ocr_par' dir='ltr' id='par_1_25' title="bbox 575 2353 2247 2426">
     <span class='ocr_line' id='line_1_25' title="bbox 575 2353 2247 2426; baseline 0 -17"><span class='ocrx_word' id='word_1_173' title='bbox 575 2356 835 2409; x_wconf 88' lang='lat' dir='ltr'><strong>mentum</strong></span> <span class='ocrx_word' id='word_1_174' title='bbox 856 2353 993 2424; x_wconf 79' lang='lat'>(17).</span> <span class='ocrx_word' id='word_1_175' title='bbox 1022 2354 1323 2426; x_wconf 90' lang='lat' dir='ltr'><strong>Numquid</strong></span> <span class='ocrx_word' id='word_1_176' title='bbox 1341 2355 1462 2409; x_wconf 92' lang='lat' dir='ltr'><strong>Deo</strong></span> <span class='ocrx_word' id='word_1_177' title='bbox 1494 2354 1815 2425; x_wconf 88' lang='lat' dir='ltr'><strong>displicere</strong></span> <span class='ocrx_word' id='word_1_178' title='bbox 1845 2355 2060 2426; x_wconf 90' lang='lat' dir='ltr'><strong>poterit</strong></span> <span class='ocrx_word' id='word_1_179' title='bbox 2088 2353 2247 2426; x_wconf 87' lang='lat' dir='ltr'><strong>quod</strong></span> 
     </span>
    </p>
   </div>
   <div class='ocr_carea' id='block_1_26' title="bbox 572 2442 2247 2515">
    <p class='ocr_par' dir='ltr' id='par_1_26' title="bbox 572 2442 2247 2515">
     <span class='ocr_line' id='line_1_26' title="bbox 572 2442 2247 2515; baseline 0.001 -19"><span class='ocrx_word' id='word_1_180' title='bbox 572 2458 679 2513; x_wconf 92' lang='lat' dir='ltr'><strong>pro</strong></span> <span class='ocrx_word' id='word_1_181' title='bbox 702 2442 757 2515; x_wconf 92' lang='lat' dir='ltr'><strong>ej</strong></span> <span class='ocrx_word' id='word_1_182' title='bbox 768 2458 837 2497; x_wconf 91' lang='lat' dir='ltr'><strong>us</strong></span> <span class='ocrx_word' id='word_1_183' title='bbox 860 2443 1207 2498; x_wconf 89' lang='lat' dir='ltr'><strong>emendatur</strong></span> <span class='ocrx_word' id='word_1_184' title='bbox 1228 2443 1717 2498; x_wconf 82' lang='lat' dir='ltr'><strong>honoriﬁcentia?</strong></span> <span class='ocrx_word' id='word_1_185' title='bbox 1740 2444 1900 2499; x_wconf 88' lang='lat' dir='ltr'><strong>Nihil</strong></span> <span class='ocrx_word' id='word_1_186' title='bbox 1923 2443 2247 2499; x_wconf 87' lang='lat' dir='ltr'><strong>mutaveris</strong></span> 
     </span>
    </p>
   </div>
   <div class='ocr_carea' id='block_1_27' title="bbox 572 2532 2245 2603">
    <p class='ocr_par' dir='ltr' id='par_1_27' title="bbox 572 2532 2245 2603">
     <span class='ocr_line' id='line_1_27' title="bbox 572 2532 2245 2603; baseline 0 -17"><span class='ocrx_word' id='word_1_187' title='bbox 572 2534 731 2586; x_wconf 90' lang='lat' dir='ltr'><strong>certe</strong></span> <span class='ocrx_word' id='word_1_188' title='bbox 753 2532 813 2585; x_wconf 92' lang='lat' dir='ltr'><strong>in</strong></span> <span class='ocrx_word' id='word_1_189' title='bbox 834 2532 931 2586; x_wconf 91' lang='lat' dir='ltr'><strong>illa</strong></span> <span class='ocrx_word' id='word_1_190' title='bbox 953 2532 1225 2603; x_wconf 87' lang='lat' dir='ltr'><strong>epistola,</strong></span> <span class='ocrx_word' id='word_1_191' title='bbox 1252 2533 1382 2587; x_wconf 88' lang='lat' dir='ltr'><strong>sive</strong></span> <span class='ocrx_word' id='word_1_192' title='bbox 1412 2532 1614 2601; x_wconf 89' lang='lat' dir='ltr'><strong>missa,</strong></span> <span class='ocrx_word' id='word_1_193' title='bbox 1631 2534 1762 2588; x_wconf 89' lang='lat' dir='ltr'><strong>sive</strong></span> <span class='ocrx_word' id='word_1_194' title='bbox 1786 2534 2048 2588; x_wconf 90' lang='lat' dir='ltr'><strong>nondum</strong></span> <span class='ocrx_word' id='word_1_195' title='bbox 2061 2532 2245 2587; x_wconf 90' lang='lat' dir='ltr'><strong>missa</strong></span> 
     </span>
    </p>
   </div>
   <div class='ocr_carea' id='block_1_28' title="bbox 574 2620 2245 2693">
    <p class='ocr_par' dir='ltr' id='par_1_28' title="bbox 574 2620 2245 2693">
     <span class='ocr_line' id='line_1_28' title="bbox 574 2620 2245 2693; baseline 0.001 -18"><span class='ocrx_word' id='word_1_196' title='bbox 574 2624 667 2675; x_wconf 92' lang='lat' dir='ltr'><strong>est</strong></span> <span class='ocrx_word' id='word_1_197' title='bbox 692 2637 703 2674; x_wconf 91' lang='lat'><strong>:</strong></span> <span class='ocrx_word' id='word_1_198' title='bbox 740 2620 1111 2691; x_wconf 87' lang='lat' dir='ltr'><strong>dictarijube</strong></span> <span class='ocrx_word' id='word_1_199' title='bbox 1133 2621 1326 2692; x_wconf 88' lang='lat' dir='ltr'><strong>aliam,</strong></span> <span class='ocrx_word' id='word_1_200' title='bbox 1353 2637 1486 2693; x_wconf 85' lang='lat' dir='ltr'><strong>quae</strong></span> <span class='ocrx_word' id='word_1_201' title='bbox 1521 2620 1694 2692; x_wconf 89' lang='lat' dir='ltr'><strong>plena</strong></span> <span class='ocrx_word' id='word_1_202' title='bbox 1725 2622 1885 2692; x_wconf 83' lang='lat' dir='ltr'><strong>fidei,</strong></span> <span class='ocrx_word' id='word_1_203' title='bbox 1916 2622 2089 2692; x_wconf 90' lang='lat' dir='ltr'><strong>plena</strong></span> <span class='ocrx_word' id='word_1_204' title='bbox 2115 2622 2245 2692; x_wconf 90' lang='lat' dir='ltr'><strong>pie-</strong></span> 
     </span>
    </p>
   </div>
   <div class='ocr_carea' id='block_1_29' title="bbox 571 2709 2249 2782">
    <p class='ocr_par' dir='ltr' id='par_1_29' title="bbox 571 2709 2249 2782">
     <span class='ocr_line' id='line_1_29' title="bbox 571 2709 2249 2782; baseline 0.002 -20"><span class='ocrx_word' id='word_1_205' title='bbox 571 2711 711 2763; x_wconf 86' lang='lat' dir='ltr'><strong>tatis</strong></span> <span class='ocrx_word' id='word_1_206' title='bbox 742 2709 840 2764; x_wconf 87' lang='lat' dir='ltr'><strong>sit.</strong></span> <span class='ocrx_word' id='word_1_207' title='bbox 874 2709 1007 2764; x_wconf 85' lang='lat' dir='ltr'><strong>Tibi</strong></span> <span class='ocrx_word' id='word_1_208' title='bbox 1034 2710 1337 2781; x_wconf 88' lang='lat' dir='ltr'><strong>integrum</strong></span> <span class='ocrx_word' id='word_1_209' title='bbox 1367 2713 1459 2765; x_wconf 87' lang='lat' dir='ltr'><strong>est</strong></span> <span class='ocrx_word' id='word_1_210' title='bbox 1477 2710 1811 2782; x_wconf 88' lang='lat' dir='ltr'><strong>emendare,</strong></span> <span class='ocrx_word' id='word_1_211' title='bbox 1845 2711 1989 2765; x_wconf 89' lang='lat' dir='ltr'><strong>mihi</strong></span> <span class='ocrx_word' id='word_1_212' title='bbox 2020 2727 2138 2766; x_wconf 91' lang='lat' dir='ltr'><strong>non</strong></span> <span class='ocrx_word' id='word_1_213' title='bbox 2156 2713 2249 2766; x_wconf 89' lang='lat' dir='ltr'><strong>est</strong></span> 
     </span>
    </p>
   </div>
   <div class='ocr_carea' id='block_1_30' title="bbox 568 2797 1297 2870">
    <p class='ocr_par' dir='ltr' id='par_1_30' title="bbox 568 2797 1297 2870">
     <span class='ocr_line' id='line_1_30' title="bbox 568 2797 1297 2870; baseline 0.003 -19"><span class='ocrx_word' id='word_1_214' title='bbox 568 2797 865 2870; x_wconf 89' lang='lat' dir='ltr'><strong>integrum</strong></span> <span class='ocrx_word' id='word_1_215' title='bbox 896 2798 1297 2854; x_wconf 90' lang='lat' dir='ltr'><strong>dissimulare.</strong></span> 
     </span>
    </p>
   </div>
   <div class='ocr_carea' id='block_1_31' title="bbox 649 2886 2247 2961">
    <p class='ocr_par' dir='ltr' id='par_1_31' title="bbox 649 2886 2247 2961">
     <span class='ocr_line' id='line_1_31' title="bbox 649 2886 2247 2961; baseline 0.002 -21"><span class='ocrx_word' id='word_1_216' title='bbox 649 2886 739 2941; x_wconf 75' lang='grc'><strong>32.</strong></span> <span class='ocrx_word' id='word_1_217' title='bbox 766 2886 1157 2942; x_wconf 87' lang='lat' dir='ltr'><strong>Antiochenis</strong></span> <span class='ocrx_word' id='word_1_218' title='bbox 1179 2886 1295 2959; x_wconf 92' lang='lat'>(18)</span> <span class='ocrx_word' id='word_1_219' title='bbox 1326 2891 1484 2943; x_wconf 90' lang='lat' dir='ltr'><strong>tuam</strong></span> <span class='ocrx_word' id='word_1_220' title='bbox 1532 2889 1764 2944; x_wconf 90' lang='lat' dir='ltr'><strong>donasti</strong></span> <span class='ocrx_word' id='word_1_221' title='bbox 1796 2888 2097 2961; x_wconf 87' lang='lat' dir='ltr'><strong>injuriam,</strong></span> <span class='ocrx_word' id='word_1_222' title='bbox 2131 2889 2247 2943; x_wconf 89' lang='lat' dir='ltr'><strong>ini-</strong></span> 
     </span>
    </p>
   </div>
   <div class='ocr_carea' id='block_1_32' title="bbox 576 2974 2248 3050">
    <p class='ocr_par' dir='ltr' id='par_1_32' title="bbox 576 2974 2248 3050">
     <span class='ocr_line' id='line_1_32' title="bbox 576 2974 2248 3050; baseline 0.002 -20"><span class='ocrx_word' id='word_1_223' title='bbox 576 2974 714 3030; x_wconf 91' lang='lat' dir='ltr'><strong>mici</strong></span> <span class='ocrx_word' id='word_1_224' title='bbox 736 2974 819 3029; x_wconf 92' lang='lat' dir='ltr'><strong>tui</strong></span> <span class='ocrx_word' id='word_1_225' title='bbox 841 2975 996 3030; x_wconf 80' lang='lat' dir='ltr'><strong>filias</strong></span> <span class='ocrx_word' id='word_1_226' title='bbox 1010 2977 1326 3047; x_wconf 88' lang='lat' dir='ltr'><strong>revocasti,</strong></span> <span class='ocrx_word' id='word_1_227' title='bbox 1351 2978 1696 3033; x_wconf 88' lang='lat' dir='ltr'><strong>nutriendas</strong></span> <span class='ocrx_word' id='word_1_228' title='bbox 1711 2978 1824 3050; x_wconf 89' lang='grc'>(19)</span> <span class='ocrx_word' id='word_1_229' title='bbox 1845 2978 1999 3049; x_wconf 89' lang='lat' dir='ltr'><strong>apud</strong></span> <span class='ocrx_word' id='word_1_230' title='bbox 2010 2978 2248 3033; x_wconf 80' lang='lat' dir='ltr'><strong>afﬁnem</strong></span> 
     </span>
    </p>
   </div>
   <div class='ocr_carea' id='block_1_33' title="bbox 584 3064 2246 3135">
    <p class='ocr_par' dir='ltr' id='par_1_33' title="bbox 584 3064 2246 3135">
     <span class='ocr_line' id='line_1_33' title="bbox 584 3064 2246 3135; baseline 0.001 -16"><span class='ocrx_word' id='word_1_231' title='bbox 584 3064 821 3135; x_wconf 84' lang='lat' dir='ltr'><strong>dedisti,</strong></span> <span class='ocrx_word' id='word_1_232' title='bbox 847 3065 1014 3119; x_wconf 87' lang='lat' dir='ltr'><strong>matri</strong></span> <span class='ocrx_word' id='word_1_233' title='bbox 1040 3064 1233 3120; x_wconf 89' lang='lat' dir='ltr'><strong>hostis</strong></span> <span class='ocrx_word' id='word_1_234' title='bbox 1274 3066 1355 3120; x_wconf 92' lang='lat' dir='ltr'><strong>tui</strong></span> <span class='ocrx_word' id='word_1_235' title='bbox 1378 3067 1591 3121; x_wconf 89' lang='lat' dir='ltr'><strong>misisti</strong></span> <span class='ocrx_word' id='word_1_236' title='bbox 1616 3067 1687 3122; x_wconf 90' lang='lat' dir='ltr'><strong>de</strong></span> <span class='ocrx_word' id='word_1_237' title='bbox 1712 3068 1920 3123; x_wconf 86' lang='lat' dir='ltr'><strong>aerario</strong></span> <span class='ocrx_word' id='word_1_238' title='bbox 1954 3071 2054 3123; x_wconf 91' lang='lat' dir='ltr'><strong>tuo</strong></span> <span class='ocrx_word' id='word_1_239' title='bbox 2079 3083 2246 3122; x_wconf 92' lang='lat' dir='ltr'><strong>sum-</strong></span> 
     </span>
    </p>
   </div>
   <div class='ocr_carea' id='block_1_34' title="bbox 596 3155 2249 3229">
    <p class='ocr_par' dir='ltr' id='par_1_34' title="bbox 596 3155 2249 3229">
     <span class='ocr_line' id='line_1_34' title="bbox 596 3155 2249 3229; baseline 0.001 -20"><span class='ocrx_word' id='word_1_240' title='bbox 596 3157 757 3226; x_wconf 91' lang='lat' dir='ltr'><strong>ptus.</strong></span> <span class='ocrx_word' id='word_1_241' title='bbox 777 3155 923 3210; x_wconf 86' lang='lat' dir='ltr'><strong>Haec</strong></span> <span class='ocrx_word' id='word_1_242' title='bbox 952 3156 1109 3209; x_wconf 86' lang='lat' dir='ltr'><strong>tanta</strong></span> <span class='ocrx_word' id='word_1_243' title='bbox 1139 3156 1349 3227; x_wconf 88' lang='lat' dir='ltr'><strong>pietas,</strong></span> <span class='ocrx_word' id='word_1_244' title='bbox 1383 3158 1540 3210; x_wconf 89' lang='lat' dir='ltr'><strong>tanta</strong></span> <span class='ocrx_word' id='word_1_245' title='bbox 1570 3171 1712 3229; x_wconf 87' lang='lat' dir='ltr'><strong>erga</strong></span> <span class='ocrx_word' id='word_1_246' title='bbox 1741 3157 1925 3212; x_wconf 89' lang='lat' dir='ltr'><strong>Deum</strong></span> <span class='ocrx_word' id='word_1_247' title='bbox 1956 3157 2107 3211; x_wconf 88' lang='lat' dir='ltr'><strong>ﬁdes</strong></span> <span class='ocrx_word' id='word_1_248' title='bbox 2136 3156 2249 3211; x_wconf 90' lang='lat' dir='ltr'><strong>hoc</strong></span> 
     </span>
    </p>
   </div>
   <div class='ocr_carea' id='block_1_35' title="bbox 597 3243 2249 3317">
    <p class='ocr_par' dir='ltr' id='par_1_35' title="bbox 597 3243 2249 3317">
     <span class='ocr_line' id='line_1_35' title="bbox 597 3243 2249 3317; baseline 0.002 -19"><span class='ocrx_word' id='word_1_249' title='bbox 597 3243 752 3300; x_wconf 79' lang='lat' dir='ltr'><strong>facto</strong></span> <span class='ocrx_word' id='word_1_250' title='bbox 771 3244 1201 3300; x_wconf 85' lang='lat' dir='ltr'><strong>obfuscabitur.</strong></span> <span class='ocrx_word' id='word_1_251' title='bbox 1224 3244 1312 3300; x_wconf 88' lang='lat' dir='ltr'><strong>Tu</strong></span> <span class='ocrx_word' id='word_1_252' title='bbox 1329 3246 1509 3317; x_wconf 81' lang='lat' dir='ltr'><strong>igitur</strong></span> <span class='ocrx_word' id='word_1_253' title='bbox 1528 3246 1626 3317; x_wconf 90' lang='lat' dir='ltr'><strong>qui</strong></span> <span class='ocrx_word' id='word_1_254' title='bbox 1657 3246 1897 3301; x_wconf 88' lang='lat' dir='ltr'><strong>armatis</strong></span> <span class='ocrx_word' id='word_1_255' title='bbox 1928 3246 2249 3317; x_wconf 89' lang='lat' dir='ltr'><strong>pepercisti</strong></span> 
     </span>
    </p>
   </div>
   <div class='ocr_carea' id='block_1_36' title="bbox 582 3388 2242 3458">
    <p class='ocr_par' dir='ltr' id='par_1_36' title="bbox 582 3388 2242 3458">
     <span class='ocr_line' id='line_1_36' title="bbox 582 3388 2242 3458; baseline 0.001 -16"><span class='ocrx_word' id='word_1_256' title='bbox 582 3388 726 3443; x_wconf 91' lang='lat' dir='ltr'><strong>dum</strong></span> <span class='ocrx_word' id='word_1_257' title='bbox 756 3402 896 3443; x_wconf 89' lang='lat' dir='ltr'><strong>esse</strong></span> <span class='ocrx_word' id='word_1_258' title='bbox 927 3389 1197 3443; x_wconf 89' lang='lat' dir='ltr'><strong>eumdem</strong></span> <span class='ocrx_word' id='word_1_259' title='bbox 1225 3388 1564 3458; x_wconf 82' lang='lat' dir='ltr'><strong>pontiﬁcem</strong></span> <span class='ocrx_word' id='word_1_260' title='bbox 1588 3389 1660 3443; x_wconf 91' lang='lat' dir='ltr'><strong>dc</strong></span> <span class='ocrx_word' id='word_1_261' title='bbox 1690 3388 1861 3443; x_wconf 90' lang='lat' dir='ltr'><strong>laicis</strong></span> <span class='ocrx_word' id='word_1_262' title='bbox 1894 3388 2242 3458; x_wconf 88' lang='lat' dir='ltr'><strong>curialibus,</strong></span> 
     </span>
    </p>
   </div>
   <div class='ocr_carea' id='block_1_37' title="bbox 620 3459 2246 3529">
    <p class='ocr_par' dir='ltr' id='par_1_37' title="bbox 620 3459 2246 3529">
     <span class='ocr_line' id='line_1_37' title="bbox 620 3459 2246 3529; baseline -0.001 -13"><span class='ocrx_word' id='word_1_263' title='bbox 620 3477 734 3516; x_wconf 89' lang='lat' dir='ltr'><strong>uos</strong></span> <span class='ocrx_word' id='word_1_264' title='bbox 763 3462 921 3513; x_wconf 87' lang='lat' dir='ltr'><strong>vetat</strong></span> <span class='ocrx_word' id='word_1_265' title='bbox 951 3460 1009 3513; x_wconf 92' lang='lat' dir='ltr'><strong>in</strong></span> <span class='ocrx_word' id='word_1_266' title='bbox 1040 3459 1378 3514; x_wconf 87' lang='lat' dir='ltr'><strong>clericalem</strong></span> <span class='ocrx_word' id='word_1_267' title='bbox 1410 3460 1658 3527; x_wconf 90' lang='lat' dir='ltr'><strong>gradum</strong></span> <span class='ocrx_word' id='word_1_268' title='bbox 1709 3460 1993 3529; x_wconf 88' lang='lat' dir='ltr'><strong>adoptari.</strong></span> <span class='ocrx_word' id='word_1_269' title='bbox 2029 3459 2246 3514; x_wconf 87' lang='lat' dir='ltr'><strong>Saltem</strong></span> 
     </span>
    </p>
   </div>
   <div class='ocr_carea' id='block_1_38' title="bbox 576 3476 2247 3600">
    <p class='ocr_par' dir='ltr' id='par_1_38' title="bbox 576 3476 2247 3600">
     <span class='ocr_line' id='line_1_38' title="bbox 620 3476 2246 3529; baseline -0.001 -13"><span class='ocrx_word' id='word_1_270' title='bbox 620 3477 734 3516; x_wconf 90' lang='lat' dir='ltr'><strong>uos</strong></span> <span class='ocrx_word' id='word_1_271' title='bbox 763 3476 921 3513; x_wconf 71' lang='lat' dir='ltr'><strong>vetat</strong></span> <span class='ocrx_word' id='word_1_272' title='bbox 951 3476 1009 3513; x_wconf 80' lang='lat' dir='ltr'><strong>in</strong></span> <span class='ocrx_word' id='word_1_273' title='bbox 1040 3476 1378 3514; x_wconf 79' lang='lat' dir='ltr'><strong>clericaiem</strong></span> <span class='ocrx_word' id='word_1_274' title='bbox 1410 3476 1658 3527; x_wconf 81' lang='lat' dir='ltr'><strong>granum</strong></span> <span class='ocrx_word' id='word_1_275' title='bbox 1709 3476 1993 3529; x_wconf 77' lang='lat' dir='ltr'><strong>adoptari.</strong></span> <span class='ocrx_word' id='word_1_276' title='bbox 2029 3476 2246 3514; x_wconf 77' lang='lat' dir='ltr'><strong>Saltem</strong></span> 
     </span>
     <span class='ocr_line' id='line_1_39' title="bbox 576 3476 2247 3600; baseline 0 -15"><span class='ocrx_word' id='word_1_277' title='bbox 576 3476 847 3587; x_wconf 60' lang='lat' dir='ltr'><strong>dubitare</strong></span> <span class='ocrx_word' id='word_1_278' title='bbox 869 3545 986 3584; x_wconf 89' lang='lat' dir='ltr'><strong>non</strong></span> <span class='ocrx_word' id='word_1_279' title='bbox 1020 3530 1159 3585; x_wconf 90' lang='lat' dir='ltr'><strong>licet</strong></span> <span class='ocrx_word' id='word_1_280' title='bbox 1181 3530 1434 3584; x_wconf 91' lang='lat' dir='ltr'><strong>clericos</strong></span> <span class='ocrx_word' id='word_1_281' title='bbox 1455 3530 1722 3600; x_wconf 85' lang='lat' dir='ltr'><strong>profanis</strong></span> <span class='ocrx_word' id='word_1_282' title='bbox 1745 3530 1863 3584; x_wconf 91' lang='lat' dir='ltr'><strong>illis</strong></span> <span class='ocrx_word' id='word_1_283' title='bbox 1898 3531 2247 3586; x_wconf 87' lang='lat' dir='ltr'><strong>ministeriis</strong></span> 
     </span>
    </p>
   </div>
   <div class='ocr_carea' id='block_1_39' title="bbox 575 3601 2250 3675">
    <p class='ocr_par' dir='ltr' id='par_1_39' title="bbox 575 3601 2250 3675">
     <span class='ocr_line' id='line_1_40' title="bbox 575 3601 2250 3675; baseline -0.001 -17"><span class='ocrx_word' id='word_1_284' title='bbox 575 3604 919 3675; x_wconf 79' lang='lat' dir='ltr'><strong>neutiquam</strong></span> <span class='ocrx_word' id='word_1_285' title='bbox 940 3601 1132 3656; x_wconf 92' lang='lat' dir='ltr'><strong>fuisse</strong></span> <span class='ocrx_word' id='word_1_286' title='bbox 1156 3601 1473 3675; x_wconf 63' lang='lat' dir='ltr'><strong>obnoxios,</strong></span> <span class='ocrx_word' id='word_1_287' title='bbox 1498 3602 1635 3675; x_wconf 83' lang='lat' dir='ltr'><strong>dum</strong></span> <span class='ocrx_word' id='word_1_288' title='bbox 1654 3601 1783 3655; x_wconf 83' lang='lat' dir='ltr'><strong>haec</strong></span> <span class='ocrx_word' id='word_1_289' title='bbox 1808 3602 2250 3675; x_wconf 69' lang='lat' dir='ltr'><strong>scribet-etAm-</strong></span> 
     </span>
    </p>
   </div>
   <div class='ocr_carea' id='block_1_40' title="bbox 572 3672 2249 3743">
    <p class='ocr_par' dir='ltr' id='par_1_40' title="bbox 572 3672 2249 3743">
     <span class='ocr_line' id='line_1_41' title="bbox 572 3672 2249 3743; baseline -0.002 -13"><span class='ocrx_word' id='word_1_290' title='bbox 572 3672 821 3730; x_wconf 79' lang='lat' dir='ltr'><strong>brosius</strong></span> <span class='ocrx_word' id='word_1_291' title='bbox 844 3676 1087 3728; x_wconf 85' lang='lat' dir='ltr'><strong>noster:</strong></span> <span class='ocrx_word' id='word_1_292' title='bbox 1122 3689 1256 3726; x_wconf 90' lang='lat' dir='ltr'><strong>nam</strong></span> <span class='ocrx_word' id='word_1_293' title='bbox 1298 3673 1516 3743; x_wconf 88' lang='lat' dir='ltr'><strong>alioqui</strong></span> <span class='ocrx_word' id='word_1_294' title='bbox 1549 3688 1847 3743; x_wconf 89' lang='lat' dir='ltr'><strong>nunquam</strong></span> <span class='ocrx_word' id='word_1_295' title='bbox 1876 3674 1994 3726; x_wconf 90' lang='lat' dir='ltr'><strong>tam</strong></span> <span class='ocrx_word' id='word_1_296' title='bbox 2040 3672 2249 3727; x_wconf 90' lang='lat' dir='ltr'><strong>leviter</strong></span> 
     </span>
    </p>
   </div>
   <div class='ocr_carea' id='block_1_41' title="bbox 576 3743 2248 3816">
    <p class='ocr_par' dir='ltr' id='par_1_41' title="bbox 576 3743 2248 3816">
     <span class='ocr_line' id='line_1_42' title="bbox 576 3743 2248 3816; baseline -0.002 -16"><span class='ocrx_word' id='word_1_297' title='bbox 576 3761 700 3816; x_wconf 76' lang='lat' dir='ltr'><strong>rem</strong></span> <span class='ocrx_word' id='word_1_298' title='bbox 741 3746 890 3799; x_wconf 91' lang='lat' dir='ltr'><strong>adeo</strong></span> <span class='ocrx_word' id='word_1_299' title='bbox 948 3744 1255 3816; x_wconf 88' lang='lat' dir='ltr'><strong>indignam</strong></span> <span class='ocrx_word' id='word_1_300' title='bbox 1310 3744 1721 3816; x_wconf 63' lang='lat' dir='ltr'><strong>praeteriisset.</strong></span> <span class='ocrx_word' id='word_1_301' title='bbox 1781 3743 1948 3816; x_wconf 89' lang='lat' dir='ltr'><strong>Quod</strong></span> <span class='ocrx_word' id='word_1_302' title='bbox 2005 3744 2079 3798; x_wconf 89' lang='lat' dir='ltr'><strong>ad</strong></span> <span class='ocrx_word' id='word_1_303' title='bbox 2135 3744 2248 3798; x_wconf 89' lang='lat' dir='ltr'><strong>alia</strong></span> 
     </span>
    </p>
   </div>
   <div class='ocr_carea' id='block_1_42' title="bbox 578 3809 2246 3883">
    <p class='ocr_par' dir='ltr' id='par_1_42' title="bbox 578 3809 2246 3883">
     <span class='ocr_line' id='line_1_43' title="bbox 578 3809 2246 3883; baseline -0.001 -12"><span class='ocrx_word' id='word_1_304' title='bbox 578 3809 875 3871; x_wconf 76' lang='lat' dir='ltr'><strong>ciiriarum</strong></span> <span class='ocrx_word' id='word_1_305' title='bbox 915 3809 1180 3883; x_wconf 63' lang='lat' dir='ltr'><strong>mune&#39;ra,</strong></span> <span class='ocrx_word' id='word_1_306' title='bbox 1224 3809 1426 3869; x_wconf 72' lang='lat' dir='ltr'><strong>eorum</strong></span> <span class='ocrx_word' id='word_1_307' title='bbox 1470 3815 1762 3869; x_wconf 89' lang='lat' dir='ltr'><strong>immunes</strong></span> <span class='ocrx_word' id='word_1_308' title='bbox 1814 3815 2066 3869; x_wconf 85' lang='lat' dir='ltr'><strong>clericos</strong></span> <span class='ocrx_word' id='word_1_309' title='bbox 2106 3830 2246 3869; x_wconf 90' lang='lat' dir='ltr'><strong>esse</strong></span> 
     </span>
    </p>
   </div>
   <div class='ocr_carea' id='block_1_43' title="bbox 573 3883 2241 3957">
    <p class='ocr_par' dir='ltr' id='par_1_43' title="bbox 573 3883 2241 3957">
     <span class='ocr_line' id='line_1_44' title="bbox 573 3883 2241 3957; baseline 0.001 -18"><span class='ocrx_word' id='word_1_310' title='bbox 573 3888 844 3941; x_wconf 86' lang='lat' dir='ltr'><strong>voluerat</strong></span> <span class='ocrx_word' id='word_1_311' title='bbox 879 3883 1285 3957; x_wconf 12' lang='lat' dir='ltr'><strong>Constantius,</strong></span> <span class='ocrx_word' id='word_1_312' title='bbox 1321 3886 1573 3956; x_wconf 86' lang='lat' dir='ltr'><strong>Magnus</strong></span> <span class='ocrx_word' id='word_1_313' title='bbox 1621 3886 1757 3957; x_wconf 88' lang='lat' dir='ltr'><strong>lege</strong></span> <span class='ocrx_word' id='word_1_314' title='bbox 1788 3886 1821 3940; x_wconf 76' lang='lat'>2</span> <span class='ocrx_word' id='word_1_315' title='bbox 1863 3886 1936 3940; x_wconf 92' lang='lat' dir='ltr'><strong>de</strong></span> <span class='ocrx_word' id='word_1_316' title='bbox 1977 3886 2241 3955; x_wconf 90' lang='lat' dir='ltr'><strong>episcop.</strong></span> 
     </span>
    </p>
   </div>
   <div class='ocr_carea' id='block_1_44' title="bbox 571 3956 2246 4026">
    <p class='ocr_par' dir='ltr' id='par_1_44' title="bbox 571 3956 2246 4026">
     <span class='ocr_line' id='line_1_45' title="bbox 571 3956 2246 4026; baseline 0.001 -17"><span class='ocrx_word' id='word_1_317' title='bbox 571 3957 794 4011; x_wconf 84' lang='lat' dir='ltr'><strong>Verum</strong></span> <span class='ocrx_word' id='word_1_318' title='bbox 821 3972 937 4010; x_wconf 93' lang='lat' dir='ltr'><strong>non</strong></span> <span class='ocrx_word' id='word_1_319' title='bbox 969 3956 1142 4010; x_wconf 91' lang='lat' dir='ltr'><strong>modo</strong></span> <span class='ocrx_word' id='word_1_320' title='bbox 1175 3956 1445 4010; x_wconf 83' lang='lat' dir='ltr'><strong>Julianus</strong></span> <span class='ocrx_word' id='word_1_321' title='bbox 1477 3956 1743 4026; x_wconf 85' lang='lat' dir='ltr'><strong>apostata</strong></span> <span class='ocrx_word' id='word_1_322' title='bbox 1770 3971 1977 4011; x_wconf 91' lang='lat' dir='ltr'><strong>omnes</strong></span> <span class='ocrx_word' id='word_1_323' title='bbox 1992 3957 2246 4011; x_wconf 92' lang='lat' dir='ltr'><strong>clerico-</strong></span> 
     </span>
    </p>
   </div>
   <div class='ocr_carea' id='block_1_45' title="bbox 572 4027 2248 4095">
    <p class='ocr_par' dir='ltr' id='par_1_45' title="bbox 572 4027 2248 4095">
     <span class='ocr_line' id='line_1_46' title="bbox 572 4027 2248 4095; baseline 0 -13"><span class='ocrx_word' id='word_1_324' title='bbox 572 4043 705 4082; x_wconf 85' lang='lat' dir='ltr'><strong>rum</strong></span> <span class='ocrx_word' id='word_1_325' title='bbox 735 4027 1137 4081; x_wconf 90' lang='lat' dir='ltr'><strong>immunitates</strong></span> <span class='ocrx_word' id='word_1_326' title='bbox 1183 4027 1529 4095; x_wconf 88' lang='lat' dir='ltr'><strong>resciderat,</strong></span> <span class='ocrx_word' id='word_1_327' title='bbox 1581 4031 1643 4081; x_wconf 92' lang='lat' dir='ltr'><strong>ut</strong></span> <span class='ocrx_word' id='word_1_328' title='bbox 1690 4028 2055 4082; x_wconf 90' lang='lat' dir='ltr'><strong>Sozomenus</strong></span> <span class='ocrx_word' id='word_1_329' title='bbox 2098 4028 2248 4082; x_wconf 85' lang='lat' dir='ltr'><strong>dixit</strong></span> 
     </span>
    </p>
   </div>
   <div class='ocr_carea' id='block_1_46' title="bbox 573 4097 2247 4168">
    <p class='ocr_par' dir='ltr' id='par_1_46' title="bbox 573 4097 2247 4168">
     <span class='ocr_line' id='line_1_47' title="bbox 573 4097 2247 4168; baseline 0 -15"><span class='ocrx_word' id='word_1_330' title='bbox 573 4098 678 4153; x_wconf 93' lang='lat' dir='ltr'><strong>lib.</strong></span> <span class='ocrx_word' id='word_1_331' title='bbox 714 4114 771 4167; x_wconf 80' lang='lat' dir='ltr'><strong>v,</strong></span> <span class='ocrx_word' id='word_1_332' title='bbox 808 4113 934 4165; x_wconf 91' lang='lat' dir='ltr'><strong>cap.</strong></span> <span class='ocrx_word' id='word_1_333' title='bbox 968 4098 1021 4165; x_wconf 86' lang='lat'><strong>5,</strong></span> <span class='ocrx_word' id='word_1_334' title='bbox 1056 4097 1164 4151; x_wconf 91' lang='lat' dir='ltr'><strong>sed</strong></span> <span class='ocrx_word' id='word_1_335' title='bbox 1196 4100 1255 4151; x_wconf 89' lang='lat' dir='ltr'><strong>et</strong></span> <span class='ocrx_word' id='word_1_336' title='bbox 1284 4097 1383 4150; x_wconf 87' lang='lat' dir='ltr'><strong>alii</strong></span> <span class='ocrx_word' id='word_1_337' title='bbox 1413 4113 1649 4168; x_wconf 91' lang='lat' dir='ltr'><strong>quoque</strong></span> <span class='ocrx_word' id='word_1_338' title='bbox 1686 4098 2075 4168; x_wconf 86' lang='lat' dir='ltr'><strong>imperatores</strong></span> <span class='ocrx_word' id='word_1_339' title='bbox 2105 4114 2247 4153; x_wconf 90' lang='lat' dir='ltr'><strong>eas-</strong></span> 
     </span>
    </p>
   </div>
   <div class='ocr_carea' id='block_1_47' title="bbox 578 4169 2242 4239">
    <p class='ocr_par' dir='ltr' id='par_1_47' title="bbox 578 4169 2242 4239">
     <span class='ocr_line' id='line_1_48' title="bbox 578 4169 2242 4239; baseline 0 -15"><span class='ocrx_word' id='word_1_340' title='bbox 578 4170 715 4224; x_wconf 91' lang='lat' dir='ltr'><strong>dem</strong></span> <span class='ocrx_word' id='word_1_341' title='bbox 746 4169 956 4238; x_wconf 90' lang='lat' dir='ltr'><strong>partim</strong></span> <span class='ocrx_word' id='word_1_342' title='bbox 984 4172 1429 4237; x_wconf 87' lang='lat' dir='ltr'><strong>revocaverant,</strong></span> <span class='ocrx_word' id='word_1_343' title='bbox 1478 4170 1689 4238; x_wconf 88' lang='lat' dir='ltr'><strong>partim</strong></span> <span class='ocrx_word' id='word_1_344' title='bbox 1738 4169 1921 4223; x_wconf 90' lang='lat' dir='ltr'><strong>variis</strong></span> <span class='ocrx_word' id='word_1_345' title='bbox 1952 4170 2242 4239; x_wconf 89' lang='lat' dir='ltr'><strong>appositis</strong></span> 
     </span>
    </p>
   </div>
   <div class='ocr_carea' id='block_1_48' title="bbox 571 4239 2247 4308">
    <p class='ocr_par' dir='ltr' id='par_1_48' title="bbox 571 4239 2247 4308">
     <span class='ocr_line' id='line_1_49' title="bbox 571 4239 2247 4308; baseline 0.001 -13"><span class='ocrx_word' id='word_1_346' title='bbox 571 4239 1014 4295; x_wconf 90' lang='lat' dir='ltr'><strong>conditionibus</strong></span> <span class='ocrx_word' id='word_1_347' title='bbox 1045 4239 1496 4308; x_wconf 85' lang='lat' dir='ltr'><strong>restrinxerant,</strong></span> <span class='ocrx_word' id='word_1_348' title='bbox 1550 4242 1614 4293; x_wconf 91' lang='lat' dir='ltr'><strong>ut</strong></span> <span class='ocrx_word' id='word_1_349' title='bbox 1644 4239 1878 4295; x_wconf 89' lang='lat' dir='ltr'><strong>discere</strong></span> <span class='ocrx_word' id='word_1_350' title='bbox 1909 4245 2002 4294; x_wconf 91' lang='lat' dir='ltr'><strong>est</strong></span> <span class='ocrx_word' id='word_1_351' title='bbox 2036 4257 2110 4296; x_wconf 88' lang='lat' dir='ltr'><strong>ex</strong></span> <span class='ocrx_word' id='word_1_352' title='bbox 2138 4258 2247 4295; x_wconf 89' lang='lat' dir='ltr'><strong>va-</strong></span> 
     </span>
    </p>
   </div>
   <div class='ocr_carea' id='block_1_49' title="bbox 571 4309 2241 4383">
    <p class='ocr_par' dir='ltr' id='par_1_49' title="bbox 571 4309 2241 4383">
     <span class='ocr_line' id='line_1_50' title="bbox 571 4309 2241 4383; baseline 0.001 -17"><span class='ocrx_word' id='word_1_353' title='bbox 571 4312 680 4366; x_wconf 86' lang='lat' dir='ltr'><strong>riis</strong></span> <span class='ocrx_word' id='word_1_354' title='bbox 712 4310 953 4383; x_wconf 79' lang='lat' dir='ltr'><strong>legibus</strong></span> <span class='ocrx_word' id='word_1_355' title='bbox 983 4310 1137 4383; x_wconf 81' lang='lat' dir='ltr'><strong>Cod._</strong></span> <span class='ocrx_word' id='word_1_356' title='bbox 1161 4309 1384 4364; x_wconf 90' lang='lat' dir='ltr'><strong>Theod.</strong></span> <span class='ocrx_word' id='word_1_357' title='bbox 1420 4310 1565 4365; x_wconf 90' lang='lat' dir='ltr'><strong>Vide</strong></span> <span class='ocrx_word' id='word_1_358' title='bbox 1596 4311 1818 4381; x_wconf 90' lang='lat' dir='ltr'><strong>pariter</strong></span> <span class='ocrx_word' id='word_1_359' title='bbox 1856 4327 2038 4381; x_wconf 91' lang='lat' dir='ltr'><strong>supra</strong></span> <span class='ocrx_word' id='word_1_360' title='bbox 2067 4312 2241 4383; x_wconf 88' lang='lat' dir='ltr'><strong>epist.</strong></span> 
     </span>
    </p>
   </div>
   <div class='ocr_carea' id='block_1_50' title="bbox 570 4381 1164 4452">
    <p class='ocr_par' dir='ltr' id='par_1_50' title="bbox 570 4381 1164 4452">
     <span class='ocr_line' id='line_1_51' title="bbox 570 4381 1164 4452; baseline -0.005 -14"><span class='ocrx_word' id='word_1_361' title='bbox 570 4383 659 4452; x_wconf 96' lang='lat'><strong>18,</strong></span> <span class='ocrx_word' id='word_1_362' title='bbox 694 4381 865 4437; x_wconf 37' lang='lat' dir='ltr'><strong>nume</strong></span> <span class='ocrx_word' id='word_1_363' title='bbox 889 4381 957 4435; x_wconf 86' lang='lat'><strong>13</strong></span> <span class='ocrx_word' id='word_1_364' title='bbox 990 4384 1046 4436; x_wconf 92' lang='lat' dir='ltr'><strong>et</strong></span> <span class='ocrx_word' id='word_1_365' title='bbox 1078 4381 1164 4435; x_wconf 80' lang='grc'>14.</span> 
     </span>
    </p>
   </div>
   <div class='ocr_carea' id='block_1_51' title="bbox 643 4451 2238 4526">
    <p class='ocr_par' dir='ltr' id='par_1_51' title="bbox 643 4451 2238 4526">
     <span class='ocr_line' id='line_1_52' title="bbox 643 4451 2238 4526; baseline -0.003 -18"><span class='ocrx_word' id='word_1_366' title='bbox 643 4451 759 4525; x_wconf 86' lang='grc'>(13)</span> <span class='ocrx_word' id='word_1_367' title='bbox 794 4453 1194 4526; x_wconf 80' lang='lat' dir='ltr'><strong>Reg.codex,</strong></span> <span class='ocrx_word' id='word_1_368' title='bbox 1233 4474 1255 4499; x_wconf 76' lang='grc' dir='ltr'>α</span> <span class='ocrx_word' id='word_1_369' title='bbox 1288 4452 1437 4507; x_wconf 90' lang='lat' dir='ltr'><strong>Nam</strong></span> <span class='ocrx_word' id='word_1_370' title='bbox 1487 4451 1541 4506; x_wconf 91' lang='lat' dir='ltr'><strong>si</strong></span> <span class='ocrx_word' id='word_1_371' title='bbox 1572 4452 1706 4523; x_wconf 90' lang='lat' dir='ltr'><strong>quis</strong></span> <span class='ocrx_word' id='word_1_372' title='bbox 1745 4452 1920 4526; x_wconf 80' lang='lat' dir='ltr'><strong>vobis</strong></span> <span class='ocrx_word' id='word_1_373' title='bbox 1950 4453 2178 4526; x_wconf 83' lang='lat' dir='ltr'><strong>militat,</strong></span> <span class='ocrx_word' id='word_1_374' title='bbox 2215 4472 2238 4504; x_wconf 72' lang='grc' dir='ltr'><strong><em>ι</em></strong></span> 
     </span>
    </p>
   </div>
   <div class='ocr_carea' id='block_1_52' title="bbox 573 4524 2241 4595">
    <p class='ocr_par' dir='ltr' id='par_1_52' title="bbox 573 4524 2241 4595">
     <span class='ocr_line' id='line_1_53' title="bbox 573 4524 2241 4595; baseline -0.001 -15"><span class='ocrx_word' id='word_1_375' title='bbox 573 4524 743 4580; x_wconf 86' lang='lat' dir='ltr'><strong>certo</strong></span> <span class='ocrx_word' id='word_1_376' title='bbox 764 4541 833 4580; x_wconf 89' lang='lat' dir='ltr'><strong>se</strong></span> <span class='ocrx_word' id='word_1_377' title='bbox 854 4524 1076 4579; x_wconf 85' lang='lat' dir='ltr'><strong>militiae</strong></span> <span class='ocrx_word' id='word_1_378' title='bbox 1099 4526 1361 4593; x_wconf 89' lang='lat' dir='ltr'><strong>tempore</strong></span> <span class='ocrx_word' id='word_1_379' title='bbox 1385 4526 1620 4578; x_wconf 88' lang='lat' dir='ltr'><strong>tuetur..</strong></span> <span class='ocrx_word' id='word_1_380' title='bbox 1635 4565 1647 4577; x_wconf 97' lang='lat'><strong>.</strong></span> <span class='ocrx_word' id='word_1_381' title='bbox 1669 4525 2031 4579; x_wconf 86' lang='lat' dir='ltr'><strong>considerari</strong></span> <span class='ocrx_word' id='word_1_382' title='bbox 2065 4541 2241 4595; x_wconf 88' lang='lat' dir='ltr'><strong>opor-</strong></span> 
     </span>
    </p>
   </div>
   <div class='ocr_carea' id='block_1_53' title="bbox 570 4595 2242 4668">
    <p class='ocr_par' dir='ltr' id='par_1_53' title="bbox 570 4595 2242 4668">
     <span class='ocr_line' id='line_1_54' title="bbox 570 4595 2242 4668; baseline -0.001 -17"><span class='ocrx_word' id='word_1_383' title='bbox 570 4600 688 4666; x_wconf 90' lang='lat' dir='ltr'><strong>tet;</strong></span> <span class='ocrx_word' id='word_1_384' title='bbox 724 4619 745 4644; x_wconf 75' lang='grc' dir='ltr'><strong>η</strong></span> <span class='ocrx_word' id='word_1_385' title='bbox 773 4596 997 4668; x_wconf 82' lang='lat' dir='ltr'><strong>reliqui</strong></span> <span class='ocrx_word' id='word_1_386' title='bbox 1030 4599 1085 4649; x_wconf 91' lang='lat' dir='ltr'><strong>et</strong></span> <span class='ocrx_word' id='word_1_387' title='bbox 1130 4596 1267 4668; x_wconf 80' lang='lat' dir='ltr'><strong>edit.</strong></span> <span class='ocrx_word' id='word_1_388' title='bbox 1304 4596 1451 4649; x_wconf 89' lang='lat' dir='ltr'><strong>satis</strong></span> <span class='ocrx_word' id='word_1_389' title='bbox 1488 4595 1877 4668; x_wconf 76' lang='lat' dir='ltr'><strong>conveniunt,</strong></span> <span class='ocrx_word' id='word_1_390' title='bbox 1921 4596 2040 4668; x_wconf 65' lang='lat' dir='ltr'><strong>nisi</strong></span> <span class='ocrx_word' id='word_1_391' title='bbox 2084 4598 2242 4666; x_wconf 83' lang='lat' dir='ltr'><strong>quod</strong></span> 
     </span>
    </p>
   </div>
   <div class='ocr_carea' id='block_1_54' title="bbox 570 4665 2243 4737">
    <p class='ocr_par' dir='ltr' id='par_1_54' title="bbox 570 4665 2243 4737">
     <span class='ocr_line' id='line_1_55' title="bbox 570 4665 2243 4737; baseline 0 -16"><span class='ocrx_word' id='word_1_392' title='bbox 570 4668 630 4721; x_wconf 90' lang='lat' dir='ltr'><strong>in</strong></span> <span class='ocrx_word' id='word_1_393' title='bbox 654 4665 749 4721; x_wconf 88' lang='lat' dir='ltr'><strong>his</strong></span> <span class='ocrx_word' id='word_1_394' title='bbox 771 4665 1041 4735; x_wconf 78' lang='lat' dir='ltr'><strong>habetur,</strong></span> <span class='ocrx_word' id='word_1_395' title='bbox 1084 4689 1105 4713; x_wconf 79' lang='grc' dir='ltr'>α</span> <span class='ocrx_word' id='word_1_396' title='bbox 1139 4666 1285 4720; x_wconf 90' lang='lat' dir='ltr'><strong>Nam</strong></span> <span class='ocrx_word' id='word_1_397' title='bbox 1321 4682 1451 4719; x_wconf 93' lang='lat' dir='ltr'><strong>cum</strong></span> <span class='ocrx_word' id='word_1_398' title='bbox 1484 4666 1521 4718; x_wconf 90' lang='lat' dir='ltr'><strong>ii</strong></span> <span class='ocrx_word' id='word_1_399' title='bbox 1554 4666 1675 4737; x_wconf 88' lang='lat' dir='ltr'><strong>qui,</strong></span> <span class='ocrx_word' id='word_1_400' title='bbox 1714 4688 1735 4715; x_wconf 77' lang='grc' dir='ltr'><strong>ιι</strong></span> <span class='ocrx_word' id='word_1_401' title='bbox 1773 4670 1882 4720; x_wconf 90' lang='lat' dir='ltr'><strong>etc.</strong></span> <span class='ocrx_word' id='word_1_402' title='bbox 1920 4665 2243 4721; x_wconf 86' lang='lat' dir='ltr'><strong>Fornerius</strong></span> 
     </span>
    </p>
   </div>
   <div class='ocr_carea' id='block_1_55' title="bbox 569 4737 2238 4808">
    <p class='ocr_par' dir='ltr' id='par_1_55' title="bbox 569 4737 2238 4808">
     <span class='ocr_line' id='line_1_56' title="bbox 569 4737 2238 4808; baseline 0.001 -17"><span class='ocrx_word' id='word_1_403' title='bbox 569 4742 734 4808; x_wconf 90' lang='lat' dir='ltr'><strong>parte</strong></span> <span class='ocrx_word' id='word_1_404' title='bbox 775 4756 856 4808; x_wconf 87' lang='lat' dir='ltr'><strong>m,</strong></span> <span class='ocrx_word' id='word_1_405' title='bbox 891 4738 1095 4793; x_wconf 89' lang='lat' dir='ltr'><strong>select.</strong></span> <span class='ocrx_word' id='word_1_406' title='bbox 1130 4738 1182 4805; x_wconf 86' lang='lat'><strong>&#39;7,</strong></span> <span class='ocrx_word' id='word_1_407' title='bbox 1232 4752 1338 4808; x_wconf 90' lang='lat' dir='ltr'><strong>pro</strong></span> <span class='ocrx_word' id='word_1_408' title='bbox 1373 4744 1719 4806; x_wconf 81' lang='lat' dir='ltr'><strong>serventur,</strong></span> <span class='ocrx_word' id='word_1_409' title='bbox 1765 4741 1829 4791; x_wconf 88' lang='lat' dir='ltr'><strong>ut</strong></span> <span class='ocrx_word' id='word_1_410' title='bbox 1857 4741 1980 4791; x_wconf 90' lang='lat' dir='ltr'><strong>erat</strong></span> <span class='ocrx_word' id='word_1_411' title='bbox 2010 4737 2069 4790; x_wconf 90' lang='lat' dir='ltr'><strong>in</strong></span> <span class='ocrx_word' id='word_1_412' title='bbox 2100 4738 2238 4792; x_wconf 90' lang='lat' dir='ltr'><strong>edit.</strong></span> 
     </span>
    </p>
   </div>
   <div class='ocr_carea' id='block_1_56' title="bbox 567 4808 2241 4879">
    <p class='ocr_par' dir='ltr' id='par_1_56' title="bbox 567 4808 2241 4879">
     <span class='ocr_line' id='line_1_57' title="bbox 567 4808 2241 4879; baseline 0.001 -18"><span class='ocrx_word' id='word_1_413' title='bbox 567 4810 697 4863; x_wconf 86' lang='lat' dir='ltr'><strong>sive</strong></span> <span class='ocrx_word' id='word_1_414' title='bbox 714 4817 1059 4874; x_wconf 81' lang='lat' dir='ltr'><strong>servantur,</strong></span> <span class='ocrx_word' id='word_1_415' title='bbox 1098 4812 1159 4862; x_wconf 92' lang='lat' dir='ltr'><strong>ut</strong></span> <span class='ocrx_word' id='word_1_416' title='bbox 1190 4808 1675 4879; x_wconf 89' lang='lat' dir='ltr'><strong>leguntplerique</strong></span> <span class='ocrx_word' id='word_1_417' title='bbox 1707 4824 1880 4876; x_wconf 90' lang='lat' dir='ltr'><strong>mss.,</strong></span> <span class='ocrx_word' id='word_1_418' title='bbox 1916 4808 2241 4863; x_wconf 86' lang='lat' dir='ltr'><strong>emendan-</strong></span> 
     </span>
    </p>
   </div>
   <div class='ocr_carea' id='block_1_57' title="bbox 568 4825 2238 4951">
    <p class='ocr_par' dir='ltr' id='par_1_57' title="bbox 568 4825 2238 4951">
     <span class='ocr_line' id='line_1_58' title="bbox 568 4825 2238 4879; baseline 0.001 -18"><span class='ocrx_word' id='word_1_419' title='bbox 568 4825 697 4863; x_wconf 82' lang='lat' dir='ltr'><strong>sive</strong></span> <span class='ocrx_word' id='word_1_420' title='bbox 714 4825 1059 4874; x_wconf 72' lang='lat' dir='ltr'><strong>servantur,</strong></span> <span class='ocrx_word' id='word_1_421' title='bbox 1098 4825 1159 4862; x_wconf 74' lang='lat' dir='ltr'><strong>ut</strong></span> <span class='ocrx_word' id='word_1_422' title='bbox 1190 4825 1241 4862; x_wconf 78' lang='lat' dir='ltr'><strong>ie</strong></span> <span class='ocrx_word' id='word_1_423' title='bbox 1293 4825 1675 4879; x_wconf 77' lang='lat' dir='ltr'><strong>untpierique</strong></span> <span class='ocrx_word' id='word_1_424' title='bbox 1707 4825 1880 4876; x_wconf 90' lang='lat' dir='ltr'><strong>mss.,</strong></span> <span class='ocrx_word' id='word_1_425' title='bbox 1916 4825 2238 4863; x_wconf 82' lang='lat' dir='ltr'><strong>emendan-</strong></span> 
     </span>
     <span class='ocr_line' id='line_1_59' title="bbox 568 4825 2238 4951; baseline 0.001 -18"><span class='ocrx_word' id='word_1_426' title='bbox 568 4879 704 4951; x_wconf 81' lang='lat' dir='ltr'><strong>dum</strong></span> <span class='ocrx_word' id='word_1_427' title='bbox 727 4884 888 4949; x_wconf 85' lang='lat' dir='ltr'><strong>putat</strong></span> <span class='ocrx_word' id='word_1_428' title='bbox 906 4880 1230 4947; x_wconf 79' lang='lat' dir='ltr'><strong>ferientur,</strong></span> <span class='ocrx_word' id='word_1_429' title='bbox 1248 4825 1409 4934; x_wconf 48' lang='grc' dir='ltr'><strong>ἵλεως]</strong></span> <span class='ocrx_word' id='word_1_430' title='bbox 1432 4881 1782 4951; x_wconf 86' lang='lat' dir='ltr'><strong>incongrue.</strong></span> <span class='ocrx_word' id='word_1_431' title='bbox 1809 4879 2100 4934; x_wconf 58' lang='lat' dir='ltr'><strong>Caeterum</strong></span> <span class='ocrx_word' id='word_1_432' title='bbox 2124 4880 2238 4935; x_wconf 86' lang='lat' dir='ltr'><strong>hoc</strong></span> 
     </span>
    </p>
   </div>
   <div class='ocr_carea' id='block_1_58' title="bbox 567 4949 2238 5023">
    <p class='ocr_par' dir='ltr' id='par_1_58' title="bbox 567 4949 2238 5023">
     <span class='ocr_line' id='line_1_60' title="bbox 567 4949 2238 5023; baseline 0.002 -20"><span class='ocrx_word' id='word_1_433' title='bbox 567 4949 702 5023; x_wconf 77' lang='lat' dir='ltr'><strong>loco</strong></span> <span class='ocrx_word' id='word_1_434' title='bbox 723 4952 1081 5023; x_wconf 68' lang='lat' dir='ltr'><strong>Ambrosius</strong></span> <span class='ocrx_word' id='word_1_435' title='bbox 1103 4951 1454 5023; x_wconf 83' lang='lat' dir='ltr'><strong>indicatleg.</strong></span> <span class='ocrx_word' id='word_1_436' title='bbox 1477 4951 1544 5004; x_wconf 92' lang='lat'><strong>88</strong></span> <span class='ocrx_word' id='word_1_437' title='bbox 1566 4949 1639 5004; x_wconf 84' lang='lat' dir='ltr'><strong>de</strong></span> <span class='ocrx_word' id='word_1_438' title='bbox 1655 4951 1949 5005; x_wconf 89' lang='lat' dir='ltr'><strong>Decurion</strong></span> <span class='ocrx_word' id='word_1_439' title='bbox 1966 4956 2022 5005; x_wconf 90' lang='lat' dir='ltr'><strong>et</strong></span> <span class='ocrx_word' id='word_1_440' title='bbox 2045 4951 2238 5023; x_wconf 88' lang='lat' dir='ltr'><strong>legem</strong></span> 
     </span>
    </p>
   </div>
   <div class='ocr_carea' id='block_1_59' title="bbox 572 5020 2239 5093">
    <p class='ocr_par' dir='ltr' id='par_1_59' title="bbox 572 5020 2239 5093">
     <span class='ocr_line' id='line_1_61' title="bbox 572 5020 2239 5093; baseline 0.001 -19"><span class='ocrx_word' id='word_1_441' title='bbox 572 5020 676 5074; x_wconf 89' lang='lat'><strong>100</strong></span> <span class='ocrx_word' id='word_1_442' title='bbox 697 5021 971 5093; x_wconf 82' lang='lat' dir='ltr'><strong>ejusdem</strong></span> <span class='ocrx_word' id='word_1_443' title='bbox 1012 5022 1181 5090; x_wconf 87' lang='lat' dir='ltr'><strong>tituli,</strong></span> <span class='ocrx_word' id='word_1_444' title='bbox 1214 5020 1433 5093; x_wconf 78' lang='lat' dir='ltr'><strong>quibus</strong></span> <span class='ocrx_word' id='word_1_445' title='bbox 1477 5024 1616 5091; x_wconf 90' lang='lat' dir='ltr'><strong>post</strong></span> <span class='ocrx_word' id='word_1_446' title='bbox 1643 5020 2239 5093; x_wconf 50' lang='lat' dir='ltr'><strong>quinquennium‘ar-</strong></span> 
     </span>
    </p>
   </div>
   <div class='ocr_carea' id='block_1_60' title="bbox 569 5037 2234 5164">
    <p class='ocr_par' dir='ltr' id='par_1_60' title="bbox 569 5037 2234 5164">
     <span class='ocr_line' id='line_1_62' title="bbox 572 5037 2234 5093; baseline 0.001 -19"><span class='ocrx_word' id='word_1_447' title='bbox 572 5037 676 5074; x_wconf 80' lang='lat' dir='ltr'>1w</span> <span class='ocrx_word' id='word_1_448' title='bbox 697 5037 971 5091; x_wconf 81' lang='lat' dir='ltr'><strong>ejusuem</strong></span> <span class='ocrx_word' id='word_1_449' title='bbox 1012 5037 1181 5090; x_wconf 82' lang='lat' dir='ltr'><strong>tituli,</strong></span> <span class='ocrx_word' id='word_1_450' title='bbox 1257 5037 1433 5075; x_wconf 83' lang='lat' dir='ltr'><strong>uinus</strong></span> <span class='ocrx_word' id='word_1_451' title='bbox 1477 5037 1616 5091; x_wconf 69' lang='lat' dir='ltr'><strong>pos:</strong></span> <span class='ocrx_word' id='word_1_452' title='bbox 1685 5037 2111 5093; x_wconf 80' lang='lat' dir='ltr'><strong>uinquennium</strong></span> <span class='ocrx_word' id='word_1_453' title='bbox 2140 5039 2234 5076; x_wconf 90' lang='lat' dir='ltr'><strong>ar-</strong></span> 
     </span>
     <span class='ocr_line' id='line_1_63' title="bbox 569 5037 2234 5164; baseline 0.002 -20"><span class='ocrx_word' id='word_1_454' title='bbox 569 5094 741 5164; x_wconf 80' lang='lat' dir='ltr'><strong>matae</strong></span> <span class='ocrx_word' id='word_1_455' title='bbox 786 5092 1042 5164; x_wconf 86' lang='lat' dir='ltr'><strong>malitiae,</strong></span> <span class='ocrx_word' id='word_1_456' title='bbox 1095 5096 1192 5147; x_wconf 91' lang='lat' dir='ltr'><strong>aut</strong></span> <span class='ocrx_word' id='word_1_457' title='bbox 1214 5038 1307 5147; x_wconf 77' lang='lat' dir='ltr'><strong>q30</strong></span> <span class='ocrx_word' id='word_1_458' title='bbox 1349 5108 1539 5146; x_wconf 89' lang='lat' dir='ltr'><strong>annos</strong></span> <span class='ocrx_word' id='word_1_459' title='bbox 1587 5037 1857 5162; x_wconf 39' lang='lat' dir='ltr'><strong>padatinae</strong></span> <span class='ocrx_word' id='word_1_460' title='bbox 1908 5094 2234 5164; x_wconf 85' lang='lat' dir='ltr'><strong>dignitatis,</strong></span> 
     </span>
    </p>
   </div>
   <div class='ocr_carea' id='block_1_61' title="bbox 569 5162 2235 5219">
    <p class='ocr_par' dir='ltr' id='par_1_61' title="bbox 569 5162 2235 5219">
     <span class='ocr_line' id='line_1_64' title="bbox 569 5162 2235 5219; baseline 0.002 -4"><span class='ocrx_word' id='word_1_461' title='bbox 569 5162 908 5217; x_wconf 87' lang='lat' dir='ltr'><strong>immunitas</strong></span> <span class='ocrx_word' id='word_1_462' title='bbox 930 5164 1003 5217; x_wconf 89' lang='lat' dir='ltr'><strong>ab</strong></span> <span class='ocrx_word' id='word_1_463' title='bbox 1036 5164 1202 5217; x_wconf 90' lang='lat' dir='ltr'><strong>hisce</strong></span> <span class='ocrx_word' id='word_1_464' title='bbox 1234 5164 1581 5218; x_wconf 89' lang='lat' dir='ltr'><strong>muneribus</strong></span> <span class='ocrx_word' id='word_1_465' title='bbox 1613 5162 2123 5218; x_wconf 53' lang='lat' dir='ltr'><strong>concediturfAdi</strong></span> <span class='ocrx_word' id='word_1_466' title='bbox 2155 5162 2235 5219; x_wconf 45' lang='lat' dir='ltr'><strong>si;</strong></span> 
     </span>
    </p>
   </div>
   <div class='ocr_carea' id='block_1_62' title="bbox 570 5233 2237 5306">
    <p class='ocr_par' dir='ltr' id='par_1_62' title="bbox 570 5233 2237 5306">
     <span class='ocr_line' id='line_1_65' title="bbox 570 5233 2237 5306; baseline 0.002 -20"><span class='ocrx_word' id='word_1_467' title='bbox 570 5233 921 5306; x_wconf 77' lang='lat' dir='ltr'><strong>militerleg.</strong></span> <span class='ocrx_word' id='word_1_468' title='bbox 951 5234 1015 5288; x_wconf 74' lang='grc'>12</span> <span class='ocrx_word' id='word_1_469' title='bbox 1037 5234 1111 5306; x_wconf 68' lang='lat' dir='ltr'><strong>de</strong></span> <span class='ocrx_word' id='word_1_470' title='bbox 1133 5235 1353 5288; x_wconf 89' lang='lat' dir='ltr'><strong>Privil.</strong></span> <span class='ocrx_word' id='word_1_471' title='bbox 1384 5250 1506 5289; x_wconf 89' lang='lat' dir='ltr'><strong>eor.</strong></span> <span class='ocrx_word' id='word_1_472' title='bbox 1535 5236 1729 5306; x_wconf 77' lang='lat' dir='ltr'><strong>quiin</strong></span> <span class='ocrx_word' id='word_1_473' title='bbox 1747 5250 1927 5303; x_wconf 85' lang='lat' dir='ltr'><strong>sacr.,</strong></span> <span class='ocrx_word' id='word_1_474' title='bbox 1952 5237 2087 5305; x_wconf 91' lang='lat' dir='ltr'><strong>etc.,</strong></span> <span class='ocrx_word' id='word_1_475' title='bbox 2122 5251 2237 5306; x_wconf 85' lang='lat' dir='ltr'><strong>qua</strong></span> 
     </span>
    </p>
   </div>
   <div class='ocr_carea' id='block_1_63' title="bbox 572 5304 2237 5378">
    <p class='ocr_par' dir='ltr' id='par_1_63' title="bbox 572 5304 2237 5378">
     <span class='ocr_line' id='line_1_66' title="bbox 572 5304 2237 5378; baseline 0.002 -20"><span class='ocrx_word' id='word_1_476' title='bbox 572 5304 826 5375; x_wconf 87' lang='lat' dir='ltr'><strong>ipsemet</strong></span> <span class='ocrx_word' id='word_1_477' title='bbox 850 5304 1227 5378; x_wconf 86' lang='lat' dir='ltr'><strong>Theodosius</strong></span> <span class='ocrx_word' id='word_1_478' title='bbox 1256 5305 1528 5375; x_wconf 79' lang='lat' dir='ltr'><strong>palatinee</strong></span> <span class='ocrx_word' id='word_1_479' title='bbox 1556 5304 1779 5360; x_wconf 73' lang='lat' dir='ltr'><strong>militia:</strong></span> <span class='ocrx_word' id='word_1_480' title='bbox 1810 5312 2043 5378; x_wconf 88' lang='lat' dir='ltr'><strong>tempus</strong></span> <span class='ocrx_word' id='word_1_481' title='bbox 2074 5304 2237 5361; x_wconf 66' lang='grc' dir='ltr'><strong>εάῚΟ</strong></span> 
     </span>
    </p>
   </div>
   <div class='ocr_carea' id='block_1_64' title="bbox 568 5377 1038 5448">
    <p class='ocr_par' dir='ltr' id='par_1_64' title="bbox 568 5377 1038 5448">
     <span class='ocr_line' id='line_1_67' title="bbox 568 5377 1038 5448; baseline 0 -18"><span class='ocrx_word' id='word_1_482' title='bbox 568 5391 759 5448; x_wconf 87' lang='lat' dir='ltr'><strong>annos</strong></span> <span class='ocrx_word' id='word_1_483' title='bbox 789 5377 1038 5448; x_wconf 84' lang='lat' dir='ltr'><strong>redegit.</strong></span> 
     </span>
    </p>
   </div>
   <div class='ocr_carea' id='block_1_65' title="bbox 664 5446 1945 5519">
    <p class='ocr_par' dir='ltr' id='par_1_65' title="bbox 664 5446 1945 5519">
     <span class='ocr_line' id='line_1_68' title="bbox 664 5446 1945 5519; baseline 0.002 -18"><span class='ocrx_word' id='word_1_484' title='bbox 664 5447 752 5519; x_wconf 77' lang='grc'>14)</span> <span class='ocrx_word' id='word_1_485' title='bbox 784 5446 1003 5502; x_wconf 65' lang='grc' dir='ltr'><strong>Οοάθᾶε.</strong></span> <span class='ocrx_word' id='word_1_486' title='bbox 1042 5448 1216 5518; x_wconf 72' lang='lat' dir='ltr'><strong>Reg,</strong></span> <span class='ocrx_word' id='word_1_487' title='bbox 1258 5469 1279 5519; x_wconf 62' lang='grc' dir='ltr'><strong>«ς</strong></span> <span class='ocrx_word' id='word_1_488' title='bbox 1316 5448 1472 5518; x_wconf 91' lang='lat' dir='ltr'><strong>quod</strong></span> <span class='ocrx_word' id='word_1_489' title='bbox 1508 5451 1569 5502; x_wconf 93' lang='lat' dir='ltr'><strong>tu</strong></span> <span class='ocrx_word' id='word_1_490' title='bbox 1597 5446 1883 5519; x_wconf 89' lang='lat' dir='ltr'><strong>jusseris.</strong></span> <span class='ocrx_word' id='word_1_491' title='bbox 1923 5470 1945 5495; x_wconf 72' lang='grc' dir='ltr'><strong>»ι</strong></span> 
     </span>
    </p>
   </div>
   <div class='ocr_carea' id='block_1_66' title="bbox 664 5517 2142 5592">
    <p class='ocr_par' dir='ltr' id='par_1_66' title="bbox 664 5517 2142 5592">
     <span class='ocr_line' id='line_1_69' title="bbox 664 5517 2142 5592; baseline 0.001 -19"><span class='ocrx_word' id='word_1_492' title='bbox 664 5517 751 5592; x_wconf 62' lang='grc' dir='ltr'>1ᾅ)</span> <span class='ocrx_word' id='word_1_493' title='bbox 782 5519 1050 5592; x_wconf 77' lang='lat' dir='ltr'><strong>Intellige</strong></span> <span class='ocrx_word' id='word_1_494' title='bbox 1083 5517 1405 5592; x_wconf 58' lang='lat' dir='ltr'><strong>Theodosii</strong></span> <span class='ocrx_word' id='word_1_495' title='bbox 1434 5517 1658 5592; x_wconf 70' lang='lat' dir='ltr'><strong>liberos</strong></span> <span class='ocrx_word' id='word_1_496' title='bbox 1690 5520 1786 5573; x_wconf 89' lang='lat' dir='ltr'><strong>hic</strong></span> <span class='ocrx_word' id='word_1_497' title='bbox 1814 5519 2142 5591; x_wconf 86' lang='lat' dir='ltr'><strong>designari.</strong></span> 
     </span>
    </p>
   </div>
   <div class='ocr_carea' id='block_1_67' title="bbox 638 5588 2236 5661">
    <p class='ocr_par' dir='ltr' id='par_1_67' title="bbox 638 5588 2236 5661">
     <span class='ocr_line' id='line_1_70' title="bbox 638 5588 2236 5661; baseline 0.001 -17"><span class='ocrx_word' id='word_1_498' title='bbox 638 5588 752 5660; x_wconf 88' lang='grc'>(16)</span> <span class='ocrx_word' id='word_1_499' title='bbox 779 5588 1004 5647; x_wconf 76' lang='lat' dir='ltr'><strong>Omnes</strong></span> <span class='ocrx_word' id='word_1_500' title='bbox 1030 5590 1169 5646; x_wconf 91' lang='lat' dir='ltr'><strong>edit.</strong></span> <span class='ocrx_word' id='word_1_501' title='bbox 1200 5605 1272 5661; x_wconf 84' lang='lat' dir='ltr'><strong>ac</strong></span> <span class='ocrx_word' id='word_1_502' title='bbox 1302 5590 1569 5661; x_wconf 87' lang='lat' dir='ltr'><strong>plerique</strong></span> <span class='ocrx_word' id='word_1_503' title='bbox 1619 5606 1791 5660; x_wconf 90' lang='lat' dir='ltr'><strong>mss.,</strong></span> <span class='ocrx_word' id='word_1_504' title='bbox 1846 5612 1868 5640; x_wconf 72' lang='grc' dir='ltr'><em>α</em></span> <span class='ocrx_word' id='word_1_505' title='bbox 1922 5588 2236 5645; x_wconf 75' lang='lat' dir='ltr'><strong>conveniat</strong></span> 
     </span>
    </p>
   </div>
   <div class='ocr_carea' id='block_1_68' title="bbox 568 5660 2233 5741">
    <p class='ocr_par' dir='ltr' id='par_1_68' title="bbox 568 5660 2233 5741">
     <span class='ocr_line' id='line_1_71' title="bbox 568 5660 2233 5741; baseline 0.001 -21"><span class='ocrx_word' id='word_1_506' title='bbox 568 5674 700 5720; x_wconf 86' lang='lat' dir='ltr'><strong>meo</strong></span> <span class='ocrx_word' id='word_1_507' title='bbox 722 5677 796 5720; x_wconf 88' lang='lat' dir='ltr'><strong>ne</strong></span> <span class='ocrx_word' id='word_1_508' title='bbox 814 5676 1091 5739; x_wconf 86' lang='lat' dir='ltr'><strong>causam;</strong></span> <span class='ocrx_word' id='word_1_509' title='bbox 1129 5682 1152 5716; x_wconf 66' lang='grc' dir='ltr'><strong>ι</strong></span> <span class='ocrx_word' id='word_1_510' title='bbox 1184 5660 1352 5724; x_wconf 79' lang='lat' dir='ltr'><strong>Colb.</strong></span> <span class='ocrx_word' id='word_1_511' title='bbox 1384 5660 1561 5741; x_wconf 81' lang='lat' dir='ltr'><strong>unus,</strong></span> <span class='ocrx_word' id='word_1_512' title='bbox 1600 5685 1621 5713; x_wconf 74' lang='grc' dir='ltr'><strong>«ι</strong></span> <span class='ocrx_word' id='word_1_513' title='bbox 1657 5661 1986 5721; x_wconf 85' lang='lat' dir='ltr'><strong>conveniat.</strong></span> <span class='ocrx_word' id='word_1_514' title='bbox 2020 5662 2233 5722; x_wconf 84' lang='lat' dir='ltr'><strong>Moneo</strong></span> 
     </span>
    </p>
   </div>
   <div class='ocr_carea' id='block_1_69' title="bbox 2276 1854 2330 1918">
    <p class='ocr_par' dir='ltr' id='par_1_69' title="bbox 2276 1854 2330 1918">
     <span class='ocr_line' id='line_1_72' title="bbox 2276 1854 2330 1918; baseline 0 0"><span class='ocrx_word' id='word_1_515' title='bbox 2276 1854 2330 1918; x_wconf 87' lang='grc' dir='ltr'>Β</span> 
     </span>
    </p>
   </div>
   <div class='ocr_carea' id='block_1_70' title="bbox 2270 4566 2326 4630">
    <p class='ocr_par' dir='ltr' id='par_1_70' title="bbox 2270 4566 2326 4630">
     <span class='ocr_line' id='line_1_73' title="bbox 2270 4566 2326 4630; baseline 0 0"><span class='ocrx_word' id='word_1_516' title='bbox 2270 4566 2326 4630; x_wconf 90' lang='lat' dir='ltr'><strong>D</strong></span> 
     </span>
    </p>
   </div>
   <div class='ocr_carea' id='block_1_71' title="bbox 2351 580 3859 651">
    <p class='ocr_par' dir='ltr' id='par_1_71' title="bbox 2351 580 3859 651">
     <span class='ocr_line' id='line_1_74' title="bbox 2351 580 3859 651; baseline 0.008 -18"><span class='ocrx_word' id='word_1_517' title='bbox 2351 580 2511 634; x_wconf 88' lang='lat' dir='ltr'><strong>tanto</strong></span> <span class='ocrx_word' id='word_1_518' title='bbox 2543 580 2744 635; x_wconf 91' lang='lat' dir='ltr'><strong>studio</strong></span> <span class='ocrx_word' id='word_1_519' title='bbox 2774 583 2948 651; x_wconf 86' lang='lat' dir='ltr'><strong>putes</strong></span> <span class='ocrx_word' id='word_1_520' title='bbox 2977 581 3397 638; x_wconf 89' lang='lat' dir='ltr'><strong>vindicandum</strong></span> <span class='ocrx_word' id='word_1_521' title='bbox 3428 584 3488 638; x_wconf 90' lang='lat' dir='ltr'><strong>in</strong></span> <span class='ocrx_word' id='word_1_522' title='bbox 3515 584 3859 646; x_wconf 86' lang='lat' dir='ltr'><strong>Christianos.</strong></span> 
     </span>
    </p>
   </div>
   <div class='ocr_carea' id='block_1_72' title="bbox 2423 667 3932 747">
    <p class='ocr_par' dir='ltr' id='par_1_72' title="bbox 2423 667 3932 747">
     <span class='ocr_line' id='line_1_75' title="bbox 2423 667 3932 747; baseline 0.008 -24"><span class='ocrx_word' id='word_1_523' title='bbox 2423 667 2512 723; x_wconf 88' lang='grc'><strong>33.</strong></span> <span class='ocrx_word' id='word_1_524' title='bbox 2558 668 2732 724; x_wconf 87' lang='lat' dir='ltr'><strong>Nunc</strong></span> <span class='ocrx_word' id='word_1_525' title='bbox 2761 673 2839 741; x_wconf 91' lang='lat' dir='ltr'><strong>te,</strong></span> <span class='ocrx_word' id='word_1_526' title='bbox 2874 670 3213 741; x_wconf 90' lang='lat' dir='ltr'><strong>imperator,</strong></span> <span class='ocrx_word' id='word_1_527' title='bbox 3250 688 3421 745; x_wconf 86' lang='lat' dir='ltr'><strong>rogo,</strong></span> <span class='ocrx_word' id='word_1_528' title='bbox 3451 676 3515 728; x_wconf 92' lang='lat' dir='ltr'><strong>ut</strong></span> <span class='ocrx_word' id='word_1_529' title='bbox 3542 690 3653 729; x_wconf 90' lang='lat' dir='ltr'><strong>non</strong></span> <span class='ocrx_word' id='word_1_530' title='bbox 3686 692 3932 747; x_wconf 83' lang='lat' dir='ltr'><strong>aspernan-</strong></span> 
     </span>
    </p>
   </div>
   <div class='ocr_carea' id='block_1_73' title="bbox 2350 759 3931 833">
    <p class='ocr_par' dir='ltr' id='par_1_73' title="bbox 2350 759 3931 833">
     <span class='ocr_line' id='line_1_76' title="bbox 2350 759 3931 833; baseline 0.008 -22"><span class='ocrx_word' id='word_1_531' title='bbox 2350 759 2442 811; x_wconf 82' lang='lat' dir='ltr'><strong>ter</strong></span> <span class='ocrx_word' id='word_1_532' title='bbox 2467 759 2775 828; x_wconf 90' lang='lat' dir='ltr'><strong>acceperis</strong></span> <span class='ocrx_word' id='word_1_533' title='bbox 2805 774 2899 814; x_wconf 92' lang='lat' dir='ltr'><strong>me</strong></span> <span class='ocrx_word' id='word_1_534' title='bbox 2948 763 3006 813; x_wconf 94' lang='lat' dir='ltr'><strong>et</strong></span> <span class='ocrx_word' id='word_1_535' title='bbox 3031 775 3139 830; x_wconf 92' lang='lat' dir='ltr'><strong>pro</strong></span> <span class='ocrx_word' id='word_1_536' title='bbox 3188 763 3243 815; x_wconf 90' lang='lat' dir='ltr'><strong>te</strong></span> <span class='ocrx_word' id='word_1_537' title='bbox 3289 763 3346 815; x_wconf 87' lang='lat' dir='ltr'><strong>et</strong></span> <span class='ocrx_word' id='word_1_538' title='bbox 3391 778 3499 831; x_wconf 89' lang='lat' dir='ltr'><strong>pro</strong></span> <span class='ocrx_word' id='word_1_539' title='bbox 3544 779 3633 819; x_wconf 89' lang='lat' dir='ltr'><strong>me</strong></span> <span class='ocrx_word' id='word_1_540' title='bbox 3670 766 3931 833; x_wconf 85' lang='lat' dir='ltr'><strong>timentem;</strong></span> 
     </span>
    </p>
   </div>
   <div class='ocr_carea' id='block_1_74' title="bbox 2351 848 3931 920">
    <p class='ocr_par' dir='ltr' id='par_1_74' title="bbox 2351 848 3931 920">
     <span class='ocr_line' id='line_1_77' title="bbox 2351 848 3931 920; baseline 0.008 -20"><span class='ocrx_word' id='word_1_541' title='bbox 2351 848 2542 901; x_wconf 88' lang='lat' dir='ltr'><strong>sancti</strong></span> <span class='ocrx_word' id='word_1_542' title='bbox 2572 848 2850 902; x_wconf 83' lang='lat' dir='ltr'><strong>enimvox</strong></span> <span class='ocrx_word' id='word_1_543' title='bbox 2881 851 3008 903; x_wconf 91' lang='lat' dir='ltr'><strong>est:</strong></span> <span class='ocrx_word' id='word_1_544' title='bbox 3064 870 3087 895; x_wconf 74' lang='grc' dir='ltr'><strong><em>α</em></strong></span> <span class='ocrx_word' id='word_1_545' title='bbox 3128 849 3205 903; x_wconf 90' lang='lat' dir='ltr'><strong>Ut</strong></span> <span class='ocrx_word' id='word_1_546' title='bbox 3246 850 3388 920; x_wconf 88' lang='lat' dir='ltr'><strong>quid</strong></span> <span class='ocrx_word' id='word_1_547' title='bbox 3420 850 3608 908; x_wconf 82' lang='lat' dir='ltr'><strong>factus</strong></span> <span class='ocrx_word' id='word_1_548' title='bbox 3650 871 3768 909; x_wconf 88' lang='lat' dir='ltr'><strong>sum</strong></span> <span class='ocrx_word' id='word_1_549' title='bbox 3792 858 3931 915; x_wconf 77' lang='lat' dir='ltr'><strong>videre</strong></span> 
     </span>
    </p>
   </div>
   <div class='ocr_carea' id='block_1_75' title="bbox 2352 937 3934 1010">
    <p class='ocr_par' dir='ltr' id='par_1_75' title="bbox 2352 937 3934 1010">
     <span class='ocr_line' id='line_1_78' title="bbox 2352 937 3934 1010; baseline 0.008 -21"><span class='ocrx_word' id='word_1_550' title='bbox 2352 937 2761 990; x_wconf 90' lang='lat' dir='ltr'><strong>contritionem</strong></span> <span class='ocrx_word' id='word_1_551' title='bbox 2791 938 2995 1007; x_wconf 91' lang='lat' dir='ltr'><strong>populi</strong></span> <span class='ocrx_word' id='word_1_552' title='bbox 3030 939 3143 992; x_wconf 91' lang='lat' dir='ltr'><strong>mei</strong></span> <span class='ocrx_word' id='word_1_553' title='bbox 3175 938 3231 1006; x_wconf 93' lang='grc' dir='ltr'>(Ι</span> <span class='ocrx_word' id='word_1_554' title='bbox 3260 938 3460 994; x_wconf 77' lang='lat' dir='ltr'><strong>Maeli.</strong></span> <span class='ocrx_word' id='word_1_555' title='bbox 3498 957 3557 1005; x_wconf 79' lang='lat' dir='ltr'><strong>ll,</strong></span> <span class='ocrx_word' id='word_1_556' title='bbox 3582 941 3655 1010; x_wconf 79' lang='lat'><strong>&#39;7),</strong></span> <span class='ocrx_word' id='word_1_557' title='bbox 3690 963 3713 993; x_wconf 72' lang='grc' dir='ltr'><strong>ι</strong></span> <span class='ocrx_word' id='word_1_558' title='bbox 3740 947 3794 998; x_wconf 87' lang='lat' dir='ltr'><strong>ut</strong></span> <span class='ocrx_word' id='word_1_559' title='bbox 3817 947 3934 1003; x_wconf 52' lang='grc' dir='ltr'><strong>υσεδ</strong></span> 
     </span>
    </p>
   </div>
   <div class='ocr_carea' id='block_1_76' title="bbox 2353 1025 3933 1100">
    <p class='ocr_par' dir='ltr' id='par_1_76' title="bbox 2353 1025 3933 1100">
     <span class='ocr_line' id='line_1_79' title="bbox 2353 1025 3933 1100; baseline 0.008 -22"><span class='ocrx_word' id='word_1_560' title='bbox 2353 1040 2482 1079; x_wconf 90' lang='lat' dir='ltr'><strong>sam</strong></span> <span class='ocrx_word' id='word_1_561' title='bbox 2502 1025 2800 1080; x_wconf 88' lang='lat' dir='ltr'><strong>incurram</strong></span> <span class='ocrx_word' id='word_1_562' title='bbox 2819 1027 2973 1081; x_wconf 83' lang='lat' dir='ltr'><strong>Dei?</strong></span> <span class='ocrx_word' id='word_1_563' title='bbox 3004 1026 3130 1098; x_wconf 88' lang='lat' dir='ltr'><strong>Ego</strong></span> <span class='ocrx_word' id='word_1_564' title='bbox 3154 1031 3312 1082; x_wconf 91' lang='lat' dir='ltr'><strong>certe</strong></span> <span class='ocrx_word' id='word_1_565' title='bbox 3344 1029 3506 1100; x_wconf 91' lang='lat' dir='ltr'><strong>quod</strong></span> <span class='ocrx_word' id='word_1_566' title='bbox 3528 1029 3933 1092; x_wconf 78' lang='lat' dir='ltr'><strong>honoriﬁcentius</strong></span> 
     </span>
    </p>
   </div>
   <div class='ocr_carea' id='block_1_77' title="bbox 2352 1113 3933 1194">
    <p class='ocr_par' dir='ltr' id='par_1_77' title="bbox 2352 1113 3933 1194">
     <span class='ocr_line' id='line_1_80' title="bbox 2352 1113 3933 1194; baseline 0.008 -26"><span class='ocrx_word' id='word_1_567' title='bbox 2352 1113 2480 1169; x_wconf 81' lang='lat' dir='ltr'><strong>fieri</strong></span> <span class='ocrx_word' id='word_1_568' title='bbox 2509 1114 2714 1184; x_wconf 84' lang='lat' dir='ltr'><strong>potuit,</strong></span> <span class='ocrx_word' id='word_1_569' title='bbox 2739 1115 2888 1185; x_wconf 84' lang='lat' dir='ltr'><strong>feci;</strong></span> <span class='ocrx_word' id='word_1_570' title='bbox 2921 1118 2984 1169; x_wconf 95' lang='lat' dir='ltr'><strong>ut</strong></span> <span class='ocrx_word' id='word_1_571' title='bbox 3012 1131 3105 1169; x_wconf 90' lang='lat' dir='ltr'><strong>me</strong></span> <span class='ocrx_word' id='word_1_572' title='bbox 3137 1116 3331 1188; x_wconf 88' lang='lat' dir='ltr'><strong>magis</strong></span> <span class='ocrx_word' id='word_1_573' title='bbox 3368 1117 3610 1173; x_wconf 88' lang='lat' dir='ltr'><strong>audires</strong></span> <span class='ocrx_word' id='word_1_574' title='bbox 3630 1120 3687 1174; x_wconf 90' lang='lat' dir='ltr'><strong>in</strong></span> <span class='ocrx_word' id='word_1_575' title='bbox 3711 1123 3868 1194; x_wconf 84' lang='lat' dir='ltr'><strong>regia,</strong></span> <span class='ocrx_word' id='word_1_576' title='bbox 3891 1142 3933 1180; x_wconf 84' lang='lat' dir='ltr'><strong>ne</strong></span> 
     </span>
    </p>
   </div>
   <div class='ocr_carea' id='block_1_78' title="bbox 2352 1203 3591 1273">
    <p class='ocr_par' dir='ltr' id='par_1_78' title="bbox 2352 1203 3591 1273">
     <span class='ocr_line' id='line_1_81' title="bbox 2352 1203 3591 1273; baseline 0.003 -16"><span class='ocrx_word' id='word_1_577' title='bbox 2352 1203 2403 1257; x_wconf 90' lang='lat' dir='ltr'><strong>si</strong></span> <span class='ocrx_word' id='word_1_578' title='bbox 2436 1219 2688 1259; x_wconf 90' lang='lat' dir='ltr'><strong>necesse</strong></span> <span class='ocrx_word' id='word_1_579' title='bbox 2717 1207 2901 1273; x_wconf 89' lang='lat' dir='ltr'><strong>esset,</strong></span> <span class='ocrx_word' id='word_1_580' title='bbox 2933 1205 3174 1259; x_wconf 90' lang='lat' dir='ltr'><strong>audires</strong></span> <span class='ocrx_word' id='word_1_581' title='bbox 3205 1206 3265 1260; x_wconf 92' lang='lat' dir='ltr'><strong>in</strong></span> <span class='ocrx_word' id='word_1_582' title='bbox 3298 1205 3591 1262; x_wconf 88' lang='lat' dir='ltr'><strong>Ecclesia.</strong></span> 
     </span>
    </p>
   </div>
   <div class='ocr_carea' id='block_1_79' title="bbox 2801 1293 3617 1374">
    <p class='ocr_par' dir='ltr' id='par_1_79' title="bbox 2801 1293 3617 1374">
     <span class='ocr_line' id='line_1_82' title="bbox 2801 1293 3617 1374; baseline 0.005 -19"><span class='ocrx_word' id='word_1_583' title='bbox 2801 1293 2895 1356; x_wconf 81' lang='lat'><strong>56</strong></span> <span class='ocrx_word' id='word_1_584' title='bbox 2929 1301 3297 1357; x_wconf 80' lang='lat' dir='ltr'><strong>EPISTOLA</strong></span> <span class='ocrx_word' id='word_1_585' title='bbox 3318 1304 3451 1358; x_wconf 85' lang='lat' dir='ltr'><strong>XLI</strong></span> <span class='ocrx_word' id='word_1_586' title='bbox 3483 1303 3617 1374; x_wconf 65' lang='grc' dir='ltr'>(ρο).</span> 
     </span>
    </p>
   </div>
   <div class='ocr_carea' id='block_1_80' title="bbox 2354 1390 3930 1467">
    <p class='ocr_par' dir='ltr' id='par_1_80' title="bbox 2354 1390 3930 1467">
     <span class='ocr_line' id='line_1_83' title="bbox 2354 1390 3930 1467; baseline 0.004 -22"><span class='ocrx_word' id='word_1_587' title='bbox 2354 1390 2636 1467; x_wconf 85' lang='lat' dir='ltr'><strong>Sororem</strong></span> <span class='ocrx_word' id='word_1_588' title='bbox 2670 1397 2731 1445; x_wconf 86' lang='lat' dir='ltr'><strong>ut</strong></span> <span class='ocrx_word' id='word_1_589' title='bbox 2760 1390 2837 1446; x_wconf 86' lang='lat' dir='ltr'><strong>de</strong></span> <span class='ocrx_word' id='word_1_590' title='bbox 2864 1392 2947 1445; x_wconf 87' lang='lat' dir='ltr'><strong>iis</strong></span> <span class='ocrx_word' id='word_1_591' title='bbox 2976 1405 3101 1463; x_wconf 68' lang='lat' dir='ltr'><strong>quae</strong></span> <span class='ocrx_word' id='word_1_592' title='bbox 3129 1408 3454 1465; x_wconf 64' lang='lat' dir='ltr'><strong>synagoga;-</strong></span> <span class='ocrx_word' id='word_1_593' title='bbox 3473 1409 3544 1448; x_wconf 81' lang='lat' dir='ltr'><strong>ae</strong></span> <span class='ocrx_word' id='word_1_594' title='bbox 3562 1394 3687 1467; x_wconf 79' lang='lat' dir='ltr'><strong>lani</strong></span> <span class='ocrx_word' id='word_1_595' title='bbox 3704 1409 3852 1467; x_wconf 78' lang='lat' dir='ltr'><strong>supra</strong></span> <span class='ocrx_word' id='word_1_596' title='bbox 3864 1398 3930 1452; x_wconf 70' lang='lat' dir='ltr'><strong>dio</strong></span> 
     </span>
    </p>
   </div>
   <div class='ocr_carea' id='block_1_81' title="bbox 2428 1465 3931 1534">
    <p class='ocr_par' dir='ltr' id='par_1_81' title="bbox 2428 1465 3931 1534">
     <span class='ocr_line' id='line_1_84' title="bbox 2428 1465 3931 1534; baseline 0.006 -20"><span class='ocrx_word' id='word_1_597' title='bbox 2428 1466 2616 1516; x_wconf 86' lang='lat' dir='ltr'><strong>torum</strong></span> <span class='ocrx_word' id='word_1_598' title='bbox 2646 1478 2819 1534; x_wconf 78' lang='lat' dir='ltr'><strong>causa</strong></span> <span class='ocrx_word' id='word_1_599' title='bbox 2852 1469 3201 1531; x_wconf 82' lang='lat' dir='ltr'><strong>evenerant,</strong></span> <span class='ocrx_word' id='word_1_600' title='bbox 3237 1467 3563 1520; x_wconf 79' lang='lat' dir='ltr'><strong>certiorem</strong></span> <span class='ocrx_word' id='word_1_601' title='bbox 3593 1465 3782 1534; x_wconf 73' lang='lat' dir='ltr'><strong>faciat,</strong></span> <span class='ocrx_word' id='word_1_602' title='bbox 3807 1469 3931 1523; x_wconf 72' lang='lat' dir='ltr'><strong>refert</strong></span> 
     </span>
    </p>
   </div>
   <div class='ocr_carea' id='block_1_82' title="bbox 2467 1533 3931 1594">
    <p class='ocr_par' dir='ltr' id='par_1_82' title="bbox 2467 1533 3931 1594">
     <span class='ocr_line' id='line_1_85' title="bbox 2467 1533 3931 1594; baseline 0.005 -8"><span class='ocrx_word' id='word_1_603' title='bbox 2467 1533 2904 1589; x_wconf 80' lang='lat' dir='ltr'><strong>uemadmodum</strong></span> <span class='ocrx_word' id='word_1_604' title='bbox 2932 1534 3060 1589; x_wconf 84' lang='lat' dir='ltr'><strong>Ioco</strong></span> <span class='ocrx_word' id='word_1_605' title='bbox 3089 1534 3372 1590; x_wconf 67' lang='lat' dir='ltr'><strong>Jeremiw</strong></span> <span class='ocrx_word' id='word_1_606' title='bbox 3387 1536 3464 1589; x_wconf 87' lang='lat' dir='ltr'><strong>de</strong></span> <span class='ocrx_word' id='word_1_607' title='bbox 3493 1533 3838 1592; x_wconf 82' lang='lat' dir='ltr'><strong>sacerdotum</strong></span> <span class='ocrx_word' id='word_1_608' title='bbox 3858 1556 3931 1594; x_wconf 77' lang='lat' dir='ltr'><strong>rer-</strong></span> 
     </span>
    </p>
   </div>
   <div class='ocr_carea' id='block_1_83' title="bbox 2470 1603 3933 1677">
    <p class='ocr_par' dir='ltr' id='par_1_83' title="bbox 2470 1603 3933 1677">
     <span class='ocr_line' id='line_1_86' title="bbox 2470 1603 3933 1677; baseline 0.005 -20"><span class='ocrx_word' id='word_1_609' title='bbox 2470 1604 2542 1677; x_wconf 84' lang='lat' dir='ltr'><strong>is,</strong></span> <span class='ocrx_word' id='word_1_610' title='bbox 2570 1603 2882 1677; x_wconf 75' lang='lat' dir='ltr'><strong>explicato,</strong></span> <span class='ocrx_word' id='word_1_611' title='bbox 2919 1605 3325 1677; x_wconf 65' lang='lat' dir='ltr'><strong>evangelicam</strong></span> <span class='ocrx_word' id='word_1_612' title='bbox 3354 1606 3672 1662; x_wconf 84' lang='lat' dir='ltr'><strong>lectionem</strong></span> <span class='ocrx_word' id='word_1_613' title='bbox 3702 1624 3933 1664; x_wconf 67' lang='lat' dir='ltr'><strong>enarrare</strong></span> 
     </span>
    </p>
   </div>
   <div class='ocr_carea' id='block_1_84' title="bbox 2426 1675 3931 1745">
    <p class='ocr_par' dir='ltr' id='par_1_84' title="bbox 2426 1675 3931 1745">
     <span class='ocr_line' id='line_1_87' title="bbox 2426 1675 3931 1745; baseline 0.003 -17"><span class='ocrx_word' id='word_1_614' title='bbox 2426 1675 2532 1745; x_wconf 85' lang='lat' dir='ltr'><strong>rit,</strong></span> <span class='ocrx_word' id='word_1_615' title='bbox 2557 1675 2892 1729; x_wconf 88' lang='lat' dir='ltr'><strong>ostenderit</strong></span> <span class='ocrx_word' id='word_1_616' title='bbox 2928 1675 3057 1730; x_wconf 89' lang='lat' dir='ltr'><strong>illic</strong></span> <span class='ocrx_word' id='word_1_617' title='bbox 3078 1675 3331 1731; x_wconf 79' lang='lat' dir='ltr'><strong>Domini</strong></span> <span class='ocrx_word' id='word_1_618' title='bbox 3358 1678 3819 1733; x_wconf 86' lang='lat' dir='ltr'><strong>misericordiam</strong></span> <span class='ocrx_word' id='word_1_619' title='bbox 3842 1697 3931 1734; x_wconf 81' lang='lat' dir='ltr'><strong>com-</strong></span> 
     </span>
    </p>
   </div>
   <div class='ocr_carea' id='block_1_85' title="bbox 2426 1746 3931 1821">
    <p class='ocr_par' dir='ltr' id='par_1_85' title="bbox 2426 1746 3931 1821">
     <span class='ocr_line' id='line_1_88' title="bbox 2426 1746 3931 1821; baseline 0.003 -23"><span class='ocrx_word' id='word_1_620' title='bbox 2426 1746 2718 1821; x_wconf 81' lang='lat' dir='ltr'><strong>mendari,</strong></span> <span class='ocrx_word' id='word_1_621' title='bbox 2748 1746 2911 1821; x_wconf 63' lang='lat' dir='ltr'><strong>anius</strong></span> <span class='ocrx_word' id='word_1_622' title='bbox 2931 1747 3090 1821; x_wconf 84' lang='lat' dir='ltr'><strong>idem</strong></span> <span class='ocrx_word' id='word_1_623' title='bbox 3112 1762 3143 1801; x_wconf 87' lang='lat' dir='ltr'><strong>a</strong></span> <span class='ocrx_word' id='word_1_624' title='bbox 3176 1748 3353 1802; x_wconf 82' lang='lat' dir='ltr'><strong>nobis</strong></span> <span class='ocrx_word' id='word_1_625' title='bbox 3389 1750 3588 1821; x_wconf 75' lang='lat' dir='ltr'><strong>exigit</strong></span> <span class='ocrx_word' id='word_1_626' title='bbox 3620 1750 3931 1817; x_wconf 73' lang='lat' dir='ltr'><strong>imitationem,</strong></span> 
     </span>
    </p>
   </div>
   <div class='ocr_carea' id='block_1_86' title="bbox 2427 1816 3933 1893">
    <p class='ocr_par' dir='ltr' id='par_1_86' title="bbox 2427 1816 3933 1893">
     <span class='ocr_line' id='line_1_89' title="bbox 2427 1816 3933 1893; baseline 0.002 -22"><span class='ocrx_word' id='word_1_627' title='bbox 2427 1832 2495 1893; x_wconf 58' lang='lat' dir='ltr'><strong>ac</strong></span> <span class='ocrx_word' id='word_1_628' title='bbox 2518 1816 2787 1893; x_wconf 77' lang='lat' dir='ltr'><strong>docuerit</strong></span> <span class='ocrx_word' id='word_1_629' title='bbox 2808 1816 2926 1893; x_wconf 45' lang='lat' dir='ltr'><strong>‘qua</strong></span> <span class='ocrx_word' id='word_1_630' title='bbox 2947 1819 3185 1893; x_wconf 75' lang='lat' dir='ltr'><strong>ratione</strong></span> <span class='ocrx_word' id='word_1_631' title='bbox 3197 1835 3238 1893; x_wconf 92' lang='lat' dir='ltr'><strong>_e</strong></span> <span class='ocrx_word' id='word_1_632' title='bbox 3249 1816 3621 1893; x_wconf 73' lang='lat' dir='ltr'><strong>vangelicam</strong></span> <span class='ocrx_word' id='word_1_633' title='bbox 3633 1825 3933 1893; x_wconf 79' lang='lat' dir='ltr'><strong>peccatricem</strong></span> 
     </span>
    </p>
   </div>
   <div class='ocr_carea' id='block_1_87' title="bbox 2426 1887 3935 1963">
    <p class='ocr_par' dir='ltr' id='par_1_87' title="bbox 2426 1887 3935 1963">
     <span class='ocr_line' id='line_1_90' title="bbox 2426 1887 3935 1963; baseline 0.003 -22"><span class='ocrx_word' id='word_1_634' title='bbox 2426 1887 2599 1942; x_wconf 85' lang='lat' dir='ltr'><strong>Domi</strong></span> <span class='ocrx_word' id='word_1_635' title='bbox 2603 1888 2766 1963; x_wconf 82' lang='lat' dir='ltr'><strong>uicos</strong></span> <span class='ocrx_word' id='word_1_636' title='bbox 2781 1887 2970 1963; x_wconf 72' lang='lat' dir='ltr'><strong>pedes</strong></span> <span class='ocrx_word' id='word_1_637' title='bbox 2988 1888 3044 1963; x_wconf 66' lang='lat' dir='ltr'><strong>ia</strong></span> <span class='ocrx_word' id='word_1_638' title='bbox 3056 1890 3264 1960; x_wconf 75' lang='lat' dir='ltr'><strong>vendo,</strong></span> <span class='ocrx_word' id='word_1_639' title='bbox 3294 1887 3612 1963; x_wconf 74' lang='lat' dir='ltr'><strong>tergendo,</strong></span> <span class='ocrx_word' id='word_1_640' title='bbox 3633 1887 3935 1963; x_wconf 71' lang='lat' dir='ltr'><strong>imguendoat</strong></span> 
     </span>
    </p>
   </div>
   <div class='ocr_carea' id='block_1_88' title="bbox 2430 1958 3934 2035">
    <p class='ocr_par' dir='ltr' id='par_1_88' title="bbox 2430 1958 3934 2035">
     <span class='ocr_line' id='line_1_91' title="bbox 2430 1958 3934 2035; baseline 0.002 -23"><span class='ocrx_word' id='word_1_641' title='bbox 2430 1975 2539 2031; x_wconf 88' lang='lat' dir='ltr'><strong>que</strong></span> <span class='ocrx_word' id='word_1_642' title='bbox 2560 1958 3237 2035; x_wconf 74' lang='lat' dir='ltr'><strong>osculandorel&#39;eramus</strong></span> <span class='ocrx_word' id='word_1_643' title='bbox 3251 1958 3272 2026; x_wconf 57' lang='grc' dir='ltr'><em>ξ</em></span> <span class='ocrx_word' id='word_1_644' title='bbox 3288 1958 3525 2035; x_wconf 78' lang='lat' dir='ltr'><strong>alioqui</strong></span> <span class='ocrx_word' id='word_1_645' title='bbox 3545 1958 3651 2017; x_wconf 88' lang='lat' dir='ltr'><strong>nos</strong></span> <span class='ocrx_word' id='word_1_646' title='bbox 3666 1958 3934 2035; x_wconf 59' lang='lat' dir='ltr'><strong>prephezica</strong></span> 
     </span>
    </p>
   </div>
   <div class='ocr_carea' id='block_1_89' title="bbox 2428 2030 3933 2106">
    <p class='ocr_par' dir='ltr' id='par_1_89' title="bbox 2428 2030 3933 2106">
     <span class='ocr_line' id='line_1_92' title="bbox 2428 2030 3933 2106; baseline 0.003 -23"><span class='ocrx_word' id='word_1_647' title='bbox 2428 2030 2889 2101; x_wconf 79' lang='lat' dir='ltr'><strong>reprehensioni</strong></span> <span class='ocrx_word' id='word_1_648' title='bbox 2922 2031 3056 2085; x_wconf 77' lang='lat' dir='ltr'><strong>fore</strong></span> <span class='ocrx_word' id='word_1_649' title='bbox 3078 2031 3365 2106; x_wconf 44' lang='lat' dir='ltr'><strong>obnoxios</strong></span> <span class='ocrx_word' id='word_1_650' title='bbox 3386 2053 3405 2098; x_wconf 87' lang='lat'><strong><em>;</em></strong></span> <span class='ocrx_word' id='word_1_651' title='bbox 3424 2030 3695 2106; x_wconf 36' lang='lat' dir='ltr'><strong>fdenique</strong></span> <span class='ocrx_word' id='word_1_652' title='bbox 3724 2030 3817 2106; x_wconf 72' lang='lat' dir='ltr'><strong>quo</strong></span> <span class='ocrx_word' id='word_1_653' title='bbox 3835 2036 3933 2087; x_wconf 60' lang='lat' dir='ltr'><strong>mod;</strong></span> 
     </span>
    </p>
   </div>
   <div class='ocr_carea' id='block_1_90' title="bbox 2427 2103 3929 2178">
    <p class='ocr_par' dir='ltr' id='par_1_90' title="bbox 2427 2103 3929 2178">
     <span class='ocr_line' id='line_1_93' title="bbox 2427 2103 3929 2178; baseline 0.002 -24"><span class='ocrx_word' id='word_1_654' title='bbox 2427 2116 2704 2155; x_wconf 89' lang='lat' dir='ltr'><strong>sermone</strong></span> <span class='ocrx_word' id='word_1_655' title='bbox 2739 2118 3055 2178; x_wconf 5' lang='lat' dir='ltr'><strong>(converso</strong></span> <span class='ocrx_word' id='word_1_656' title='bbox 3100 2103 3180 2178; x_wconf 84' lang='lat' dir='ltr'><strong>_ad_</strong></span> <span class='ocrx_word' id='word_1_657' title='bbox 3233 2103 3649 2178; x_wconf 83' lang='lat' dir='ltr'><strong>Theodosium,</strong></span> <span class='ocrx_word' id='word_1_658' title='bbox 3697 2103 3929 2161; x_wconf 72' lang='lat' dir='ltr'><strong>tardetur:</strong></span> 
     </span>
    </p>
   </div>
   <div class='ocr_carea' id='block_1_91' title="bbox 2428 2173 3409 2243">
    <p class='ocr_par' dir='ltr' id='par_1_91' title="bbox 2428 2173 3409 2243">
     <span class='ocr_line' id='line_1_94' title="bbox 2428 2173 3409 2243; baseline 0.003 -16"><span class='ocrx_word' id='word_1_659' title='bbox 2428 2176 2747 2228; x_wconf 79' lang='lat' dir='ltr'><strong>revocaret</strong></span> <span class='ocrx_word' id='word_1_660' title='bbox 2776 2173 3019 2243; x_wconf 87' lang='lat' dir='ltr'><strong>editum,</strong></span> <span class='ocrx_word' id='word_1_661' title='bbox 3052 2173 3409 2230; x_wconf 86' lang='lat' dir='ltr'><strong>obtinuerit.</strong></span> 
     </span>
    </p>
   </div>
   <div class='ocr_carea' id='block_1_92' title="bbox 2865 2261 3519 2336">
    <p class='ocr_par' dir='ltr' id='par_1_92' title="bbox 2865 2261 3519 2336">
     <span class='ocr_line' id='line_1_95' title="bbox 2865 2261 3519 2336; baseline 0.006 -21"><span class='ocrx_word' id='word_1_662' title='bbox 2865 2261 3109 2318; x_wconf 68' lang='lat' dir='ltr'><strong>Fauna</strong></span> <span class='ocrx_word' id='word_1_663' title='bbox 3140 2278 3347 2318; x_wconf 80' lang='lat' dir='ltr'><strong>sonam</strong></span> <span class='ocrx_word' id='word_1_664' title='bbox 3380 2265 3519 2336; x_wconf 78' lang='lat'>(21),</span> 
     </span>
    </p>
   </div>
   <div class='ocr_carea' id='block_1_93' title="bbox 2426 2348 3931 2411">
    <p class='ocr_par' dir='ltr' id='par_1_93' title="bbox 2426 2348 3931 2411">
     <span class='ocr_line' id='line_1_96' title="bbox 2426 2348 3931 2411; baseline 0.001 -7"><span class='ocrx_word' id='word_1_665' title='bbox 2426 2350 2477 2405; x_wconf 92' lang='lat'><strong>1.</strong></span> <span class='ocrx_word' id='word_1_666' title='bbox 2510 2348 2832 2406; x_wconf 89' lang='lat' dir='ltr'><strong>Sollicitam</strong></span> <span class='ocrx_word' id='word_1_667' title='bbox 2862 2353 3234 2407; x_wconf 88' lang='lat' dir='ltr'><strong>sanctitatem</strong></span> <span class='ocrx_word' id='word_1_668' title='bbox 3271 2355 3435 2408; x_wconf 86' lang='lat' dir='ltr'><strong>tuam</strong></span> <span class='ocrx_word' id='word_1_669' title='bbox 3472 2370 3613 2411; x_wconf 88' lang='lat' dir='ltr'><strong>esse</strong></span> <span class='ocrx_word' id='word_1_670' title='bbox 3641 2354 3813 2410; x_wconf 86' lang='lat' dir='ltr'><strong>adhuc</strong></span> <span class='ocrx_word' id='word_1_671' title='bbox 3843 2355 3931 2408; x_wconf 85' lang='lat' dir='ltr'><strong>scri-</strong></span> 
     </span>
    </p>
   </div>
   <div class='ocr_carea' id='block_1_94' title="bbox 2353 2440 3933 2513">
    <p class='ocr_par' dir='ltr' id='par_1_94' title="bbox 2353 2440 3933 2513">
     <span class='ocr_line' id='line_1_97' title="bbox 2353 2440 3933 2513; baseline 0 -18"><span class='ocrx_word' id='word_1_672' title='bbox 2353 2440 2496 2495; x_wconf 86' lang='lat' dir='ltr'><strong>bere</strong></span> <span class='ocrx_word' id='word_1_673' title='bbox 2528 2440 2765 2511; x_wconf 90' lang='lat' dir='ltr'><strong>dignata</strong></span> <span class='ocrx_word' id='word_1_674' title='bbox 2794 2456 2862 2495; x_wconf 91' lang='lat' dir='ltr'><strong>es</strong></span> <span class='ocrx_word' id='word_1_675' title='bbox 2906 2441 3070 2512; x_wconf 91' lang='lat' dir='ltr'><strong>mihi,</strong></span> <span class='ocrx_word' id='word_1_676' title='bbox 3113 2457 3183 2497; x_wconf 94' lang='lat' dir='ltr'><strong>eo</strong></span> <span class='ocrx_word' id='word_1_677' title='bbox 3223 2442 3383 2513; x_wconf 94' lang='lat' dir='ltr'><strong>quod</strong></span> <span class='ocrx_word' id='word_1_678' title='bbox 3416 2444 3835 2499; x_wconf 79' lang='lat' dir='ltr'><strong>sollicitumme</strong></span> <span class='ocrx_word' id='word_1_679' title='bbox 3854 2457 3933 2496; x_wconf 68' lang='lat' dir='ltr'><strong>esse</strong></span> 
     </span>
    </p>
   </div>
   <div class='ocr_carea' id='block_1_95' title="bbox 2354 2529 3934 2602">
    <p class='ocr_par' dir='ltr' id='par_1_95' title="bbox 2354 2529 3934 2602">
     <span class='ocr_line' id='line_1_98' title="bbox 2354 2529 3934 2602; baseline 0.002 -19"><span class='ocrx_word' id='word_1_680' title='bbox 2354 2529 2742 2599; x_wconf 88' lang='lat' dir='ltr'><strong>scripserim;</strong></span> <span class='ocrx_word' id='word_1_681' title='bbox 2777 2530 2933 2585; x_wconf 86' lang='lat' dir='ltr'><strong>unde</strong></span> <span class='ocrx_word' id='word_1_682' title='bbox 2970 2531 3155 2586; x_wconf 88' lang='lat' dir='ltr'><strong>miror</strong></span> <span class='ocrx_word' id='word_1_683' title='bbox 3177 2532 3333 2602; x_wconf 90' lang='lat' dir='ltr'><strong>quod</strong></span> <span class='ocrx_word' id='word_1_684' title='bbox 3375 2532 3609 2588; x_wconf 87' lang='lat' dir='ltr'><strong>litteras</strong></span> <span class='ocrx_word' id='word_1_685' title='bbox 3631 2549 3742 2588; x_wconf 88' lang='lat' dir='ltr'><strong>non</strong></span> <span class='ocrx_word' id='word_1_686' title='bbox 3775 2546 3934 2601; x_wconf 68' lang='lat' dir='ltr'><strong>accepe-</strong></span> 
     </span>
    </p>
   </div>
   <div class='ocr_carea' id='block_1_96' title="bbox 2352 2617 3937 2693">
    <p class='ocr_par' dir='ltr' id='par_1_96' title="bbox 2352 2617 3937 2693">
     <span class='ocr_line' id='line_1_99' title="bbox 2352 2617 3937 2693; baseline 0 -21"><span class='ocrx_word' id='word_1_687' title='bbox 2352 2617 2440 2672; x_wconf 89' lang='lat' dir='ltr'><strong>ris</strong></span> <span class='ocrx_word' id='word_1_688' title='bbox 2470 2633 2656 2688; x_wconf 89' lang='lat' dir='ltr'><strong>meas,</strong></span> <span class='ocrx_word' id='word_1_689' title='bbox 2697 2618 2918 2689; x_wconf 90' lang='lat' dir='ltr'><strong>quibus</strong></span> <span class='ocrx_word' id='word_1_690' title='bbox 2948 2619 3214 2674; x_wconf 85' lang='lat' dir='ltr'><strong>refusam</strong></span> <span class='ocrx_word' id='word_1_691' title='bbox 3258 2620 3409 2676; x_wconf 90' lang='lat' dir='ltr'><strong>mihi</strong></span> <span class='ocrx_word' id='word_1_692' title='bbox 3459 2623 3805 2693; x_wconf 85' lang='lat' dir='ltr'><strong>scripseram</strong></span> <span class='ocrx_word' id='word_1_693' title='bbox 3829 2635 3937 2674; x_wconf 81' lang='lat' dir='ltr'><strong>secu-</strong></span> 
     </span>
    </p>
   </div>
   <div class='ocr_carea' id='block_1_97' title="bbox 2353 2706 3937 2784">
    <p class='ocr_par' dir='ltr' id='par_1_97' title="bbox 2353 2706 3937 2784">
     <span class='ocr_line' id='line_1_100' title="bbox 2353 2706 3937 2784; baseline 0 -23"><span class='ocrx_word' id='word_1_694' title='bbox 2353 2706 2603 2762; x_wconf 91' lang='lat' dir='ltr'><strong>ritatem.</strong></span> <span class='ocrx_word' id='word_1_695' title='bbox 2637 2707 2788 2762; x_wconf 87' lang='lat' dir='ltr'><strong>Nam</strong></span> <span class='ocrx_word' id='word_1_696' title='bbox 2840 2724 2977 2763; x_wconf 88' lang='lat' dir='ltr'><strong>cum</strong></span> <span class='ocrx_word' id='word_1_697' title='bbox 3024 2709 3273 2764; x_wconf 90' lang='lat' dir='ltr'><strong>relatum</strong></span> <span class='ocrx_word' id='word_1_698' title='bbox 3304 2715 3477 2767; x_wconf 90' lang='lat' dir='ltr'><strong>esset</strong></span> <span class='ocrx_word' id='word_1_699' title='bbox 3525 2726 3859 2784; x_wconf 77' lang='lat' dir='ltr'><strong>synagogam</strong></span> <span class='ocrx_word' id='word_1_700' title='bbox 3877 2708 3937 2761; x_wconf 77' lang='lat' dir='ltr'><strong>lu-</strong></span> 
     </span>
    </p>
   </div>
   <div class='ocr_carea' id='block_1_98' title="bbox 2353 2795 3939 2872">
    <p class='ocr_par' dir='ltr' id='par_1_98' title="bbox 2353 2795 3939 2872">
     <span class='ocr_line' id='line_1_101' title="bbox 2353 2795 3939 2872; baseline 0.002 -22"><span class='ocrx_word' id='word_1_701' title='bbox 2353 2795 2619 2851; x_wconf 84' lang='lat' dir='ltr'><strong>daeorum</strong></span> <span class='ocrx_word' id='word_1_702' title='bbox 2650 2797 2956 2852; x_wconf 88' lang='lat' dir='ltr'><strong>incensam</strong></span> <span class='ocrx_word' id='word_1_703' title='bbox 2984 2813 3019 2851; x_wconf 87' lang='lat' dir='ltr'><strong>a</strong></span> <span class='ocrx_word' id='word_1_704' title='bbox 3046 2796 3407 2856; x_wconf 89' lang='lat' dir='ltr'><strong>Christianis</strong></span> <span class='ocrx_word' id='word_1_705' title='bbox 3440 2800 3582 2872; x_wconf 74' lang='lat'>(22),</span> <span class='ocrx_word' id='word_1_706' title='bbox 3605 2804 3821 2855; x_wconf 87' lang='lat' dir='ltr'><strong>auctore</strong></span> <span class='ocrx_word' id='word_1_707' title='bbox 3845 2797 3939 2866; x_wconf 80' lang='lat' dir='ltr'><strong>epis-</strong></span> 
     </span>
    </p>
   </div>
   <div class='ocr_carea' id='block_1_99' title="bbox 2352 2886 3936 2960">
    <p class='ocr_par' dir='ltr' id='par_1_99' title="bbox 2352 2886 3936 2960">
     <span class='ocr_line' id='line_1_102' title="bbox 2352 2886 3936 2960; baseline -0.002 -21"><span class='ocrx_word' id='word_1_708' title='bbox 2352 2900 2523 2955; x_wconf 90' lang='lat' dir='ltr'><strong>c0po,</strong></span> <span class='ocrx_word' id='word_1_709' title='bbox 2557 2888 2616 2939; x_wconf 88' lang='lat' dir='ltr'><strong>et</strong></span> <span class='ocrx_word' id='word_1_710' title='bbox 2645 2886 3193 2942; x_wconf 89' lang='lat' dir='ltr'><strong>Valentinianorum</strong></span> <span class='ocrx_word' id='word_1_711' title='bbox 3229 2889 3749 2960; x_wconf 87' lang='lat' dir='ltr'><strong>conventiculum;</strong></span> <span class='ocrx_word' id='word_1_712' title='bbox 3771 2887 3936 2959; x_wconf 85' lang='lat' dir='ltr'><strong>jussnm</strong></span> 
     </span>
    </p>
   </div>
   <div class='ocr_carea' id='block_1_100' title="bbox 2352 2975 3938 3051">
    <p class='ocr_par' dir='ltr' id='par_1_100' title="bbox 2352 2975 3938 3051">
     <span class='ocr_line' id='line_1_103' title="bbox 2352 2975 3938 3051; baseline 0.001 -24"><span class='ocrx_word' id='word_1_713' title='bbox 2352 2976 2495 3044; x_wconf 90' lang='lat' dir='ltr'><strong>erat,</strong></span> <span class='ocrx_word' id='word_1_714' title='bbox 2529 2989 2625 3029; x_wconf 91' lang='lat' dir='ltr'><strong>me</strong></span> <span class='ocrx_word' id='word_1_715' title='bbox 2656 2975 2946 3046; x_wconf 61' lang='lat' dir='ltr'><strong>Aquileiae</strong></span> <span class='ocrx_word' id='word_1_716' title='bbox 2974 2976 3193 3047; x_wconf 90' lang='lat' dir='ltr'><strong>posito,</strong></span> <span class='ocrx_word' id='word_1_717' title='bbox 3226 2980 3291 3031; x_wconf 92' lang='lat' dir='ltr'><strong>ut</strong></span> <span class='ocrx_word' id='word_1_718' title='bbox 3310 2992 3629 3051; x_wconf 75' lang='lat' dir='ltr'><strong>synagoga</strong></span> <span class='ocrx_word' id='word_1_719' title='bbox 3651 2978 3720 3033; x_wconf 89' lang='lat' dir='ltr'><strong>ab</strong></span> <span class='ocrx_word' id='word_1_720' title='bbox 3740 2976 3938 3047; x_wconf 86' lang='lat' dir='ltr'><strong>episcopo</strong></span> 
     </span>
    </p>
   </div>
   <div class='ocr_carea' id='block_1_101' title="bbox 2353 3062 3937 3135">
    <p class='ocr_par' dir='ltr' id='par_1_101' title="bbox 2353 3062 3937 3135">
     <span class='ocr_line' id='line_1_104' title="bbox 2353 3062 3937 3135; baseline -0.001 -19"><span class='ocrx_word' id='word_1_721' title='bbox 2353 3062 2831 3135; x_wconf 84' lang='lat' dir='ltr'><strong>reaediﬁcaretur,</strong></span> <span class='ocrx_word' id='word_1_722' title='bbox 2884 3067 2942 3119; x_wconf 90' lang='lat' dir='ltr'><strong>et</strong></span> <span class='ocrx_word' id='word_1_723' title='bbox 2984 3066 3045 3120; x_wconf 91' lang='lat' dir='ltr'><strong>in</strong></span> <span class='ocrx_word' id='word_1_724' title='bbox 3090 3067 3421 3122; x_wconf 90' lang='lat' dir='ltr'><strong>monachos</strong></span> <span class='ocrx_word' id='word_1_725' title='bbox 3453 3068 3845 3133; x_wconf 87' lang='lat' dir='ltr'><strong>vindicaretur,</strong></span> <span class='ocrx_word' id='word_1_726' title='bbox 3880 3062 3937 3132; x_wconf 81' lang='lat' dir='ltr'><strong>qui</strong></span> 
     </span>
    </p>
   </div>
   <div class='ocr_carea' id='block_1_102' title="bbox 2351 3151 3939 3212">
    <p class='ocr_par' dir='ltr' id='par_1_102' title="bbox 2351 3151 3939 3212">
     <span class='ocr_line' id='line_1_105' title="bbox 2351 3151 3939 3212; baseline 0.001 -7"><span class='ocrx_word' id='word_1_727' title='bbox 2351 3151 2767 3208; x_wconf 88' lang='lat' dir='ltr'><strong>incendissent</strong></span> <span class='ocrx_word' id='word_1_728' title='bbox 2840 3154 3154 3210; x_wconf 61' lang='lat' dir='ltr'><strong>editicium</strong></span> <span class='ocrx_word' id='word_1_729' title='bbox 3232 3156 3788 3212; x_wconf 83' lang='lat' dir='ltr'><strong>Valentinianorum.</strong></span> <span class='ocrx_word' id='word_1_730' title='bbox 3850 3153 3939 3206; x_wconf 82' lang='lat' dir='ltr'><strong>Tum</strong></span> 
     </span>
    </p>
   </div>
   <div class='ocr_carea' id='block_1_103' title="bbox 2353 3242 3939 3317">
    <p class='ocr_par' dir='ltr' id='par_1_103' title="bbox 2353 3242 3939 3317">
     <span class='ocr_line' id='line_1_106' title="bbox 2353 3242 3939 3317; baseline 0 -22"><span class='ocrx_word' id='word_1_731' title='bbox 2353 3256 2487 3313; x_wconf 89' lang='lat' dir='ltr'><strong>ego,</strong></span> <span class='ocrx_word' id='word_1_732' title='bbox 2512 3257 2645 3296; x_wconf 90' lang='lat' dir='ltr'><strong>cum</strong></span> <span class='ocrx_word' id='word_1_733' title='bbox 2666 3242 2892 3313; x_wconf 84' lang='lat' dir='ltr'><strong>saepius</strong></span> <span class='ocrx_word' id='word_1_734' title='bbox 2914 3244 3147 3316; x_wconf 87' lang='lat' dir='ltr'><strong>agendo</strong></span> <span class='ocrx_word' id='word_1_735' title='bbox 3167 3260 3377 3316; x_wconf 90' lang='lat' dir='ltr'><strong>parum</strong></span> <span class='ocrx_word' id='word_1_736' title='bbox 3399 3247 3765 3317; x_wconf 82' lang='lat' dir='ltr'><strong>proﬁcerem,</strong></span> <span class='ocrx_word' id='word_1_737' title='bbox 3794 3242 3939 3314; x_wconf 85' lang='lat' dir='ltr'><strong>episto-</strong></span> 
     </span>
    </p>
   </div>
   <div class='ocr_carea' id='block_1_104' title="bbox 2351 3385 3528 3459">
    <p class='ocr_par' dir='ltr' id='par_1_104' title="bbox 2351 3385 3528 3459">
     <span class='ocr_line' id='line_1_107' title="bbox 2351 3385 3528 3459; baseline 0.005 -21"><span class='ocrx_word' id='word_1_738' title='bbox 2351 3398 2723 3459; x_wconf 74' lang='lat' dir='ltr'><strong>ne_c_ausa_m.</strong></span> <span class='ocrx_word' id='word_1_739' title='bbox 2763 3405 2785 3435; x_wconf 68' lang='grc' dir='ltr'><strong>υ</strong></span> <span class='ocrx_word' id='word_1_740' title='bbox 2822 3385 2974 3459; x_wconf 75' lang='lat' dir='ltr'><strong>Reg.</strong></span> <span class='ocrx_word' id='word_1_741' title='bbox 3010 3388 3073 3441; x_wconf 89' lang='lat' dir='ltr'><strong>ut</strong></span> <span class='ocrx_word' id='word_1_742' title='bbox 3104 3404 3216 3442; x_wconf 91' lang='lat' dir='ltr'><strong>nos</strong></span> <span class='ocrx_word' id='word_1_743' title='bbox 3247 3387 3307 3443; x_wconf 91' lang='lat' dir='ltr'><strong>in</strong></span> <span class='ocrx_word' id='word_1_744' title='bbox 3337 3391 3528 3444; x_wconf 83' lang='lat' dir='ltr'><strong>textu.</strong></span> 
     </span>
    </p>
   </div>
   <div class='ocr_carea' id='block_1_105' title="bbox 2423 3454 3938 3525">
    <p class='ocr_par' dir='ltr' id='par_1_105' title="bbox 2423 3454 3938 3525">
     <span class='ocr_line' id='line_1_108' title="bbox 2423 3454 3938 3525; baseline 0.001 -17"><span class='ocrx_word' id='word_1_745' title='bbox 2423 3456 2538 3525; x_wconf 82' lang='lat'>(1&#39;7)</span> <span class='ocrx_word' id='word_1_746' title='bbox 2555 3456 2793 3510; x_wconf 89' lang='lat' dir='ltr'><strong>Scilicet</strong></span> <span class='ocrx_word' id='word_1_747' title='bbox 2815 3477 2836 3505; x_wconf 74' lang='grc' dir='ltr'><strong><em>α</em></strong></span> <span class='ocrx_word' id='word_1_748' title='bbox 2860 3454 3304 3513; x_wconf 66' lang='lat' dir='ltr'><strong>sacramentum</strong></span> <span class='ocrx_word' id='word_1_749' title='bbox 3337 3461 3646 3516; x_wconf 89' lang='lat' dir='ltr'><strong>custodire</strong></span> <span class='ocrx_word' id='word_1_750' title='bbox 3681 3483 3702 3508; x_wconf 69' lang='grc' dir='ltr'><strong>ι</strong></span> <span class='ocrx_word' id='word_1_751' title='bbox 3731 3454 3938 3513; x_wconf 82' lang='lat' dir='ltr'><strong>interdum</strong></span> 
     </span>
    </p>
   </div>
   <div class='ocr_carea' id='block_1_106' title="bbox 2353 3526 3939 3600">
    <p class='ocr_par' dir='ltr' id='par_1_106' title="bbox 2353 3526 3939 3600">
     <span class='ocr_line' id='line_1_109' title="bbox 2353 3526 3939 3600; baseline 0.001 -21"><span class='ocrx_word' id='word_1_752' title='bbox 2353 3529 2558 3580; x_wconf 88' lang='lat' dir='ltr'><strong>contra</strong></span> <span class='ocrx_word' id='word_1_753' title='bbox 2582 3526 2845 3600; x_wconf 69' lang='lat' dir='ltr'><strong>officium</strong></span> <span class='ocrx_word' id='word_1_754' title='bbox 2876 3531 2989 3600; x_wconf 89' lang='lat' dir='ltr'><strong>est,</strong></span> <span class='ocrx_word' id='word_1_755' title='bbox 3022 3530 3532 3600; x_wconf 88' lang='lat' dir='ltr'><strong>quemadmodum</strong></span> <span class='ocrx_word' id='word_1_756' title='bbox 3559 3531 3730 3587; x_wconf 89' lang='lat' dir='ltr'><strong>tradit</strong></span> <span class='ocrx_word' id='word_1_757' title='bbox 3772 3526 3939 3600; x_wconf 51' lang='lat' dir='ltr'><strong>ipseipsi</strong></span> 
     </span>
    </p>
   </div>
   <div class='ocr_carea' id='block_1_107' title="bbox 2352 3594 3937 3674">
    <p class='ocr_par' dir='ltr' id='par_1_107' title="bbox 2352 3594 3937 3674">
     <span class='ocr_line' id='line_1_110' title="bbox 2352 3594 3937 3674; baseline 0.001 -23"><span class='ocrx_word' id='word_1_758' title='bbox 2352 3600 2599 3674; x_wconf 63' lang='lat' dir='ltr'><strong>sanctus</strong></span> <span class='ocrx_word' id='word_1_759' title='bbox 2651 3598 2871 3674; x_wconf 76' lang='lat' dir='ltr'><strong>Doctor</strong></span> <span class='ocrx_word' id='word_1_760' title='bbox 2901 3594 3003 3654; x_wconf 86' lang='lat' dir='ltr'><strong>lib.</strong></span> <span class='ocrx_word' id='word_1_761' title='bbox 3037 3594 3059 3653; x_wconf 85' lang='grc' dir='ltr'><strong><em>ῐ</em></strong></span> <span class='ocrx_word' id='word_1_762' title='bbox 3085 3600 3165 3674; x_wconf 79' lang='lat' dir='ltr'><strong>de</strong></span> <span class='ocrx_word' id='word_1_763' title='bbox 3204 3600 3383 3674; x_wconf 14' lang='lat' dir='ltr'><strong>iOf/ic.</strong></span> <span class='ocrx_word' id='word_1_764' title='bbox 3424 3620 3556 3674; x_wconf 87' lang='lat' dir='ltr'><strong>cap.</strong></span> <span class='ocrx_word' id='word_1_765' title='bbox 3590 3604 3676 3671; x_wconf 86' lang='lat'><strong>50,</strong></span> <span class='ocrx_word' id='word_1_766' title='bbox 3708 3594 3937 3674; x_wconf 46' lang='lat' dir='ltr'><strong>num;</strong></span> 
     </span>
    </p>
   </div>
   <div class='ocr_carea' id='block_1_108' title="bbox 2423 3667 3939 3740">
    <p class='ocr_par' dir='ltr' id='par_1_108' title="bbox 2423 3667 3939 3740">
     <span class='ocr_line' id='line_1_111' title="bbox 2423 3667 3939 3740; baseline -0.005 -18"><span class='ocrx_word' id='word_1_767' title='bbox 2423 3668 2537 3740; x_wconf 92' lang='lat'>(18)</span> <span class='ocrx_word' id='word_1_768' title='bbox 2560 3669 2894 3724; x_wconf 68' lang='lat' dir='ltr'><strong>Antiochiae</strong></span> <span class='ocrx_word' id='word_1_769' title='bbox 2917 3685 3024 3740; x_wconf 88' lang='lat' dir='ltr'><strong>per</strong></span> <span class='ocrx_word' id='word_1_770' title='bbox 3041 3672 3393 3727; x_wconf 85' lang='lat' dir='ltr'><strong>seditionem</strong></span> <span class='ocrx_word' id='word_1_771' title='bbox 3430 3667 3677 3729; x_wconf 57' lang='lat' dir='ltr'><strong>ev&#39;ersas</strong></span> <span class='ocrx_word' id='word_1_772' title='bbox 3698 3686 3818 3727; x_wconf 89' lang='lat' dir='ltr'><strong>esse</strong></span> <span class='ocrx_word' id='word_1_773' title='bbox 3836 3667 3939 3722; x_wconf 49' lang='lat' dir='ltr'><strong>Flac.</strong></span> 
     </span>
    </p>
   </div>
   <div class='ocr_carea' id='block_1_109' title="bbox 2353 3738 3939 3813">
    <p class='ocr_par' dir='ltr' id='par_1_109' title="bbox 2353 3738 3939 3813">
     <span class='ocr_line' id='line_1_112' title="bbox 2353 3738 3939 3813; baseline -0.004 -21"><span class='ocrx_word' id='word_1_774' title='bbox 2353 3738 2506 3813; x_wconf 63' lang='lat' dir='ltr'><strong>(_zillae</strong></span> <span class='ocrx_word' id='word_1_775' title='bbox 2555 3738 2957 3813; x_wconf 72' lang='lat' dir='ltr'><strong>imperatricis</strong></span> <span class='ocrx_word' id='word_1_776' title='bbox 2988 3744 3162 3813; x_wconf 89' lang='lat' dir='ltr'><strong>atque</strong></span> <span class='ocrx_word' id='word_1_777' title='bbox 3210 3745 3384 3798; x_wconf 88' lang='lat' dir='ltr'><strong>etiam</strong></span> <span class='ocrx_word' id='word_1_778' title='bbox 3436 3744 3753 3800; x_wconf 75' lang='lat' dir='ltr'><strong>Theodosii</strong></span> <span class='ocrx_word' id='word_1_779' title='bbox 3789 3742 3939 3793; x_wconf 79' lang='lat' dir='ltr'><strong>statuas</strong></span> 
     </span>
    </p>
   </div>
   <div class='ocr_carea' id='block_1_110' title="bbox 2352 3809 3939 3886">
    <p class='ocr_par' dir='ltr' id='par_1_110' title="bbox 2352 3809 3939 3886">
     <span class='ocr_line' id='line_1_113' title="bbox 2352 3809 3939 3886; baseline -0.003 -24"><span class='ocrx_word' id='word_1_780' title='bbox 2352 3809 2654 3886; x_wconf 80' lang='lat' dir='ltr'><strong>Zosimus,</strong></span> <span class='ocrx_word' id='word_1_781' title='bbox 2673 3812 3040 3886; x_wconf 65' lang='lat' dir='ltr'><strong>Sosomenus</strong></span> <span class='ocrx_word' id='word_1_782' title='bbox 3063 3809 3281 3885; x_wconf 78' lang='lat' dir='ltr'><strong>aliique</strong></span> <span class='ocrx_word' id='word_1_783' title='bbox 3304 3816 3636 3886; x_wconf 91' lang='lat' dir='ltr'><strong>scriptores</strong></span> <span class='ocrx_word' id='word_1_784' title='bbox 3655 3813 3939 3869; x_wconf 75' lang='lat' dir='ltr'><strong>litteriscom—</strong></span> 
     </span>
    </p>
   </div>
   <div class='ocr_carea' id='block_1_111' title="bbox 2352 3881 3939 3954">
    <p class='ocr_par' dir='ltr' id='par_1_111' title="bbox 2352 3881 3939 3954">
     <span class='ocr_line' id='line_1_114' title="bbox 2352 3881 3939 3954; baseline 0.002 -21"><span class='ocrx_word' id='word_1_785' title='bbox 2352 3881 2726 3954; x_wconf 85' lang='lat' dir='ltr'><strong>mendarunt.</strong></span> <span class='ocrx_word' id='word_1_786' title='bbox 2763 3882 2964 3954; x_wconf 83' lang='lat' dir='ltr'><strong>Hujus</strong></span> <span class='ocrx_word' id='word_1_787' title='bbox 3006 3881 3202 3954; x_wconf 49' lang='lat' dir='ltr'><strong>porro—</strong></span> <span class='ocrx_word' id='word_1_788' title='bbox 3221 3881 3511 3941; x_wconf 78' lang='lat' dir='ltr'><strong>facinoris</strong></span> <span class='ocrx_word' id='word_1_789' title='bbox 3545 3887 3840 3941; x_wconf 88' lang='lat' dir='ltr'><strong>occasione</strong></span> <span class='ocrx_word' id='word_1_790' title='bbox 3860 3889 3939 3932; x_wconf 80' lang='lat' dir='ltr'><strong>cum</strong></span> 
     </span>
    </p>
   </div>
   <div class='ocr_carea' id='block_1_112' title="bbox 2352 3952 3939 4027">
    <p class='ocr_par' dir='ltr' id='par_1_112' title="bbox 2352 3952 3939 4027">
     <span class='ocr_line' id='line_1_115' title="bbox 2352 3952 3939 4027; baseline 0.003 -23"><span class='ocrx_word' id='word_1_791' title='bbox 2352 3952 2610 4027; x_wconf 77' lang='lat' dir='ltr'><strong>maximo</strong></span> <span class='ocrx_word' id='word_1_792' title='bbox 2642 3953 2703 4007; x_wconf 91' lang='lat' dir='ltr'><strong>in</strong></span> <span class='ocrx_word' id='word_1_793' title='bbox 2736 3952 2895 4027; x_wconf 82' lang='lat' dir='ltr'><strong>metu</strong></span> <span class='ocrx_word' id='word_1_794' title='bbox 2924 3952 3130 4027; x_wconf 81' lang='lat' dir='ltr'><strong>essent</strong></span> <span class='ocrx_word' id='word_1_795' title='bbox 3158 3957 3625 4027; x_wconf 88' lang='lat' dir='ltr'><strong>Antiochenses,</strong></span> <span class='ocrx_word' id='word_1_796' title='bbox 3649 3957 3717 4011; x_wconf 85' lang='lat' dir='ltr'><strong>ad</strong></span> <span class='ocrx_word' id='word_1_797' title='bbox 3744 3968 3835 4027; x_wconf 83' lang='lat' dir='ltr'><strong>eos</strong></span> <span class='ocrx_word' id='word_1_798' title='bbox 3858 3961 3939 4027; x_wconf 49' lang='grc' dir='ltr'><strong>φῦ</strong></span> 
     </span>
    </p>
   </div>
   <div class='ocr_carea' id='block_1_113' title="bbox 2354 4020 3937 4095">
    <p class='ocr_par' dir='ltr' id='par_1_113' title="bbox 2354 4020 3937 4095">
     <span class='ocr_line' id='line_1_116' title="bbox 2354 4020 3937 4095; baseline 0.001 -20"><span class='ocrx_word' id='word_1_799' title='bbox 2354 4021 2639 4095; x_wconf 78' lang='lat' dir='ltr'><strong>solandos</strong></span> <span class='ocrx_word' id='word_1_800' title='bbox 2682 4025 3118 4095; x_wconf 88' lang='lat' dir='ltr'><strong>pulcherrimas</strong></span> <span class='ocrx_word' id='word_1_801' title='bbox 3174 4028 3480 4084; x_wconf 89' lang='lat' dir='ltr'><strong>orationes</strong></span> <span class='ocrx_word' id='word_1_802' title='bbox 3535 4020 3623 4083; x_wconf 49' lang='lat' dir='ltr'><strong>de&#39;</strong></span> <span class='ocrx_word' id='word_1_803' title='bbox 3660 4025 3845 4082; x_wconf 88' lang='lat' dir='ltr'><strong>statuis</strong></span> <span class='ocrx_word' id='word_1_804' title='bbox 3873 4020 3937 4073; x_wconf 74' lang='lat' dir='ltr'><strong>bl-</strong></span> 
     </span>
    </p>
   </div>
   <div class='ocr_carea' id='block_1_114' title="bbox 2352 4092 3937 4171">
    <p class='ocr_par' dir='ltr' id='par_1_114' title="bbox 2352 4092 3937 4171">
     <span class='ocr_line' id='line_1_117' title="bbox 2352 4092 3937 4171; baseline 0.004 -26"><span class='ocrx_word' id='word_1_805' title='bbox 2352 4092 2960 4171; x_wconf 75' lang='lat' dir='ltr'><strong>buitChrysostomus</strong></span> <span class='ocrx_word' id='word_1_806' title='bbox 2996 4098 3188 4171; x_wconf 83' lang='lat' dir='ltr'><strong>adhuc</strong></span> <span class='ocrx_word' id='word_1_807' title='bbox 3222 4101 3559 4171; x_wconf 75' lang='lat' dir='ltr'><strong>presbyter.</strong></span> <span class='ocrx_word' id='word_1_808' title='bbox 3584 4099 3697 4171; x_wconf 88' lang='lat' dir='ltr'><strong>Sed</strong></span> <span class='ocrx_word' id='word_1_809' title='bbox 3725 4101 3937 4171; x_wconf 52' lang='lat' dir='ltr'><strong>converso</strong></span> 
     </span>
    </p>
   </div>
   <div class='ocr_carea' id='block_1_115' title="bbox 2351 4163 3936 4240">
    <p class='ocr_par' dir='ltr' id='par_1_115' title="bbox 2351 4163 3936 4240">
     <span class='ocr_line' id='line_1_118' title="bbox 2351 4163 3936 4240; baseline 0.007 -23"><span class='ocrx_word' id='word_1_810' title='bbox 2351 4165 2587 4240; x_wconf 89' lang='lat' dir='ltr'><strong>tandem</strong></span> <span class='ocrx_word' id='word_1_811' title='bbox 2610 4163 2683 4220; x_wconf 80' lang='lat' dir='ltr'><strong>ad</strong></span> <span class='ocrx_word' id='word_1_812' title='bbox 2705 4168 2937 4240; x_wconf 81' lang='lat' dir='ltr'><strong>mitiora</strong></span> <span class='ocrx_word' id='word_1_813' title='bbox 2961 4169 3207 4223; x_wconf 90' lang='lat' dir='ltr'><strong>consilia</strong></span> <span class='ocrx_word' id='word_1_814' title='bbox 3223 4163 3608 4240; x_wconf 55' lang='lat' dir='ltr'><strong>&#39;Theodosio,</strong></span> <span class='ocrx_word' id='word_1_815' title='bbox 3649 4170 3788 4224; x_wconf 89' lang='lat' dir='ltr'><strong>idem</strong></span> <span class='ocrx_word' id='word_1_816' title='bbox 3811 4163 3936 4240; x_wconf 53' lang='lat' dir='ltr'><strong>Cit&quot;?</strong></span> 
     </span>
    </p>
   </div>
   <div class='ocr_carea' id='block_1_116' title="bbox 2354 4233 3935 4315">
    <p class='ocr_par' dir='ltr' id='par_1_116' title="bbox 2354 4233 3935 4315">
     <span class='ocr_line' id='line_1_119' title="bbox 2354 4233 3935 4315; baseline -0.005 -26"><span class='ocrx_word' id='word_1_817' title='bbox 2354 4239 2503 4291; x_wconf 91' lang='lat' dir='ltr'><strong>sost.</strong></span> <span class='ocrx_word' id='word_1_818' title='bbox 2523 4240 2669 4315; x_wconf 89' lang='lat' dir='ltr'><strong>orat_.</strong></span> <span class='ocrx_word' id='word_1_819' title='bbox 2694 4238 2862 4315; x_wconf 66' lang='lat' dir='ltr'><strong>29nd</strong></span> <span class='ocrx_word' id='word_1_820' title='bbox 2879 4240 3159 4295; x_wconf 88' lang='lat' dir='ltr'><strong>Antioch.</strong></span> <span class='ocrx_word' id='word_1_821' title='bbox 3181 4243 3426 4314; x_wconf 87' lang='lat' dir='ltr'><strong>egregie</strong></span> <span class='ocrx_word' id='word_1_822' title='bbox 3449 4233 3639 4315; x_wconf 85' lang='lat' dir='ltr'><strong>ipsius</strong></span> <span class='ocrx_word' id='word_1_823' title='bbox 3654 4233 3935 4296; x_wconf 84' lang='lat' dir='ltr'><strong>clementiam</strong></span> 
     </span>
    </p>
   </div>
   <div class='ocr_carea' id='block_1_117' title="bbox 2351 4309 2808 4364">
    <p class='ocr_par' dir='ltr' id='par_1_117' title="bbox 2351 4309 2808 4364">
     <span class='ocr_line' id='line_1_120' title="bbox 2351 4309 2808 4364; baseline 0.009 -4"><span class='ocrx_word' id='word_1_824' title='bbox 2351 4309 2808 4364; x_wconf 90' lang='lat' dir='ltr'><strong>commendavit.</strong></span> 
     </span>
    </p>
   </div>
   <div class='ocr_carea' id='block_1_118' title="bbox 2422 4378 3935 4459">
    <p class='ocr_par' dir='ltr' id='par_1_118' title="bbox 2422 4378 3935 4459">
     <span class='ocr_line' id='line_1_121' title="bbox 2422 4378 3935 4459; baseline -0.003 -25"><span class='ocrx_word' id='word_1_825' title='bbox 2422 4378 2536 4459; x_wconf 66' lang='grc'>(19)</span> <span class='ocrx_word' id='word_1_826' title='bbox 2572 4379 2719 4459; x_wconf 77' lang='lat' dir='ltr'><strong>Mss.</strong></span> <span class='ocrx_word' id='word_1_827' title='bbox 2769 4380 2957 4459; x_wconf 67' lang='lat' dir='ltr'><strong>Belv.,</strong></span> <span class='ocrx_word' id='word_1_828' title='bbox 2999 4381 3226 4459; x_wconf 11' lang='lat' dir='ltr'><strong>Tihuap.</strong></span> <span class='ocrx_word' id='word_1_829' title='bbox 3268 4386 3325 4438; x_wconf 92' lang='lat' dir='ltr'><strong>et</strong></span> <span class='ocrx_word' id='word_1_830' title='bbox 3364 4383 3628 4459; x_wconf 24' lang='lat' dir='ltr'><strong>Carol.,‘«</strong></span> <span class='ocrx_word' id='word_1_831' title='bbox 3662 4382 3935 4459; x_wconf 50' lang='lat' dir='ltr'><strong>fiiiosrewj</strong></span> 
     </span>
    </p>
   </div>
   <div class='ocr_carea' id='block_1_119' title="bbox 2352 4449 3934 4526">
    <p class='ocr_par' dir='ltr' id='par_1_119' title="bbox 2352 4449 3934 4526">
     <span class='ocr_line' id='line_1_122' title="bbox 2352 4449 3934 4526; baseline -0.004 -24"><span class='ocrx_word' id='word_1_832' title='bbox 2352 4449 2960 4526; x_wconf 27' lang='lat' dir='ltr'><strong>castinutriend‘osLi»</strong></span> <span class='ocrx_word' id='word_1_833' title='bbox 2998 4456 3112 4508; x_wconf 89' lang='lat' dir='ltr'><strong>etc.</strong></span> <span class='ocrx_word' id='word_1_834' title='bbox 3146 4454 3294 4526; x_wconf 66' lang='lat' dir='ltr'><strong>Quae</strong></span> <span class='ocrx_word' id='word_1_835' title='bbox 3323 4449 3825 4526; x_wconf 52' lang='lat' dir='ltr'><strong>quidem&#39;lectiosi</strong></span> <span class='ocrx_word' id='word_1_836' title='bbox 3848 4455 3934 4516; x_wconf 66' lang='lat' dir='ltr'><strong>ven</strong></span> 
     </span>
    </p>
   </div>
   <div class='ocr_carea' id='block_1_120' title="bbox 2351 4522 3934 4598">
    <p class='ocr_par' dir='ltr' id='par_1_120' title="bbox 2351 4522 3934 4598">
     <span class='ocr_line' id='line_1_123' title="bbox 2351 4522 3934 4598; baseline 0.006 -25"><span class='ocrx_word' id='word_1_837' title='bbox 2351 4522 2534 4598; x_wconf 86' lang='lat' dir='ltr'><strong>esset,</strong></span> <span class='ocrx_word' id='word_1_838' title='bbox 2569 4537 2639 4576; x_wconf 91' lang='lat' dir='ltr'><strong>eo</strong></span> <span class='ocrx_word' id='word_1_839' title='bbox 2670 4523 2842 4598; x_wconf 84' lang='lat' dir='ltr'><strong>laude</strong></span> <span class='ocrx_word' id='word_1_840' title='bbox 2874 4523 3115 4595; x_wconf 90' lang='lat' dir='ltr'><strong>dignior</strong></span> <span class='ocrx_word' id='word_1_841' title='bbox 3136 4522 3463 4598; x_wconf 79' lang='lat' dir='ltr'><strong>haberetur</strong></span> <span class='ocrx_word' id='word_1_842' title='bbox 3490 4522 3849 4598; x_wconf 52' lang='lat' dir='ltr'><strong>Theodosius,</strong></span> <span class='ocrx_word' id='word_1_843' title='bbox 3874 4526 3934 4598; x_wconf 63' lang='grc' dir='ltr'><strong>(1θέ</strong></span> 
     </span>
    </p>
   </div>
   <div class='ocr_carea' id='block_1_121' title="bbox 2351 4595 3934 4664">
    <p class='ocr_par' dir='ltr' id='par_1_121' title="bbox 2351 4595 3934 4664">
     <span class='ocr_line' id='line_1_124' title="bbox 2351 4595 3934 4664; baseline -0.004 -21"><span class='ocrx_word' id='word_1_844' title='bbox 2351 4596 2554 4664; x_wconf 76' lang='lat' dir='ltr'><strong>contra</strong></span> <span class='ocrx_word' id='word_1_845' title='bbox 2601 4595 2903 4664; x_wconf 88' lang='lat' dir='ltr'><strong>propriam</strong></span> <span class='ocrx_word' id='word_1_846' title='bbox 2950 4597 3328 4651; x_wconf 90' lang='lat' dir='ltr'><strong>securitatem</strong></span> <span class='ocrx_word' id='word_1_847' title='bbox 3375 4598 3655 4652; x_wconf 89' lang='lat' dir='ltr'><strong>masculis</strong></span> <span class='ocrx_word' id='word_1_848' title='bbox 3700 4595 3858 4648; x_wconf 88' lang='lat' dir='ltr'><strong>hostis</strong></span> <span class='ocrx_word' id='word_1_849' title='bbox 3879 4596 3934 4635; x_wconf 70' lang='lat' dir='ltr'><strong>sui</strong></span> 
     </span>
    </p>
   </div>
   <div class='ocr_carea' id='block_1_122' title="bbox 2348 4661 3932 4739">
    <p class='ocr_par' dir='ltr' id='par_1_122' title="bbox 2348 4661 3932 4739">
     <span class='ocr_line' id='line_1_125' title="bbox 2348 4661 3932 4739; baseline 0.009 -25"><span class='ocrx_word' id='word_1_850' title='bbox 2348 4661 2555 4717; x_wconf 90' lang='lat' dir='ltr'><strong>liberis</strong></span> <span class='ocrx_word' id='word_1_851' title='bbox 2587 4661 2979 4739; x_wconf 72' lang='lat' dir='ltr'><strong>pepercisset.</strong></span> <span class='ocrx_word' id='word_1_852' title='bbox 3010 4666 3431 4739; x_wconf 59' lang='lat' dir='ltr'><strong>Verumtamen</strong></span> <span class='ocrx_word' id='word_1_853' title='bbox 3461 4672 3672 4739; x_wconf 77' lang='lat' dir='ltr'><strong>praeter</strong></span> <span class='ocrx_word' id='word_1_854' title='bbox 3690 4664 3932 4739; x_wconf 53' lang='lat' dir='ltr'><strong>Victam</strong></span> 
     </span>
    </p>
   </div>
   <div class='ocr_carea' id='block_1_123' title="bbox 2350 4727 3934 4810">
    <p class='ocr_par' dir='ltr' id='par_1_123' title="bbox 2350 4727 3934 4810">
     <span class='ocr_line' id='line_1_126' title="bbox 2350 4727 3934 4810; baseline -0.013 -12"><span class='ocrx_word' id='word_1_855' title='bbox 2350 4748 2528 4803; x_wconf 86' lang='lat' dir='ltr'><strong>quem</strong></span> <span class='ocrx_word' id='word_1_856' title='bbox 2575 4727 3107 4810; x_wconf 49' lang='lat' dir='ltr'><strong>tib-Andragathio</strong></span> <span class='ocrx_word' id='word_1_857' title='bbox 3154 4727 3562 4809; x_wconf 71' lang='lat' dir='ltr'><strong>interemptum</strong></span> <span class='ocrx_word' id='word_1_858' title='bbox 3606 4736 3784 4791; x_wconf 86' lang='lat' dir='ltr'><strong>narrat</strong></span> <span class='ocrx_word' id='word_1_859' title='bbox 3815 4727 3934 4810; x_wconf 36' lang='lat' dir='ltr'><strong>.Zozi-</strong></span> 
     </span>
    </p>
   </div>
   <div class='ocr_carea' id='block_1_124' title="bbox 2348 4806 3931 4878">
    <p class='ocr_par' dir='ltr' id='par_1_124' title="bbox 2348 4806 3931 4878">
     <span class='ocr_line' id='line_1_127' title="bbox 2348 4806 3931 4878; baseline -0.004 -20"><span class='ocrx_word' id='word_1_860' title='bbox 2348 4820 2503 4878; x_wconf 84' lang='lat' dir='ltr'><strong>mus,</strong></span> <span class='ocrx_word' id='word_1_861' title='bbox 2528 4806 2762 4878; x_wconf 86' lang='lat' dir='ltr'><strong>virilem</strong></span> <span class='ocrx_word' id='word_1_862' title='bbox 2792 4806 3020 4878; x_wconf 83' lang='lat' dir='ltr'><strong>prolem</strong></span> <span class='ocrx_word' id='word_1_863' title='bbox 3052 4808 3304 4865; x_wconf 79' lang='lat' dir='ltr'><strong>Maximo</strong></span> <span class='ocrx_word' id='word_1_864' title='bbox 3326 4806 3513 4866; x_wconf 73' lang='lat' dir='ltr'><strong>fuisse</strong></span> <span class='ocrx_word' id='word_1_865' title='bbox 3532 4824 3643 4865; x_wconf 91' lang='lat' dir='ltr'><strong>non</strong></span> <span class='ocrx_word' id='word_1_866' title='bbox 3660 4806 3931 4875; x_wconf 59' lang='lat' dir='ltr'><strong>reperimus.</strong></span> 
     </span>
    </p>
   </div>
   <div class='ocr_carea' id='block_1_125' title="bbox 2418 4876 3804 4952">
    <p class='ocr_par' dir='ltr' id='par_1_125' title="bbox 2418 4876 3804 4952">
     <span class='ocr_line' id='line_1_128' title="bbox 2418 4876 3804 4952; baseline 0.006 -23"><span class='ocrx_word' id='word_1_867' title='bbox 2558 4876 2980 4952; x_wconf 46' lang='lat' dir='ltr'><strong>_Scripta&#39;_anno</strong></span> <span class='ocrx_word' id='word_1_868' title='bbox 3013 4879 3138 4933; x_wconf 85' lang='lat'><strong>388.</strong></span> <span class='ocrx_word' id='word_1_869' title='bbox 3743 4944 3760 4952; x_wconf 38' lang='grc' dir='ltr'><strong>Δ</strong></span> <span class='ocrx_word' id='word_1_870' title='bbox 3795 4943 3804 4952; x_wconf 50' lang='grc'>,</span> 
     </span>
    </p>
   </div>
   <div class='ocr_carea' id='block_1_126' title="bbox 2419 4938 3930 5026">
    <p class='ocr_par' dir='ltr' id='par_1_126' title="bbox 2419 4938 3930 5026">
     <span class='ocr_line' id='line_1_129' title="bbox 2419 4938 3930 5026; baseline -0.006 -23"><span class='ocrx_word' id='word_1_871' title='bbox 2419 4938 2727 5026; x_wconf 55' lang='grc' dir='ltr'><strong>(Ξυβοηιῖ</strong></span> <span class='ocrx_word' id='word_1_872' title='bbox 2756 4950 2897 5026; x_wconf 84' lang='lat' dir='ltr'><strong>edit.</strong></span> <span class='ocrx_word' id='word_1_873' title='bbox 2931 4951 3138 5026; x_wconf 79' lang='lat' dir='ltr'><strong>inqua</strong></span> <span class='ocrx_word' id='word_1_874' title='bbox 3168 4952 3423 5026; x_wconf 80' lang='lat' dir='ltr'><strong>primum</strong></span> <span class='ocrx_word' id='word_1_875' title='bbox 3469 4952 3696 5026; x_wconf 87' lang='lat' dir='ltr'><strong>vulgata</strong></span> <span class='ocrx_word' id='word_1_876' title='bbox 3736 4943 3824 5026; x_wconf 71' lang='lat' dir='ltr'><strong>fuit</strong></span> 
     </span>
    </p>
   </div>
   <div class='ocr_carea' id='block_1_127' title="bbox 2348 5016 3929 5088">
    <p class='ocr_par' dir='ltr' id='par_1_127' title="bbox 2348 5016 3929 5088">
     <span class='ocr_line' id='line_1_130' title="bbox 2348 5016 3929 5088; baseline -0.004 -18"><span class='ocrx_word' id='word_1_877' title='bbox 2348 5016 2619 5088; x_wconf 78' lang='lat' dir='ltr'><strong>epistOla,</strong></span> <span class='ocrx_word' id='word_1_878' title='bbox 2661 5037 2791 5075; x_wconf 90' lang='lat' dir='ltr'><strong>eam</strong></span> <span class='ocrx_word' id='word_1_879' title='bbox 2833 5016 3187 5077; x_wconf 51' lang='lat' dir='ltr'><strong>inscribitz-</strong></span> <span class='ocrx_word' id='word_1_880' title='bbox 3213 5045 3235 5069; x_wconf 75' lang='grc' dir='ltr'>ει</span> <span class='ocrx_word' id='word_1_881' title='bbox 3295 5016 3644 5078; x_wconf 72' lang='lat' dir='ltr'><strong>Ambrosius</strong></span> <span class='ocrx_word' id='word_1_882' title='bbox 3680 5016 3929 5088; x_wconf 75' lang='lat' dir='ltr'><strong>episcopus</strong></span> 
     </span>
    </p>
   </div>
   <div class='ocr_carea' id='block_1_128' title="bbox 2348 5081 3927 5166">
    <p class='ocr_par' dir='ltr' id='par_1_128' title="bbox 2348 5081 3927 5166">
     <span class='ocr_line' id='line_1_131' title="bbox 2348 5081 3927 5166; baseline -0.003 -24"><span class='ocrx_word' id='word_1_883' title='bbox 2348 5081 2708 5166; x_wconf 51' lang='lat' dir='ltr'><strong>_M&#39;arcelli&#39;nae</strong></span> <span class='ocrx_word' id='word_1_884' title='bbox 2730 5094 2946 5166; x_wconf 90' lang='lat' dir='ltr'><strong>sorori,</strong></span> <span class='ocrx_word' id='word_1_885' title='bbox 2975 5094 3157 5166; x_wconf 15' lang='lat' dir='ltr'><strong>nicod.</strong></span> <span class='ocrx_word' id='word_1_886' title='bbox 3186 5094 3337 5165; x_wconf 81' lang='lat' dir='ltr'><strong>Reg.</strong></span> <span class='ocrx_word' id='word_1_887' title='bbox 3373 5095 3430 5148; x_wconf 92' lang='lat' dir='ltr'><strong>in</strong></span> <span class='ocrx_word' id='word_1_888' title='bbox 3453 5110 3568 5166; x_wconf 88' lang='lat' dir='ltr'><strong>quo</strong></span> <span class='ocrx_word' id='word_1_889' title='bbox 3596 5081 3927 5166; x_wconf 44' lang='lat' dir='ltr'><strong>solo-eamdf&#39;m</strong></span> 
     </span>
    </p>
   </div>
   <div class='ocr_carea' id='block_1_129' title="bbox 2346 5158 3921 5237">
    <p class='ocr_par' dir='ltr' id='par_1_129' title="bbox 2346 5158 3921 5237">
     <span class='ocr_line' id='line_1_132' title="bbox 2346 5158 3921 5237; baseline 0.008 -25"><span class='ocrx_word' id='word_1_890' title='bbox 2346 5158 2511 5237; x_wconf 64' lang='lat' dir='ltr'><strong>licuit</strong></span> <span class='ocrx_word' id='word_1_891' title='bbox 2531 5177 2816 5237; x_wconf 76' lang='lat' dir='ltr'><strong>reperire,</strong></span> <span class='ocrx_word' id='word_1_892' title='bbox 2843 5158 3177 5237; x_wconf 83' lang='lat' dir='ltr'><strong>simplicius</strong></span> <span class='ocrx_word' id='word_1_893' title='bbox 3191 5158 3508 5237; x_wconf 44' lang='lat' dir='ltr'><strong>praEtigitfu</strong></span> <span class='ocrx_word' id='word_1_894' title='bbox 3531 5165 3717 5237; x_wconf 56' lang='lat' dir='ltr'><strong>Frater</strong></span> <span class='ocrx_word' id='word_1_895' title='bbox 3728 5165 3921 5237; x_wconf 47' lang='lat'><strong>89&quot;?&quot;3</strong></span> 
     </span>
    </p>
   </div>
   <div class='ocr_carea' id='block_1_130' title="bbox 2345 5227 3923 5306">
    <p class='ocr_par' dir='ltr' id='par_1_130' title="bbox 2345 5227 3923 5306">
     <span class='ocr_line' id='line_1_133' title="bbox 2345 5227 3923 5306; baseline -0.002 -23"><span class='ocrx_word' id='word_1_896' title='bbox 2345 5227 2637 5287; x_wconf 70' lang='lat' dir='ltr'><strong>Caeterum</strong></span> <span class='ocrx_word' id='word_1_897' title='bbox 2669 5227 2822 5288; x_wconf 85' lang='lat' dir='ltr'><strong>hanc</strong></span> <span class='ocrx_word' id='word_1_898' title='bbox 2850 5227 3041 5304; x_wconf 74' lang='lat' dir='ltr'><strong>ipsam</strong></span> <span class='ocrx_word' id='word_1_899' title='bbox 3074 5227 3395 5306; x_wconf 59' lang='lat' dir='ltr'><strong>epistolam</strong></span> <span class='ocrx_word' id='word_1_900' title='bbox 3418 5227 3528 5291; x_wconf 78' lang='lat' dir='ltr'><strong>tam</strong></span> <span class='ocrx_word' id='word_1_901' title='bbox 3558 5227 3923 5306; x_wconf 14' lang='lat' dir='ltr'><strong>distinctctailf}:</strong></span> 
     </span>
    </p>
   </div>
   <div class='ocr_carea' id='block_1_131' title="bbox 2345 5298 3921 5377">
    <p class='ocr_par' dir='ltr' id='par_1_131' title="bbox 2345 5298 3921 5377">
     <span class='ocr_line' id='line_1_134' title="bbox 2345 5298 3921 5377; baseline -0.02 -5"><span class='ocrx_word' id='word_1_902' title='bbox 2345 5316 2459 5372; x_wconf 74' lang='lat' dir='ltr'><strong>que</strong></span> <span class='ocrx_word' id='word_1_903' title='bbox 2490 5320 2779 5377; x_wconf 75' lang='lat' dir='ltr'><strong>expresse</strong></span> <span class='ocrx_word' id='word_1_904' title='bbox 2824 5298 3023 5377; x_wconf 75' lang='lat' dir='ltr'><strong>signat</strong></span> <span class='ocrx_word' id='word_1_905' title='bbox 3072 5298 3377 5376; x_wconf 78' lang='lat' dir='ltr'><strong>Paulinus,</strong></span> <span class='ocrx_word' id='word_1_906' title='bbox 3428 5313 3488 5363; x_wconf 81' lang='lat' dir='ltr'><strong>ut</strong></span> <span class='ocrx_word' id='word_1_907' title='bbox 3531 5305 3783 5365; x_wconf 71' lang='lat' dir='ltr'><strong>dubitare,</strong></span> <span class='ocrx_word' id='word_1_908' title='bbox 3824 5298 3921 5361; x_wconf 82' lang='lat' dir='ltr'><strong>quin</strong></span> 
     </span>
    </p>
   </div>
   <div class='ocr_carea' id='block_1_132' title="bbox 2344 5376 3572 5448">
    <p class='ocr_par' dir='ltr' id='par_1_132' title="bbox 2344 5376 3572 5448">
     <span class='ocr_line' id='line_1_135' title="bbox 2344 5376 3572 5448; baseline 0.005 -23"><span class='ocrx_word' id='word_1_909' title='bbox 2344 5376 2908 5448; x_wconf 50' lang='lat' dir='ltr'><strong>vereambrosiana</strong></span> <span class='ocrx_word' id='word_1_910' title='bbox 2938 5378 3035 5447; x_wconf 89' lang='lat' dir='ltr'><strong>sit,</strong></span> <span class='ocrx_word' id='word_1_911' title='bbox 3071 5379 3214 5432; x_wconf 89' lang='lat' dir='ltr'><strong>nulli</strong></span> <span class='ocrx_word' id='word_1_912' title='bbox 3245 5380 3572 5448; x_wconf 80' lang='lat' dir='ltr'><strong>possimus.</strong></span> 
     </span>
    </p>
   </div>
   <div class='ocr_carea' id='block_1_133' title="bbox 2414 5429 3919 5519">
    <p class='ocr_par' dir='ltr' id='par_1_133' title="bbox 2414 5429 3919 5519">
     <span class='ocr_line' id='line_1_136' title="bbox 2414 5429 3919 5519; baseline -0.003 -22"><span class='ocrx_word' id='word_1_913' title='bbox 2414 5441 2529 5513; x_wconf 71' lang='lat'>(22)</span> <span class='ocrx_word' id='word_1_914' title='bbox 2549 5447 2627 5501; x_wconf 90' lang='lat' dir='ltr'><strong>lta</strong></span> <span class='ocrx_word' id='word_1_915' title='bbox 2655 5429 2960 5519; x_wconf 40' lang='lat' dir='ltr'><strong>Regna:</strong></span> <span class='ocrx_word' id='word_1_916' title='bbox 2980 5429 3168 5517; x_wconf 13' lang='lat' dir='ltr'><strong>{&#39;aiii&#39;ii</strong></span> <span class='ocrx_word' id='word_1_917' title='bbox 3179 5429 3359 5505; x_wconf 57' lang='grc' dir='ltr'><strong>’1ξὸπὶιῖ</strong></span> <span class='ocrx_word' id='word_1_918' title='bbox 3374 5429 3740 5519; x_wconf 45' lang='lat' dir='ltr'><strong>&#39;éi&#39;iiﬁl&#39;egiiur</strong></span> <span class='ocrx_word' id='word_1_919' title='bbox 3762 5454 3772 5491; x_wconf 90' lang='lat'><strong><em>:</em></strong></span> <span class='ocrx_word' id='word_1_920' title='bbox 3805 5429 3919 5519; x_wconf 37' lang='lat' dir='ltr'><strong>(9f:</strong></span> 
     </span>
    </p>
   </div>
   <div class='ocr_carea' id='block_1_134' title="bbox 2340 5508 3915 5597">
    <p class='ocr_par' dir='ltr' id='par_1_134' title="bbox 2340 5508 3915 5597">
     <span class='ocr_line' id='line_1_137' title="bbox 2340 5508 3915 5597; baseline 0.013 -30"><span class='ocrx_word' id='word_1_921' title='bbox 2340 5508 2520 5597; x_wconf 68' lang='lat' dir='ltr'><strong>latum</strong></span> <span class='ocrx_word' id='word_1_922' title='bbox 2552 5508 3105 5597; x_wconf 53' lang='lat' dir='ltr'><strong>esset_vimpera&#39;tori</strong></span> <span class='ocrx_word' id='word_1_923' title='bbox 3152 5508 3915 5597; x_wconf 38' lang='lat' dir='ltr'><strong>Synagoganiﬂﬁfiwﬂ&#39;fﬂ</strong></span> 
     </span>
    </p>
   </div>
   <div class='ocr_carea' id='block_1_135' title="bbox 2339 5578 3915 5715">
    <p class='ocr_par' dir='ltr' id='par_1_135' title="bbox 2339 5578 3915 5715">
     <span class='ocr_line' id='line_1_138' title="bbox 2339 5578 3915 5715; baseline -0.01 -75"><span class='ocrx_word' id='word_1_924' title='bbox 2339 5588 2609 5715; x_wconf 69' lang='lat' dir='ltr'><strong>partibus</strong></span> <span class='ocrx_word' id='word_1_925' title='bbox 2639 5578 2899 5646; x_wconf 79' lang='lat' dir='ltr'><strong>Orientis</strong></span> <span class='ocrx_word' id='word_1_926' title='bbox 2928 5578 3351 5648; x_wconf 47' lang='lat' dir='ltr'><strong>incensam&quot;:</strong></span> <span class='ocrx_word' id='word_1_927' title='bbox 3380 5578 3437 5649; x_wconf 78' lang='grc' dir='ltr'>ἑῖ</span> <span class='ocrx_word' id='word_1_928' title='bbox 3470 5578 3915 5646; x_wconf 81' lang='lat' dir='ltr'><strong>Valentinianorum</strong></span> 
     </span>
     <span class='ocr_line' id='line_1_139' title="bbox 2364 5663 3517 5715; baseline 0 0"><span class='ocrx_word' id='word_1_929' title='bbox 2364 5673 2632 5715; x_wconf 89' lang='lat' dir='ltr'><strong>ucum....</strong></span> <span class='ocrx_word' id='word_1_930' title='bbox 2666 5663 2769 5715; x_wconf 89' lang='lat' dir='ltr'><strong>aui</strong></span> <span class='ocrx_word' id='word_1_931' title='bbox 2799 5663 3213 5715; x_wconf 85' lang='lat' dir='ltr'><strong>incendissent</strong></span> <span class='ocrx_word' id='word_1_932' title='bbox 3243 5665 3460 5715; x_wconf 88' lang='lat' dir='ltr'><strong>locum.</strong></span> <span class='ocrx_word' id='word_1_933' title='bbox 3496 5687 3517 5715; x_wconf 79' lang='grc' dir='ltr'><strong>ιι</strong></span> 
     </span>
    </p>
   </div>
   <div class='ocr_carea' id='block_1_136' title="bbox 2364 5663 3517 5741">
    <p class='ocr_par' dir='ltr' id='par_1_136' title="bbox 2364 5663 3517 5741">
     <span class='ocr_line' id='line_1_140' title="bbox 2364 5663 3517 5741; baseline 0.006 -25"><span class='ocrx_word' id='word_1_934' title='bbox 2364 5673 2632 5721; x_wconf 87' lang='lat' dir='ltr'><strong>ucum....</strong></span> <span class='ocrx_word' id='word_1_935' title='bbox 2666 5663 2769 5741; x_wconf 88' lang='lat' dir='ltr'><strong>qui</strong></span> <span class='ocrx_word' id='word_1_936' title='bbox 2799 5663 3213 5723; x_wconf 86' lang='lat' dir='ltr'><strong>incendissent</strong></span> <span class='ocrx_word' id='word_1_937' title='bbox 3243 5665 3460 5723; x_wconf 86' lang='lat' dir='ltr'><strong>locum.</strong></span> <span class='ocrx_word' id='word_1_938' title='bbox 3496 5687 3517 5716; x_wconf 80' lang='grc' dir='ltr'><strong>ιι</strong></span> 
     </span>
    </p>
   </div>
  </div>
