3978 6168
171 253 300 326 Ital

1319 249 1938 323 EPISTOLARUM‘
1981 251 2324 324 CLASSIS
2371 237 2417 322 ἱ.

3439 249 3598 323 1162

160 459 264 514 lam
291 458 420 514 dedi
448 458 812 529 imperatori,
844 475 1020 530 quam
1053 458 1232 514 simul
1265 458 1430 524 misi;
1461 462 1519 514 et
1549 459 1652 514 ubi
1682 473 1816 530 pro-
1844 439 1905 502 Α
1937 473 2130 530 usque
2159 460 2232 514 ad
2262 460 2458 515 locum
2492 477 2504 516 :
2537 484 2558 508 α
2594 460 2771 516 Fides
2803 463 2968 516 tuate
3000 461 3224 516 salvam
3255 461 3412 533 fecit,
3447 465 3598 521 vade

166 549 328 603 cessit
355 548 432 604 ad
462 547 814 616 Ecclesiam,
850 548 1009 602 hunc
1041 564 1376 603 sermonem
1411 548 1587 602 habui
1621 564 1636 603 :

230 638 273 691 Ξ.
304 637 531 691 Inlibro
562 637 910 707 prophetico
943 638 1231 706 scriptum
1269 640 1361 691 est
1396 653 1407 690 :
1446 660 1466 684 α
1504 638 1680 692 Sume
1712 637 1817 691 tibi

172 726 424 781 baculum
464 726 747 781 nueinum
787 726 1032 794 (Jerem.
1085 743 1123 793 ι,
1157 726 1284 795 1‘2);
1336 730 1392 780 et
1433 742 1548 796 qua
1593 728 1816 780 ratione

166 816 268 870 hoc
295 816 508 870 dixerit
540 815 831 871 Dominus
858 815 1184 886 prophetae,
1219 815 1505 870 debemus
1539 815 1818 869 conside-

163 920 322 974 rare;
353 920 470 959 non
502 904 692 958 otiose
723 903 938 958 etenim
969 904 1258 973 scriptum
1299 906 1408 974 est,
1443 904 1819 974 quandoqui-

161 993 286 1048 dem
315 996 367 1049 et
395 993 455 1048 in
493 993 897 1048 l’entateucho
929 993 1042 1061 (23)
1064 993 1322 1064 legimus
1351 993 1509 1064 quod
1527 993 1694 1064 virga
1712 1009 1820 1047 nu-

161 1083 286 1137 cina
315 1085 508 1137 Aaron
548 1082 902 1149 sacerdotis,
955 1097 1091 1136 cum
1141 1081 1240 1135 diu
1280 1081 1540 1151 reposita
1581 1081 1816 1151 fuisset,

159 1171 404 1226 efﬂoruit
451 1169 648 1240 (Num.
685 1187 826 1240 xvn,
860 1170 938 1231 8).
986 1171 1134 1224 Nam
1164 1170 1399 1225 videtur
1440 1186 1545 1240 per
1591 1171 1822 1241 virgam

168 1260 501 1333 signiﬁcare
535 1260 691 1331 quod
725 1260 946 1315 directa
976 1274 1116 1314 esse
1135 1259 1346 1314 debeat
1376 1259 1681 1330 prophetia
1708 1259 1822 1330 (‘24)

166 1350 259 1404 vel
287 1349 669 1404 sacerdotalis
688 1349 1010 1404 auctoritas
1035 1365 1048 1404 :
1075 1351 1137 1403 ut
1157 1365 1274 1404 non
1293 1352 1407 1404 tam
1429 1349 1820 1420 delectabilia,

169 1453 336 1511 quam
367 1437 527 1492 utilia
556 1437 930 1509 persuadeat.

227 1527 279 1582 8.
327 1526 580 1598 Ideoque
627 1527 907 1581 nucinum
955 1526 1234 1582 baculum
1278 1541 1517 1582 sumere
1572 1524 1824 1598 jubetur

164 1617 457 1688 propheta,
491 1616 628 1688 quia
660 1619 998 1672 memoratae
1027 1632 1266 1688 pomum
1297 1616 1529 1673 arboris
1560 1631 1822 1672 amarum

152 1707 209 1760 in
243 1707 477 1774 cortice,
513 1706 728 1760 durum
759 1706 819 1760 in
860 1708 1034 1775 testa,
1084 1705 1244 1760 intus
1285 1709 1376 1759 est
1412 1705 1818 1773 fructuosum;

151 1799 210 1850 ut
228 1795 300 1849 ad
333 1794 467 1864 ejus
500 1794 943 1850 similitudinem
975 1795 1256 1865 propheta
1278 1810 1512 1866 quoque
1539 1810 1735 1848 amara
1764 1797 1820 1848 et

149 1899 296 1955 pura
343 1883 690 1955 praetendat,
744 1887 801 1938 et
848 1883 1193 1938 denuntiare
1232 1884 1422 1938 tristia
1471 1899 1587 1938 non
1632 1882 1819 1937 refor-

148 1973 347 2028 midet.
400 1972 682 2027 Similiter
731 1973 904 2027 etiam
954 1973 1268 2043 sacerdos,
1319 1973 1454 2043 quia
1500 1973 1818 2044 praeceptio

150 2062 308 2133 ejus,
333 2062 447 2117 etsi
479 2062 552 2116 ad
581 2066 814 2132 tempus
855 2061 1154 2132 aliquibus
1204 2077 1400 2116 amara
1444 2062 1730 2129 videatur,
1765 2063 1822 2116 et

150 2155 430 2222 tanquam
460 2151 630 2223 virga
659 2154 857 2204 Aaron
889 2151 1152 2220 reposita
1183 2150 1281 2204 diu
1328 2151 1386 2204 in
1418 2151 1662 2205 auribus
1694 2150 1820 2204 dis-

159 2239 613 2309 simulantium;
672 2242 866 2293 tamen
926 2239 1242 2311 aliquando
1316 2255 1448 2293 cum
1507 2239 1819 2309 mstimatu,

151 2330 415 2397 aruisse,
449 2329 731 2383 ﬂorescit.

210 2419 269 2472 4.
307 2417 481 2472 Unde
514 2421 569 2472 et
589 2417 916 2487 Apostolus
947 2417 1026 2470 ait
1059 2432 1070 2472 :
1111 2439 1132 2467 «
1177 2415 1326 2482 Quid
1373 2417 1574 2487 vultis,
1611 2417 1668 2471 in
1699 2418 1824 2471 vir-

137 2524 216 2578 ga
253 2508 493 2561 veniam
523 2507 594 2560 ad
625 2522 756 2577 vos,
791 2522 866 2560 an
895 2507 955 2560 in
987 2505 1288 2575 charitate,
1325 2507 1654 2577 spirituque
1675 2523 1829 2560 man-

143 2595 510 2651 suetudinis
539 2595 599 2666 (I
622 2595 756 2650 Cor.
792 2611 871 2664 1v,
891 2593 1028 2665 ‘21)?
1062 2595 1236 2649 Prius
1260 2596 1414 2648 enim
1435 2596 1662 2666 virgam
1686 2594 1832 2649 dixit

132 2690 194 2742 et
258 2689 548 2757 tanquam
589 2685 726 2748 957
770 2685 943 2756 virga
981 2684 1199 2738 nucina
1228 2683 1530 2753 percussit
1565 2687 1831 2738 errantes

129 2777 194 2827 ut
229 2776 448 2844 postea
483 2773 898 2828 consolaretur
927 2787 1033 2828 eos
1075 2773 1288 2843 spiritu
1332 2771 1827 2826 mansuetudinis.

131 2863 366 2934 Itaque
422 2878 599 2934 quem
636 2863 807 2935 virga
855 2863 1244 2916 sacramentis
1275 2861 1572 2915 abdicavit
1618 2862 1833 2916 coeles-

122 2952 348 3016 tibus,
422 2952 697 3006 eumdem
766 2947 1156 3006 mansuetudo
1196 2951 1473 3005 restituit.
1527 2950 1831 3021 Discipulo

126 3056 396 3112 quoque
441 3041 575 3094 talia
619 3040 969 3111 praescripta
1015 3040 1194 3109 dedit,
1241 3040 1450 3094 dicens
1488 3055 1499 3094 :
1539 3061 1559 3088 α
1608 3043 1828 3112 Argue,
1873 3061 1924 3122 ο

130 3130 428 3199 obsecra,
463 3129 701 3200 increpa
736 3128 824 3201 (II
848 3128 991 3183 Tim.
1017 3146 1096 3196 1v,
1130 3129 1204 3197 2).
1243 3152 1264 3176 »ι
1301 3129 1427 3184 Duo
1448 3129 1614 3198 dura,
1651 3146 1831 3183 unum

129 3218 322 3288 mite;
357 3219 466 3273 sed
507 3218 641 3272 ideo
675 3218 840 3287 dura,
893 3220 957 3272 ut
1005 3218 1177 3272 etiam
1229 3217 1357 3288 ipsa
1391 3218 1661 3288 molliret,
1695 3219 1830 3288 quia

138 3306 306 3361 sicut
330 3309 517 3379 aegris
541 3307 893 3361 redundanti
917 3305 1053 3361 felle
1073 3306 1425 3376 corporibus
1446 3306 1712 3360 ciborum
1736 3309 1834 3360 aut

146 3401 330 3464 potus
359 3396 687 3450 amaritudo
720 3395 1030 3464 dulcescit,
1065 3399 1121 3449 et
1143 3399 1346 3449 contra
1369 3396 1672 3466 epularum
1697 3411 1833 3450 sua-

151 3485 309 3538 vitas
339 3484 716 3539 amaritudini
753 3487 846 3538 est
879 3499 891 3538 :
925 3483 1001 3537 ita
1029 3483 1129 3538 ubi
1161 3483 1393 3538 animus
1425 3488 1518 3538 est
1565 3485 1831 3555 saucius,

149 3574 508 3645 voluptaria)
543 3574 665 3628 fotu
695 3573 1052 3628 adulationis
1083 3574 1197 3644 (25)
1240 3575 1539 3645 aegrescit,
1594 3578 1650 3628 et
1697 3589 1833 3628 rur-

150 3676 286 3717 sum
319 3663 712 3719 correctionis
744 3665 1103 3734 temperatur
1133 3662 1540 3718 amaritudine.

221 3753 278 3806 5.
315 3753 460 3807 Haec
491 3752 565 3807 de
595 3752 938 3823 prophetica
960 3752 1212 3807 lectione
1233 3751 1412 3806 libata
1445 3753 1566 3805 sint
1599 3766 1611 3807 :
1647 3751 1835 3806 Evan-

153 3839 299 3910 gelii
319 3857 560 3913 quoque
580 3842 756 3896 lectio
775 3841 915 3912 quid
933 3840 1638 3895 habeatconsideremus:
1673 3863 1694 3886 π
1717 3842 1834 3896 Ro-

154 3931 317 3999 gavit
346 3931 588 4002 quidam
621 3930 966 3984 Pharismus
998 3929 1310 3984 Dominum
1334 3929 1640 3998 Jesum,ut
1663 3945 1831 3983 man-

161 4016 408 4074 ducaret
439 4034 572 4074 cum
606 4019 744 4088 illo;
777 4022 834 4072 et
871 4019 1190 4091 ingressus
1232 4018 1469 4073 domum
1519 4018 1831 4088 Pharisaei,

153 4105 480 4164 discubuit.
504 4107 574 4162 Et
607 4123 746 4163 ecce
766 4107 994 4177 mulier,
1029 4123 1161 4178 qum
1193 4110 1317 4161 erat
1344 4107 1402 4160 in
1433 4107 1665 4161 civitate
1695 4123 1837 4178 pec-

155 4198 372 4266 catrix,
406 4201 469 4252 ut
501 4197 780 4269 cognovit
824 4197 981 4268 quod
1029 4197 1210 4251 Jesus
1255 4196 1532 4250 accubuit
1572 4197 1632 4250 in
1665 4197 1838 4251 domo

160 4281 490 4355 Pharisaei,
540 4286 730 4340 attulit
772 4285 1132 4340 alabastrum
1177 4285 1463 4356 unguenti
1508 4301 1520 4339 :
1569 4289 1626 4339 et
1673 4290 1840 4340 stans

1937 548 1998 602 in
2030 564 2173 618 pace
2205 548 2385 609 (Ibid.
2420 550 2532 619 50).
2581 573 2603 596 ιι
2645 550 2827 614 Quam
2877 551 3149 620 simplex,
3197 551 3504 623 subjunxi,
3541 555 3601 610 in

1937 638 2161 706 verbis,
2198 654 2374 708 quam
2408 637 2700 708 profunda
2742 640 2800 693 in
2831 640 3098 694 consiliis
3144 639 3453 713 Evangelii
3482 643 3602 698 lec-

1937 725 2016 779 tio
2053 724 2064 780 l
2103 727 2302 797 Itaque
2332 727 2469 797 quia
2501 729 2700 799 magni
2736 729 3059 783 consiliarii
3101 745 3297 784 sermo
3338 734 3430 787 est
3459 733 3598 802 (Isa.

1938 831 2019 882 ιχ,
2051 815 2128 884 6),
2164 815 2531 870 altitudinem
2557 817 2691 887 ejus
2722 816 3189 874 consideremus.

2008 902 2060 957 6.
2087 903 2374 958 Dominus
2398 909 2603 959 noster
2617 904 3084 960 JesusChi-istus
3102 906 3390 978 judicavit
3411 912 3603 984 magis

1937 991 2208 1047 homines
2239 993 2550 1048 beneﬁciis
2599 994 2828 1066 alligari
2861 1011 3068 1065 posse,
3104 1000 3161 1051 et
3189 1002 3499 1068 provocari
3531 1002 3604 1056 ad

1939 1096 2006 1135 ea
2039 1097 2170 1151 quae
2201 1086 2342 1137 sunt
2373 1087 2534 1138 recta
2566 1083 2852 1152 facienda,
2905 1100 3080 1155 quam
3110 1089 3267 1141 metu
3299 1103 3312 1142 :
3350 1089 3604 1162 plusque

1940 1169 2282 1225 charitatem
2316 1172 2629 1242 proﬁcere,
2654 1188 2828 1242 quam
2849 1172 3224 1230 formidinem
3252 1174 3365 1247 (27)
3386 1178 3458 1232 ad
3478 1194 3608 1234 cor-

1937 1259 2284 1315 rectionem.
2323 1261 2522 1330 Itaque
2553 1262 2840 1331 praemisit
2887 1263 3154 1334 gratiam,
3204 1265 3452 1321 veniens
3499 1283 3610 1338 per

1941 1347 2209 1419 Virginis
2243 1352 2490 1419 partum,
2527 1353 2589 1403 ut
2635 1350 2695 1404 in
2732 1350 3026 1422 baptismo
3056 1356 3296 1423 peccata
3339 1355 3606 1427 donaret,

1940 1451 2058 1506 quo
2107 1437 2225 1492 sibi
2258 1437 2480 1493 faceret
2508 1439 2822 1510 gratiores.
2869 1440 3092 1496 Deinde
3134 1443 3186 1496 si
3220 1446 3609 1514 competentia

1940 1525 2130 1595 gratis
2159 1525 2306 1580 viris
2331 1526 2524 1580 ofﬁcia
2555 1532 2982 1598 repdneremus
3003 1529 3138 1599 (28),
3173 1530 3366 1600 ipsius
3397 1533 3609 1604 gratiae

1939 1615 2473 1668 remunerationem
2507 1615 2761 1670 futuram
2801 1617 3059 1671 omnium
3111 1619 3170 1672 in
3221 1618 3332 1674 hac
3365 1620 3610 1676 muliere

1939 1701 2278 1757 declaravit.
2315 1702 2462 1756 Nam
2496 1704 2546 1757 si
2579 1705 2976 1760 tan-tummodo
3000 1706 3186 1776 prima
3205 1707 3403 1762 debita
3433 1710 3612 1764 nobis

1940 1791 2295 1861 remisisset,
2348 1791 2651 1847 videretur
2695 1794 2940 1863 cautior,
2973 1799 3158 1865 quam
3188 1795 3612 1870 indulgentior,

1941 1880 2448 1951 correctionisque
2479 1881 2882 1951 providentior
2908 1899 3084 1954 quam
3115 1886 3614 1942 remunerationis

1941 1969 2432 2041 magniﬁcentior.
2468 1971 2728 2042 Augusti
2772 1971 2949 2024 animi
3000 1973 3125 2026 sola
3157 1974 3372 2028 astutia
3402 1977 3516 2045 est,
3549 1978 3614 2030 ut

1939 2059 2142 2114 illiciat
2165 2074 2177 2112 :
2213 2057 2332 2112 Deo
2355 2061 2549 2111 autem
2573 2060 2868 2129 convenit,
2889 2063 2950 2114 ut
2974 2076 3126 2131 quos
3149 2062 3488 2117 invitaverit
3507 2079 3617 2134 per

1943 2147 2211 2219 gratiam,
2228 2146 2469 2200 eosdem
2485 2147 2691 2217 gratias
2706 2148 2896 2218 ipsius
2911 2147 3289 2204 incrementis
3307 2150 3611 2220 provehat.

1946 2237 2201 2306 Ideoque
2223 2232 2334 2304 (99)
2368 2235 2541 2289 nobis
2555 2239 2611 2288 et
2639 2239 2772 2289 ante
2805 2235 2982 2289 donat
3008 2252 3115 2307 per
3143 2238 3524 2311 baptismum,
3559 2244 3617 2295 et

1948 2327 2085 2395 post
2123 2325 2273 2378 bene
2303 2323 2705 2378 servientibus
2739 2324 3015 2379 uberiora
3052 2326 3322 2398 largitur.
3356 2328 3438 2383 Ita
3469 2345 3615 2402 ergo

1942 2413 2162 2468 Christi
2179 2412 2466 2466 beneﬁcia
2479 2416 2536 2466 et
2554 2413 2846 2467 incentiva
2864 2414 3101 2469 virtutis
3125 2419 3181 2470 et
3197 2418 3438 2487 praemia
3455 2421 3613 2474 sunt.

2015 2503 2066 2556 Ἳ.
2102 2501 2217 2555 Sed
2265 2517 2436 2555 nemo
2488 2501 2843 2556 vocabulum
2891 2503 3271 2560 foeneratoris
3303 2505 3618 2562 horrescat

1947 2591 2079 2660 (30).
2127 2589 2370 2644 Fuimus
2416 2593 2549 2644 ante
2597 2590 2711 2645 sub
2758 2591 3114 2648 fmneratore
3146 2593 3315 2662 duro,
3351 2596 3451 2667 qui
3498 2597 3620 2651 nisi

1947 2681 2134 2735 morte
2158 2679 2445 2734 debitoris
2464 2679 2692 2750 expleri
2723 2695 2793 2734 ac
2813 2681 3016 2735 satiari
3045 2683 3317 2754 nequiret
3337 2685 3617 2758 (Luc.vn,

1951 2767 2064 2835 41).
2098 2768 2272 2822 Venit
2294 2768 2582 2823 Dominus
2605 2769 2810 2839 Iesus,
2837 2771 2980 2824 vidit
3005 2772 3170 2842 gravi
3195 2788 3306 2828 nos
3325 2773 3619 2846 obligatos

1949 2857 2176 2912 foenore
2209 2857 2342 2926 (31).
2377 2857 2564 2912 Nemo
2606 2857 2803 2912 foenus
2852 2875 3027 2914 suum
3063 2861 3414 2930 patrimonio
3443 2864 3618 2919 inno-

1951 2947 2160 3000 centiae
2205 2962 2333 3000 suae
2376 2949 2606 3016 poterat
2652 2947 2965 3001 exsolvere
3001 2963 3012 3002 :
3045 2949 3116 3003 de
3149 2965 3301 3020 meo,
3335 2952 3491 3007 unde
3523 2967 3617 3008 me

1950 3035 2286 3104 liberarem,
2321 3034 2540 3089 habere
2571 3051 2686 3089 non
2718 3038 3002 3106 poteram,
3036 3052 3254 3092 novum
3282 3055 3476 3111 genus
3509 3041 3618 3096 ab-

1952 3123 2266 3178 solutionis
2309 3124 2454 3177 mihi
2488 3123 2732 3192 detulit;
2790 3127 2853 3178 ut
2897 3125 3250 3181 creditorem
3298 3132 3614 3200 mutarem,

1950 3213 2085 3284 quia
2118 3212 2315 3267 {mnus
2344 3213 2499 3266 unde
2531 3213 2846 3283 solverem,
2883 3230 2998 3267 non
3031 3213 3340 3271 habebam.
3375 3217 3618 3273 Debito-

1951 3318 2048 3357 res
2078 3306 2271 3356 autem
2301 3318 2413 3356 nos
2444 3318 2559 3356 non
2591 3305 2818 3372 natura,
2844 3303 2948 3356 sed
2981 3303 3151 3373 culpa
3184 3304 3444 3378 fecerat;
3474 3323 3618 3378 pee-

1951 3392 2102 3446 eatis
2135 3392 2290 3446 enim
2323 3392 2546 3446 nostris
2589 3407 2707 3446 aera
2757 3392 2960 3462 gravia
3005 3395 3429 3466 contraximus,
3474 3398 3620 3460 958

1950 3485 2013 3536 ut
2060 3496 2338 3535 essemus
2385 3481 2659 3550 obnoxii,
2715 3482 2813 3551 qui
2861 3496 3098 3535 eramus
3137 3482 3338 3554 liberi;
3391 3485 3622 3540 debitor

1951 3569 2110 3624 enim
2140 3572 2250 3633 est,
2286 3568 2384 3638 qui
2416 3567 2637 3639 aliquid
2677 3569 2905 3638 accepit
2934 3570 3004 3624 (le
3037 3570 3411 3628 fmneratoris
3443 3590 3620 3643 pecu-

1949 3659 2069 3712 nia.
2105 3658 2418 3712 Peecatum
2447 3673 2589 3711 vero
2620 3673 2653 3711 a
2676 3657 2912 3712 diabolo
2934 3663 3027 3713 est
3061 3675 3073 3714 :
3106 3663 3382 3732 tanquam
3401 3662 3460 3716 in
3483 3661 3619 3734 ejus

1952 3746 2302 3817 patrimonio
2351 3745 2459 3799 has
2519 3745 2696 3800 habet
2751 3745 2967 3817 impius
3023 3765 3210 3820 opes;
3261 3751 3417 3805 sicut
3463 3753 3621 3806 enim

1951 3835 2169 3890 Christi
2204 3835 2423 3890 divitiae
2454 3835 2704 3890 virtutes
2752 3841 2910 3904 sunt,
2953 3839 3030 3891 ita
3063 3838 3282 3893 diaboli
3324 3855 3468 3910 opes
3500 3842 3623 3896 cri-

1951 3925 2106 3978 mina
2148 3927 2306 3979 sunt.
2354 3924 2689 3996 Redegerat
2731 3924 3050 3981 humanum
3091 3944 3285 4000 genus
3316 3929 3375 3983 in
3406 3945 3624 4001 perpe-

1951 4017 2108 4068 tuam
2150 4013 2543 4083 captivitatem
2586 4014 2862 4074 obnoxiae
2900 4015 3264 4072 hmreditatis
3307 4018 3421 4088 (32)
3455 4021 3625 4091 gravi

1953 4103 2202 4172 foenore,
2237 4102 2397 4173 quod
2429 4101 2726 4158 obaeratus
2757 4106 2966 4159 auctor
2995 4105 3066 4158 ad
3099 4110 3380 4175 posteros
3414 4109 3485 4162 de
3519 4109 3628 4163 fce-

1957 4195 2160 4246 nerata
2210 4192 2599 4246 successione
2647 4194 3076 4248 transmiserat.
3126 4195 3299 4249 Venit
3339 4197 3625 4251 Dominus

1960 4281 2171 4350 Jesus,
2223 4284 2469 4335 mortem
2513 4297 2678 4334 suam
2720 4298 2826 4351 pro
2867 4287 3052 4337 morte
3091 4284 3351 4338 omnium
3395 4284 3624 4354 obtulit,

157 4376 314 4429 retro
347 4391 528 4430 secus
550 4375 735 4445 pedes
759 4373 915 4446 ejus,
940 4374 1222 4445 Iacrymis
1241 4374 1628 4446 cmpitrigare
1648 4375 1832 4444 pedes
1869 4373 1926 4435 D
1960 4371 2311 4442 sanguinem
2343 4386 2516 4424 suum
2545 4386 2652 4440 pro
2684 4371 2973 4441 sanguine
3006 4371 3154 4425 fudit
3185 4373 3622 4427 universorum.

156 4461 289 4532 ejus
319 4463 435 4535 (26)
468 4465 634 4535 (Luc.
671 4481 771 4535 vn,
816 4463 1036 4534 36-88).
1093 4486 1115 4513 ιι
1166 4463 1237 4518 Et
1288 4463 1517 4535 reliqua
1567 4464 1816 4519 recitavi

1822 4537 1847 4588 t

230 4605 346 4676 (23)
381 4607 555 4662 Rom.
580 4606 718 4661 edit.
744 4647 757 4676 ,
782 4607 844 4660 in
867 4605 1277 4730 ΙιοΓίίιιουοΙιο,
1303 4621 1414 4676 qua
1435 4622 1580 4660 voce
1603 4606 1658 4660 in
1690 4607 1841 4676 psal.

230 4693 400 4730 loaue
432 4695 639 4730 cxvm.
675 4693 855 4730 serm.
890 4678 932 4730 2-
966 4719 979 4730 .
1031 4693 1192 4730 num.
1243 4677 1332 4730 12.
1387 4693 1538 4730 usus
1580 4682 1670 4730 est
1703 4683 1841 4730 Am-

162 4690 400 4748 quoque
432 4695 639 4747 cxvm,
675 4693 855 4731 serm.
890 4678 979 4743 2|,

158 4746 438 4818 brosius,
491 4749 594 4804 ubi
627 4746 763 4802 vim
813 4748 1092 4818 ejusdem
1124 4748 1399 4803 vocabuli
1423 4748 1841 4817 explicuimus.

165 4817 606 4943 Fientateucéhus
639 4835 781 4874 vero
814 4817 1076 4890 quinque
1106 4819 1393 4874 librorum
1417 4819 1643 4889 Moysis
1677 4835 1844 4875 com-

165 4905 190 4943 Ι)
216 4908 356 4943 ΘΧΙΟ
391 4908 459 4943 es
494 4934 507 4943 .

216 4893 356 4946 exio
391 4895 507 4946 est.

155 4905 356 4960 plexio
391 4905 507 4946 est.

177 5032 188 5034 ᾼ
227 4962 346 5034 (‘24)
387 4961 758 5034 Rom.edit.,
801 4984 822 5008 ιι
866 4961 1194 5033 signiﬁcari
1245 4961 1402 5034 quod
1454 4960 1674 5017 directa
1705 4977 1843 5017 esse

160 5032 378 5088 debeat
407 5033 773 5104 prophetica,
815 5052 836 5082 ι
873 5032 984 5104 etc.

224 5107 343 5174 (ἓῦ)
385 5103 556 5160 Rom.
589 5120 770 5173 mss.,
814 5127 834 5152 α
880 5103 1320 5158 voluntariae....
1359 5104 1772 5174 correptionis.
1814 5124 1836 5154 ι

220 5177 339 5247 (26)
371 5178 522 5247 Reg.
549 5177 758 5243 codex,
783 5198 805 5226 «
835 5176 1141 5245 Lacrymis
1166 5175 1396 5245 rigabat
1420 5176 1600 5244 pedes
1620 5175 1786 5244 ejus;
1815 5200 1835 5222 η

193 5252 289 5302 ost
321 5265 484 5320 quae,
517 5247 782 5314 omissis,
825 5269 845 5294 α
884 5247 1197 5320 οζλιπβὶίῳιτι
1254 5247 1522 5320 recitavit
1555 5263 1743 5320 usque
1767 5247 1840 5300 ad

177 5317 377 5387 ocuni,
420 5343 441 5365 η
481 5321 660 5372 totam
693 5317 1024 5388 evangelici
1069 5320 1266 5388 textus
1308 5318 1525 5371 seriem
1557 5319 1629 5371 ad
1665 5319 1840 5372 ﬁnem

157 5406 351 5462 usque
387 5389 616 5462 capitis;
646 5389 1047 5462 prosequitur.
1080 5387 1151 5440 Et
1182 5389 1294 5442 hac
1328 5389 1581 5442 decursa
1613 5389 1837 5459 subdit,

161 5484 182 5506 ε
216 5459 410 5527 Quam
445 5459 700 5530 simplex
732 5460 789 5513 in
821 5459 1044 5527 verbis,
1085 5480 1106 5506 ιο
1143 5463 1254 5513 etc.

226 5533 345 5603 (ΞΤ)
367 5532 528 5588 Idem
560 5531 770 5603 codex,
817 5551 840 5581 ι
887 5547 1028 5603 quae
1057 5533 1196 5585 sunt
1225 5532 1404 5603 recte,
1432 5546 1605 5603 quam
1641 5532 1798 5586 metu
1825 5544 1839 5602 ;

155 5599 418 5686 plusque
449 5602 733 5662 charitate
763 5599 1073 5675 proﬁcere,
1106 5616 1282 5676 quam
1303 5599 1637 5677 formidine,
1668 5626 1689 5654 η
1717 5599 1830 5664 etc;

667 5709 926 5774 ΡΑτιιοιι.
966 5707 1122 5775 XVI.

1031 4693 1192 4732 num.
1243 4677 1332 4746 12,
1387 4693 1538 4730 usus
1580 4682 1670 4731 est
1703 4683 1846 4732 Am-

2031 4461 2083 4516 8.
2119 4459 2496 4515 Multavimus
2529 4474 2672 4530 ergo
2707 4459 3086 4529 creditorem,
3128 4475 3247 4515 non
3279 4462 3580 4516 evasimus
3611 4478 3627 4534 ;

2033 4604 2143 4673 (‘28)
2178 4603 2347 4669 Ibid.,
2387 4624 2408 4647 α
2462 4599 2781 4673 gratiarum
2823 4599 2881 4653 in
2917 4617 3026 4656 nos
3059 4601 3257 4657 ofﬁcia
3288 4603 3627 4673 despende-

1960 4671 2203 4739 remus;
2241 4696 2262 4721 ι
2299 4674 2448 4727 forte
2474 4671 2960 4740 rependeremus.

2031 4745 2143 4816 (:29)
2176 4746 2257 4798 Ita
2291 4744 2479 4797 codex
2509 4747 2971 4816 manuexaratus
3008 4759 3019 4798 :
3057 4745 3302 4799 atRom.
3337 4746 3629 4801 edit.hacc

1958 4813 2180 4890 tantum
2224 4813 2987 4890 habet;m«providentior.
3047 4818 3305 4887 Augusti
3373 4834 3627 4890 namque

1957 4887 2134 4942 animi
2166 4890 2276 4954 est,
2309 4890 2371 4939 ut
2414 4885 2646 4953 illiciat,
2688 4900 2805 4937 non
2835 4889 3030 4940 autem
3078 4885 3440 4957 promoveat.
3489 4885 3626 4947 Ideo

2001 4975 2092 5012 ue.
2132 4982 2153 5006 η
2191 4962 2302 5011 etc.

1958 4976 2473 5096 qutgll)”lfil'z:mittit
2503 5026 2638 5081 edit.
2678 5026 2869 5096 Rom.,
2907 5050 2927 5076 «
2967 5027 3144 5083 Erant
3177 5031 3291 5086 duo
3324 5032 3626 5088 debitores

1959 5102 2188 5156 cuidam
2222 5099 2577 5166 fceneratori,
2619 5122 2639 5145 ιι
2675 5099 2831 5169 quod
2862 5101 2919 5152 in
2959 5102 3163 5156 codice
3191 5104 3338 5174 Reg.
3376 5109 3627 5174 praeter-

1957 5174 2220 5227 mittitur.

2028 5245 2139 5313 (8t)
2176 5242 2399 5316 t_tcgius
2431 5241 2638 5316 codex,
2677 5264 2698 5286 υ
2738 5245 2942 5316 egravi
2975 5244 3270 5316 obligatos
3308 5262 3426 5300 acre
3457 5246 3626 5300 fune.

1955 5330 2086 5381 reo;
2126 5338 2146 5360 η
2186 5314 2332 5368 forte
2365 5314 2576 5368 melius
2610 5313 2797 5384 legas,
2832 5313 3118 5370 foenereol

2029 5387 2140 5455 (32)
2176 5387 2343 5440 Rom.
2367 5386 2526 5454 edit.,
2563 5409 2584 5432 «ι
2631 5387 2884 5441 obnoxia
2919 5387 3276 5454 hmreditas;
3316 5409 3336 5434 ιι
3375 5403 3490 5440 non
3528 5401 3628 5440 sa-

1957 5458 2033 5512 tis
2065 5461 2223 5512 recte
2258 5474 2268 5511 :
2306 5460 2363 5510 at
2395 5473 2604 5529 rursus
2629 5458 2786 5529 quod
2817 5458 2963 5529 legit
2983 5457 3304 5529 obaeratus,
3338 5458 3437 5511 ubi
3470 5457 3627 5510 scri-

1959 5533 2094 5604 ptus
2129 5529 2318 5587 codex
2347 5527 2586 5605 praefert
2618 5527 2914 5608 operatus,
2940 5528 3346 5602 anteponenda
3380 5532 3489 5583 est.

3189 5703 3279 5772 8'1.
