3978 6168
431 296 592 362 1163

1854 294 1923 363 S.
1954 290 2400 359 AMBROSII.

3638 301 3772 368 1164

426 495 547 552 imo
585 494 912 565 evasimus,
942 496 1138 550 manet
1180 495 1336 551 enim
1371 494 1653 565 debitum,
1687 494 1887 551 foenus
1925 495 2100 550 inter-
2124 475 2184 538 Α
2213 495 2412 550 cibum
2432 494 2662 549 nostris
2683 492 2955 549 infudere
2974 493 3335 566 pectoribus;
3353 495 3637 569 meritoque
3652 500 3774 555 scri-

428 585 589 655 cidit,
631 586 863 640 dicente
904 583 1154 640 Domino
1175 584 1324 639 Jesu
1359 600 1372 640 :
1406 583 1516 650 Qui
1535 585 1595 639 in
1626 584 1879 639 vinculis
1917 589 2092 640 sunt:

426 673 622 743 Exite,
656 678 713 729 et
743 674 839 728 his
869 674 969 746 qui
1019 673 1078 727 in
1121 689 1365 729 carcere
1396 677 1534 728 sunt
1566 690 1577 727 :
1611 674 1923 729 Procedite
1952 674 2093 744 (Isa.

420 763 718 834 xux,9).;
773 783 795 813 ιο
839 762 1087 817 dimissa
1135 767 1293 832 sunt,
1343 779 1490 836 ergo
1568 767 1809 833 peccata
1863 766 2090 818 nostra.

420 852 711 907 Omnibus
739 852 927 925 igitur
956 852 1196 921 dimisit,
1229 866 1338 907 nec
1360 852 1675 924 quisquam
1706 856 1818 921 est,
1852 853 1949 907 cui
1974 867 2093 907 non

416 941 722 997 relaxarit.
773 941 871 996 Sic
926 942 1082 996 enim
1141 942 1428 1012 scriptum
1483 945 1614 1012 est,
1670 941 1806 1013 quia
1854 941 2091 996 donavit

420 1052 444 1079 ιι
480 1031 675 1086 omnia
723 1030 953 1100 delicta,
1005 1030 1212 1085 delens
1261 1030 1419 1101 quod
1469 1031 1790 1085 adversum
1820 1046 1931 1085 nos
1963 1034 2090 1085 erat

413 1118 885 1191 chirographum
929 1119 1152 1173 decreti
1197 1118 1541 1189 (001058.11,
1594 1118 1683 1189 13,
1736 1118 1847 1189 14).
1905 1142 1928 1168 υ
1963 1118 2088 1174 Cur

411 1225 524 1265 nos
557 1209 809 1263 aliorum
838 1210 1110 1264 tenemus
1132 1207 1553 1280 chirographa,
1578 1213 1636 1264 et
1655 1209 1932 1264 volumus
1955 1209 2087 1263 exi-

409 1313 560 1371 gere
591 1298 809 1366 aliena,
862 1297 964 1369 qui
1006 1300 1354 1352 nostrorum
1401 1297 1626 1352 utimur
1676 1297 2087 1370 indulgentia?

292 1429 298 1435 .
409 1385 523 1453 Qui
561 1386 803 1443 donavit
848 1386 1147 1456 omnibus,
1180 1386 1253 1442 ab
1286 1386 1565 1441 omnibus
1596 1386 1801 1459 exigit,
1835 1390 1898 1440 ut
1925 1386 2084 1457 quod

410 1475 830 1547 unusquisque
860 1474 979 1531 sibi
1024 1474 1343 1531 dimissum
1376 1475 1660 1547 meminit,
1692 1475 1792 1530 alii
1830 1475 1961 1546 ipse
1990 1475 2083 1529 di-

410 1564 619 1620 mittat.

479 1653 535 1710 9.
569 1653 718 1709 Vide
755 1669 830 1710 ne
877 1654 1223 1727 graviorem
1271 1670 1514 1709 causam
1562 1654 1813 1725 incipias
1862 1651 2084 1709 habere

410 1744 756 1813 fmusrator,
790 1759 970 1815 quam
996 1743 1229 1799 debitor
1262 1759 1276 1799 :
1311 1743 1469 1798 sicut
1497 1743 1597 1798 ille
1626 1743 1686 1797 in
1732 1742 2078 1816 Evangelia,
2112 1745 2165 1808 B

409 1832 508 1887 cui
535 1832 812 1888 dominus
843 1847 993 1887 suus
1023 1831 1248 1887 dimisit
1277 1847 1452 1889 omne
1483 1831 1768 1902 debitum,
1802 1832 1900 1887 ille
1942 1848 2082 1902 pos-

408 1925 505 1977 tea
533 1938 568 1976 a
605 1936 901 1977 conservo
931 1936 1043 1977 suo
1078 1920 1254 1992 cmpit
1293 1920 1563 1992 exigere,
1596 1921 1756 1991 quod
1804 1921 1934 1991 ipse
1964 1936 2083 1978 non

409 1993 704 2064 solverat;
738 1994 894 2049 unde
932 1993 1121 2048 iratus
1152 1990 1428 2048 dominus
1457 1990 1593 2064 ejus
1614 1990 1696 2047 de
1744 1990 1878 2062 ipso
1910 2008 2083 2048 sum-

405 2082 524 2136 mis
562 2081 763 2155 exegit
806 2080 1070 2154 injuriis,
1122 2081 1283 2153 quod
1320 2080 1435 2152 (33)
1484 2081 1538 2136 ei
1585 2083 1719 2137 ante
1760 2081 2086 2138 donaverat

408 2171 651 2242 (Matth.
682 2187 848 2240 xviii,
880 2170 1092 2241 27-84).
1123 2169 1454 2226 Caveamus
1485 2185 1635 2242 ergo
1652 2185 1727 2225 ne
1757 2170 1934 2226 nobis
1970 2170 2084 2227 hoc

407 2260 659 2331 accidat,
712 2263 776 2315 ut
821 2275 939 2316 non
980 2259 1333 2315 remittendo
1379 2275 1514 2331 qua
1561 2260 1736 2315 nobis
1766 2260 2078 2331 debentur,

407 2350 764 2420 incipiamus
794 2353 851 2406 et
874 2350 974 2404 illa
1004 2349 1244 2405 solvere
1267 2364 1401 2420 qum
1424 2348 1685 2404 remissa
1706 2351 1846 2404 sunt
1874 2349 2081 2420 nobis;

404 2440 489 2509 ita
517 2440 674 2495 enim
696 2440 987 2511 scriptum
1017 2442 1130 2509 est,
1155 2439 1387 2494 dicente
1416 2438 1666 2494 Domino
1698 2439 1847 2494 Jesu
1878 2454 1890 2495 :
1932 2461 1954 2487 α
1981 2437 2081 2494 Sic

407 2534 465 2586 et
494 2530 672 2586 vobis
705 2528 881 2584 faciet
911 2528 1090 2584 Pater
1119 2544 1311 2600 meus,
1336 2528 1437 2600 qui
1458 2528 1518 2582 in
1546 2528 1715 2583 oculis
1743 2533 1857 2599 est,
1890 2530 1942 2584 si
1963 2532 2082 2586 non

405 2617 1197 2690 remiseritisQunusquisque
1218 2617 1386 2673 fratri
1408 2633 1518 2673 suo
1539 2617 1612 2673 de
1641 2618 1924 2674 cordibus
1946 2635 2081 2675 ves-

405 2710 522 2765 tris
561 2707 741 2780 (Ibid.
770 2706 883 2770 35).
920 2730 943 2757 ιι
997 2706 1373 2762 Dimittamus
1420 2722 1570 2780 ergo
1618 2724 1827 2778 pauca,
1861 2709 2081 2780 quibus

403 2798 577 2869 plura
606 2797 819 2853 donata
857 2800 1035 2852 sunt:
1071 2800 1127 2853 et
1156 2796 1558 2869 intelligamus
1590 2811 1660 2853 eo
1691 2812 1801 2854 nos
1831 2798 1954 2853 Deo
1986 2814 2081 2854 ac-

404 2887 705 2958 ceptiores
735 2885 886 2955 fore,
910 2901 1026 2957 quo
1066 2886 1241 2941 etiam
1267 2886 1440 2957 plura
1462 2886 1785 2959 donamus;
1807 2887 1945 2959 quia
1965 2887 2080 2944 hoc

402 2976 708 3050 gratiores
747 2975 869 3031 Deo
893 2991 1125 3046 sumus,
1161 2992 1277 3048 quo
1317 2976 1493 3031 nobis
1524 2976 1779 3032 dimissa
1811 2980 1968 3032 sunt.

475 3065 564 3122 10.
600 3065 868 3137 Denique
896 3065 1304 3138 interrogatus
1327 3081 1360 3119 a
1381 3065 1631 3122 Domino
1652 3066 2074 3123 Phariseesus:

406 3176 431 3209 ι
470 3154 636 3227 Quis,
671 3155 882 3227 inquit,
918 3170 1054 3210 eum
1073 3154 1210 3226 plus
1232 3153 1471 3227 diligit?
1505 3179 1528 3204 π
1554 3155 1863 3226 respondit
1894 3171 1907 3211 :
1933 3156 2078 3210 {Es-

400 3245 546 3303 timo
567 3245 706 3319 quia
732 3245 788 3300 is
817 3244 913 3300 cui
943 3244 1080 3315 plus
1113 3244 1374 3300 donavit.
1405 3268 1427 3293 ι
1454 3242 1561 3299 Cui
1583 3244 1869 3299 Dominus
1892 3244 2074 3303 dixit:

405 3358 431 3385 α
466 3337 651 3392 Recte
675 3334 962 3407 judicasti
985 3332 1265 3405 (Luc.vu,
1289 3332 1381 3406 42,
1404 3330 1517 3394 43).
1547 3354 1570 3383 ι
1598 3333 1899 3388 Laudatur
1927 3333 2077 3389 Pha-

401 3425 571 3483 risaei
594 3424 910 3497 judicium,
935 3424 1047 3481 sed
1068 3424 1338 3496 arguitur
1360 3422 1628 3479 affectus.
1654 3423 1739 3479 De
1770 3422 1905 3479 aliis
1925 3423 2078 3479 bene

393 3515 627 3589 judicat
676 3530 689 3570 :
726 3514 837 3570 sed
867 3513 1028 3586 quod
1057 3513 1130 3569 de
1158 3512 1293 3568 aliis
1313 3512 1607 3584 opinatur,
1641 3512 1773 3583 ipse
1804 3528 1924 3568 non
1954 3527 2080 3568 cre-

400 3604 506 3663 dit.
556 3604 748 3661 Audis
790 3602 1127 3679 laudantem
1163 3601 1438 3658 Judaeum
1476 3600 1767 3658 Ecclesiee
1807 3601 2076 3672 discipli-

401 3711 560 3766 nam,
593 3693 850 3768 ejusque
880 3707 1086 3748 veram
1127 3692 1382 3764 gratiam
1418 3690 1863 3761 praadicantem,
1897 3690 2077 3747 hono-

400 3788 632 3839 rantem
663 3781 1012 3838 sacerdotes
1041 3779 1373 3850 Ecclesia);
1426 3780 1688 3835 hortaris
1737 3784 1800 3836 ut
1847 3780 2072 3850 credat,

402 3871 603 3927 renuit
633 3887 646 3927 :
681 3871 762 3925 ita
791 3870 953 3942 quod
983 3869 1042 3923 in
1073 3869 1249 3924 nobis
1273 3868 1381 3939 (34)
1413 3868 1630 3939 laudat,
1665 3869 1795 3939 ipse
1823 3884 1941 3924 non
1980 3884 2073 3924 se-

400 3960 625 4032 quitur.
658 3958 794 4016 Non
821 3974 969 4032 ergo
998 3959 1173 4030 plena
1200 3957 1336 4030 ejus
1365 3958 1622 4014 laudatio
1654 3962 1769 4029 est,
1803 3958 1943 4030 quia
1973 3974 2073 4013 au-

402 4048 551 4105 divit
580 4065 614 4103 a
649 4046 890 4117 Christo
925 4064 989 4104 τι.
1042 4048 1227 4102 Recte
1268 4046 1594 4118 judicasti;
1644 4063 1782 4102 nam
1827 4051 1886 4103 et
1931 4048 2074 4103 Cain

2211 589 2373 655 ptum
2404 588 2496 639 est
2529 600 2543 639 :
2577 606 2601 633 α
2637 582 2804 639 Oculi
2851 582 2988 655 ejus
3036 582 3252 639 hilares
3286 601 3319 638 a
3356 585 3497 655 vino,
3526 588 3578 640 et
3606 586 3774 643 dentes

2211 674 2588 728 candidiores
2620 673 2771 727 lacte
2802 671 2972 737 (Gen.
3014 687 3166 742 xux,
3198 672 3303 740 12).
3328 695 3349 721 ιι
3372 673 3503 729 Sunt
3535 678 3586 729 et
3608 690 3777 732 manus

2209 762 2345 834 ejus
2358 762 2462 832 illi,
2487 763 2588 834 qui
2599 762 2874 817 videntur
2890 766 3274 817 exsecutores
3285 763 3548 817 bonorum
3563 779 3776 833 operum.

2207 851 2355 908 Sunt
2373 855 2430 907 et
2458 854 2667 907 venter
2698 850 2833 924 ejus
2872 852 2973 922 qui
2993 851 3157 905 vires
3187 852 3457 907 alimoniae
3482 852 3779 922 pauperibus

2206 941 2559 1013 largiuntur.
2585 941 2733 995 Sunt
2775 956 2924 1013 ergo
2956 945 3012 996 et
3041 940 3225 1010 pedes
3255 940 3381 1012 ejus
3411 941 3572 1012 aliqui
3601 957 3613 996 :
3647 946 3780 1013 atque

2205 1030 2427 1085 utinam
2456 1045 2693 1086 merear
2712 1029 2848 1102 ejus
2870 1045 3012 1084 esse
3032 1029 3364 1084 calcaneum
3387 1028 3399 1084 l
3422 1030 3624 1100 Aquam
3642 1030 3783 1102 igitur

2202 1119 2375 1174 mittit
2404 1120 2466 1173 in
2495 1119 2680 1190 pedes
2709 1118 2955 1189 Christi,
2998 1119 3100 1191 qui
3137 1119 3311 1174 etiam
3346 1118 3553 1173 ultimis
3586 1119 3784 1190 quibus-

2202 1224 2316 1280 que
2362 1212 2607 1279 peccata
2655 1208 2978 1280 concedit;
3027 1212 3085 1263 et
3132 1208 3273 1263 dum
3314 1207 3562 1278 plebeios
3600 1207 3783 1278 liberat,

2199 1296 2429 1352 Christi
2459 1302 2656 1354 tamen
2684 1298 2841 1354 lavat
2878 1297 3220 1369 vestigium.

2272 1423 2360 1479 12.
2400 1422 2577 1479 Mittit
2629 1426 2687 1479 et
2735 1423 2834 1479 ille
2873 1439 3085 1495 aquam
3131 1421 3191 1477 in
3238 1420 3415 1494 pedes
3449 1420 3681 1490 Christi,
3714 1421 3788 1492 qui

2202 1528 2235 1567 a
2291 1516 2676 1583 peccatorum
2743 1512 3079 1568 colluvione
3137 1510 3376 1566 mundat
3435 1509 3788 1565 conscientiam

2200 1617 2410 1673 suam;
2452 1601 2712 1658 ambulat
2748 1601 2904 1657 enim
2941 1599 3224 1656 Christus
3260 1600 3320 1655 in
3355 1598 3670 1670 pectoribus
3701 1598 3789 1653 sin-

2198 1690 2496 1764 gulorum.
2536 1689 2693 1746 Cave
2727 1689 2912 1762 igitur
2948 1705 3023 1745 ne
3078 1688 3358 1763 pollutam
3407 1688 3613 1744 habeas
3653 1702 3790 1743 cons-

2199 1780 2473 1836 cientiam
2498 1822 2513 1852 ,
2546 1783 2604 1836 et
2627 1779 2813 1851 pedes
2832 1778 3060 1835 Christi
3078 1778 3329 1849 incipias
3350 1777 3656 1850 inquinare.
3675 1774 3791 1830 Cave

2199 1885 2274 1925 ne
2322 1870 2556 1942 spinam
2603 1869 2663 1925 in
2707 1872 2770 1925 te
2809 1867 3207 1940 improbitatis
3245 1865 3529 1939 offendat,
3565 1881 3667 1938 qua
3697 1863 3794 1937 ejus

2199 1959 2259 2015 in
2290 1962 2346 2015 te
2368 1957 2802 2015 deambulantis
2828 1958 3175 2013 calcaneum
3206 1956 3522 2012 saucietur.
3549 1954 3680 2010 Nam
3698 1953 3793 2007 ideo

2200 2064 2413 2120 aquam
2439 2048 2693 2120 pedibus
2731 2046 2954 2103 Christi
2970 2061 3091 2102 non
3111 2046 3274 2102 dedit
3311 2044 3638 2099 Pharisaeus
3672 2041 3793 2115 (Luc.

2200 2155 2281 2194 vn
2305 2179 2320 2209 ,
2359 2136 2473 2209 44),
2514 2137 2652 2210 quia
2688 2135 2973 2192 mundum
3012 2152 3045 2190 a
3084 2135 3418 2192 colluvione
3437 2132 3678 2205 perfidiae
3701 2130 3792 2185 ani-

2199 2242 2358 2282 mum
2397 2242 2518 2282 non
2565 2225 2839 2281 habebat.
2890 2224 3060 2280 Unde
3117 2224 3277 2279 enim
3332 2238 3497 2278 suam
3548 2220 3797 2276 mundaret

2200 2315 2625 2373 conscientiam
2648 2357 2663 2387 ,
2706 2315 2807 2387 qui
2838 2329 3050 2385 aquam
3072 2329 3191 2370 non
3214 2315 3557 2385 susceperat
3591 2308 3799 2366 Christi?

2199 2404 2472 2461 Ecclesia
2511 2408 2707 2459 autem
2746 2407 2803 2459 et
2841 2418 3056 2475 aquam
3094 2403 3312 2472 habet,
3353 2405 3410 2458 et
3446 2401 3712 2472 lacrymas
3727 2396 3797 2450 ha-

2197 2494 2295 2549 bet
2338 2511 2350 2550 :
2393 2510 2606 2566 aquam
2660 2492 3033 2563 baptismatis
3059 2533 3074 2563 ,
3131 2491 3431 2563 lacrymas
3484 2486 3797 2561 pmnitentiaa.

2198 2583 2377 2639 Fides
2415 2569 2689 2655 namque,
2731 2597 2865 2654 qum
2923 2580 3247 2652 superiora
3284 2583 3521 2652 peccata
3555 2576 3798 2649 deplorat,

2197 2688 2351 2728 nova
2400 2687 2614 2727 cavere
2657 2671 2987 2727 consuevit.
3033 2669 3197 2743 Ergo
3237 2669 3440 2726 Simon
3476 2667 3800 2731 Pharismus,

2197 2762 2299 2834 qui
2351 2777 2563 2834 aquam
2600 2776 2718 2816 non
2757 2760 3048 2832 habebat,
3088 2760 3298 2832 utique
3329 2763 3387 2815 et
3422 2758 3695 2828 lacrymas
3717 2768 3803 2809 non

2110 2864 2162 2926 ο
2196 2850 2471 2907 habebat.
2522 2849 2828 2916 Quomodo
2877 2849 3033 2905 enim
3081 2848 3336 2904 haberet
3382 2847 3695 2918 lacrymas,
3734 2840 3806 2914 qui

2193 2940 2600 3013 pcenitentiam
2638 2939 2927 3012 gerebat;
2968 2938 3255 3010 quoniam
3304 2953 3448 2992 vero
3502 2951 3610 2991 non
3644 2931 3808 2989 crede.

2192 3029 2292 3086 bat
2330 3030 2390 3084 in
2427 3028 2732 3085 Christum
2757 3070 2772 3099 ,
2814 3043 2926 3083 nec
2956 3027 3213 3083 habebat
3243 3027 3587 3099 lacrymas?
3621 3023 3748 3079 Nam
3769 3019 3807 3073 si

2194 3118 2547 3188 habuisset,
2588 3118 2840 3174 lavisset
2872 3117 3081 3174 oculos
3121 3132 3274 3173 suos
3299 3158 3314 3187 ,
3356 3120 3419 3171 ut
3456 3114 3729 3171 Christum
3749 3109 3807 3162 vi-

2193 3208 2361 3264 deret
2400 3224 2577 3281 quem
2617 3207 2808 3263 adhuc
2832 3248 2848 3276 ,
2891 3222 3026 3262 cum
3067 3207 3249 3262 simul
3291 3204 3688 3272 accumberet,
3721 3213 3808 3255 non

2192 3297 2448 3354 videbat.
2491 3296 2643 3353 Nam
2682 3298 2737 3352 si
2773 3297 3046 3367 vidisset,
3082 3311 3202 3353 non
3238 3297 3449 3369 utique
3486 3295 3557 3351 de
3592 3292 3711 3365 ejus
3732 3303 3806 3361 p0-

2191 3390 2402 3443 testate
2432 3386 2790 3443 dubitasset.

2262 3493 2350 3550 13.
2383 3494 2517 3551 Νοιι
2547 3494 2804 3550 habebat
2835 3492 3084 3565 capillos
3118 3492 3492 3563 Pharisaeus,
3532 3490 3629 3563 qui
3661 3487 3809 3544 Naxa-
3922 3504 3923 3571 ζ

2190 3599 2379 3640 ιιωιιιιι
2425 3584 2584 3640 scire
2640 3600 2759 3640 non
2805 3587 3038 3655 poterat
3071 3600 3084 3641 :
3121 3582 3383 3640 habebat
3410 3580 3684 3647 Ecclesia,
3710 3588 3811 3648 quia

2198 3672 2584 3730 Nazareeum
2612 3673 2925 3745 quaerebat
2955 3673 3092 3745 (35).
3125 3672 3340 3743 Capilli
3370 3672 3551 3728 veluti
3577 3671 3634 3725 in
3659 3678 3806 3736 super

2197 3762 2334 3818 fluis
2373 3763 2650 3834 corporis
2679 3763 3079 3833 mstimantur;
3103 3761 3284 3817 iidem
3311 3766 3509 3817 tamen
3539 3758 3590 3814 si
3619 3767 3806 3828 ungun-

2190 3855 2307 3922 tur,
2340 3852 2564 3908 bonum
2612 3852 2871 3908 reddunt
2915 3852 3159 3907 odorem
3183 3893 3199 3922 ,
3233 3856 3293 3907 et
3331 3853 3666 3907 ornamento
3706 3844 3812 3899 sunt

2186 3942 2362 4013 capiti
2393 3957 2407 3997 :
2447 3942 2501 3996 si
2532 3958 2652 3998 non
2681 3945 2984 4014 ungantur
3013 3940 3165 4010 oleo,
3198 3941 3557 4014 ingravant;
3585 3939 3659 3993 ita
3683 3936 3732 3991 et
3751 3929 3811 3985 dio

2186 4030 2345 4086 vitim
2384 4031 2553 4087 oneri
2587 4033 2746 4101 sunt,
2781 4031 2834 4086 si
2866 4031 2962 4087 his
2993 4030 3079 4086 uti
3111 4030 3378 4099 nescias,
3415 4029 3470 4085 si
3498 4044 3612 4085 non
3639 4036 3809 4096 asper-

399 4141 565 4203 recte
594 4112 822 4208 obtulit,
858 4137 966 4192 sed
995 4150 1115 4191 non
1144 4110 1307 4190 recte
1354 4136 1558 4191 divisit
1646 4136 1898 4209 ideoque
1928 4137 2075 4192 dixit
2100 4135 2154 4198 D
2186 4136 2298 4192 8³8
2329 4120 2406 4175 iis
2436 4120 2662 4176 Christi
2689 4121 2955 4209 Odorem-
2987 4119 3050 4176 Si
3079 4134 3225 4176 νθΐο
3256 4119 3388 4209 8189
3416 4130 3716 4209 ΡαυΡθῑξθεν
3739 4110 3808 4209 ξας

400 4229 488 4285 illi
524 4229 687 4284 Deus
721 4242 736 4283 :
763 4248 785 4277 ιι
823 4226 887 4283 Si
916 4229 1080 4282 recte
1104 4224 1347 4296 eii‘eras,
1380 4240 1497 4280 non
1528 4228 1690 4281 recte
1712 4229 1906 4282 autem
1926 4226 2072 4282 divi-

399 4319 511 4375 das
544 4334 558 4375 :
591 4316 874 4389 peccasti,
908 4315 1153 4388 quiesce
1182 4313 1353 4377 (Gen.
1387 4331 1467 4385 iv,
1499 4314 1575 4379 ’7).
1612 4336 1633 4365 ι
1669 4313 1833 4388 Ergo
1867 4320 1925 4372 et
1971 4316 2069 4372 hic

397 4413 563 4466 recte
595 4408 741 4473 959
772 4406 1000 4475 obtulit,
1050 4405 1184 4477 quia
1211 4403 1441 4476 judicat
1458 4402 1762 4459 Christum
1793 4421 1828 4460 a
1864 4403 2070 4460 Chris-

396 4499 577 4555 tianis
606 4497 861 4570 amplius
890 4496 1276 4568 diligendum,
1309 4494 1447 4567 quia
1493 4494 1676 4549 multa
1705 4494 1882 4550 nobis
1925 4510 2069 4565 pec-

399 4592 532 4644 cata
574 4588 815 4644 donavit
846 4603 861 4643 ς
907 4585 1017 4641 sed
1061 4601 1181 4642 non
1221 4587 1384 4640 recte
1416 4583 1638 4652 divisit,
1673 4584 1810 4655 quia
1846 4585 2071 4655 putavit

399 4677 559 4747 quod
589 4681 831 4747 peccata
862 4675 1167 4732 hominum
1194 4678 1402 4746 posset
1429 4674 1729 4746 ignorare,
1752 4673 1854 4745 qui
1883 4672 2068 4729 homi-

397 4764 577 4819 nibus
605 4769 848 4835 peccata
876 4766 1215 4820 dimitteret.

472 4853 560 4907 11.
594 4852 852 4925 Ideoque
875 4855 953 4908 ait
984 4854 1209 4911 Simoni
1243 4870 1256 4909 :
1294 4878 1316 4901 ιι
1341 4854 1525 4909 Vides
1548 4853 1698 4908 hanc
1719 4851 2070 4909 mulierem?

397 4939 622 4997 Intravi
650 4941 710 4995 in
738 4942 978 4997 domum
1007 4945 1185 5013 tuam,
1219 4959 1451 5015 aquam,
1485 4942 1740 5013 pedibus
1771 4943 1921 4997 meis
1950 4958 2066 4998 non

397 5028 615 5087 dedisti
635 5044 647 5084 :
672 5029 801 5084 haec
820 5033 1013 5084 autem
1026 5031 1306 5103 lacrymis
1321 5033 1451 5087 suis
1464 5031 1877 5104 rigavitpedes
1896 5047 2065 5088 meos

396 5117 561 5184 (Luc.
583 5135 686 5189 vn,
716 5117 806 5183 44)
842 5137 866 5166 ι
890 5117 1108 5174 Omnes
1127 5136 1309 5174 unum
1332 5137 1553 5192 corpus
1575 5120 1800 5177 Christi
1830 5132 2061 5191 sumus,

398 5210 495 5267 cui
524 5212 701 5280 caput
732 5207 912 5277 Deus,
943 5208 1212 5263 membra
1249 5214 1443 5264 autem
1471 5225 1583 5265 nos
1616 5226 1825 5266 sumus
1844 5210 1896 5279 (1
1924 5210 2061 5266 Cor.

394 5315 519 5371 xu,
560 5296 648 5360 12)
691 5315 704 5354 :
747 5296 845 5352 alii
888 5295 1150 5351 fortasse
1189 5297 1345 5351 oculi
1369 5339 1384 5367 ,
1425 5302 1487 5353 ut
1525 5300 1831 5371 prophetae
1877 5316 1889 5356 :
1924 5300 2062 5356 den-

395 5393 489 5447 tes
513 5430 529 5461 ,
577 5390 642 5445 ut
690 5384 983 5459 apostoli,
1042 5385 1144 5457 qui
1202 5386 1564 5460 evangelicae
1619 5389 2062 5459 praedicationis

468 5532 577 5601 (33)
618 5530 839 5605 Eadem
886 5527 1049 5600 edit.,
1079 5550 1119 5605 _«
1169 5542 1345 5605 omne
1390 5528 1685 5605 debitum._
1722 5529 1873 5605 Nam
1925 5534 2063 5605 quia

394 5599 562 5663 ille...
596 5620 713 5661 non
743 5602 1023 5672 solverat,
1071 5600 1264 5675 iratus
1314 5600 1589 5655 dominus
1630 5599 1765 5675 ejus
1816 5602 1888 5675 de
1926 5599 2060 5675 ipso

394 5677 603 5749 exigit,
641 5675 819 5759 quod,
862 5696 884 5725 ι
906 5678 1030 5758 εις.
1062 5672 1180 5730 Sed
1207 5687 1325 5755 non
1355 5675 1483 5759 erat
1528 5686 1638 5759 cur
1676 5672 2063 5759 jugularetur

399 5771 422 5797 ιι
459 5743 712 5830 summis
735 5743 1009 5830 injuriis;
1041 5765 1069 5798 »
1093 5744 1379 5830 nam
1400 5758 1518 5830 non
1541 5743 1729 5830 semel
1759 5743 2060 5830 adnotavi-

394 5788 1379 5899 mﬁé‘ﬁi‘iéﬁﬁﬁ‘a‘éﬁbﬁr‘é'éid‘ﬁ‘
1398 5788 1729 5881 ῖόἔιιῖθίἰῖῖ
1741 5788 2059 5907 οῗέἕᾴείῖ-

2185 4224 2295 4265 ves
2325 4224 2531 4266 eorum
2560 4210 2830 4280 vulnera,
2862 4208 3244 4281 illuviemque
3269 4208 3553 4282 detergas
3578 4222 3593 4278 ;
3622 4196 3813 4261 tersisti

2184 4299 2387 4372 utique
2418 4299 2604 4371 pedes
2633 4297 2880 4356 Christi.

2256 4406 2343 4462 i4.
2382 4428 2405 4455 α
2438 4405 2723 4462 Osculum
2768 4406 2913 4461 mihi
2943 4421 3062 4462 non
3090 4405 3311 4462 dedisti
3345 4422 3361 4463 :
3396 4404 3526 4461 hac
3556 4405 3734 4459 autem
3756 4410 3814 4450 ex
3917 4396 3924 4411 ‘

2183 4511 2300 4567 quo
2329 4495 2565 4566 intravi,
2585 4512 2704 4553 non
2726 4495 2989 4551 cessavit
3010 4496 3275 4551 osculari
3294 4495 3485 4566 pedes
3507 4507 3665 4548 meos
3677 4488 3810 4560 (Luc.

2183 4600 2283 4654 vn,
2304 4584 2417 4657 45).
2440 4608 2463 4634 ιι
2479 4584 2766 4641 Osculum
2788 4585 3242 4657 utiqueinsigne
3264 4588 3361 4640 est
3384 4579 3701 4639 charitatis.
3718 4574 3813 4631 Un-

2183 4673 2255 4729 de
2269 4690 2413 4747 ergo
2436 4674 2645 4730 Judzso
2667 4674 2959 4744 osculum,
2993 4675 3093 4746 qui
3114 4690 3323 4746 pacem
3344 4690 3462 4729 non
3482 4662 3811 4742 recognovit,

2183 4764 2283 4835 qui
2311 4780 2519 4835 pacem
2550 4781 2583 4819 a
2612 4763 2855 4820 Christo
2885 4780 3003 4819 non
3033 4764 3259 4833 accepit
3288 4763 3522 4818 dicente
3546 4780 3564 4816 .-
3588 4782 3609 4811 ι
3631 4758 3813 4813 Pacem

2180 4868 2370 4908 meam
2389 4854 2464 4909 do
2486 4853 2681 4923 vobis,
2703 4869 2912 4925 pacem
2942 4868 3135 4908 meam
3154 4852 3432 4924 relinquo
3463 4850 3631 4906 vobis
3649 4845 3809 4917 (Joan.

2179 4943 2436 5015 xiv,2'7)‘?
2457 4943 2590 4999 Non
2624 4943 2801 4998 habet
2834 4942 3152 5016 Synagoga
3191 4942 3501 5010 osculum;
3523 4937 3687 4993 habet
3714 4929 3808 4986 Ec-

2179 5031 2383 5103 clesia,
2420 5031 2565 5096 960
2596 5048 2730 5104 quas
2762 5033 3151 5104 exspectavit,
3188 5047 3323 5103 quae
3354 5029 3576 5096 dilexit,
3606 5038 3728 5097 qum
3744 5018 3810 5074 di-

2177 5120 2263 5176 xit
2288 5137 2301 5177 :
2332 5144 2354 5169 α
2380 5121 2701 5177 Osculetur
2737 5137 2830 5176 me
2850 5121 2923 5176 ab
2965 5120 3158 5176 oculis
3189 5119 3315 5175 oris
3340 5118 3437 5173 sui
3457 5115 3643 5188 (Cant.
3664 5110 3757 5180 1,);
3786 5127 3803 5151 ι

2178 5211 2474 5267 diuturnae
2496 5211 2652 5266 enim
2673 5210 3011 5281 cupiditatis
3045 5210 3340 5279 ardorem,
3355 5221 3529 5279 quem
3552 5202 3806 5258 adventus

2177 5300 2465 5355 Dominici
2488 5299 2930 5371 exspectatione
2951 5298 3311 5369 adoleverat,
3356 5293 3559 5353 osculo
3580 5289 3703 5363 ejus
3720 5298 3802 5338 vo-

2175 5388 2333 5446 lebat
2348 5390 2649 5449 stillanter
2668 5389 3061 5463 exstinguere
3083 5388 3197 5445 hoc
3220 5386 3463 5460 explere
3485 5381 3638 5440 sitim
3659 5386 3806 5433 suam

2177 5534 2670 5607 tussignificare.

2245 5582 2785 5679 (Bittius-abode;
2842 5625 2866 5657 ι
2916 5603 3181 5659 hortaris
3224 5606 3289 5658 ut
3333 5598 3553 5669 credat,
3583 5597 3637 5651 et
3663 5582 3799 5662 quod

2174 5676 2236 5733 in
2260 5676 2460 5747 nobis,
2490 5676 2519 5729 ἰ
2555 5681 2667 5733 etc.

2247 5747 2361 5824 (35)
2394 5733 2564 5807 Ηδωο
2597 5749 2760 5825 edit,
2797 5770 2819 5800 ι
2861 5762 2995 5823 quae
3024 5745 3413 5805 Nasamonum
3442 5733 3740 5821 quarebat.
3768 5747 3791 5781 ν
