  <div class='ocr_page' id='page_1' title='image "/cluster/home/n/w/nwhite01/storage/ocr_20150623/16/hvd.32044096580444/588.png"; bbox 0 0 4070 6180; ppageno 0'>
   <div class='ocr_carea' id='block_1_1' title="bbox 284 295 441 358">
    <p class='ocr_par' dir='ltr' id='par_1_1' title="bbox 284 295 441 358">
     <span class='ocr_line' id='line_1_1' title="bbox 284 295 441 358; baseline 0 0"><span class='ocrx_word' id='word_1_1' title='bbox 284 295 441 358; x_wconf 83' lang='grc'>1165</span> 
     </span>
    </p>
   </div>
   <div class='ocr_carea' id='block_1_2' title="bbox 1455 287 2550 356">
    <p class='ocr_par' dir='ltr' id='par_1_2' title="bbox 1455 287 2550 356">
     <span class='ocr_line' id='line_1_2' title="bbox 1455 287 2550 356; baseline 0 -2"><span class='ocrx_word' id='word_1_2' title='bbox 1455 287 2074 356; x_wconf 87' lang='lat' dir='ltr'>EPISTOLARUM</span> <span class='ocrx_word' id='word_1_3' title='bbox 2119 290 2462 355; x_wconf 84' lang='lat' dir='ltr'>CLASSIS</span> <span class='ocrx_word' id='word_1_4' title='bbox 2502 293 2550 354; x_wconf 92' lang='grc' dir='ltr'>Ι.</span> 
     </span>
    </p>
   </div>
   <div class='ocr_carea' id='block_1_3' title="bbox 3582 286 3742 354">
    <p class='ocr_par' dir='ltr' id='par_1_3' title="bbox 3582 286 3742 354">
     <span class='ocr_line' id='line_1_3' title="bbox 3582 286 3742 354; baseline 0.013 -2"><span class='ocrx_word' id='word_1_5' title='bbox 3582 286 3742 354; x_wconf 89' lang='grc'>1166</span> 
     </span>
    </p>
   </div>
   <div class='ocr_carea' id='block_1_4' title="bbox 289 475 3742 566">
    <p class='ocr_par' dir='ltr' id='par_1_4' title="bbox 289 475 3742 566">
     <span class='ocr_line' id='line_1_4' title="bbox 289 475 3742 566; baseline -0.001 -16"><span class='ocrx_word' id='word_1_6' title='bbox 289 509 552 550; x_wconf 88' lang='lat' dir='ltr'>munere.</span> <span class='ocrx_word' id='word_1_7' title='bbox 603 493 862 566; x_wconf 86' lang='lat' dir='ltr'>Ideoque</span> <span class='ocrx_word' id='word_1_8' title='bbox 903 495 1149 549; x_wconf 85' lang='lat' dir='ltr'>sanctus</span> <span class='ocrx_word' id='word_1_9' title='bbox 1179 493 1470 564; x_wconf 80' lang='lat' dir='ltr'>Propheta</span> <span class='ocrx_word' id='word_1_10' title='bbox 1501 493 1581 547; x_wconf 89' lang='lat' dir='ltr'>ait</span> <span class='ocrx_word' id='word_1_11' title='bbox 1611 508 1624 548; x_wconf 89' lang='lat'><strong>:</strong></span> <span class='ocrx_word' id='word_1_12' title='bbox 1666 516 1686 542; x_wconf 76' lang='grc' dir='ltr'>ι</span> <span class='ocrx_word' id='word_1_13' title='bbox 1719 492 1800 548; x_wconf 84' lang='grc'>08</span> <span class='ocrx_word' id='word_1_14' title='bbox 1829 509 1954 549; x_wconf 90' lang='lat' dir='ltr'>me-</span> <span class='ocrx_word' id='word_1_15' title='bbox 1985 475 2043 535; x_wconf 86' lang='grc' dir='ltr'><strong>Α</strong></span> <span class='ocrx_word' id='word_1_16' title='bbox 2153 491 2239 548; x_wconf 87' lang='grc'>19.</span> <span class='ocrx_word' id='word_1_17' title='bbox 2283 493 2409 548; x_wconf 87' lang='lat' dir='ltr'>Nec</span> <span class='ocrx_word' id='word_1_18' title='bbox 2439 492 2630 548; x_wconf 91' lang='lat' dir='ltr'>solum</span> <span class='ocrx_word' id='word_1_19' title='bbox 2663 492 2866 548; x_wconf 77' lang='lat' dir='ltr'>oscula</span> <span class='ocrx_word' id='word_1_20' title='bbox 2896 509 3016 549; x_wconf 91' lang='lat' dir='ltr'>non</span> <span class='ocrx_word' id='word_1_21' title='bbox 3045 493 3240 564; x_wconf 82' lang='lat' dir='ltr'>habet,</span> <span class='ocrx_word' id='word_1_22' title='bbox 3277 493 3382 548; x_wconf 88' lang='lat' dir='ltr'>sed</span> <span class='ocrx_word' id='word_1_23' title='bbox 3407 507 3517 548; x_wconf 89' lang='lat' dir='ltr'>nec</span> <span class='ocrx_word' id='word_1_24' title='bbox 3548 491 3742 548; x_wconf 92' lang='lat' dir='ltr'>oleum</span> 
     </span>
    </p>
   </div>
   <div class='ocr_carea' id='block_1_5' title="bbox 292 582 1953 655">
    <p class='ocr_par' dir='ltr' id='par_1_5' title="bbox 292 582 1953 655">
     <span class='ocr_line' id='line_1_5' title="bbox 292 582 1953 655; baseline -0.001 -15"><span class='ocrx_word' id='word_1_25' title='bbox 292 601 385 641; x_wconf 89' lang='lat' dir='ltr'>um</span> <span class='ocrx_word' id='word_1_26' title='bbox 414 583 674 655; x_wconf 87' lang='lat' dir='ltr'>aperies,</span> <span class='ocrx_word' id='word_1_27' title='bbox 709 585 767 638; x_wconf 91' lang='lat' dir='ltr'>et</span> <span class='ocrx_word' id='word_1_28' title='bbox 795 582 1162 638; x_wconf 89' lang='lat' dir='ltr'>annuntiabit</span> <span class='ocrx_word' id='word_1_29' title='bbox 1190 582 1301 652; x_wconf 84' lang='lat'>(36)</span> <span class='ocrx_word' id='word_1_30' title='bbox 1332 582 1564 637; x_wconf 89' lang='lat' dir='ltr'>laudem</span> <span class='ocrx_word' id='word_1_31' title='bbox 1585 585 1742 636; x_wconf 90' lang='lat' dir='ltr'>tuam</span> <span class='ocrx_word' id='word_1_32' title='bbox 1764 582 1953 652; x_wconf 82' lang='lat' dir='ltr'>(Psal.</span> 
     </span>
    </p>
   </div>
   <div class='ocr_carea' id='block_1_6' title="bbox 297 671 1955 745">
    <p class='ocr_par' dir='ltr' id='par_1_6' title="bbox 297 671 1955 745">
     <span class='ocr_line' id='line_1_6' title="bbox 297 671 1955 745; baseline -0.002 -15"><span class='ocrx_word' id='word_1_33' title='bbox 297 692 345 745; x_wconf 85' lang='lat' dir='ltr'>L,</span> <span class='ocrx_word' id='word_1_34' title='bbox 375 671 486 744; x_wconf 79' lang='lat' dir='ltr'>i7).</span> <span class='ocrx_word' id='word_1_35' title='bbox 523 693 546 724; x_wconf 73' lang='grc' dir='ltr'>ι</span> <span class='ocrx_word' id='word_1_36' title='bbox 579 671 691 739; x_wconf 87' lang='lat' dir='ltr'>Qui</span> <span class='ocrx_word' id='word_1_37' title='bbox 722 688 867 745; x_wconf 91' lang='lat' dir='ltr'>ergo</span> <span class='ocrx_word' id='word_1_38' title='bbox 896 672 1091 727; x_wconf 90' lang='lat' dir='ltr'>laudat</span> <span class='ocrx_word' id='word_1_39' title='bbox 1141 672 1453 726; x_wconf 90' lang='lat' dir='ltr'>Dominum</span> <span class='ocrx_word' id='word_1_40' title='bbox 1499 671 1727 741; x_wconf 80' lang='lat' dir='ltr'>Jesum,</span> <span class='ocrx_word' id='word_1_41' title='bbox 1776 687 1955 727; x_wconf 88' lang='lat' dir='ltr'>oscu-</span> 
     </span>
    </p>
   </div>
   <div class='ocr_carea' id='block_1_7' title="bbox 296 760 1956 834">
    <p class='ocr_par' dir='ltr' id='par_1_7' title="bbox 296 760 1956 834">
     <span class='ocr_line' id='line_1_7' title="bbox 296 760 1956 834; baseline -0.001 -16"><span class='ocrx_word' id='word_1_42' title='bbox 296 765 439 818; x_wconf 88' lang='lat' dir='ltr'>latur</span> <span class='ocrx_word' id='word_1_43' title='bbox 467 777 601 817; x_wconf 90' lang='lat' dir='ltr'>eum</span> <span class='ocrx_word' id='word_1_44' title='bbox 637 778 649 817; x_wconf 92' lang='lat'><strong>:</strong></span> <span class='ocrx_word' id='word_1_45' title='bbox 683 762 786 834; x_wconf 87' lang='lat' dir='ltr'>qui</span> <span class='ocrx_word' id='word_1_46' title='bbox 811 761 1028 832; x_wconf 82' lang='lat' dir='ltr'>laudat,</span> <span class='ocrx_word' id='word_1_47' title='bbox 1063 761 1250 816; x_wconf 79' lang='lat' dir='ltr'>credit</span> <span class='ocrx_word' id='word_1_48' title='bbox 1277 762 1500 832; x_wconf 84' lang='lat' dir='ltr'>utique.</span> <span class='ocrx_word' id='word_1_49' title='bbox 1537 760 1802 833; x_wconf 82' lang='lat' dir='ltr'>Denique</span> <span class='ocrx_word' id='word_1_50' title='bbox 1827 761 1956 832; x_wconf 91' lang='lat' dir='ltr'>ipse</span> 
     </span>
    </p>
   </div>
   <div class='ocr_carea' id='block_1_8' title="bbox 293 849 1956 922">
    <p class='ocr_par' dir='ltr' id='par_1_8' title="bbox 293 849 1956 922">
     <span class='ocr_line' id='line_1_8' title="bbox 293 849 1956 922; baseline -0.001 -16"><span class='ocrx_word' id='word_1_51' title='bbox 293 851 472 906; x_wconf 84' lang='lat' dir='ltr'>David</span> <span class='ocrx_word' id='word_1_52' title='bbox 519 852 644 906; x_wconf 88' lang='lat' dir='ltr'>ait:</span> <span class='ocrx_word' id='word_1_53' title='bbox 682 872 704 901; x_wconf 75' lang='grc' dir='ltr'><strong>α</strong></span> <span class='ocrx_word' id='word_1_54' title='bbox 739 850 996 920; x_wconf 83' lang='lat' dir='ltr'>Credidi,</span> <span class='ocrx_word' id='word_1_55' title='bbox 1046 854 1286 921; x_wconf 81' lang='lat' dir='ltr'>propter</span> <span class='ocrx_word' id='word_1_56' title='bbox 1333 852 1491 922; x_wconf 92' lang='lat' dir='ltr'>quod</span> <span class='ocrx_word' id='word_1_57' title='bbox 1541 849 1776 906; x_wconf 90' lang='lat' dir='ltr'>locutus</span> <span class='ocrx_word' id='word_1_58' title='bbox 1823 866 1956 904; x_wconf 92' lang='lat' dir='ltr'>sum</span> 
     </span>
    </p>
   </div>
   <div class='ocr_carea' id='block_1_9' title="bbox 286 935 1955 1011">
    <p class='ocr_par' dir='ltr' id='par_1_9' title="bbox 286 935 1955 1011">
     <span class='ocr_line' id='line_1_9' title="bbox 286 935 1955 1011; baseline -0.001 -15"><span class='ocrx_word' id='word_1_59' title='bbox 286 939 474 1011; x_wconf 79' lang='lat' dir='ltr'>(Psal.</span> <span class='ocrx_word' id='word_1_60' title='bbox 509 956 646 1010; x_wconf 81' lang='lat' dir='ltr'>cxv,</span> <span class='ocrx_word' id='word_1_61' title='bbox 681 939 802 1011; x_wconf 86' lang='grc'>10);</span> <span class='ocrx_word' id='word_1_62' title='bbox 839 959 862 989; x_wconf 62' lang='grc' dir='ltr'><strong>ν</strong></span> <span class='ocrx_word' id='word_1_63' title='bbox 897 943 954 994; x_wconf 90' lang='lat' dir='ltr'>et</span> <span class='ocrx_word' id='word_1_64' title='bbox 985 955 1166 1010; x_wconf 86' lang='lat' dir='ltr'>supra</span> <span class='ocrx_word' id='word_1_65' title='bbox 1200 957 1212 994; x_wconf 89' lang='lat'><strong>:</strong></span> <span class='ocrx_word' id='word_1_66' title='bbox 1253 962 1274 986; x_wconf 79' lang='grc' dir='ltr'><strong>α</strong></span> <span class='ocrx_word' id='word_1_67' title='bbox 1313 941 1632 1010; x_wconf 78' lang='lat' dir='ltr'>Repleatur</span> <span class='ocrx_word' id='word_1_68' title='bbox 1661 956 1730 994; x_wconf 92' lang='lat' dir='ltr'>os</span> <span class='ocrx_word' id='word_1_69' title='bbox 1761 935 1955 996; x_wconf 89' lang='lat' dir='ltr'>meum</span> 
     </span>
    </p>
   </div>
   <div class='ocr_carea' id='block_1_10' title="bbox 283 1029 1948 1101">
    <p class='ocr_par' dir='ltr' id='par_1_10' title="bbox 283 1029 1948 1101">
     <span class='ocr_line' id='line_1_10' title="bbox 283 1029 1948 1101; baseline -0.001 -16"><span class='ocrx_word' id='word_1_70' title='bbox 283 1029 450 1085; x_wconf 91' lang='lat' dir='ltr'>laude</span> <span class='ocrx_word' id='word_1_71' title='bbox 480 1032 600 1100; x_wconf 89' lang='lat' dir='ltr'>tua,</span> <span class='ocrx_word' id='word_1_72' title='bbox 634 1032 692 1083; x_wconf 91' lang='lat' dir='ltr'>et</span> <span class='ocrx_word' id='word_1_73' title='bbox 719 1031 949 1084; x_wconf 88' lang='lat' dir='ltr'>cantem</span> <span class='ocrx_word' id='word_1_74' title='bbox 979 1029 1231 1101; x_wconf 80' lang='lat' dir='ltr'>gloriam</span> <span class='ocrx_word' id='word_1_75' title='bbox 1261 1033 1420 1084; x_wconf 91' lang='lat' dir='ltr'>tuam</span> <span class='ocrx_word' id='word_1_76' title='bbox 1450 1029 1640 1099; x_wconf 83' lang='lat' dir='ltr'>(Psal.</span> <span class='ocrx_word' id='word_1_77' title='bbox 1666 1047 1803 1100; x_wconf 79' lang='lat' dir='ltr'>Lxx,</span> <span class='ocrx_word' id='word_1_78' title='bbox 1824 1029 1901 1099; x_wconf 92' lang='lat'>8).</span> <span class='ocrx_word' id='word_1_79' title='bbox 1928 1053 1948 1077; x_wconf 77' lang='grc' dir='ltr'><strong><em>η</em></strong></span> 
     </span>
    </p>
   </div>
   <div class='ocr_carea' id='block_1_11' title="bbox 351 1117 1954 1190">
    <p class='ocr_par' dir='ltr' id='par_1_11' title="bbox 351 1117 1954 1190">
     <span class='ocr_line' id='line_1_11' title="bbox 351 1117 1954 1190; baseline 0.001 -17"><span class='ocrx_word' id='word_1_80' title='bbox 351 1119 438 1174; x_wconf 85' lang='grc'>15.</span> <span class='ocrx_word' id='word_1_81' title='bbox 481 1119 566 1173; x_wconf 92' lang='lat' dir='ltr'>De</span> <span class='ocrx_word' id='word_1_82' title='bbox 597 1117 878 1190; x_wconf 86' lang='lat' dir='ltr'>specialis</span> <span class='ocrx_word' id='word_1_83' title='bbox 908 1134 1144 1190; x_wconf 92' lang='lat' dir='ltr'>quoque</span> <span class='ocrx_word' id='word_1_84' title='bbox 1175 1119 1382 1190; x_wconf 61' lang='lat' dir='ltr'>gratia</span> <span class='ocrx_word' id='word_1_85' title='bbox 1412 1118 1713 1174; x_wconf 84' lang='lat' dir='ltr'>infusione</span> <span class='ocrx_word' id='word_1_86' title='bbox 1747 1119 1954 1174; x_wconf 91' lang='lat' dir='ltr'>eadem</span> 
     </span>
    </p>
   </div>
   <div class='ocr_carea' id='block_1_12' title="bbox 283 1207 1954 1281">
    <p class='ocr_par' dir='ltr' id='par_1_12' title="bbox 283 1207 1954 1281">
     <span class='ocr_line' id='line_1_12' title="bbox 283 1207 1954 1281; baseline -0.001 -17"><span class='ocrx_word' id='word_1_87' title='bbox 283 1211 336 1264; x_wconf 89' lang='lat' dir='ltr'>te</span> <span class='ocrx_word' id='word_1_88' title='bbox 362 1207 665 1279; x_wconf 82' lang='lat' dir='ltr'>Scriptura</span> <span class='ocrx_word' id='word_1_89' title='bbox 695 1207 886 1278; x_wconf 88' lang='lat' dir='ltr'>docet,</span> <span class='ocrx_word' id='word_1_90' title='bbox 920 1207 1081 1279; x_wconf 89' lang='lat' dir='ltr'>quod</span> <span class='ocrx_word' id='word_1_91' title='bbox 1127 1208 1431 1264; x_wconf 89' lang='lat' dir='ltr'>osculetur</span> <span class='ocrx_word' id='word_1_92' title='bbox 1477 1208 1799 1279; x_wconf 78' lang='lat' dir='ltr'>Christum,</span> <span class='ocrx_word' id='word_1_93' title='bbox 1853 1209 1954 1281; x_wconf 87' lang='lat' dir='ltr'>qui</span> 
     </span>
    </p>
   </div>
   <div class='ocr_carea' id='block_1_13' title="bbox 285 1297 1952 1369">
    <p class='ocr_par' dir='ltr' id='par_1_13' title="bbox 285 1297 1952 1369">
     <span class='ocr_line' id='line_1_13' title="bbox 285 1297 1952 1369; baseline 0 -17"><span class='ocrx_word' id='word_1_94' title='bbox 285 1297 492 1369; x_wconf 88' lang='lat' dir='ltr'>accipit</span> <span class='ocrx_word' id='word_1_95' title='bbox 539 1297 844 1367; x_wconf 85' lang='lat' dir='ltr'>Spiritum,</span> <span class='ocrx_word' id='word_1_96' title='bbox 889 1297 1121 1353; x_wconf 88' lang='lat' dir='ltr'>dicente</span> <span class='ocrx_word' id='word_1_97' title='bbox 1170 1297 1465 1368; x_wconf 83' lang='lat' dir='ltr'>Propheta</span> <span class='ocrx_word' id='word_1_98' title='bbox 1514 1300 1721 1353; x_wconf 90' lang='lat' dir='ltr'>sancto</span> <span class='ocrx_word' id='word_1_99' title='bbox 1756 1313 1768 1352; x_wconf 93' lang='lat'><strong><em>:</em></strong></span> <span class='ocrx_word' id='word_1_100' title='bbox 1807 1320 1829 1344; x_wconf 72' lang='grc' dir='ltr'>α</span> <span class='ocrx_word' id='word_1_101' title='bbox 1871 1297 1952 1352; x_wconf 90' lang='lat' dir='ltr'>Os</span> 
     </span>
    </p>
   </div>
   <div class='ocr_carea' id='block_1_14' title="bbox 288 1385 1950 1458">
    <p class='ocr_par' dir='ltr' id='par_1_14' title="bbox 288 1385 1950 1458">
     <span class='ocr_line' id='line_1_14' title="bbox 288 1385 1950 1458; baseline 0 -16"><span class='ocrx_word' id='word_1_102' title='bbox 288 1403 479 1442; x_wconf 88' lang='lat' dir='ltr'>meum</span> <span class='ocrx_word' id='word_1_103' title='bbox 525 1386 752 1458; x_wconf 87' lang='lat' dir='ltr'>aperui,</span> <span class='ocrx_word' id='word_1_104' title='bbox 812 1389 871 1442; x_wconf 83' lang='lat' dir='ltr'>et</span> <span class='ocrx_word' id='word_1_105' title='bbox 915 1387 1129 1442; x_wconf 81' lang='lat' dir='ltr'>attraxi</span> <span class='ocrx_word' id='word_1_106' title='bbox 1178 1385 1461 1458; x_wconf 89' lang='lat' dir='ltr'>Spiritum</span> <span class='ocrx_word' id='word_1_107' title='bbox 1506 1386 1694 1458; x_wconf 83' lang='lat' dir='ltr'>(Psal.</span> <span class='ocrx_word' id='word_1_108' title='bbox 1747 1403 1950 1458; x_wconf 84' lang='lat' dir='ltr'>cxvm,</span> 
     </span>
    </p>
   </div>
   <div class='ocr_carea' id='block_1_15' title="bbox 287 1474 1952 1549">
    <p class='ocr_par' dir='ltr' id='par_1_15' title="bbox 287 1474 1952 1549">
     <span class='ocr_line' id='line_1_15' title="bbox 287 1474 1952 1549; baseline -0.001 -17"><span class='ocrx_word' id='word_1_109' title='bbox 287 1477 429 1547; x_wconf 88' lang='grc'>131).</span> <span class='ocrx_word' id='word_1_110' title='bbox 466 1500 488 1525; x_wconf 73' lang='grc' dir='ltr'>ι</span> <span class='ocrx_word' id='word_1_111' title='bbox 521 1475 840 1531; x_wconf 89' lang='lat' dir='ltr'>Osculatur</span> <span class='ocrx_word' id='word_1_112' title='bbox 867 1491 1015 1549; x_wconf 90' lang='lat' dir='ltr'>ergo</span> <span class='ocrx_word' id='word_1_113' title='bbox 1044 1474 1370 1546; x_wconf 86' lang='lat' dir='ltr'>Christum,</span> <span class='ocrx_word' id='word_1_114' title='bbox 1405 1475 1506 1548; x_wconf 91' lang='lat' dir='ltr'>qui</span> <span class='ocrx_word' id='word_1_115' title='bbox 1537 1476 1851 1532; x_wconf 86' lang='lat' dir='ltr'>confitetur</span> <span class='ocrx_word' id='word_1_116' title='bbox 1879 1476 1952 1531; x_wconf 80' lang='lat' dir='ltr'>il-</span> 
     </span>
    </p>
   </div>
   <div class='ocr_carea' id='block_1_16' title="bbox 287 1564 1953 1638">
    <p class='ocr_par' dir='ltr' id='par_1_16' title="bbox 287 1564 1953 1638">
     <span class='ocr_line' id='line_1_16' title="bbox 287 1564 1953 1638; baseline -0.001 -16"><span class='ocrx_word' id='word_1_117' title='bbox 287 1566 407 1622; x_wconf 89' lang='lat' dir='ltr'>lum</span> <span class='ocrx_word' id='word_1_118' title='bbox 436 1581 450 1622; x_wconf 88' lang='lat'>:</span> <span class='ocrx_word' id='word_1_119' title='bbox 482 1564 669 1622; x_wconf 86' lang='lat' dir='ltr'>Corde</span> <span class='ocrx_word' id='word_1_120' title='bbox 699 1566 857 1621; x_wconf 91' lang='lat' dir='ltr'>enim</span> <span class='ocrx_word' id='word_1_121' title='bbox 887 1565 1150 1621; x_wconf 87' lang='lat' dir='ltr'>creditur</span> <span class='ocrx_word' id='word_1_122' title='bbox 1177 1565 1252 1620; x_wconf 89' lang='lat' dir='ltr'>ad</span> <span class='ocrx_word' id='word_1_123' title='bbox 1277 1565 1590 1638; x_wconf 86' lang='lat' dir='ltr'>justitiam,</span> <span class='ocrx_word' id='word_1_124' title='bbox 1626 1581 1728 1622; x_wconf 91' lang='lat' dir='ltr'>ore</span> <span class='ocrx_word' id='word_1_125' title='bbox 1759 1569 1953 1622; x_wconf 88' lang='lat' dir='ltr'>autem</span> 
     </span>
    </p>
   </div>
   <div class='ocr_carea' id='block_1_17' title="bbox 290 1654 1956 1726">
    <p class='ocr_par' dir='ltr' id='par_1_17' title="bbox 290 1654 1956 1726">
     <span class='ocr_line' id='line_1_17' title="bbox 290 1654 1956 1726; baseline 0 -16"><span class='ocrx_word' id='word_1_126' title='bbox 290 1655 588 1711; x_wconf 77' lang='lat' dir='ltr'>confessio</span> <span class='ocrx_word' id='word_1_127' title='bbox 617 1655 682 1711; x_wconf 82' lang='lat' dir='ltr'>fit</span> <span class='ocrx_word' id='word_1_128' title='bbox 707 1655 780 1710; x_wconf 90' lang='lat' dir='ltr'>ad</span> <span class='ocrx_word' id='word_1_129' title='bbox 811 1654 1063 1710; x_wconf 88' lang='lat' dir='ltr'>salutem</span> <span class='ocrx_word' id='word_1_130' title='bbox 1108 1655 1297 1724; x_wconf 83' lang='lat' dir='ltr'>(Rom.</span> <span class='ocrx_word' id='word_1_131' title='bbox 1330 1671 1388 1722; x_wconf 71' lang='grc' dir='ltr'>κ,</span> <span class='ocrx_word' id='word_1_132' title='bbox 1424 1654 1535 1726; x_wconf 89' lang='grc'>10).</span> <span class='ocrx_word' id='word_1_133' title='bbox 1574 1676 1594 1703; x_wconf 75' lang='grc' dir='ltr'><strong><em>ι</em></strong></span> <span class='ocrx_word' id='word_1_134' title='bbox 1639 1654 1956 1711; x_wconf 89' lang='lat' dir='ltr'>Osculatur</span> 
     </span>
    </p>
   </div>
   <div class='ocr_carea' id='block_1_18' title="bbox 284 1743 1954 1817">
    <p class='ocr_par' dir='ltr' id='par_1_18' title="bbox 284 1743 1954 1817">
     <span class='ocr_line' id='line_1_18' title="bbox 284 1743 1954 1817; baseline 0.001 -19"><span class='ocrx_word' id='word_1_135' title='bbox 284 1759 424 1800; x_wconf 87' lang='lat' dir='ltr'>vero</span> <span class='ocrx_word' id='word_1_136' title='bbox 444 1745 628 1816; x_wconf 88' lang='lat' dir='ltr'>pedes</span> <span class='ocrx_word' id='word_1_137' title='bbox 651 1743 893 1815; x_wconf 88' lang='lat' dir='ltr'>Christi,</span> <span class='ocrx_word' id='word_1_138' title='bbox 919 1743 1021 1816; x_wconf 87' lang='lat' dir='ltr'>qui</span> <span class='ocrx_word' id='word_1_139' title='bbox 1044 1743 1434 1816; x_wconf 89' lang='lat' dir='ltr'>Evangelium</span> <span class='ocrx_word' id='word_1_140' title='bbox 1455 1744 1685 1817; x_wconf 90' lang='lat' dir='ltr'>legens,</span> <span class='ocrx_word' id='word_1_141' title='bbox 1720 1745 1954 1800; x_wconf 87' lang='lat' dir='ltr'>Domini</span> 
     </span>
    </p>
   </div>
   <div class='ocr_carea' id='block_1_19' title="bbox 281 1832 1954 1906">
    <p class='ocr_par' dir='ltr' id='par_1_19' title="bbox 281 1832 1954 1906">
     <span class='ocr_line' id='line_1_19' title="bbox 281 1832 1954 1906; baseline 0.003 -18"><span class='ocrx_word' id='word_1_142' title='bbox 281 1833 427 1889; x_wconf 78' lang='lat' dir='ltr'>Jesu</span> <span class='ocrx_word' id='word_1_143' title='bbox 458 1837 630 1906; x_wconf 87' lang='lat' dir='ltr'>gesta</span> <span class='ocrx_word' id='word_1_144' title='bbox 661 1834 975 1906; x_wconf 75' lang='lat' dir='ltr'>cognoscit</span> <span class='ocrx_word' id='word_1_145' title='bbox 1003 1837 1060 1890; x_wconf 90' lang='lat' dir='ltr'>et</span> <span class='ocrx_word' id='word_1_146' title='bbox 1087 1833 1186 1905; x_wconf 92' lang='lat' dir='ltr'>pio</span> <span class='ocrx_word' id='word_1_147' title='bbox 1216 1833 1461 1890; x_wconf 87' lang='lat' dir='ltr'>miratur</span> <span class='ocrx_word' id='word_1_148' title='bbox 1489 1832 1737 1904; x_wconf 81' lang='lat' dir='ltr'>affectu;</span> <span class='ocrx_word' id='word_1_149' title='bbox 1786 1834 1954 1892; x_wconf 90' lang='lat' dir='ltr'>ideo-</span> 
     </span>
    </p>
   </div>
   <div class='ocr_carea' id='block_1_20' title="bbox 281 1923 1954 1996">
    <p class='ocr_par' dir='ltr' id='par_1_20' title="bbox 281 1923 1954 1996">
     <span class='ocr_line' id='line_1_20' title="bbox 281 1923 1954 1996; baseline 0.002 -18"><span class='ocrx_word' id='word_1_150' title='bbox 281 1937 394 1996; x_wconf 89' lang='lat' dir='ltr'>que</span> <span class='ocrx_word' id='word_1_151' title='bbox 423 1923 716 1996; x_wconf 89' lang='lat' dir='ltr'>religioso</span> <span class='ocrx_word' id='word_1_152' title='bbox 745 1923 958 1980; x_wconf 92' lang='lat' dir='ltr'>osculo</span> <span class='ocrx_word' id='word_1_153' title='bbox 995 1923 1158 1979; x_wconf 91' lang='lat' dir='ltr'>velut</span> <span class='ocrx_word' id='word_1_154' title='bbox 1201 1924 1473 1996; x_wconf 65' lang='lat' dir='ltr'>quadam</span> <span class='ocrx_word' id='word_1_155' title='bbox 1520 1923 1954 1981; x_wconf 88' lang='lat' dir='ltr'>deambulantis</span> 
     </span>
    </p>
   </div>
   <div class='ocr_carea' id='block_1_21' title="bbox 283 2012 1954 2086">
    <p class='ocr_par' dir='ltr' id='par_1_21' title="bbox 283 2012 1954 2086">
     <span class='ocr_line' id='line_1_21' title="bbox 283 2012 1954 2086; baseline 0.001 -20"><span class='ocrx_word' id='word_1_156' title='bbox 283 2012 518 2068; x_wconf 85' lang='lat' dir='ltr'>Domini</span> <span class='ocrx_word' id='word_1_157' title='bbox 548 2012 752 2068; x_wconf 84' lang='lat' dir='ltr'>lambit</span> <span class='ocrx_word' id='word_1_158' title='bbox 779 2013 1056 2086; x_wconf 89' lang='lat' dir='ltr'>vestigia.</span> <span class='ocrx_word' id='word_1_159' title='bbox 1097 2012 1450 2069; x_wconf 88' lang='lat' dir='ltr'>Osculamur</span> <span class='ocrx_word' id='word_1_160' title='bbox 1477 2028 1623 2085; x_wconf 90' lang='lat' dir='ltr'>ergo</span> <span class='ocrx_word' id='word_1_161' title='bbox 1653 2012 1954 2069; x_wconf 91' lang='lat' dir='ltr'>Christum</span> 
     </span>
    </p>
   </div>
   <div class='ocr_carea' id='block_1_22' title="bbox 283 2099 1956 2175">
    <p class='ocr_par' dir='ltr' id='par_1_22' title="bbox 283 2099 1956 2175">
     <span class='ocr_line' id='line_1_22' title="bbox 283 2099 1956 2175; baseline 0.001 -20"><span class='ocrx_word' id='word_1_162' title='bbox 283 2099 392 2170; x_wconf 80' lang='grc'>(3³7)</span> <span class='ocrx_word' id='word_1_163' title='bbox 442 2101 880 2158; x_wconf 90' lang='lat' dir='ltr'>communionis</span> <span class='ocrx_word' id='word_1_164' title='bbox 929 2101 1184 2158; x_wconf 89' lang='lat' dir='ltr'>osculo:</span> <span class='ocrx_word' id='word_1_165' title='bbox 1222 2125 1244 2152; x_wconf 73' lang='grc' dir='ltr'><strong><em>α</em></strong></span> <span class='ocrx_word' id='word_1_166' title='bbox 1296 2101 1407 2169; x_wconf 90' lang='lat' dir='ltr'>Qui</span> <span class='ocrx_word' id='word_1_167' title='bbox 1448 2102 1613 2175; x_wconf 85' lang='lat' dir='ltr'>legit,</span> <span class='ocrx_word' id='word_1_168' title='bbox 1667 2103 1956 2175; x_wconf 80' lang='lat' dir='ltr'>intelligat</span> 
     </span>
    </p>
   </div>
   <div class='ocr_carea' id='block_1_23' title="bbox 283 2189 1326 2262">
    <p class='ocr_par' dir='ltr' id='par_1_23' title="bbox 283 2189 1326 2262">
     <span class='ocr_line' id='line_1_23' title="bbox 283 2189 1326 2262; baseline -0.006 -17"><span class='ocrx_word' id='word_1_169' title='bbox 283 2190 523 2259; x_wconf 76' lang='lat' dir='ltr'>(Matth.</span> <span class='ocrx_word' id='word_1_170' title='bbox 557 2208 723 2260; x_wconf 74' lang='lat' dir='ltr'>xxxv,</span> <span class='ocrx_word' id='word_1_171' title='bbox 755 2189 865 2262; x_wconf 85' lang='grc'>15).</span> <span class='ocrx_word' id='word_1_172' title='bbox 912 2215 934 2240; x_wconf 76' lang='grc' dir='ltr'>ιο</span> <span class='ocrx_word' id='word_1_173' title='bbox 1311 2214 1326 2222; x_wconf 91' lang='grc'><strong>-</strong></span> 
     </span>
    </p>
   </div>
   <div class='ocr_carea' id='block_1_24' title="bbox 349 2279 1953 2347">
    <p class='ocr_par' dir='ltr' id='par_1_24' title="bbox 349 2279 1953 2347">
     <span class='ocr_line' id='line_1_24' title="bbox 349 2279 1953 2347; baseline 0.002 -13"><span class='ocrx_word' id='word_1_174' title='bbox 349 2279 439 2335; x_wconf 88' lang='grc'>16.</span> <span class='ocrx_word' id='word_1_175' title='bbox 483 2279 653 2336; x_wconf 90' lang='lat' dir='ltr'>Unde</span> <span class='ocrx_word' id='word_1_176' title='bbox 701 2280 817 2336; x_wconf 90' lang='lat' dir='ltr'>hoc</span> <span class='ocrx_word' id='word_1_177' title='bbox 863 2280 1074 2336; x_wconf 80' lang='lat' dir='ltr'>Judan</span> <span class='ocrx_word' id='word_1_178' title='bbox 1124 2281 1436 2336; x_wconf 85' lang='lat' dir='ltr'>osculum?</span> <span class='ocrx_word' id='word_1_179' title='bbox 1475 2280 1586 2347; x_wconf 92' lang='lat' dir='ltr'>Qui</span> <span class='ocrx_word' id='word_1_180' title='bbox 1636 2281 1792 2337; x_wconf 88' lang='lat' dir='ltr'>enim</span> <span class='ocrx_word' id='word_1_181' title='bbox 1835 2298 1953 2338; x_wconf 89' lang='lat' dir='ltr'>non</span> 
     </span>
    </p>
   </div>
   <div class='ocr_carea' id='block_1_25' title="bbox 286 2368 1954 2442">
    <p class='ocr_par' dir='ltr' id='par_1_25' title="bbox 286 2368 1954 2442">
     <span class='ocr_line' id='line_1_25' title="bbox 286 2368 1954 2442; baseline 0.002 -19"><span class='ocrx_word' id='word_1_182' title='bbox 286 2368 538 2424; x_wconf 90' lang='lat' dir='ltr'>credidit</span> <span class='ocrx_word' id='word_1_183' title='bbox 563 2369 624 2425; x_wconf 91' lang='lat' dir='ltr'>in</span> <span class='ocrx_word' id='word_1_184' title='bbox 655 2370 972 2426; x_wconf 89' lang='lat' dir='ltr'>adventum</span> <span class='ocrx_word' id='word_1_185' title='bbox 1001 2369 1158 2442; x_wconf 90' lang='lat' dir='ltr'>ejus,</span> <span class='ocrx_word' id='word_1_186' title='bbox 1193 2386 1303 2426; x_wconf 90' lang='lat' dir='ltr'>nec</span> <span class='ocrx_word' id='word_1_187' title='bbox 1331 2371 1393 2426; x_wconf 91' lang='lat' dir='ltr'>in</span> <span class='ocrx_word' id='word_1_188' title='bbox 1438 2371 1781 2442; x_wconf 87' lang='lat' dir='ltr'>passionem</span> <span class='ocrx_word' id='word_1_189' title='bbox 1827 2388 1954 2426; x_wconf 89' lang='lat' dir='ltr'>cre-</span> 
     </span>
    </p>
   </div>
   <div class='ocr_carea' id='block_1_26' title="bbox 279 2457 1952 2532">
    <p class='ocr_par' dir='ltr' id='par_1_26' title="bbox 279 2457 1952 2532">
     <span class='ocr_line' id='line_1_26' title="bbox 279 2457 1952 2532; baseline 0.002 -20"><span class='ocrx_word' id='word_1_190' title='bbox 279 2457 447 2512; x_wconf 90' lang='lat' dir='ltr'>didit.</span> <span class='ocrx_word' id='word_1_191' title='bbox 479 2457 786 2524; x_wconf 88' lang='lat' dir='ltr'>Quomodo</span> <span class='ocrx_word' id='word_1_192' title='bbox 816 2460 973 2516; x_wconf 89' lang='lat' dir='ltr'>enim</span> <span class='ocrx_word' id='word_1_193' title='bbox 1004 2460 1192 2515; x_wconf 91' lang='lat' dir='ltr'>credit</span> <span class='ocrx_word' id='word_1_194' title='bbox 1211 2475 1480 2531; x_wconf 91' lang='lat' dir='ltr'>passum,</span> <span class='ocrx_word' id='word_1_195' title='bbox 1511 2477 1686 2532; x_wconf 88' lang='lat' dir='ltr'>quem</span> <span class='ocrx_word' id='word_1_196' title='bbox 1710 2461 1952 2516; x_wconf 90' lang='lat' dir='ltr'>venisse</span> 
     </span>
    </p>
   </div>
   <div class='ocr_carea' id='block_1_27' title="bbox 275 2548 1950 2622">
    <p class='ocr_par' dir='ltr' id='par_1_27' title="bbox 275 2548 1950 2622">
     <span class='ocr_line' id='line_1_27' title="bbox 275 2548 1950 2622; baseline 0.002 -20"><span class='ocrx_word' id='word_1_197' title='bbox 275 2563 398 2602; x_wconf 87' lang='lat' dir='ltr'>non</span> <span class='ocrx_word' id='word_1_198' title='bbox 428 2548 719 2604; x_wconf 85' lang='lat' dir='ltr'>credidit?</span> <span class='ocrx_word' id='word_1_199' title='bbox 748 2549 884 2604; x_wconf 86' lang='lat' dir='ltr'>Non</span> <span class='ocrx_word' id='word_1_200' title='bbox 930 2564 1076 2622; x_wconf 91' lang='lat' dir='ltr'>ergo</span> <span class='ocrx_word' id='word_1_201' title='bbox 1116 2549 1372 2604; x_wconf 88' lang='lat' dir='ltr'>habebat</span> <span class='ocrx_word' id='word_1_202' title='bbox 1417 2550 1689 2605; x_wconf 89' lang='lat' dir='ltr'>osculum</span> <span class='ocrx_word' id='word_1_203' title='bbox 1736 2549 1950 2605; x_wconf 85' lang='lat' dir='ltr'>Phari-</span> 
     </span>
    </p>
   </div>
   <div class='ocr_carea' id='block_1_28' title="bbox 274 2638 1950 2710">
    <p class='ocr_par' dir='ltr' id='par_1_28' title="bbox 274 2638 1950 2710">
     <span class='ocr_line' id='line_1_28' title="bbox 274 2638 1950 2710; baseline 0.001 -18"><span class='ocrx_word' id='word_1_204' title='bbox 274 2652 466 2707; x_wconf 66' lang='lat' dir='ltr'>seus,</span> <span class='ocrx_word' id='word_1_205' title='bbox 517 2638 636 2693; x_wconf 87' lang='lat' dir='ltr'>nisi</span> <span class='ocrx_word' id='word_1_206' title='bbox 678 2638 830 2693; x_wconf 90' lang='lat' dir='ltr'>forte</span> <span class='ocrx_word' id='word_1_207' title='bbox 877 2638 1048 2694; x_wconf 80' lang='lat' dir='ltr'>Judae</span> <span class='ocrx_word' id='word_1_208' title='bbox 1094 2639 1439 2710; x_wconf 88' lang='lat' dir='ltr'>proditoris.</span> <span class='ocrx_word' id='word_1_209' title='bbox 1474 2639 1591 2695; x_wconf 92' lang='lat' dir='ltr'>Sed</span> <span class='ocrx_word' id='word_1_210' title='bbox 1621 2656 1732 2695; x_wconf 89' lang='lat' dir='ltr'>nec</span> <span class='ocrx_word' id='word_1_211' title='bbox 1762 2640 1950 2695; x_wconf 84' lang='lat' dir='ltr'>Judas</span> 
     </span>
    </p>
   </div>
   <div class='ocr_carea' id='block_1_29' title="bbox 275 2725 1949 2800">
    <p class='ocr_par' dir='ltr' id='par_1_29' title="bbox 275 2725 1949 2800">
     <span class='ocr_line' id='line_1_29' title="bbox 275 2725 1949 2800; baseline 0.002 -19"><span class='ocrx_word' id='word_1_212' title='bbox 275 2725 556 2798; x_wconf 89' lang='lat' dir='ltr'>habebat,</span> <span class='ocrx_word' id='word_1_213' title='bbox 599 2727 853 2800; x_wconf 85' lang='lat' dir='ltr'>ideoque</span> <span class='ocrx_word' id='word_1_214' title='bbox 897 2743 1034 2783; x_wconf 92' lang='lat' dir='ltr'>cum</span> <span class='ocrx_word' id='word_1_215' title='bbox 1077 2728 1315 2784; x_wconf 63' lang='lat' dir='ltr'>Judwis&#39;</span> <span class='ocrx_word' id='word_1_216' title='bbox 1351 2729 1716 2800; x_wconf 91' lang='lat' dir='ltr'>promissum</span> <span class='ocrx_word' id='word_1_217' title='bbox 1773 2746 1949 2786; x_wconf 89' lang='lat' dir='ltr'>oscu-</span> 
     </span>
    </p>
   </div>
   <div class='ocr_carea' id='block_1_30' title="bbox 270 2816 1946 2891">
    <p class='ocr_par' dir='ltr' id='par_1_30' title="bbox 270 2816 1946 2891">
     <span class='ocr_line' id='line_1_30' title="bbox 270 2816 1946 2891; baseline 0.002 -19"><span class='ocrx_word' id='word_1_218' title='bbox 270 2816 419 2886; x_wconf 91' lang='lat' dir='ltr'>lum,</span> <span class='ocrx_word' id='word_1_219' title='bbox 449 2819 727 2889; x_wconf 88' lang='lat' dir='ltr'>tanquam</span> <span class='ocrx_word' id='word_1_220' title='bbox 756 2817 998 2890; x_wconf 89' lang='lat' dir='ltr'>signum</span> <span class='ocrx_word' id='word_1_221' title='bbox 1026 2817 1380 2888; x_wconf 89' lang='lat' dir='ltr'>proditionis</span> <span class='ocrx_word' id='word_1_222' title='bbox 1409 2819 1588 2874; x_wconf 83' lang='lat' dir='ltr'>vellet</span> <span class='ocrx_word' id='word_1_223' title='bbox 1608 2821 1946 2891; x_wconf 88' lang='lat' dir='ltr'>ostendere,</span> 
     </span>
    </p>
   </div>
   <div class='ocr_carea' id='block_1_31' title="bbox 272 2905 1947 2964">
    <p class='ocr_par' dir='ltr' id='par_1_31' title="bbox 272 2905 1947 2964">
     <span class='ocr_line' id='line_1_31' title="bbox 272 2905 1947 2964; baseline 0.002 -3"><span class='ocrx_word' id='word_1_224' title='bbox 272 2905 421 2961; x_wconf 89' lang='lat' dir='ltr'>dicit</span> <span class='ocrx_word' id='word_1_225' title='bbox 451 2906 508 2962; x_wconf 92' lang='lat' dir='ltr'>ei</span> <span class='ocrx_word' id='word_1_226' title='bbox 537 2906 824 2962; x_wconf 88' lang='lat' dir='ltr'>Dominus</span> <span class='ocrx_word' id='word_1_227' title='bbox 860 2923 872 2962; x_wconf 96' lang='lat'>:</span> <span class='ocrx_word' id='word_1_228' title='bbox 913 2930 935 2955; x_wconf 74' lang='grc' dir='ltr'><strong>α</strong></span> <span class='ocrx_word' id='word_1_229' title='bbox 968 2907 1122 2962; x_wconf 83' lang='lat' dir='ltr'>Juda</span> <span class='ocrx_word' id='word_1_230' title='bbox 1171 2909 1379 2963; x_wconf 94' lang='lat' dir='ltr'>osculo</span> <span class='ocrx_word' id='word_1_231' title='bbox 1427 2907 1640 2964; x_wconf 90' lang='lat' dir='ltr'>Filium</span> <span class='ocrx_word' id='word_1_232' title='bbox 1691 2909 1947 2964; x_wconf 89' lang='lat' dir='ltr'>hominis</span> 
     </span>
    </p>
   </div>
   <div class='ocr_carea' id='block_1_32' title="bbox 267 2995 1944 3069">
    <p class='ocr_par' dir='ltr' id='par_1_32' title="bbox 267 2995 1944 3069">
     <span class='ocr_line' id='line_1_32' title="bbox 267 2995 1944 3069; baseline 0.002 -19"><span class='ocrx_word' id='word_1_233' title='bbox 267 2995 460 3050; x_wconf 89' lang='lat' dir='ltr'>tradis</span> <span class='ocrx_word' id='word_1_234' title='bbox 508 2997 672 3067; x_wconf 86' lang='lat' dir='ltr'>(Luc.</span> <span class='ocrx_word' id='word_1_235' title='bbox 704 3013 849 3066; x_wconf 71' lang='grc' dir='ltr'>χχιι,</span> <span class='ocrx_word' id='word_1_236' title='bbox 881 2996 1016 3066; x_wconf 81' lang='lat'>48)?</span> <span class='ocrx_word' id='word_1_237' title='bbox 1051 3021 1072 3046; x_wconf 77' lang='grc' dir='ltr'>ιι</span> <span class='ocrx_word' id='word_1_238' title='bbox 1108 2997 1224 3052; x_wconf 92' lang='lat' dir='ltr'>hoc</span> <span class='ocrx_word' id='word_1_239' title='bbox 1254 2999 1366 3068; x_wconf 90' lang='lat' dir='ltr'>est,</span> <span class='ocrx_word' id='word_1_240' title='bbox 1419 2998 1692 3053; x_wconf 89' lang='lat' dir='ltr'>osculum</span> <span class='ocrx_word' id='word_1_241' title='bbox 1741 2998 1944 3069; x_wconf 86' lang='lat' dir='ltr'>offers,</span> 
     </span>
    </p>
   </div>
   <div class='ocr_carea' id='block_1_33' title="bbox 2073 581 3744 655">
    <p class='ocr_par' dir='ltr' id='par_1_33' title="bbox 2073 581 3744 655">
     <span class='ocr_line' id='line_1_33' title="bbox 2073 581 3744 655; baseline 0 -19"><span class='ocrx_word' id='word_1_242' title='bbox 2073 581 2269 652; x_wconf 88' lang='lat' dir='ltr'>habet,</span> <span class='ocrx_word' id='word_1_243' title='bbox 2303 597 2420 654; x_wconf 91' lang='lat' dir='ltr'>quo</span> <span class='ocrx_word' id='word_1_244' title='bbox 2451 585 2635 655; x_wconf 88' lang='lat' dir='ltr'>ungat</span> <span class='ocrx_word' id='word_1_245' title='bbox 2661 583 2845 654; x_wconf 90' lang='lat' dir='ltr'>pedes</span> <span class='ocrx_word' id='word_1_246' title='bbox 2874 582 3096 638; x_wconf 86' lang='lat' dir='ltr'>Christi</span> <span class='ocrx_word' id='word_1_247' title='bbox 3125 583 3287 651; x_wconf 81' lang='lat' dir='ltr'>(Luc.</span> <span class='ocrx_word' id='word_1_248' title='bbox 3321 600 3421 652; x_wconf 86' lang='lat' dir='ltr'>vn,</span> <span class='ocrx_word' id='word_1_249' title='bbox 3452 581 3576 652; x_wconf 73' lang='lat'>4’7);</span> <span class='ocrx_word' id='word_1_250' title='bbox 3609 597 3744 637; x_wconf 91' lang='lat' dir='ltr'>nam</span> 
     </span>
    </p>
   </div>
   <div class='ocr_carea' id='block_1_34' title="bbox 2075 671 3746 744">
    <p class='ocr_par' dir='ltr' id='par_1_34' title="bbox 2075 671 3746 744">
     <span class='ocr_line' id='line_1_34' title="bbox 2075 671 3746 744; baseline 0.002 -20"><span class='ocrx_word' id='word_1_251' title='bbox 2075 671 2126 724; x_wconf 92' lang='lat' dir='ltr'>si</span> <span class='ocrx_word' id='word_1_252' title='bbox 2156 671 2402 727; x_wconf 86' lang='lat' dir='ltr'>haberet</span> <span class='ocrx_word' id='word_1_253' title='bbox 2431 673 2646 743; x_wconf 91' lang='lat' dir='ltr'>oleum,</span> <span class='ocrx_word' id='word_1_254' title='bbox 2681 673 2974 727; x_wconf 84' lang='lat' dir='ltr'>cervicem</span> <span class='ocrx_word' id='word_1_255' title='bbox 3006 673 3206 744; x_wconf 88' lang='lat' dir='ltr'>utique</span> <span class='ocrx_word' id='word_1_256' title='bbox 3241 688 3410 727; x_wconf 90' lang='lat' dir='ltr'>suam</span> <span class='ocrx_word' id='word_1_257' title='bbox 3441 674 3574 727; x_wconf 91' lang='lat' dir='ltr'>ante</span> <span class='ocrx_word' id='word_1_258' title='bbox 3605 674 3746 728; x_wconf 91' lang='lat' dir='ltr'>mol-</span> 
     </span>
    </p>
   </div>
   <div class='ocr_carea' id='block_1_35' title="bbox 2074 760 3745 833">
    <p class='ocr_par' dir='ltr' id='par_1_35' title="bbox 2074 760 3745 833">
     <span class='ocr_line' id='line_1_35' title="bbox 2074 760 3745 833; baseline 0.002 -19"><span class='ocrx_word' id='word_1_259' title='bbox 2074 760 2226 815; x_wconf 90' lang='lat' dir='ltr'>liret.</span> <span class='ocrx_word' id='word_1_260' title='bbox 2261 761 2531 833; x_wconf 90' lang='lat' dir='ltr'>Denique</span> <span class='ocrx_word' id='word_1_261' title='bbox 2564 762 2806 833; x_wconf 77' lang='lat' dir='ltr'>Moyses</span> <span class='ocrx_word' id='word_1_262' title='bbox 2846 762 2988 816; x_wconf 91' lang='lat' dir='ltr'>dicit</span> <span class='ocrx_word' id='word_1_263' title='bbox 3021 778 3033 816; x_wconf 88' lang='lat'>:</span> <span class='ocrx_word' id='word_1_264' title='bbox 3072 785 3093 809; x_wconf 84' lang='lat'><strong>«</strong></span> <span class='ocrx_word' id='word_1_265' title='bbox 3145 760 3410 832; x_wconf 87' lang='lat' dir='ltr'>Populus</span> <span class='ocrx_word' id='word_1_266' title='bbox 3458 761 3554 815; x_wconf 92' lang='lat' dir='ltr'>hic</span> <span class='ocrx_word' id='word_1_267' title='bbox 3598 763 3745 817; x_wconf 89' lang='lat' dir='ltr'>dura</span> 
     </span>
    </p>
   </div>
   <div class='ocr_carea' id='block_1_36' title="bbox 2077 849 3745 924">
    <p class='ocr_par' dir='ltr' id='par_1_36' title="bbox 2077 849 3745 924">
     <span class='ocr_line' id='line_1_36' title="bbox 2077 849 3745 924; baseline 0.001 -20"><span class='ocrx_word' id='word_1_268' title='bbox 2077 849 2312 905; x_wconf 88' lang='lat' dir='ltr'>cervice</span> <span class='ocrx_word' id='word_1_269' title='bbox 2345 855 2437 905; x_wconf 92' lang='lat' dir='ltr'>est</span> <span class='ocrx_word' id='word_1_270' title='bbox 2468 852 2684 916; x_wconf 77' lang='lat' dir='ltr'>(Exod.</span> <span class='ocrx_word' id='word_1_271' title='bbox 2718 869 2925 922; x_wconf 79' lang='lat' dir='ltr'>xxxxv,</span> <span class='ocrx_word' id='word_1_272' title='bbox 2959 849 3047 922; x_wconf 87' lang='lat'>9);</span> <span class='ocrx_word' id='word_1_273' title='bbox 3083 853 3138 906; x_wconf 90' lang='lat' dir='ltr'>et</span> <span class='ocrx_word' id='word_1_274' title='bbox 3169 851 3457 906; x_wconf 91' lang='lat' dir='ltr'>Dominus</span> <span class='ocrx_word' id='word_1_275' title='bbox 3487 851 3566 905; x_wconf 92' lang='lat' dir='ltr'>ait</span> <span class='ocrx_word' id='word_1_276' title='bbox 3586 852 3745 924; x_wconf 90' lang='lat' dir='ltr'>quod</span> 
     </span>
    </p>
   </div>
   <div class='ocr_carea' id='block_1_37' title="bbox 2074 938 3745 1013">
    <p class='ocr_par' dir='ltr' id='par_1_37' title="bbox 2074 938 3745 1013">
     <span class='ocr_line' id='line_1_37' title="bbox 2074 938 3745 1013; baseline 0.002 -22"><span class='ocrx_word' id='word_1_277' title='bbox 2074 938 2250 993; x_wconf 89' lang='lat' dir='ltr'>levita</span> <span class='ocrx_word' id='word_1_278' title='bbox 2266 942 2321 994; x_wconf 91' lang='lat' dir='ltr'>et</span> <span class='ocrx_word' id='word_1_279' title='bbox 2336 941 2620 996; x_wconf 89' lang='lat' dir='ltr'>sacerdos</span> <span class='ocrx_word' id='word_1_280' title='bbox 2635 941 3065 1013; x_wconf 70' lang='lat' dir='ltr'>praeterierunt,</span> <span class='ocrx_word' id='word_1_281' title='bbox 3084 956 3192 996; x_wconf 91' lang='lat' dir='ltr'>nec</span> <span class='ocrx_word' id='word_1_282' title='bbox 3206 941 3520 1012; x_wconf 88' lang='lat' dir='ltr'>quisquam</span> <span class='ocrx_word' id='word_1_283' title='bbox 3539 956 3745 995; x_wconf 90' lang='lat' dir='ltr'>eorum</span> 
     </span>
    </p>
   </div>
   <div class='ocr_carea' id='block_1_38' title="bbox 2077 1029 3743 1101">
    <p class='ocr_par' dir='ltr' id='par_1_38' title="bbox 2077 1029 3743 1101">
     <span class='ocr_line' id='line_1_38' title="bbox 2077 1029 3743 1101; baseline -0.004 -10"><span class='ocrx_word' id='word_1_284' title='bbox 2077 1029 2214 1091; x_wconf 83' lang='lat'>961</span> <span class='ocrx_word' id='word_1_285' title='bbox 2255 1032 2451 1087; x_wconf 89' lang='lat' dir='ltr'>oleum</span> <span class='ocrx_word' id='word_1_286' title='bbox 2481 1034 2582 1085; x_wconf 91' lang='lat' dir='ltr'>aut</span> <span class='ocrx_word' id='word_1_287' title='bbox 2609 1032 2812 1086; x_wconf 91' lang='lat' dir='ltr'>vinum</span> <span class='ocrx_word' id='word_1_288' title='bbox 2841 1031 3002 1086; x_wconf 92' lang='lat' dir='ltr'>illius</span> <span class='ocrx_word' id='word_1_289' title='bbox 3033 1047 3065 1085; x_wconf 91' lang='lat' dir='ltr'>a</span> <span class='ocrx_word' id='word_1_290' title='bbox 3098 1030 3430 1085; x_wconf 90' lang='lat' dir='ltr'>latronibus</span> <span class='ocrx_word' id='word_1_291' title='bbox 3469 1030 3743 1101; x_wconf 89' lang='lat' dir='ltr'>percussi</span> 
     </span>
    </p>
   </div>
   <div class='ocr_carea' id='block_1_39' title="bbox 2073 1119 3743 1193">
    <p class='ocr_par' dir='ltr' id='par_1_39' title="bbox 2073 1119 3743 1193">
     <span class='ocr_line' id='line_1_39' title="bbox 2073 1119 3743 1193; baseline -0.004 -14"><span class='ocrx_word' id='word_1_292' title='bbox 2073 1124 2427 1181; x_wconf 90' lang='lat' dir='ltr'>vulneribus</span> <span class='ocrx_word' id='word_1_293' title='bbox 2459 1121 2672 1176; x_wconf 86' lang='lat' dir='ltr'>infudit</span> <span class='ocrx_word' id='word_1_294' title='bbox 2701 1121 2863 1190; x_wconf 86' lang='lat' dir='ltr'>(Luc.</span> <span class='ocrx_word' id='word_1_295' title='bbox 2897 1138 2957 1193; x_wconf 76' lang='grc' dir='ltr'>χ,</span> <span class='ocrx_word' id='word_1_296' title='bbox 2991 1119 3079 1192; x_wconf 89' lang='grc'>31,</span> <span class='ocrx_word' id='word_1_297' title='bbox 3113 1120 3205 1190; x_wconf 89' lang='grc'>32)</span> <span class='ocrx_word' id='word_1_298' title='bbox 3239 1137 3250 1176; x_wconf 94' lang='lat'>:</span> <span class='ocrx_word' id='word_1_299' title='bbox 3284 1136 3402 1176; x_wconf 91' lang='lat' dir='ltr'>non</span> <span class='ocrx_word' id='word_1_300' title='bbox 3433 1120 3589 1174; x_wconf 89' lang='lat' dir='ltr'>enim</span> <span class='ocrx_word' id='word_1_301' title='bbox 3636 1120 3743 1174; x_wconf 91' lang='lat' dir='ltr'>ha-</span> 
     </span>
    </p>
   </div>
   <div class='ocr_carea' id='block_1_40' title="bbox 2071 1209 3746 1286">
    <p class='ocr_par' dir='ltr' id='par_1_40' title="bbox 2071 1209 3746 1286">
     <span class='ocr_line' id='line_1_40' title="bbox 2071 1209 3746 1286; baseline -0.005 -15"><span class='ocrx_word' id='word_1_302' title='bbox 2071 1215 2292 1271; x_wconf 89' lang='lat' dir='ltr'>bebant</span> <span class='ocrx_word' id='word_1_303' title='bbox 2323 1212 2483 1286; x_wconf 93' lang='lat' dir='ltr'>quod</span> <span class='ocrx_word' id='word_1_304' title='bbox 2513 1210 2923 1282; x_wconf 85' lang='lat' dir='ltr'>infunderent;</span> <span class='ocrx_word' id='word_1_305' title='bbox 2957 1226 3092 1266; x_wconf 89' lang='lat' dir='ltr'>nam</span> <span class='ocrx_word' id='word_1_306' title='bbox 3126 1209 3179 1264; x_wconf 93' lang='lat' dir='ltr'>si</span> <span class='ocrx_word' id='word_1_307' title='bbox 3226 1209 3580 1264; x_wconf 86' lang='lat' dir='ltr'>habuissent</span> <span class='ocrx_word' id='word_1_308' title='bbox 3626 1209 3746 1264; x_wconf 92' lang='lat' dir='ltr'>ole-</span> 
     </span>
    </p>
   </div>
   <div class='ocr_carea' id='block_1_41' title="bbox 2073 1297 3744 1374">
    <p class='ocr_par' dir='ltr' id='par_1_41' title="bbox 2073 1297 3744 1374">
     <span class='ocr_line' id='line_1_41' title="bbox 2073 1297 3744 1374; baseline -0.004 -15"><span class='ocrx_word' id='word_1_309' title='bbox 2073 1320 2191 1374; x_wconf 87' lang='lat' dir='ltr'>um,</span> <span class='ocrx_word' id='word_1_310' title='bbox 2227 1304 2356 1359; x_wconf 89' lang='lat' dir='ltr'>suis</span> <span class='ocrx_word' id='word_1_311' title='bbox 2387 1317 2624 1374; x_wconf 90' lang='lat' dir='ltr'>quoque</span> <span class='ocrx_word' id='word_1_312' title='bbox 2652 1301 3003 1356; x_wconf 89' lang='lat' dir='ltr'>vulneribus</span> <span class='ocrx_word' id='word_1_313' title='bbox 3043 1297 3424 1354; x_wconf 87' lang='lat' dir='ltr'>infudissent.</span> <span class='ocrx_word' id='word_1_314' title='bbox 3476 1297 3594 1354; x_wconf 90' lang='lat' dir='ltr'>Sed</span> <span class='ocrx_word' id='word_1_315' title='bbox 3623 1297 3744 1353; x_wconf 88' lang='lat' dir='ltr'>cla-</span> 
     </span>
    </p>
   </div>
   <div class='ocr_carea' id='block_1_42' title="bbox 2073 1387 3744 1462">
    <p class='ocr_par' dir='ltr' id='par_1_42' title="bbox 2073 1387 3744 1462">
     <span class='ocr_line' id='line_1_42' title="bbox 2073 1387 3744 1462; baseline -0.005 -12"><span class='ocrx_word' id='word_1_316' title='bbox 2073 1399 2191 1450; x_wconf 87' lang='lat' dir='ltr'>mat</span> <span class='ocrx_word' id='word_1_317' title='bbox 2221 1393 2410 1448; x_wconf 89' lang='lat' dir='ltr'>Isaias</span> <span class='ocrx_word' id='word_1_318' title='bbox 2447 1409 2459 1448; x_wconf 89' lang='lat'><strong>:</strong></span> <span class='ocrx_word' id='word_1_319' title='bbox 2501 1415 2522 1439; x_wconf 80' lang='grc' dir='ltr'>ιι</span> <span class='ocrx_word' id='word_1_320' title='bbox 2558 1391 2690 1447; x_wconf 88' lang='lat' dir='ltr'>Non</span> <span class='ocrx_word' id='word_1_321' title='bbox 2719 1392 2812 1445; x_wconf 91' lang='lat' dir='ltr'>est</span> <span class='ocrx_word' id='word_1_322' title='bbox 2840 1389 3135 1462; x_wconf 81' lang='lat' dir='ltr'>malagma</span> <span class='ocrx_word' id='word_1_323' title='bbox 3175 1387 3500 1459; x_wconf 87' lang='lat' dir='ltr'>imponere,</span> <span class='ocrx_word' id='word_1_324' title='bbox 3550 1402 3744 1460; x_wconf 81' lang='lat' dir='ltr'>neque</span> 
     </span>
    </p>
   </div>
   <div class='ocr_carea' id='block_1_43' title="bbox 2075 1477 3347 1553">
    <p class='ocr_par' dir='ltr' id='par_1_43' title="bbox 2075 1477 3347 1553">
     <span class='ocr_line' id='line_1_43' title="bbox 2075 1477 3347 1553; baseline -0.006 -14"><span class='ocrx_word' id='word_1_325' title='bbox 2075 1483 2291 1553; x_wconf 89' lang='lat' dir='ltr'>oleum,</span> <span class='ocrx_word' id='word_1_326' title='bbox 2327 1497 2520 1553; x_wconf 90' lang='lat' dir='ltr'>neque</span> <span class='ocrx_word' id='word_1_327' title='bbox 2552 1481 2923 1552; x_wconf 87' lang='lat' dir='ltr'>alligaturam</span> <span class='ocrx_word' id='word_1_328' title='bbox 2957 1479 3098 1549; x_wconf 84' lang='lat' dir='ltr'>(Isa.</span> <span class='ocrx_word' id='word_1_329' title='bbox 3131 1495 3171 1549; x_wconf 90' lang='grc' dir='ltr'>ι,</span> <span class='ocrx_word' id='word_1_330' title='bbox 3201 1477 3278 1549; x_wconf 87' lang='grc'>6).</span> <span class='ocrx_word' id='word_1_331' title='bbox 3326 1501 3347 1527; x_wconf 77' lang='grc'>.›</span> 
     </span>
    </p>
   </div>
   <div class='ocr_carea' id='block_1_44' title="bbox 2146 1567 3744 1639">
    <p class='ocr_par' dir='ltr' id='par_1_44' title="bbox 2146 1567 3744 1639">
     <span class='ocr_line' id='line_1_44' title="bbox 2146 1567 3744 1639; baseline -0.004 -11"><span class='ocrx_word' id='word_1_332' title='bbox 2146 1573 2235 1628; x_wconf 85' lang='grc'>20.</span> <span class='ocrx_word' id='word_1_333' title='bbox 2278 1571 2548 1627; x_wconf 87' lang='lat' dir='ltr'>Ecclesia</span> <span class='ocrx_word' id='word_1_334' title='bbox 2600 1573 2794 1625; x_wconf 89' lang='lat' dir='ltr'>autem</span> <span class='ocrx_word' id='word_1_335' title='bbox 2843 1568 3021 1624; x_wconf 87' lang='lat' dir='ltr'>habet</span> <span class='ocrx_word' id='word_1_336' title='bbox 3063 1567 3277 1637; x_wconf 90' lang='lat' dir='ltr'>oleum,</span> <span class='ocrx_word' id='word_1_337' title='bbox 3332 1583 3449 1639; x_wconf 94' lang='lat' dir='ltr'>quo</span> <span class='ocrx_word' id='word_1_338' title='bbox 3499 1582 3744 1622; x_wconf 89' lang='lat' dir='ltr'>suorum</span> 
     </span>
    </p>
   </div>
   <div class='ocr_carea' id='block_1_45' title="bbox 2074 1655 3745 1729">
    <p class='ocr_par' dir='ltr' id='par_1_45' title="bbox 2074 1655 3745 1729">
     <span class='ocr_line' id='line_1_45' title="bbox 2074 1655 3745 1729; baseline -0.004 -13"><span class='ocrx_word' id='word_1_339' title='bbox 2074 1662 2321 1717; x_wconf 87' lang='lat' dir='ltr'>vulnera</span> <span class='ocrx_word' id='word_1_340' title='bbox 2355 1660 2537 1729; x_wconf 89' lang='lat' dir='ltr'>fovet,</span> <span class='ocrx_word' id='word_1_341' title='bbox 2575 1675 2647 1714; x_wconf 88' lang='lat' dir='ltr'>ne</span> <span class='ocrx_word' id='word_1_342' title='bbox 2677 1657 2891 1713; x_wconf 90' lang='lat' dir='ltr'>duritia</span> <span class='ocrx_word' id='word_1_343' title='bbox 2920 1656 3188 1712; x_wconf 90' lang='lat' dir='ltr'>vulneris</span> <span class='ocrx_word' id='word_1_344' title='bbox 3219 1655 3333 1711; x_wconf 89' lang='lat' dir='ltr'>alte</span> <span class='ocrx_word' id='word_1_345' title='bbox 3364 1658 3565 1726; x_wconf 88' lang='lat' dir='ltr'>serpat</span> <span class='ocrx_word' id='word_1_346' title='bbox 3597 1671 3610 1712; x_wconf 91' lang='lat'><strong>:</strong></span> <span class='ocrx_word' id='word_1_347' title='bbox 3642 1655 3745 1710; x_wconf 88' lang='lat' dir='ltr'>ha-</span> 
     </span>
    </p>
   </div>
   <div class='ocr_carea' id='block_1_46' title="bbox 2075 1744 3745 1820">
    <p class='ocr_par' dir='ltr' id='par_1_46' title="bbox 2075 1744 3745 1820">
     <span class='ocr_line' id='line_1_46' title="bbox 2075 1744 3745 1820; baseline -0.004 -13"><span class='ocrx_word' id='word_1_348' title='bbox 2075 1751 2176 1807; x_wconf 87' lang='lat' dir='ltr'>bet</span> <span class='ocrx_word' id='word_1_349' title='bbox 2219 1751 2433 1818; x_wconf 91' lang='lat' dir='ltr'>oleum,</span> <span class='ocrx_word' id='word_1_350' title='bbox 2485 1748 2642 1820; x_wconf 91' lang='lat' dir='ltr'>quod</span> <span class='ocrx_word' id='word_1_351' title='bbox 2690 1745 2920 1817; x_wconf 91' lang='lat' dir='ltr'>accepit</span> <span class='ocrx_word' id='word_1_352' title='bbox 2948 1744 3060 1815; x_wconf 87' lang='lat'>(39)</span> <span class='ocrx_word' id='word_1_353' title='bbox 3092 1745 3411 1801; x_wconf 88' lang='lat' dir='ltr'>absconse.</span> <span class='ocrx_word' id='word_1_354' title='bbox 3447 1745 3574 1799; x_wconf 81' lang='lat' dir='ltr'>Hoc</span> <span class='ocrx_word' id='word_1_355' title='bbox 3615 1744 3745 1800; x_wconf 92' lang='lat' dir='ltr'>oleo</span> 
     </span>
    </p>
   </div>
   <div class='ocr_carea' id='block_1_47' title="bbox 2076 1833 3744 1910">
    <p class='ocr_par' dir='ltr' id='par_1_47' title="bbox 2076 1833 3744 1910">
     <span class='ocr_line' id='line_1_47' title="bbox 2076 1833 3744 1910; baseline -0.004 -15"><span class='ocrx_word' id='word_1_356' title='bbox 2076 1841 2232 1895; x_wconf 80' lang='lat' dir='ltr'>Aser</span> <span class='ocrx_word' id='word_1_357' title='bbox 2262 1839 2472 1910; x_wconf 89' lang='lat' dir='ltr'>pedem</span> <span class='ocrx_word' id='word_1_358' title='bbox 2504 1852 2677 1892; x_wconf 91' lang='lat' dir='ltr'>suum</span> <span class='ocrx_word' id='word_1_359' title='bbox 2707 1835 2869 1905; x_wconf 90' lang='lat' dir='ltr'>lavit,</span> <span class='ocrx_word' id='word_1_360' title='bbox 2919 1834 3076 1889; x_wconf 90' lang='lat' dir='ltr'>sicut</span> <span class='ocrx_word' id='word_1_361' title='bbox 3106 1834 3409 1904; x_wconf 89' lang='lat' dir='ltr'>&#39;scriptum</span> <span class='ocrx_word' id='word_1_362' title='bbox 3457 1836 3551 1889; x_wconf 89' lang='lat' dir='ltr'>est</span> <span class='ocrx_word' id='word_1_363' title='bbox 3583 1849 3596 1889; x_wconf 91' lang='lat'><strong>:</strong></span> <span class='ocrx_word' id='word_1_364' title='bbox 3627 1833 3744 1888; x_wconf 91' lang='lat' dir='ltr'>Be-</span> 
     </span>
    </p>
   </div>
   <div class='ocr_carea' id='block_1_48' title="bbox 2075 1922 3744 1994">
    <p class='ocr_par' dir='ltr' id='par_1_48' title="bbox 2075 1922 3744 1994">
     <span class='ocr_line' id='line_1_48' title="bbox 2075 1922 3744 1994; baseline -0.005 -8"><span class='ocrx_word' id='word_1_365' title='bbox 2075 1929 2346 1986; x_wconf 88' lang='lat' dir='ltr'>nedictus</span> <span class='ocrx_word' id='word_1_366' title='bbox 2396 1927 2553 1983; x_wconf 83' lang='lat' dir='ltr'>filius</span> <span class='ocrx_word' id='word_1_367' title='bbox 2602 1927 2787 1994; x_wconf 83' lang='lat' dir='ltr'>Aser;</span> <span class='ocrx_word' id='word_1_368' title='bbox 2846 1926 2903 1978; x_wconf 91' lang='lat' dir='ltr'>et</span> <span class='ocrx_word' id='word_1_369' title='bbox 2951 1923 3064 1979; x_wconf 91' lang='lat' dir='ltr'>erit</span> <span class='ocrx_word' id='word_1_370' title='bbox 3120 1925 3400 1993; x_wconf 91' lang='lat' dir='ltr'>acceptus</span> <span class='ocrx_word' id='word_1_371' title='bbox 3459 1922 3744 1978; x_wconf 89' lang='lat' dir='ltr'>fratribus</span> 
     </span>
    </p>
   </div>
   <div class='ocr_carea' id='block_1_49' title="bbox 2074 2011 3740 2088">
    <p class='ocr_par' dir='ltr' id='par_1_49' title="bbox 2074 2011 3740 2088">
     <span class='ocr_line' id='line_1_49' title="bbox 2074 2011 3740 2088; baseline -0.005 -15"><span class='ocrx_word' id='word_1_372' title='bbox 2074 2019 2226 2087; x_wconf 91' lang='lat' dir='ltr'>suis,</span> <span class='ocrx_word' id='word_1_373' title='bbox 2260 2019 2318 2073; x_wconf 90' lang='lat' dir='ltr'>et</span> <span class='ocrx_word' id='word_1_374' title='bbox 2346 2016 2596 2088; x_wconf 90' lang='lat' dir='ltr'>intinget</span> <span class='ocrx_word' id='word_1_375' title='bbox 2625 2014 2684 2069; x_wconf 92' lang='lat' dir='ltr'>in</span> <span class='ocrx_word' id='word_1_376' title='bbox 2717 2014 2849 2069; x_wconf 94' lang='lat' dir='ltr'>oleo</span> <span class='ocrx_word' id='word_1_377' title='bbox 2877 2012 3090 2084; x_wconf 90' lang='lat' dir='ltr'>pedem</span> <span class='ocrx_word' id='word_1_378' title='bbox 3120 2028 3294 2067; x_wconf 91' lang='lat' dir='ltr'>suum</span> <span class='ocrx_word' id='word_1_379' title='bbox 3313 2011 3508 2081; x_wconf 88' lang='lat' dir='ltr'>(Deut.</span> <span class='ocrx_word' id='word_1_380' title='bbox 3530 2028 3740 2082; x_wconf 70' lang='grc' dir='ltr'>χχχιιι,</span> 
     </span>
    </p>
   </div>
   <div class='ocr_carea' id='block_1_50' title="bbox 2071 2099 3744 2178">
    <p class='ocr_par' dir='ltr' id='par_1_50' title="bbox 2071 2099 3744 2178">
     <span class='ocr_line' id='line_1_50' title="bbox 2071 2099 3744 2178; baseline -0.004 -16"><span class='ocrx_word' id='word_1_381' title='bbox 2071 2108 2183 2177; x_wconf 73' lang='grc'>24).</span> <span class='ocrx_word' id='word_1_382' title='bbox 2226 2129 2246 2155; x_wconf 76' lang='grc' dir='ltr'>ι</span> <span class='ocrx_word' id='word_1_383' title='bbox 2285 2108 2413 2161; x_wconf 89' lang='lat' dir='ltr'>Hoc</span> <span class='ocrx_word' id='word_1_384' title='bbox 2443 2121 2587 2178; x_wconf 89' lang='lat' dir='ltr'>ergo</span> <span class='ocrx_word' id='word_1_385' title='bbox 2621 2103 2752 2159; x_wconf 90' lang='lat' dir='ltr'>oleo</span> <span class='ocrx_word' id='word_1_386' title='bbox 2785 2102 2955 2174; x_wconf 90' lang='lat' dir='ltr'>ungit</span> <span class='ocrx_word' id='word_1_387' title='bbox 2983 2101 3254 2156; x_wconf 88' lang='lat' dir='ltr'>Ecclesia</span> <span class='ocrx_word' id='word_1_388' title='bbox 3286 2099 3555 2156; x_wconf 91' lang='lat' dir='ltr'>cervices</span> <span class='ocrx_word' id='word_1_389' title='bbox 3603 2115 3744 2156; x_wconf 87' lang='lat' dir='ltr'>suo-</span> 
     </span>
    </p>
   </div>
   <div class='ocr_carea' id='block_1_51' title="bbox 2069 2189 3744 2266">
    <p class='ocr_par' dir='ltr' id='par_1_51' title="bbox 2069 2189 3744 2266">
     <span class='ocr_line' id='line_1_51' title="bbox 2069 2189 3744 2266; baseline -0.005 -14"><span class='ocrx_word' id='word_1_390' title='bbox 2069 2212 2221 2266; x_wconf 89' lang='lat' dir='ltr'>rum,</span> <span class='ocrx_word' id='word_1_391' title='bbox 2272 2198 2336 2251; x_wconf 89' lang='lat' dir='ltr'>ut</span> <span class='ocrx_word' id='word_1_392' title='bbox 2370 2195 2704 2265; x_wconf 90' lang='lat' dir='ltr'>suscipiant</span> <span class='ocrx_word' id='word_1_393' title='bbox 2727 2192 2940 2264; x_wconf 86' lang='lat' dir='ltr'>jugum</span> <span class='ocrx_word' id='word_1_394' title='bbox 2970 2189 3190 2245; x_wconf 89' lang='lat' dir='ltr'>Christi</span> <span class='ocrx_word' id='word_1_395' title='bbox 3224 2205 3237 2245; x_wconf 92' lang='lat'><strong>:</strong></span> <span class='ocrx_word' id='word_1_396' title='bbox 3268 2189 3382 2246; x_wconf 90' lang='lat' dir='ltr'>hoc</span> <span class='ocrx_word' id='word_1_397' title='bbox 3415 2189 3544 2246; x_wconf 91' lang='lat' dir='ltr'>oleo</span> <span class='ocrx_word' id='word_1_398' title='bbox 3574 2190 3744 2245; x_wconf 82' lang='lat' dir='ltr'>unxit</span> 
     </span>
    </p>
   </div>
   <div class='ocr_carea' id='block_1_52' title="bbox 2068 2279 3743 2357">
    <p class='ocr_par' dir='ltr' id='par_1_52' title="bbox 2068 2279 3743 2357">
     <span class='ocr_line' id='line_1_52' title="bbox 2068 2279 3743 2357; baseline -0.004 -16"><span class='ocrx_word' id='word_1_399' title='bbox 2068 2289 2382 2357; x_wconf 76' lang='lat' dir='ltr'>martyres,</span> <span class='ocrx_word' id='word_1_400' title='bbox 2415 2287 2478 2340; x_wconf 92' lang='lat' dir='ltr'>ut</span> <span class='ocrx_word' id='word_1_401' title='bbox 2511 2281 2863 2338; x_wconf 80' lang='lat' dir='ltr'>saecularem</span> <span class='ocrx_word' id='word_1_402' title='bbox 2895 2279 2970 2335; x_wconf 89' lang='lat' dir='ltr'>ab</span> <span class='ocrx_word' id='word_1_403' title='bbox 3001 2279 3090 2335; x_wconf 91' lang='lat' dir='ltr'>eis</span> <span class='ocrx_word' id='word_1_404' title='bbox 3129 2279 3435 2351; x_wconf 89' lang='lat' dir='ltr'>pulverem</span> <span class='ocrx_word' id='word_1_405' title='bbox 3478 2280 3743 2352; x_wconf 84' lang='lat' dir='ltr'>deterge-</span> 
     </span>
    </p>
   </div>
   <div class='ocr_carea' id='block_1_53' title="bbox 2068 2367 3743 2440">
    <p class='ocr_par' dir='ltr' id='par_1_53' title="bbox 2068 2367 3743 2440">
     <span class='ocr_line' id='line_1_53' title="bbox 2068 2367 3743 2440; baseline -0.005 -10"><span class='ocrx_word' id='word_1_406' title='bbox 2068 2378 2202 2432; x_wconf 86' lang='lat' dir='ltr'>ret:</span> <span class='ocrx_word' id='word_1_407' title='bbox 2239 2375 2352 2430; x_wconf 91' lang='lat' dir='ltr'>hoc</span> <span class='ocrx_word' id='word_1_408' title='bbox 2387 2373 2519 2430; x_wconf 92' lang='lat' dir='ltr'>oleo</span> <span class='ocrx_word' id='word_1_409' title='bbox 2551 2372 2936 2429; x_wconf 91' lang='lat' dir='ltr'>confessores</span> <span class='ocrx_word' id='word_1_410' title='bbox 2986 2370 3175 2440; x_wconf 79' lang='lat' dir='ltr'>unxit,</span> <span class='ocrx_word' id='word_1_411' title='bbox 3222 2383 3296 2423; x_wconf 91' lang='lat' dir='ltr'>ne</span> <span class='ocrx_word' id='word_1_412' title='bbox 3342 2367 3530 2423; x_wconf 90' lang='lat' dir='ltr'>labori</span> <span class='ocrx_word' id='word_1_413' title='bbox 3577 2368 3743 2424; x_wconf 87' lang='lat' dir='ltr'>cede-</span> 
     </span>
    </p>
   </div>
   <div class='ocr_carea' id='block_1_54' title="bbox 2069 2458 3738 2535">
    <p class='ocr_par' dir='ltr' id='par_1_54' title="bbox 2069 2458 3738 2535">
     <span class='ocr_line' id='line_1_54' title="bbox 2069 2458 3738 2535; baseline -0.004 -16"><span class='ocrx_word' id='word_1_414' title='bbox 2069 2467 2218 2535; x_wconf 90' lang='lat' dir='ltr'>rent,</span> <span class='ocrx_word' id='word_1_415' title='bbox 2271 2479 2346 2520; x_wconf 90' lang='lat' dir='ltr'>ne</span> <span class='ocrx_word' id='word_1_416' title='bbox 2394 2461 2861 2518; x_wconf 90' lang='lat' dir='ltr'>succumberent</span> <span class='ocrx_word' id='word_1_417' title='bbox 2906 2459 3152 2532; x_wconf 79' lang='lat' dir='ltr'>fatigati,</span> <span class='ocrx_word' id='word_1_418' title='bbox 3205 2475 3277 2514; x_wconf 91' lang='lat' dir='ltr'>ne</span> <span class='ocrx_word' id='word_1_419' title='bbox 3335 2461 3485 2514; x_wconf 85' lang='lat' dir='ltr'>aestu</span> <span class='ocrx_word' id='word_1_420' title='bbox 3539 2458 3738 2513; x_wconf 91' lang='lat' dir='ltr'>mundi</span> 
     </span>
    </p>
   </div>
   <div class='ocr_carea' id='block_1_55' title="bbox 2069 2547 3740 2621">
    <p class='ocr_par' dir='ltr' id='par_1_55' title="bbox 2069 2547 3740 2621">
     <span class='ocr_line' id='line_1_55' title="bbox 2069 2547 3740 2621; baseline -0.004 -12"><span class='ocrx_word' id='word_1_421' title='bbox 2069 2555 2244 2610; x_wconf 89' lang='lat' dir='ltr'>istius</span> <span class='ocrx_word' id='word_1_422' title='bbox 2275 2555 2657 2608; x_wconf 89' lang='lat' dir='ltr'>vincerentur</span> <span class='ocrx_word' id='word_1_423' title='bbox 2687 2567 2700 2606; x_wconf 90' lang='lat'>:</span> <span class='ocrx_word' id='word_1_424' title='bbox 2749 2550 2880 2605; x_wconf 90' lang='lat' dir='ltr'>ideo</span> <span class='ocrx_word' id='word_1_425' title='bbox 2915 2551 3083 2604; x_wconf 84' lang='lat' dir='ltr'>unxit</span> <span class='ocrx_word' id='word_1_426' title='bbox 3112 2564 3240 2621; x_wconf 90' lang='lat' dir='ltr'>eos,</span> <span class='ocrx_word' id='word_1_427' title='bbox 3272 2552 3335 2604; x_wconf 92' lang='lat' dir='ltr'>ut</span> <span class='ocrx_word' id='word_1_428' title='bbox 3366 2548 3615 2620; x_wconf 90' lang='lat' dir='ltr'>spiritali</span> <span class='ocrx_word' id='word_1_429' title='bbox 3646 2547 3740 2620; x_wconf 91' lang='lat' dir='ltr'>ip-</span> 
     </span>
    </p>
   </div>
   <div class='ocr_carea' id='block_1_56' title="bbox 2025 2640 2918 2715">
    <p class='ocr_par' dir='ltr' id='par_1_56' title="bbox 2025 2640 2918 2715">
     <span class='ocr_line' id='line_1_56' title="bbox 2025 2640 2918 2715; baseline -0.007 -15"><span class='ocrx_word' id='word_1_430' title='bbox 2025 2695 2028 2700; x_wconf 90' lang='lat'>.</span> <span class='ocrx_word' id='word_1_431' title='bbox 2068 2659 2176 2700; x_wconf 91' lang='lat' dir='ltr'>sos</span> <span class='ocrx_word' id='word_1_432' title='bbox 2208 2643 2338 2700; x_wconf 91' lang='lat' dir='ltr'>oleo</span> <span class='ocrx_word' id='word_1_433' title='bbox 2370 2642 2756 2715; x_wconf 83' lang='lat' dir='ltr'>refrigeraret</span> <span class='ocrx_word' id='word_1_434' title='bbox 2785 2640 2918 2709; x_wconf 79' lang='lat'>(40).</span> 
     </span>
    </p>
   </div>
   <div class='ocr_carea' id='block_1_57' title="bbox 2137 2726 3741 2806">
    <p class='ocr_par' dir='ltr' id='par_1_57' title="bbox 2137 2726 3741 2806">
     <span class='ocr_line' id='line_1_57' title="bbox 2137 2726 3741 2806; baseline -0.004 -19"><span class='ocrx_word' id='word_1_435' title='bbox 2137 2733 2227 2788; x_wconf 88' lang='grc'>21.</span> <span class='ocrx_word' id='word_1_436' title='bbox 2270 2733 2588 2806; x_wconf 75' lang='lat' dir='ltr'>Synagoga</span> <span class='ocrx_word' id='word_1_437' title='bbox 2617 2731 2730 2786; x_wconf 92' lang='lat' dir='ltr'>hoc</span> <span class='ocrx_word' id='word_1_438' title='bbox 2762 2730 2958 2786; x_wconf 90' lang='lat' dir='ltr'>oleum</span> <span class='ocrx_word' id='word_1_439' title='bbox 2986 2745 3105 2785; x_wconf 91' lang='lat' dir='ltr'>non</span> <span class='ocrx_word' id='word_1_440' title='bbox 3136 2728 3333 2800; x_wconf 91' lang='lat' dir='ltr'>habet,</span> <span class='ocrx_word' id='word_1_441' title='bbox 3367 2744 3501 2801; x_wconf 85' lang='lat' dir='ltr'>quae</span> <span class='ocrx_word' id='word_1_442' title='bbox 3525 2726 3741 2783; x_wconf 87' lang='lat' dir='ltr'>olivam</span> 
     </span>
    </p>
   </div>
   <div class='ocr_carea' id='block_1_58' title="bbox 2067 2817 3740 2894">
    <p class='ocr_par' dir='ltr' id='par_1_58' title="bbox 2067 2817 3740 2894">
     <span class='ocr_line' id='line_1_58' title="bbox 2067 2817 3740 2894; baseline -0.004 -16"><span class='ocrx_word' id='word_1_443' title='bbox 2067 2839 2186 2879; x_wconf 90' lang='lat' dir='ltr'>non</span> <span class='ocrx_word' id='word_1_444' title='bbox 2214 2823 2410 2892; x_wconf 88' lang='lat' dir='ltr'>habet,</span> <span class='ocrx_word' id='word_1_445' title='bbox 2443 2838 2575 2894; x_wconf 70' lang='lat' dir='ltr'>qua:</span> <span class='ocrx_word' id='word_1_446' title='bbox 2607 2837 2724 2876; x_wconf 91' lang='lat' dir='ltr'>non</span> <span class='ocrx_word' id='word_1_447' title='bbox 2752 2820 3041 2875; x_wconf 82' lang='lat' dir='ltr'>intellexit</span> <span class='ocrx_word' id='word_1_448' title='bbox 3063 2817 3221 2874; x_wconf 89' lang='lat' dir='ltr'>illam</span> <span class='ocrx_word' id='word_1_449' title='bbox 3241 2819 3574 2874; x_wconf 88' lang='lat' dir='ltr'>columbam</span> <span class='ocrx_word' id='word_1_450' title='bbox 3606 2834 3740 2889; x_wconf 59' lang='lat' dir='ltr'>quae</span> 
     </span>
    </p>
   </div>
   <div class='ocr_carea' id='block_1_59' title="bbox 2066 2907 3737 2980">
    <p class='ocr_par' dir='ltr' id='par_1_59' title="bbox 2066 2907 3737 2980">
     <span class='ocr_line' id='line_1_59' title="bbox 2066 2907 3737 2980; baseline -0.002 -13"><span class='ocrx_word' id='word_1_451' title='bbox 2066 2929 2292 2968; x_wconf 91' lang='lat' dir='ltr'>ramum</span> <span class='ocrx_word' id='word_1_452' title='bbox 2325 2913 2471 2967; x_wconf 70' lang='lat' dir='ltr'>oleaa</span> <span class='ocrx_word' id='word_1_453' title='bbox 2502 2910 2706 2966; x_wconf 85' lang='lat' dir='ltr'>detulit</span> <span class='ocrx_word' id='word_1_454' title='bbox 2734 2912 2872 2980; x_wconf 92' lang='lat' dir='ltr'>post</span> <span class='ocrx_word' id='word_1_455' title='bbox 2897 2909 3180 2964; x_wconf 91' lang='lat' dir='ltr'>diluvium</span> <span class='ocrx_word' id='word_1_456' title='bbox 3229 2907 3402 2978; x_wconf 86' lang='lat' dir='ltr'>(Gen.</span> <span class='ocrx_word' id='word_1_457' title='bbox 3452 2925 3578 2979; x_wconf 84' lang='lat' dir='ltr'>vm,</span> <span class='ocrx_word' id='word_1_458' title='bbox 3625 2907 3737 2977; x_wconf 90' lang='grc'>11).</span> 
     </span>
    </p>
   </div>
   <div class='ocr_carea' id='block_1_60' title="bbox 2066 2996 3738 3070">
    <p class='ocr_par' dir='ltr' id='par_1_60' title="bbox 2066 2996 3738 3070">
     <span class='ocr_line' id='line_1_60' title="bbox 2066 2996 3738 3070; baseline -0.003 -14"><span class='ocrx_word' id='word_1_459' title='bbox 2066 3002 2169 3056; x_wconf 90' lang='lat' dir='ltr'>llla</span> <span class='ocrx_word' id='word_1_460' title='bbox 2199 3002 2352 3056; x_wconf 89' lang='lat' dir='ltr'>enim</span> <span class='ocrx_word' id='word_1_461' title='bbox 2387 3000 2658 3056; x_wconf 88' lang='lat' dir='ltr'>columba</span> <span class='ocrx_word' id='word_1_462' title='bbox 2686 3001 2895 3070; x_wconf 89' lang='lat' dir='ltr'>postea</span> <span class='ocrx_word' id='word_1_463' title='bbox 2928 2998 3257 3069; x_wconf 90' lang='lat' dir='ltr'>descendit,</span> <span class='ocrx_word' id='word_1_464' title='bbox 3279 3002 3427 3053; x_wconf 87' lang='lat' dir='ltr'>&#39;cum</span> <span class='ocrx_word' id='word_1_465' title='bbox 3458 2996 3738 3052; x_wconf 89' lang='lat' dir='ltr'>Christus</span> 
     </span>
    </p>
   </div>
   <div class='ocr_carea' id='block_1_61' title="bbox 267 3084 3739 3173">
    <p class='ocr_par' dir='ltr' id='par_1_61' title="bbox 267 3084 3739 3173">
     <span class='ocr_line' id='line_1_61' title="bbox 267 3084 3739 3173; baseline 0.001 -34"><span class='ocrx_word' id='word_1_466' title='bbox 267 3084 376 3158; x_wconf 85' lang='lat' dir='ltr'>qui</span> <span class='ocrx_word' id='word_1_467' title='bbox 409 3100 527 3140; x_wconf 89' lang='lat' dir='ltr'>non</span> <span class='ocrx_word' id='word_1_468' title='bbox 558 3085 746 3141; x_wconf 88' lang='lat' dir='ltr'>habes</span> <span class='ocrx_word' id='word_1_469' title='bbox 777 3085 973 3141; x_wconf 89' lang='lat' dir='ltr'>osculi</span> <span class='ocrx_word' id='word_1_470' title='bbox 1001 3086 1380 3157; x_wconf 87' lang='lat' dir='ltr'>charitatem;</span> <span class='ocrx_word' id='word_1_471' title='bbox 1433 3086 1703 3142; x_wconf 90' lang='lat' dir='ltr'>osculum</span> <span class='ocrx_word' id='word_1_472' title='bbox 1743 3085 1943 3158; x_wconf 76' lang='lat' dir='ltr'>offers,</span> <span class='ocrx_word' id='word_1_473' title='bbox 1982 3109 2033 3173; x_wconf 73' lang='grc' dir='ltr'>ο</span> <span class='ocrx_word' id='word_1_474' title='bbox 2065 3092 2476 3163; x_wconf 85' lang='lat' dir='ltr'>baptizaretur,</span> <span class='ocrx_word' id='word_1_475' title='bbox 2509 3093 2565 3145; x_wconf 89' lang='lat' dir='ltr'>et</span> <span class='ocrx_word' id='word_1_476' title='bbox 2595 3089 2813 3144; x_wconf 89' lang='lat' dir='ltr'>mansit</span> <span class='ocrx_word' id='word_1_477' title='bbox 2843 3103 3026 3159; x_wconf 90' lang='lat' dir='ltr'>super</span> <span class='ocrx_word' id='word_1_478' title='bbox 3055 3104 3210 3158; x_wconf 91' lang='lat' dir='ltr'>eum,</span> <span class='ocrx_word' id='word_1_479' title='bbox 3243 3087 3400 3142; x_wconf 90' lang='lat' dir='ltr'>sicut</span> <span class='ocrx_word' id='word_1_480' title='bbox 3441 3087 3500 3141; x_wconf 90' lang='lat' dir='ltr'>in</span> <span class='ocrx_word' id='word_1_481' title='bbox 3547 3087 3739 3141; x_wconf 88' lang='lat' dir='ltr'>Evan-</span> 
     </span>
    </p>
   </div>
   <div class='ocr_carea' id='block_1_62' title="bbox 267 3175 1946 3246">
    <p class='ocr_par' dir='ltr' id='par_1_62' title="bbox 267 3175 1946 3246">
     <span class='ocr_line' id='line_1_62' title="bbox 267 3175 1946 3246; baseline 0.002 -17"><span class='ocrx_word' id='word_1_482' title='bbox 267 3175 378 3246; x_wconf 90' lang='lat' dir='ltr'>qui</span> <span class='ocrx_word' id='word_1_483' title='bbox 410 3175 614 3230; x_wconf 90' lang='lat' dir='ltr'>nescis</span> <span class='ocrx_word' id='word_1_484' title='bbox 643 3175 838 3231; x_wconf 90' lang='lat' dir='ltr'>osculi</span> <span class='ocrx_word' id='word_1_485' title='bbox 867 3178 1321 3231; x_wconf 90' lang='lat' dir='ltr'>sacramentum.</span> <span class='ocrx_word' id='word_1_486' title='bbox 1361 3176 1644 3232; x_wconf 91' lang='lat' dir='ltr'>Osculum</span> <span class='ocrx_word' id='word_1_487' title='bbox 1690 3193 1807 3233; x_wconf 88' lang='lat' dir='ltr'>non</span> <span class='ocrx_word' id='word_1_488' title='bbox 1857 3177 1946 3233; x_wconf 92' lang='lat' dir='ltr'>la-</span> 
     </span>
    </p>
   </div>
   <div class='ocr_carea' id='block_1_63' title="bbox 266 3263 1568 3336">
    <p class='ocr_par' dir='ltr' id='par_1_63' title="bbox 266 3263 1568 3336">
     <span class='ocr_line' id='line_1_63' title="bbox 266 3263 1568 3336; baseline 0.002 -16"><span class='ocrx_word' id='word_1_489' title='bbox 266 3263 510 3320; x_wconf 87' lang='lat' dir='ltr'>biorum</span> <span class='ocrx_word' id='word_1_490' title='bbox 540 3265 846 3336; x_wconf 66' lang='lat' dir='ltr'>quwritur,</span> <span class='ocrx_word' id='word_1_491' title='bbox 883 3265 991 3320; x_wconf 91' lang='lat' dir='ltr'>sed</span> <span class='ocrx_word' id='word_1_492' title='bbox 1020 3265 1218 3321; x_wconf 89' lang='lat' dir='ltr'>cordis</span> <span class='ocrx_word' id='word_1_493' title='bbox 1249 3269 1306 3321; x_wconf 91' lang='lat' dir='ltr'>et</span> <span class='ocrx_word' id='word_1_494' title='bbox 1334 3268 1568 3322; x_wconf 88' lang='lat' dir='ltr'>mentis.</span> 
     </span>
    </p>
   </div>
   <div class='ocr_carea' id='block_1_64' title="bbox 341 3353 1939 3414">
    <p class='ocr_par' dir='ltr' id='par_1_64' title="bbox 341 3353 1939 3414">
     <span class='ocr_line' id='line_1_64' title="bbox 341 3353 1939 3414; baseline 0.003 -6"><span class='ocrx_word' id='word_1_495' title='bbox 341 3353 431 3408; x_wconf 80' lang='grc'>17.</span> <span class='ocrx_word' id='word_1_496' title='bbox 473 3353 592 3410; x_wconf 91' lang='lat' dir='ltr'>Sed</span> <span class='ocrx_word' id='word_1_497' title='bbox 612 3354 764 3410; x_wconf 91' lang='lat' dir='ltr'>dicis</span> <span class='ocrx_word' id='word_1_498' title='bbox 796 3370 808 3410; x_wconf 93' lang='lat'>:</span> <span class='ocrx_word' id='word_1_499' title='bbox 843 3354 1162 3410; x_wconf 88' lang='lat' dir='ltr'>Osculatus</span> <span class='ocrx_word' id='word_1_500' title='bbox 1211 3359 1304 3411; x_wconf 89' lang='lat' dir='ltr'>est</span> <span class='ocrx_word' id='word_1_501' title='bbox 1347 3356 1684 3412; x_wconf 89' lang='lat' dir='ltr'>Dominum.</span> <span class='ocrx_word' id='word_1_502' title='bbox 1721 3357 1939 3414; x_wconf 85' lang='lat' dir='ltr'>Verum</span> 
     </span>
    </p>
   </div>
   <div class='ocr_carea' id='block_1_65' title="bbox 266 3442 1943 3518">
    <p class='ocr_par' dir='ltr' id='par_1_65' title="bbox 266 3442 1943 3518">
     <span class='ocr_line' id='line_1_65' title="bbox 266 3442 1943 3518; baseline 0.002 -19"><span class='ocrx_word' id='word_1_503' title='bbox 266 3442 582 3500; x_wconf 90' lang='lat' dir='ltr'>osculatus</span> <span class='ocrx_word' id='word_1_504' title='bbox 613 3446 708 3500; x_wconf 88' lang='lat' dir='ltr'>est</span> <span class='ocrx_word' id='word_1_505' title='bbox 733 3443 931 3500; x_wconf 89' lang='lat' dir='ltr'>labiis.</span> <span class='ocrx_word' id='word_1_506' title='bbox 968 3444 1097 3501; x_wconf 85' lang='lat' dir='ltr'>Hoc</span> <span class='ocrx_word' id='word_1_507' title='bbox 1143 3444 1321 3500; x_wconf 88' lang='lat' dir='ltr'>habet</span> <span class='ocrx_word' id='word_1_508' title='bbox 1369 3446 1640 3502; x_wconf 88' lang='lat' dir='ltr'>osculum</span> <span class='ocrx_word' id='word_1_509' title='bbox 1687 3448 1943 3518; x_wconf 89' lang='lat' dir='ltr'>pepulus</span> 
     </span>
    </p>
   </div>
   <div class='ocr_carea' id='block_1_66' title="bbox 262 3531 1942 3608">
    <p class='ocr_par' dir='ltr' id='par_1_66' title="bbox 262 3531 1942 3608">
     <span class='ocr_line' id='line_1_66' title="bbox 262 3531 1942 3608; baseline 0.002 -20"><span class='ocrx_word' id='word_1_510' title='bbox 262 3531 642 3604; x_wconf 81' lang='lat' dir='ltr'>Judaeorum,</span> <span class='ocrx_word' id='word_1_511' title='bbox 675 3532 926 3606; x_wconf 89' lang='lat' dir='ltr'>ideoque</span> <span class='ocrx_word' id='word_1_512' title='bbox 957 3533 1178 3590; x_wconf 90' lang='lat' dir='ltr'>dictum</span> <span class='ocrx_word' id='word_1_513' title='bbox 1207 3538 1299 3590; x_wconf 92' lang='lat' dir='ltr'>est</span> <span class='ocrx_word' id='word_1_514' title='bbox 1333 3551 1344 3592; x_wconf 94' lang='lat'>:</span> <span class='ocrx_word' id='word_1_515' title='bbox 1385 3558 1407 3583; x_wconf 80' lang='grc' dir='ltr'>ιι</span> <span class='ocrx_word' id='word_1_516' title='bbox 1440 3536 1706 3608; x_wconf 88' lang='lat' dir='ltr'>Populus</span> <span class='ocrx_word' id='word_1_517' title='bbox 1729 3537 1823 3592; x_wconf 90' lang='lat' dir='ltr'>hic</span> <span class='ocrx_word' id='word_1_518' title='bbox 1855 3537 1942 3592; x_wconf 89' lang='lat' dir='ltr'>la-</span> 
     </span>
    </p>
   </div>
   <div class='ocr_carea' id='block_1_67' title="bbox 259 3621 1944 3699">
    <p class='ocr_par' dir='ltr' id='par_1_67' title="bbox 259 3621 1944 3699">
     <span class='ocr_line' id='line_1_67' title="bbox 259 3621 1944 3699; baseline 0.004 -21"><span class='ocrx_word' id='word_1_519' title='bbox 259 3621 390 3678; x_wconf 86' lang='lat' dir='ltr'>biis</span> <span class='ocrx_word' id='word_1_520' title='bbox 422 3638 517 3678; x_wconf 88' lang='lat' dir='ltr'>me</span> <span class='ocrx_word' id='word_1_521' title='bbox 547 3622 816 3694; x_wconf 87' lang='lat' dir='ltr'>honorat,</span> <span class='ocrx_word' id='word_1_522' title='bbox 851 3639 958 3680; x_wconf 90' lang='lat' dir='ltr'>eor</span> <span class='ocrx_word' id='word_1_523' title='bbox 983 3626 1178 3679; x_wconf 86' lang='lat' dir='ltr'>autem</span> <span class='ocrx_word' id='word_1_524' title='bbox 1208 3639 1414 3680; x_wconf 88' lang='lat' dir='ltr'>eorum</span> <span class='ocrx_word' id='word_1_525' title='bbox 1444 3625 1622 3699; x_wconf 90' lang='lat' dir='ltr'>longe</span> <span class='ocrx_word' id='word_1_526' title='bbox 1655 3630 1747 3682; x_wconf 92' lang='lat' dir='ltr'>est</span> <span class='ocrx_word' id='word_1_527' title='bbox 1775 3644 1808 3682; x_wconf 93' lang='lat' dir='ltr'>a</span> <span class='ocrx_word' id='word_1_528' title='bbox 1853 3645 1944 3685; x_wconf 89' lang='lat' dir='ltr'>me</span> 
     </span>
    </p>
   </div>
   <div class='ocr_carea' id='block_1_68' title="bbox 263 3711 1945 3790">
    <p class='ocr_par' dir='ltr' id='par_1_68' title="bbox 263 3711 1945 3790">
     <span class='ocr_line' id='line_1_68' title="bbox 263 3711 1945 3790; baseline 0.004 -24"><span class='ocrx_word' id='word_1_529' title='bbox 263 3711 518 3780; x_wconf 77' lang='lat' dir='ltr'>(Matth.</span> <span class='ocrx_word' id='word_1_530' title='bbox 567 3729 668 3785; x_wconf 81' lang='lat' dir='ltr'>xv,</span> <span class='ocrx_word' id='word_1_531' title='bbox 718 3712 796 3785; x_wconf 91' lang='lat'>8).</span> <span class='ocrx_word' id='word_1_532' title='bbox 854 3736 876 3761; x_wconf 71' lang='grc' dir='ltr'>η</span> <span class='ocrx_word' id='word_1_533' title='bbox 924 3713 1086 3786; x_wconf 88' lang='lat' dir='ltr'>Ergo</span> <span class='ocrx_word' id='word_1_534' title='bbox 1129 3729 1248 3768; x_wconf 89' lang='lat' dir='ltr'>non</span> <span class='ocrx_word' id='word_1_535' title='bbox 1293 3713 1471 3770; x_wconf 82' lang='lat' dir='ltr'>habet</span> <span class='ocrx_word' id='word_1_536' title='bbox 1519 3717 1810 3788; x_wconf 90' lang='lat' dir='ltr'>osculum,</span> <span class='ocrx_word' id='word_1_537' title='bbox 1846 3719 1945 3790; x_wconf 91' lang='lat' dir='ltr'>qui</span> 
     </span>
    </p>
   </div>
   <div class='ocr_carea' id='block_1_69' title="bbox 262 3799 1946 3875">
    <p class='ocr_par' dir='ltr' id='par_1_69' title="bbox 262 3799 1946 3875">
     <span class='ocr_line' id='line_1_69' title="bbox 262 3799 1946 3875; baseline 0.004 -20"><span class='ocrx_word' id='word_1_538' title='bbox 262 3799 453 3856; x_wconf 79' lang='lat' dir='ltr'>fidem</span> <span class='ocrx_word' id='word_1_539' title='bbox 504 3803 562 3857; x_wconf 88' lang='lat' dir='ltr'>et</span> <span class='ocrx_word' id='word_1_540' title='bbox 603 3802 950 3858; x_wconf 89' lang='lat' dir='ltr'>charitatem</span> <span class='ocrx_word' id='word_1_541' title='bbox 999 3819 1117 3858; x_wconf 89' lang='lat' dir='ltr'>non</span> <span class='ocrx_word' id='word_1_542' title='bbox 1163 3802 1375 3875; x_wconf 88' lang='lat' dir='ltr'>habet;</span> <span class='ocrx_word' id='word_1_543' title='bbox 1424 3804 1633 3861; x_wconf 91' lang='lat' dir='ltr'>osculo</span> <span class='ocrx_word' id='word_1_544' title='bbox 1665 3807 1821 3861; x_wconf 91' lang='lat' dir='ltr'>enim</span> <span class='ocrx_word' id='word_1_545' title='bbox 1851 3808 1946 3862; x_wconf 88' lang='lat' dir='ltr'>vis</span> 
     </span>
    </p>
   </div>
   <div class='ocr_carea' id='block_1_70' title="bbox 260 3890 1944 3967">
    <p class='ocr_par' dir='ltr' id='par_1_70' title="bbox 260 3890 1944 3967">
     <span class='ocr_line' id='line_1_70' title="bbox 260 3890 1944 3967; baseline 0.005 -23"><span class='ocrx_word' id='word_1_546' title='bbox 260 3890 496 3945; x_wconf 86' lang='lat' dir='ltr'>amoris</span> <span class='ocrx_word' id='word_1_547' title='bbox 529 3890 882 3963; x_wconf 89' lang='lat' dir='ltr'>imprimitur</span> <span class='ocrx_word' id='word_1_548' title='bbox 909 3891 1044 3964; x_wconf 85' lang='lat'>(88).</span> <span class='ocrx_word' id='word_1_549' title='bbox 1080 3892 1196 3948; x_wconf 91' lang='lat' dir='ltr'>Ubi</span> <span class='ocrx_word' id='word_1_550' title='bbox 1225 3909 1344 3948; x_wconf 92' lang='lat' dir='ltr'>non</span> <span class='ocrx_word' id='word_1_551' title='bbox 1375 3896 1467 3950; x_wconf 90' lang='lat' dir='ltr'>est</span> <span class='ocrx_word' id='word_1_552' title='bbox 1495 3910 1678 3967; x_wconf 89' lang='lat' dir='ltr'>amor,</span> <span class='ocrx_word' id='word_1_553' title='bbox 1713 3911 1830 3951; x_wconf 92' lang='lat' dir='ltr'>non</span> <span class='ocrx_word' id='word_1_554' title='bbox 1852 3900 1944 3953; x_wconf 90' lang='lat' dir='ltr'>est</span> 
     </span>
    </p>
   </div>
   <div class='ocr_carea' id='block_1_71' title="bbox 261 3978 1943 4055">
    <p class='ocr_par' dir='ltr' id='par_1_71' title="bbox 261 3978 1943 4055">
     <span class='ocr_line' id='line_1_71' title="bbox 261 3978 1943 4055; baseline 0.005 -21"><span class='ocrx_word' id='word_1_555' title='bbox 261 3978 446 4050; x_wconf 79' lang='lat' dir='ltr'>ﬁdes,</span> <span class='ocrx_word' id='word_1_556' title='bbox 499 3995 617 4036; x_wconf 87' lang='lat' dir='ltr'>non</span> <span class='ocrx_word' id='word_1_557' title='bbox 665 3983 759 4036; x_wconf 90' lang='lat' dir='ltr'>est</span> <span class='ocrx_word' id='word_1_558' title='bbox 803 3980 1072 4053; x_wconf 88' lang='lat' dir='ltr'>dilectio;</span> <span class='ocrx_word' id='word_1_559' title='bbox 1119 3999 1253 4055; x_wconf 84' lang='lat' dir='ltr'>quae</span> <span class='ocrx_word' id='word_1_560' title='bbox 1283 3985 1480 4054; x_wconf 89' lang='lat' dir='ltr'>potest</span> <span class='ocrx_word' id='word_1_561' title='bbox 1509 4000 1648 4041; x_wconf 90' lang='lat' dir='ltr'>esse</span> <span class='ocrx_word' id='word_1_562' title='bbox 1680 3986 1943 4042; x_wconf 89' lang='lat' dir='ltr'>suavitas</span> 
     </span>
    </p>
   </div>
   <div class='ocr_carea' id='block_1_72' title="bbox 261 4068 666 4126">
    <p class='ocr_par' dir='ltr' id='par_1_72' title="bbox 261 4068 666 4126">
     <span class='ocr_line' id='line_1_72' title="bbox 261 4068 666 4126; baseline 0.007 -3"><span class='ocrx_word' id='word_1_563' title='bbox 261 4068 620 4125; x_wconf 90' lang='lat' dir='ltr'>osculorum</span> <span class='ocrx_word' id='word_1_564' title='bbox 636 4071 666 4126; x_wconf 86' lang='lat'><strong><em>?</em></strong></span> 
     </span>
    </p>
   </div>
   <div class='ocr_carea' id='block_1_73' title="bbox 343 4157 1946 4238">
    <p class='ocr_par' dir='ltr' id='par_1_73' title="bbox 343 4157 1946 4238">
     <span class='ocr_line' id='line_1_73' title="bbox 343 4157 1946 4238; baseline 0.006 -26"><span class='ocrx_word' id='word_1_565' title='bbox 343 4157 437 4214; x_wconf 90' lang='grc'>18.</span> <span class='ocrx_word' id='word_1_566' title='bbox 479 4157 750 4215; x_wconf 84' lang='lat' dir='ltr'>Ecclesia</span> <span class='ocrx_word' id='word_1_567' title='bbox 799 4163 992 4216; x_wconf 91' lang='lat' dir='ltr'>autem</span> <span class='ocrx_word' id='word_1_568' title='bbox 1039 4177 1158 4218; x_wconf 87' lang='lat' dir='ltr'>non</span> <span class='ocrx_word' id='word_1_569' title='bbox 1205 4167 1406 4219; x_wconf 90' lang='lat' dir='ltr'>cessat</span> <span class='ocrx_word' id='word_1_570' title='bbox 1453 4165 1712 4220; x_wconf 90' lang='lat' dir='ltr'>osculari</span> <span class='ocrx_word' id='word_1_571' title='bbox 1762 4167 1946 4238; x_wconf 90' lang='lat' dir='ltr'>pedes</span> 
     </span>
    </p>
   </div>
   <div class='ocr_carea' id='block_1_74' title="bbox 263 4245 1948 4322">
    <p class='ocr_par' dir='ltr' id='par_1_74' title="bbox 263 4245 1948 4322">
     <span class='ocr_line' id='line_1_74' title="bbox 263 4245 1948 4322; baseline 0.006 -21"><span class='ocrx_word' id='word_1_572' title='bbox 263 4245 532 4318; x_wconf 87' lang='lat' dir='ltr'>Christi;</span> <span class='ocrx_word' id='word_1_573' title='bbox 565 4251 622 4304; x_wconf 93' lang='lat' dir='ltr'>et</span> <span class='ocrx_word' id='word_1_574' title='bbox 652 4248 786 4305; x_wconf 89' lang='lat' dir='ltr'>ideo</span> <span class='ocrx_word' id='word_1_575' title='bbox 817 4265 936 4306; x_wconf 91' lang='lat' dir='ltr'>non</span> <span class='ocrx_word' id='word_1_576' title='bbox 984 4267 1188 4322; x_wconf 90' lang='lat' dir='ltr'>unum,</span> <span class='ocrx_word' id='word_1_577' title='bbox 1239 4253 1348 4308; x_wconf 89' lang='lat' dir='ltr'>sed</span> <span class='ocrx_word' id='word_1_578' title='bbox 1385 4254 1566 4309; x_wconf 88' lang='lat' dir='ltr'>multa</span> <span class='ocrx_word' id='word_1_579' title='bbox 1597 4255 1656 4310; x_wconf 89' lang='lat' dir='ltr'>in</span> <span class='ocrx_word' id='word_1_580' title='bbox 1686 4254 1948 4311; x_wconf 90' lang='lat' dir='ltr'>Canticis</span> 
     </span>
    </p>
   </div>
   <div class='ocr_carea' id='block_1_75' title="bbox 263 4336 1950 4417">
    <p class='ocr_par' dir='ltr' id='par_1_75' title="bbox 263 4336 1950 4417">
     <span class='ocr_line' id='line_1_75' title="bbox 263 4336 1950 4417; baseline 0.007 -27"><span class='ocrx_word' id='word_1_581' title='bbox 263 4336 644 4392; x_wconf 88' lang='lat' dir='ltr'>canticorum</span> <span class='ocrx_word' id='word_1_582' title='bbox 693 4339 881 4412; x_wconf 79' lang='lat' dir='ltr'>exigit</span> <span class='ocrx_word' id='word_1_583' title='bbox 927 4341 1133 4396; x_wconf 89' lang='lat' dir='ltr'>oscula</span> <span class='ocrx_word' id='word_1_584' title='bbox 1183 4341 1376 4412; x_wconf 85' lang='lat' dir='ltr'>(Cant.</span> <span class='ocrx_word' id='word_1_585' title='bbox 1410 4360 1449 4412; x_wconf 85' lang='grc' dir='ltr'>ι,</span> <span class='ocrx_word' id='word_1_586' title='bbox 1485 4344 1558 4415; x_wconf 94' lang='grc'>1),</span> <span class='ocrx_word' id='word_1_587' title='bbox 1607 4361 1741 4417; x_wconf 87' lang='lat' dir='ltr'>quae</span> <span class='ocrx_word' id='word_1_588' title='bbox 1788 4345 1950 4401; x_wconf 89' lang='lat' dir='ltr'>velut</span> 
     </span>
    </p>
   </div>
   <div class='ocr_carea' id='block_1_76' title="bbox 261 4426 1947 4505">
    <p class='ocr_par' dir='ltr' id='par_1_76' title="bbox 261 4426 1947 4505">
     <span class='ocr_line' id='line_1_76' title="bbox 261 4426 1947 4505; baseline 0.007 -26"><span class='ocrx_word' id='word_1_589' title='bbox 261 4427 484 4481; x_wconf 87' lang='lat' dir='ltr'>sancta</span> <span class='ocrx_word' id='word_1_590' title='bbox 517 4426 697 4482; x_wconf 88' lang='lat' dir='ltr'>Maria</span> <span class='ocrx_word' id='word_1_591' title='bbox 727 4429 800 4483; x_wconf 91' lang='lat' dir='ltr'>ad</span> <span class='ocrx_word' id='word_1_592' title='bbox 833 4445 1041 4484; x_wconf 90' lang='lat' dir='ltr'>omnes</span> <span class='ocrx_word' id='word_1_593' title='bbox 1074 4429 1208 4502; x_wconf 84' lang='lat' dir='ltr'>ejus</span> <span class='ocrx_word' id='word_1_594' title='bbox 1239 4434 1332 4486; x_wconf 90' lang='lat' dir='ltr'>est</span> <span class='ocrx_word' id='word_1_595' title='bbox 1362 4433 1582 4488; x_wconf 89' lang='lat' dir='ltr'>intenta</span> <span class='ocrx_word' id='word_1_596' title='bbox 1613 4450 1947 4505; x_wconf 88' lang='lat' dir='ltr'>sermones,</span> 
     </span>
    </p>
   </div>
   <div class='ocr_carea' id='block_1_77' title="bbox 259 4515 1948 4597">
    <p class='ocr_par' dir='ltr' id='par_1_77' title="bbox 259 4515 1948 4597">
     <span class='ocr_line' id='line_1_77' title="bbox 259 4515 1948 4597; baseline 0.007 -29"><span class='ocrx_word' id='word_1_597' title='bbox 259 4515 473 4570; x_wconf 85' lang='lat' dir='ltr'>omnia</span> <span class='ocrx_word' id='word_1_598' title='bbox 502 4515 637 4588; x_wconf 88' lang='lat' dir='ltr'>ejus</span> <span class='ocrx_word' id='word_1_599' title='bbox 667 4518 848 4574; x_wconf 89' lang='lat' dir='ltr'>verba</span> <span class='ocrx_word' id='word_1_600' title='bbox 867 4519 1114 4590; x_wconf 84' lang='lat' dir='ltr'>excipit;</span> <span class='ocrx_word' id='word_1_601' title='bbox 1144 4520 1515 4594; x_wconf 90' lang='lat' dir='ltr'>cumlegitur</span> <span class='ocrx_word' id='word_1_602' title='bbox 1535 4522 1948 4597; x_wconf 89' lang='lat' dir='ltr'>Evangelium,</span> 
     </span>
    </p>
   </div>
   <div class='ocr_carea' id='block_1_78' title="bbox 257 4604 1950 4681">
    <p class='ocr_par' dir='ltr' id='par_1_78' title="bbox 257 4604 1950 4681">
     <span class='ocr_line' id='line_1_78' title="bbox 257 4604 1950 4681; baseline 0.007 -24"><span class='ocrx_word' id='word_1_603' title='bbox 257 4604 366 4659; x_wconf 86' lang='lat' dir='ltr'>vel</span> <span class='ocrx_word' id='word_1_604' title='bbox 420 4605 728 4677; x_wconf 89' lang='lat' dir='ltr'>propheta,</span> <span class='ocrx_word' id='word_1_605' title='bbox 775 4610 832 4662; x_wconf 92' lang='lat' dir='ltr'>et</span> <span class='ocrx_word' id='word_1_606' title='bbox 882 4609 1077 4664; x_wconf 88' lang='lat' dir='ltr'>omnia</span> <span class='ocrx_word' id='word_1_607' title='bbox 1122 4608 1258 4681; x_wconf 91' lang='lat' dir='ltr'>ejus</span> <span class='ocrx_word' id='word_1_608' title='bbox 1305 4610 1459 4665; x_wconf 90' lang='lat' dir='ltr'>dicta</span> <span class='ocrx_word' id='word_1_609' title='bbox 1519 4607 1835 4668; x_wconf 85' lang='lat' dir='ltr'>conservat</span> <span class='ocrx_word' id='word_1_610' title='bbox 1892 4615 1950 4669; x_wconf 87' lang='lat' dir='ltr'>in</span> 
     </span>
    </p>
   </div>
   <div class='ocr_carea' id='block_1_79' title="bbox 259 4692 1952 4772">
    <p class='ocr_par' dir='ltr' id='par_1_79' title="bbox 259 4692 1952 4772">
     <span class='ocr_line' id='line_1_79' title="bbox 259 4692 1952 4772; baseline 0.007 -25"><span class='ocrx_word' id='word_1_611' title='bbox 259 4692 454 4749; x_wconf 86' lang='lat' dir='ltr'>corde</span> <span class='ocrx_word' id='word_1_612' title='bbox 486 4710 596 4750; x_wconf 92' lang='lat' dir='ltr'>suo</span> <span class='ocrx_word' id='word_1_613' title='bbox 625 4696 789 4766; x_wconf 87' lang='lat' dir='ltr'>(Luc.</span> <span class='ocrx_word' id='word_1_614' title='bbox 822 4713 884 4767; x_wconf 91' lang='grc' dir='ltr'>ιι,</span> <span class='ocrx_word' id='word_1_615' title='bbox 917 4697 1030 4768; x_wconf 87' lang='grc'>51).</span> <span class='ocrx_word' id='word_1_616' title='bbox 1075 4696 1214 4754; x_wconf 92' lang='lat' dir='ltr'>Sola</span> <span class='ocrx_word' id='word_1_617' title='bbox 1264 4713 1408 4772; x_wconf 91' lang='lat' dir='ltr'>ergo</span> <span class='ocrx_word' id='word_1_618' title='bbox 1457 4699 1729 4756; x_wconf 89' lang='lat' dir='ltr'>Ecclesia</span> <span class='ocrx_word' id='word_1_619' title='bbox 1775 4703 1952 4759; x_wconf 88' lang='lat' dir='ltr'>habet</span> 
     </span>
    </p>
   </div>
   <div class='ocr_carea' id='block_1_80' title="bbox 256 4781 1950 4864">
    <p class='ocr_par' dir='ltr' id='par_1_80' title="bbox 256 4781 1950 4864">
     <span class='ocr_line' id='line_1_80' title="bbox 256 4781 1950 4864; baseline 0.006 -27"><span class='ocrx_word' id='word_1_620' title='bbox 256 4781 479 4838; x_wconf 91' lang='lat' dir='ltr'>oscula</span> <span class='ocrx_word' id='word_1_621' title='bbox 507 4785 677 4856; x_wconf 90' lang='lat' dir='ltr'>quasi</span> <span class='ocrx_word' id='word_1_622' title='bbox 708 4801 962 4857; x_wconf 89' lang='lat' dir='ltr'>sponsa;</span> <span class='ocrx_word' id='word_1_623' title='bbox 1016 4788 1292 4843; x_wconf 85' lang='lat' dir='ltr'>osculum</span> <span class='ocrx_word' id='word_1_624' title='bbox 1328 4789 1484 4844; x_wconf 90' lang='lat' dir='ltr'>enim</span> <span class='ocrx_word' id='word_1_625' title='bbox 1515 4791 1688 4862; x_wconf 90' lang='lat' dir='ltr'>quasi</span> <span class='ocrx_word' id='word_1_626' title='bbox 1730 4792 1950 4864; x_wconf 89' lang='lat' dir='ltr'>pignus</span> 
     </span>
    </p>
   </div>
   <div class='ocr_carea' id='block_1_81' title="bbox 263 4874 1950 4952">
    <p class='ocr_par' dir='ltr' id='par_1_81' title="bbox 263 4874 1950 4952">
     <span class='ocr_line' id='line_1_81' title="bbox 263 4874 1950 4952; baseline 0.007 -26"><span class='ocrx_word' id='word_1_627' title='bbox 263 4874 368 4927; x_wconf 88' lang='lat' dir='ltr'>est</span> <span class='ocrx_word' id='word_1_628' title='bbox 400 4874 754 4946; x_wconf 87' lang='lat' dir='ltr'>nuptiarum,</span> <span class='ocrx_word' id='word_1_629' title='bbox 790 4878 847 4931; x_wconf 91' lang='lat' dir='ltr'>et</span> <span class='ocrx_word' id='word_1_630' title='bbox 877 4879 1274 4949; x_wconf 85' lang='lat' dir='ltr'>praerogativa</span> <span class='ocrx_word' id='word_1_631' title='bbox 1306 4878 1596 4952; x_wconf 87' lang='lat' dir='ltr'>conjugii.</span> <span class='ocrx_word' id='word_1_632' title='bbox 1651 4881 1817 4936; x_wconf 90' lang='lat' dir='ltr'>Unde</span> <span class='ocrx_word' id='word_1_633' title='bbox 1850 4883 1950 4937; x_wconf 85' lang='lat' dir='ltr'>Ju-</span> 
     </span>
    </p>
   </div>
   <div class='ocr_carea' id='block_1_82' title="bbox 262 4959 1951 5040">
    <p class='ocr_par' dir='ltr' id='par_1_82' title="bbox 262 4959 1951 5040">
     <span class='ocr_line' id='line_1_82' title="bbox 262 4959 1951 5040; baseline 0.006 -24"><span class='ocrx_word' id='word_1_634' title='bbox 262 4959 408 5016; x_wconf 85' lang='lat' dir='ltr'>daeo</span> <span class='ocrx_word' id='word_1_635' title='bbox 455 4963 681 5034; x_wconf 88' lang='lat' dir='ltr'>oscula,</span> <span class='ocrx_word' id='word_1_636' title='bbox 734 4964 836 5036; x_wconf 91' lang='lat' dir='ltr'>qui</span> <span class='ocrx_word' id='word_1_637' title='bbox 886 4981 1005 5021; x_wconf 90' lang='lat' dir='ltr'>non</span> <span class='ocrx_word' id='word_1_638' title='bbox 1053 4967 1238 5022; x_wconf 89' lang='lat' dir='ltr'>credit</span> <span class='ocrx_word' id='word_1_639' title='bbox 1288 4968 1348 5021; x_wconf 87' lang='lat' dir='ltr'>in</span> <span class='ocrx_word' id='word_1_640' title='bbox 1401 4968 1740 5040; x_wconf 85' lang='lat' dir='ltr'>Sponsum?</span> <span class='ocrx_word' id='word_1_641' title='bbox 1783 4970 1951 5027; x_wconf 91' lang='lat' dir='ltr'>Unde</span> 
     </span>
    </p>
   </div>
   <div class='ocr_carea' id='block_1_83' title="bbox 262 5049 1952 5138">
    <p class='ocr_par' dir='ltr' id='par_1_83' title="bbox 262 5049 1952 5138">
     <span class='ocr_line' id='line_1_83' title="bbox 262 5049 1952 5138; baseline 0.007 -33"><span class='ocrx_word' id='word_1_642' title='bbox 262 5049 488 5108; x_wconf 79' lang='lat' dir='ltr'>Judan</span> <span class='ocrx_word' id='word_1_643' title='bbox 537 5053 761 5125; x_wconf 88' lang='lat' dir='ltr'>oscula,</span> <span class='ocrx_word' id='word_1_644' title='bbox 811 5054 1258 5138; x_wconf 51' lang='lat' dir='ltr'>qui’Sponsum</span> <span class='ocrx_word' id='word_1_645' title='bbox 1300 5057 1493 5114; x_wconf 88' lang='lat' dir='ltr'>adhuc</span> <span class='ocrx_word' id='word_1_646' title='bbox 1543 5061 1785 5116; x_wconf 89' lang='lat' dir='ltr'>venisse</span> <span class='ocrx_word' id='word_1_647' title='bbox 1835 5077 1952 5117; x_wconf 91' lang='lat' dir='ltr'>non</span> 
     </span>
    </p>
   </div>
   <div class='ocr_carea' id='block_1_84' title="bbox 263 5139 499 5194">
    <p class='ocr_par' dir='ltr' id='par_1_84' title="bbox 263 5139 499 5194">
     <span class='ocr_line' id='line_1_84' title="bbox 263 5139 499 5194; baseline 0.004 -1"><span class='ocrx_word' id='word_1_648' title='bbox 263 5154 348 5194; x_wconf 87' lang='lat' dir='ltr'>no</span> <span class='ocrx_word' id='word_1_649' title='bbox 361 5139 448 5194; x_wconf 89' lang='lat' dir='ltr'>vit</span> <span class='ocrx_word' id='word_1_650' title='bbox 469 5141 499 5194; x_wconf 85' lang='lat'><strong>?</strong></span> 
     </span>
    </p>
   </div>
   <div class='ocr_carea' id='block_1_85' title="bbox 343 5281 1954 5364">
    <p class='ocr_par' dir='ltr' id='par_1_85' title="bbox 343 5281 1954 5364">
     <span class='ocr_line' id='line_1_85' title="bbox 343 5281 1954 5364; baseline 0.007 -27"><span class='ocrx_word' id='word_1_651' title='bbox 343 5281 738 5364; x_wconf 44' lang='lat' dir='ltr'>(36).Re_gius</span> <span class='ocrx_word' id='word_1_652' title='bbox 787 5286 1000 5364; x_wconf 50' lang='lat' dir='ltr'>codex,</span> <span class='ocrx_word' id='word_1_653' title='bbox 1053 5312 1076 5336; x_wconf 76' lang='grc' dir='ltr'>α</span> <span class='ocrx_word' id='word_1_654' title='bbox 1130 5294 1375 5345; x_wconf 90' lang='lat' dir='ltr'>sanctus</span> <span class='ocrx_word' id='word_1_655' title='bbox 1420 5292 1498 5346; x_wconf 85' lang='lat' dir='ltr'>ait</span> <span class='ocrx_word' id='word_1_656' title='bbox 1549 5309 1561 5348; x_wconf 94' lang='lat'><strong>:</strong></span> <span class='ocrx_word' id='word_1_657' title='bbox 1622 5292 1703 5349; x_wconf 91' lang='lat' dir='ltr'>Os</span> <span class='ocrx_word' id='word_1_658' title='bbox 1759 5308 1954 5349; x_wconf 89' lang='lat' dir='ltr'>meum</span> 
     </span>
    </p>
   </div>
   <div class='ocr_carea' id='block_1_86' title="bbox 268 5360 1063 5424">
    <p class='ocr_par' dir='ltr' id='par_1_86' title="bbox 268 5360 1063 5424">
     <span class='ocr_line' id='line_1_86' title="bbox 268 5360 1063 5424; baseline 0.01 -18"><span class='ocrx_word' id='word_1_659' title='bbox 268 5360 513 5424; x_wconf 83' lang='lat' dir='ltr'>aperui,</span> <span class='ocrx_word' id='word_1_660' title='bbox 549 5360 605 5410; x_wconf 92' lang='lat' dir='ltr'>et</span> <span class='ocrx_word' id='word_1_661' title='bbox 632 5360 993 5414; x_wconf 89' lang='lat' dir='ltr'>annuntiavi.</span> <span class='ocrx_word' id='word_1_662' title='bbox 1041 5384 1063 5408; x_wconf 73' lang='grc' dir='ltr'>ι»</span> 
     </span>
    </p>
   </div>
   <div class='ocr_carea' id='block_1_87' title="bbox 347 5421 1955 5507">
    <p class='ocr_par' dir='ltr' id='par_1_87' title="bbox 347 5421 1955 5507">
     <span class='ocr_line' id='line_1_87' title="bbox 347 5421 1955 5507; baseline 0.009 -30"><span class='ocrx_word' id='word_1_663' title='bbox 347 5421 471 5507; x_wconf 64' lang='grc'>(37)</span> <span class='ocrx_word' id='word_1_664' title='bbox 499 5421 912 5507; x_wconf 48' lang='lat' dir='ltr'>&#39;Idemcodex,</span> <span class='ocrx_word' id='word_1_665' title='bbox 953 5451 974 5481; x_wconf 73' lang='grc' dir='ltr'>ι</span> <span class='ocrx_word' id='word_1_666' title='bbox 1012 5431 1370 5507; x_wconf 76' lang='lat' dir='ltr'>Qsculemur</span> <span class='ocrx_word' id='word_1_667' title='bbox 1397 5433 1720 5507; x_wconf 88' lang='lat' dir='ltr'>Christum,</span> <span class='ocrx_word' id='word_1_668' title='bbox 1758 5457 1780 5486; x_wconf 71' lang='grc' dir='ltr'>ι</span> <span class='ocrx_word' id='word_1_669' title='bbox 1818 5440 1955 5506; x_wconf 91' lang='lat' dir='ltr'>etc.,</span> 
     </span>
    </p>
   </div>
   <div class='ocr_carea' id='block_1_88' title="bbox 275 5495 1959 5577">
    <p class='ocr_par' dir='ltr' id='par_1_88' title="bbox 275 5495 1959 5577">
     <span class='ocr_line' id='line_1_88' title="bbox 275 5495 1959 5577; baseline 0.009 -28"><span class='ocrx_word' id='word_1_670' title='bbox 275 5495 386 5577; x_wconf 69' lang='lat' dir='ltr'>ubi</span> <span class='ocrx_word' id='word_1_671' title='bbox 419 5495 1236 5577; x_wconf 21' lang='lat' dir='ltr'>observabimAuSA&#39;vestigium</span> <span class='ocrx_word' id='word_1_672' title='bbox 1267 5505 1536 5577; x_wconf 87' lang='lat' dir='ltr'>religiosi</span> <span class='ocrx_word' id='word_1_673' title='bbox 1568 5495 1730 5563; x_wconf 82' lang='lat' dir='ltr'>illius</span> <span class='ocrx_word' id='word_1_674' title='bbox 1771 5495 1959 5564; x_wconf 49' lang='lat' dir='ltr'>sileo-&#39;-</span> 
     </span>
    </p>
   </div>
   <div class='ocr_carea' id='block_1_89' title="bbox 272 5567 1958 5650">
    <p class='ocr_par' dir='ltr' id='par_1_89' title="bbox 272 5567 1958 5650">
     <span class='ocr_line' id='line_1_89' title="bbox 272 5567 1958 5650; baseline 0.008 -29"><span class='ocrx_word' id='word_1_675' title='bbox 272 5567 384 5650; x_wconf 59' lang='lat' dir='ltr'>tii,</span> <span class='ocrx_word' id='word_1_676' title='bbox 402 5583 522 5650; x_wconf 73' lang='lat' dir='ltr'>quo</span> <span class='ocrx_word' id='word_1_677' title='bbox 553 5569 948 5650; x_wconf 80' lang='lat' dir='ltr'>Eucharistiae</span> <span class='ocrx_word' id='word_1_678' title='bbox 980 5567 1330 5650; x_wconf 69' lang='lat' dir='ltr'>mysterium</span> <span class='ocrx_word' id='word_1_679' title='bbox 1359 5567 1639 5650; x_wconf 54' lang='lat' dir='ltr'>avpriscis</span> <span class='ocrx_word' id='word_1_680' title='bbox 1662 5579 1958 5649; x_wconf 88' lang='lat' dir='ltr'>Patribus,</span> 
     </span>
    </p>
   </div>
   <div class='ocr_carea' id='block_1_90' title="bbox 273 5643 1966 5774">
    <p class='ocr_par' dir='ltr' id='par_1_90' title="bbox 273 5643 1966 5774">
     <span class='ocr_line' id='line_1_90' title="bbox 273 5643 1966 5774; baseline 0.007 -80"><span class='ocrx_word' id='word_1_681' title='bbox 273 5643 522 5774; x_wconf 44' lang='lat' dir='ltr'>augetis:</span> <span class='ocrx_word' id='word_1_682' title='bbox 555 5657 754 5699; x_wconf 89' lang='lat' dir='ltr'>coram</span> <span class='ocrx_word' id='word_1_683' title='bbox 785 5661 903 5702; x_wconf 90' lang='lat' dir='ltr'>non</span> <span class='ocrx_word' id='word_1_684' title='bbox 934 5643 1178 5703; x_wconf 85' lang='lat' dir='ltr'>initiatis</span> <span class='ocrx_word' id='word_1_685' title='bbox 1210 5647 1390 5703; x_wconf 92' lang='lat' dir='ltr'>verba</span> <span class='ocrx_word' id='word_1_686' title='bbox 1421 5643 1738 5721; x_wconf 77' lang='lat' dir='ltr'>faciebant,</span> <span class='ocrx_word' id='word_1_687' title='bbox 1773 5643 1966 5706; x_wconf 81' lang='lat' dir='ltr'>occul-</span> 
     </span>
    </p>
   </div>
   <div class='ocr_carea' id='block_1_91' title="bbox 387 5725 540 5770">
    <p class='ocr_par' dir='ltr' id='par_1_91' title="bbox 387 5725 540 5770">
     <span class='ocr_line' id='line_1_91' title="bbox 387 5725 540 5770; baseline 0.026 -4"><span class='ocrx_word' id='word_1_688' title='bbox 387 5725 540 5770; x_wconf 72' lang='lat' dir='ltr'>atlﬂ‘.</span> 
     </span>
    </p>
   </div>
   <div class='ocr_carea' id='block_1_92' title="bbox 345 5782 1971 5880">
    <p class='ocr_par' dir='ltr' id='par_1_92' title="bbox 345 5782 1971 5880">
     <span class='ocr_line' id='line_1_92' title="bbox 345 5782 1971 5880; baseline 0.006 -37"><span class='ocrx_word' id='word_1_689' title='bbox 345 5782 468 5870; x_wconf 81' lang='lat'>(38)</span> <span class='ocrx_word' id='word_1_690' title='bbox 513 5785 684 5849; x_wconf 80' lang='lat' dir='ltr'>Rom.</span> <span class='ocrx_word' id='word_1_691' title='bbox 720 5787 883 5865; x_wconf 89' lang='lat' dir='ltr'>edit.,</span> <span class='ocrx_word' id='word_1_692' title='bbox 921 5810 942 5840; x_wconf 83' lang='lat'><strong>«</strong></span> <span class='ocrx_word' id='word_1_693' title='bbox 981 5789 1086 5848; x_wconf 84' lang='lat' dir='ltr'>Vis</span> <span class='ocrx_word' id='word_1_694' title='bbox 1117 5790 1340 5852; x_wconf 85' lang='lat' dir='ltr'>amoris</span> <span class='ocrx_word' id='word_1_695' title='bbox 1372 5790 1764 5874; x_wconf 81' lang='lat' dir='ltr'>exprimitur.,</span> <span class='ocrx_word' id='word_1_696' title='bbox 1805 5818 1826 5847; x_wconf 69' lang='grc' dir='ltr'><strong><em>υ</em></strong></span> <span class='ocrx_word' id='word_1_697' title='bbox 1869 5809 1971 5880; x_wconf 73' lang='lat' dir='ltr'>ap.</span> 
     </span>
    </p>
   </div>
   <div class='ocr_carea' id='block_1_93' title="bbox 2064 3175 3735 3255">
    <p class='ocr_par' dir='ltr' id='par_1_93' title="bbox 2064 3175 3735 3255">
     <span class='ocr_line' id='line_1_93' title="bbox 2064 3175 3735 3255; baseline -0.004 -18"><span class='ocrx_word' id='word_1_698' title='bbox 2064 3181 2220 3255; x_wconf 88' lang='lat' dir='ltr'>gelio</span> <span class='ocrx_word' id='word_1_699' title='bbox 2251 3183 2502 3236; x_wconf 86' lang='lat' dir='ltr'>testatur</span> <span class='ocrx_word' id='word_1_700' title='bbox 2530 3181 2793 3234; x_wconf 83' lang='lat' dir='ltr'>Joannes</span> <span class='ocrx_word' id='word_1_701' title='bbox 2846 3178 3052 3232; x_wconf 91' lang='lat' dir='ltr'>dicens</span> <span class='ocrx_word' id='word_1_702' title='bbox 3089 3193 3101 3233; x_wconf 94' lang='lat'>:</span> <span class='ocrx_word' id='word_1_703' title='bbox 3141 3198 3163 3227; x_wconf 77' lang='grc' dir='ltr'>ι</span> <span class='ocrx_word' id='word_1_704' title='bbox 3198 3176 3343 3241; x_wconf 90' lang='lat' dir='ltr'>Quia</span> <span class='ocrx_word' id='word_1_705' title='bbox 3388 3176 3508 3230; x_wconf 90' lang='lat' dir='ltr'>vidi</span> <span class='ocrx_word' id='word_1_706' title='bbox 3552 3175 3735 3246; x_wconf 87' lang='lat' dir='ltr'>Spiri-</span> 
     </span>
    </p>
   </div>
   <div class='ocr_carea' id='block_1_94' title="bbox 2061 3265 3735 3338">
    <p class='ocr_par' dir='ltr' id='par_1_94' title="bbox 2061 3265 3735 3338">
     <span class='ocr_line' id='line_1_94' title="bbox 2061 3265 3735 3338; baseline -0.005 -11"><span class='ocrx_word' id='word_1_707' title='bbox 2061 3276 2182 3327; x_wconf 91' lang='lat' dir='ltr'>tum</span> <span class='ocrx_word' id='word_1_708' title='bbox 2237 3270 2695 3326; x_wconf 88' lang='lat' dir='ltr'>descendentem</span> <span class='ocrx_word' id='word_1_709' title='bbox 2747 3268 2817 3324; x_wconf 88' lang='lat' dir='ltr'>de</span> <span class='ocrx_word' id='word_1_710' title='bbox 2865 3267 3014 3323; x_wconf 78' lang='lat' dir='ltr'>ccelo</span> <span class='ocrx_word' id='word_1_711' title='bbox 3062 3267 3235 3338; x_wconf 90' lang='lat' dir='ltr'>quasi</span> <span class='ocrx_word' id='word_1_712' title='bbox 3287 3265 3641 3336; x_wconf 90' lang='lat' dir='ltr'>columbam,</span> <span class='ocrx_word' id='word_1_713' title='bbox 3677 3268 3735 3320; x_wconf 92' lang='lat' dir='ltr'>et</span> 
     </span>
    </p>
   </div>
   <div class='ocr_carea' id='block_1_95' title="bbox 2062 3355 3732 3432">
    <p class='ocr_par' dir='ltr' id='par_1_95' title="bbox 2062 3355 3732 3432">
     <span class='ocr_line' id='line_1_95' title="bbox 2062 3355 3732 3432; baseline -0.004 -16"><span class='ocrx_word' id='word_1_714' title='bbox 2062 3361 2277 3416; x_wconf 90' lang='lat' dir='ltr'>mansit</span> <span class='ocrx_word' id='word_1_715' title='bbox 2325 3376 2507 3432; x_wconf 89' lang='lat' dir='ltr'>super</span> <span class='ocrx_word' id='word_1_716' title='bbox 2555 3375 2689 3414; x_wconf 92' lang='lat' dir='ltr'>eum</span> <span class='ocrx_word' id='word_1_717' title='bbox 2739 3358 2927 3428; x_wconf 85' lang='lat' dir='ltr'>(Joan.</span> <span class='ocrx_word' id='word_1_718' title='bbox 2962 3374 3001 3427; x_wconf 92' lang='grc' dir='ltr'>ι,</span> <span class='ocrx_word' id='word_1_719' title='bbox 3033 3356 3144 3426; x_wconf 86' lang='grc'>32).</span> <span class='ocrx_word' id='word_1_720' title='bbox 3182 3381 3203 3403; x_wconf 76' lang='grc' dir='ltr'>ιι</span> <span class='ocrx_word' id='word_1_721' title='bbox 3249 3355 3554 3422; x_wconf 91' lang='lat' dir='ltr'>Quomodo</span> <span class='ocrx_word' id='word_1_722' title='bbox 3586 3370 3732 3428; x_wconf 89' lang='lat' dir='ltr'>ergo</span> 
     </span>
    </p>
   </div>
   <div class='ocr_carea' id='block_1_96' title="bbox 2061 3446 3733 3521">
    <p class='ocr_par' dir='ltr' id='par_1_96' title="bbox 2061 3446 3733 3521">
     <span class='ocr_line' id='line_1_96' title="bbox 2061 3446 3733 3521; baseline -0.004 -15"><span class='ocrx_word' id='word_1_723' title='bbox 2061 3452 2206 3506; x_wconf 92' lang='lat' dir='ltr'>vidit</span> <span class='ocrx_word' id='word_1_724' title='bbox 2255 3450 2608 3520; x_wconf 91' lang='lat' dir='ltr'>columbam,</span> <span class='ocrx_word' id='word_1_725' title='bbox 2660 3447 2760 3521; x_wconf 90' lang='lat' dir='ltr'>qui</span> <span class='ocrx_word' id='word_1_726' title='bbox 2804 3463 2922 3503; x_wconf 87' lang='lat' dir='ltr'>non</span> <span class='ocrx_word' id='word_1_727' title='bbox 2969 3446 3116 3500; x_wconf 89' lang='lat' dir='ltr'>vidit</span> <span class='ocrx_word' id='word_1_728' title='bbox 3164 3461 3297 3500; x_wconf 92' lang='lat' dir='ltr'>eum</span> <span class='ocrx_word' id='word_1_729' title='bbox 3342 3460 3528 3518; x_wconf 92' lang='lat' dir='ltr'>super</span> <span class='ocrx_word' id='word_1_730' title='bbox 3556 3460 3733 3517; x_wconf 90' lang='lat' dir='ltr'>quem</span> 
     </span>
    </p>
   </div>
   <div class='ocr_carea' id='block_1_97' title="bbox 2062 3535 3198 3611">
    <p class='ocr_par' dir='ltr' id='par_1_97' title="bbox 2062 3535 3198 3611">
     <span class='ocr_line' id='line_1_97' title="bbox 2062 3535 3198 3611; baseline -0.004 -16"><span class='ocrx_word' id='word_1_731' title='bbox 2062 3540 2317 3611; x_wconf 83' lang='lat' dir='ltr'>Spiritus</span> <span class='ocrx_word' id='word_1_732' title='bbox 2349 3539 2523 3611; x_wconf 89' lang='lat' dir='ltr'>quasi</span> <span class='ocrx_word' id='word_1_733' title='bbox 2555 3538 2825 3593; x_wconf 89' lang='lat' dir='ltr'>columba</span> <span class='ocrx_word' id='word_1_734' title='bbox 2850 3535 3198 3591; x_wconf 79' lang='lat' dir='ltr'>descendit?</span> 
     </span>
    </p>
   </div>
   <div class='ocr_carea' id='block_1_98' title="bbox 2133 3623 3732 3699">
    <p class='ocr_par' dir='ltr' id='par_1_98' title="bbox 2133 3623 3732 3699">
     <span class='ocr_line' id='line_1_98' title="bbox 2133 3623 3732 3699; baseline -0.004 -15"><span class='ocrx_word' id='word_1_735' title='bbox 2133 3629 2221 3684; x_wconf 81' lang='grc'>22.</span> <span class='ocrx_word' id='word_1_736' title='bbox 2265 3627 2534 3683; x_wconf 89' lang='lat' dir='ltr'>Ecclesia</span> <span class='ocrx_word' id='word_1_737' title='bbox 2566 3627 2748 3699; x_wconf 90' lang='lat' dir='ltr'>igitur</span> <span class='ocrx_word' id='word_1_738' title='bbox 2778 3629 2835 3682; x_wconf 92' lang='lat' dir='ltr'>et</span> <span class='ocrx_word' id='word_1_739' title='bbox 2865 3625 3020 3680; x_wconf 90' lang='lat' dir='ltr'>lavat</span> <span class='ocrx_word' id='word_1_740' title='bbox 3051 3625 3234 3695; x_wconf 90' lang='lat' dir='ltr'>pedes</span> <span class='ocrx_word' id='word_1_741' title='bbox 3265 3623 3508 3694; x_wconf 90' lang='lat' dir='ltr'>Christi,</span> <span class='ocrx_word' id='word_1_742' title='bbox 3544 3626 3600 3680; x_wconf 90' lang='lat' dir='ltr'>et</span> <span class='ocrx_word' id='word_1_743' title='bbox 3631 3639 3732 3679; x_wconf 87' lang='lat' dir='ltr'>ca-</span> 
     </span>
    </p>
   </div>
   <div class='ocr_carea' id='block_1_99' title="bbox 2061 3712 3734 3791">
    <p class='ocr_par' dir='ltr' id='par_1_99' title="bbox 2061 3712 3734 3791">
     <span class='ocr_line' id='line_1_99' title="bbox 2061 3712 3734 3791; baseline -0.004 -19"><span class='ocrx_word' id='word_1_744' title='bbox 2061 3719 2220 3791; x_wconf 91' lang='lat' dir='ltr'>pillis</span> <span class='ocrx_word' id='word_1_745' title='bbox 2265 3717 2395 3772; x_wconf 89' lang='lat' dir='ltr'>suis</span> <span class='ocrx_word' id='word_1_746' title='bbox 2439 3716 2635 3789; x_wconf 86' lang='lat' dir='ltr'>tergit,</span> <span class='ocrx_word' id='word_1_747' title='bbox 2687 3719 2742 3771; x_wconf 91' lang='lat' dir='ltr'>et</span> <span class='ocrx_word' id='word_1_748' title='bbox 2787 3715 2917 3770; x_wconf 93' lang='lat' dir='ltr'>oleo</span> <span class='ocrx_word' id='word_1_749' title='bbox 2962 3715 3132 3786; x_wconf 90' lang='lat' dir='ltr'>ungit</span> <span class='ocrx_word' id='word_1_750' title='bbox 3163 3713 3295 3784; x_wconf 77' lang='grc'>(41),</span> <span class='ocrx_word' id='word_1_751' title='bbox 3348 3716 3404 3768; x_wconf 89' lang='lat' dir='ltr'>et</span> <span class='ocrx_word' id='word_1_752' title='bbox 3434 3712 3734 3784; x_wconf 89' lang='lat' dir='ltr'>perfundit</span> 
     </span>
    </p>
   </div>
   <div class='ocr_carea' id='block_1_100' title="bbox 2064 3801 3733 3880">
    <p class='ocr_par' dir='ltr' id='par_1_100' title="bbox 2064 3801 3733 3880">
     <span class='ocr_line' id='line_1_100' title="bbox 2064 3801 3733 3880; baseline -0.004 -17"><span class='ocrx_word' id='word_1_753' title='bbox 2064 3809 2397 3880; x_wconf 86' lang='lat' dir='ltr'>unguento;</span> <span class='ocrx_word' id='word_1_754' title='bbox 2431 3805 2567 3877; x_wconf 89' lang='lat' dir='ltr'>quia</span> <span class='ocrx_word' id='word_1_755' title='bbox 2599 3821 2716 3860; x_wconf 91' lang='lat' dir='ltr'>non</span> <span class='ocrx_word' id='word_1_756' title='bbox 2748 3803 2940 3860; x_wconf 92' lang='lat' dir='ltr'>solum</span> <span class='ocrx_word' id='word_1_757' title='bbox 2964 3803 3204 3858; x_wconf 90' lang='lat' dir='ltr'>saucios</span> <span class='ocrx_word' id='word_1_758' title='bbox 3238 3805 3422 3872; x_wconf 92' lang='lat' dir='ltr'>curat,</span> <span class='ocrx_word' id='word_1_759' title='bbox 3457 3806 3513 3858; x_wconf 89' lang='lat' dir='ltr'>et</span> <span class='ocrx_word' id='word_1_760' title='bbox 3533 3801 3733 3856; x_wconf 89' lang='lat' dir='ltr'>lassos</span> 
     </span>
    </p>
   </div>
   <div class='ocr_carea' id='block_1_101' title="bbox 2069 3892 3732 3967">
    <p class='ocr_par' dir='ltr' id='par_1_101' title="bbox 2069 3892 3732 3967">
     <span class='ocr_line' id='line_1_101' title="bbox 2069 3892 3732 3967; baseline -0.004 -15"><span class='ocrx_word' id='word_1_761' title='bbox 2069 3897 2245 3967; x_wconf 90' lang='lat' dir='ltr'>fovet,</span> <span class='ocrx_word' id='word_1_762' title='bbox 2277 3911 2485 3951; x_wconf 92' lang='lat' dir='ltr'>verum</span> <span class='ocrx_word' id='word_1_763' title='bbox 2514 3895 2687 3950; x_wconf 90' lang='lat' dir='ltr'>etiam</span> <span class='ocrx_word' id='word_1_764' title='bbox 2719 3893 2890 3949; x_wconf 91' lang='lat' dir='ltr'>suavi</span> <span class='ocrx_word' id='word_1_765' title='bbox 2921 3893 3127 3965; x_wconf 67' lang='lat' dir='ltr'>gratiae</span> <span class='ocrx_word' id='word_1_766' title='bbox 3161 3892 3341 3948; x_wconf 92' lang='lat' dir='ltr'>odore</span> <span class='ocrx_word' id='word_1_767' title='bbox 3393 3893 3732 3964; x_wconf 83' lang='lat' dir='ltr'>respergit;</span> 
     </span>
    </p>
   </div>
   <div class='ocr_carea' id='block_1_102' title="bbox 2067 3981 3735 4054">
    <p class='ocr_par' dir='ltr' id='par_1_102' title="bbox 2067 3981 3735 4054">
     <span class='ocr_line' id='line_1_102' title="bbox 2067 3981 3735 4054; baseline -0.005 -11"><span class='ocrx_word' id='word_1_768' title='bbox 2067 4003 2176 4043; x_wconf 89' lang='lat' dir='ltr'>nec</span> <span class='ocrx_word' id='word_1_769' title='bbox 2207 3986 2489 4041; x_wconf 88' lang='lat' dir='ltr'>divitibus</span> <span class='ocrx_word' id='word_1_770' title='bbox 2520 3987 2745 4040; x_wconf 90' lang='lat' dir='ltr'>tantum</span> <span class='ocrx_word' id='word_1_771' title='bbox 2783 4000 2852 4038; x_wconf 92' lang='lat' dir='ltr'>ac</span> <span class='ocrx_word' id='word_1_772' title='bbox 2901 3982 3355 4054; x_wconf 88' lang='lat' dir='ltr'>potentioribus,</span> <span class='ocrx_word' id='word_1_773' title='bbox 3405 3982 3512 4037; x_wconf 92' lang='lat' dir='ltr'>sed</span> <span class='ocrx_word' id='word_1_774' title='bbox 3561 3981 3735 4038; x_wconf 91' lang='lat' dir='ltr'>etiam</span> 
     </span>
    </p>
   </div>
   <div class='ocr_carea' id='block_1_103' title="bbox 2067 4071 3732 4150">
    <p class='ocr_par' dir='ltr' id='par_1_103' title="bbox 2067 4071 3732 4150">
     <span class='ocr_line' id='line_1_103' title="bbox 2067 4071 3732 4150; baseline -0.004 -19"><span class='ocrx_word' id='word_1_775' title='bbox 2067 4076 2314 4150; x_wconf 60' lang='lat' dir='ltr'>plebeiae</span> <span class='ocrx_word' id='word_1_776' title='bbox 2345 4074 2582 4130; x_wconf 85' lang='lat' dir='ltr'>familiae</span> <span class='ocrx_word' id='word_1_777' title='bbox 2613 4073 2762 4129; x_wconf 89' lang='lat' dir='ltr'>viris</span> <span class='ocrx_word' id='word_1_778' title='bbox 2793 4073 3057 4129; x_wconf 91' lang='lat' dir='ltr'>eamdem</span> <span class='ocrx_word' id='word_1_779' title='bbox 3088 4072 3447 4128; x_wconf 86' lang='lat' dir='ltr'>transfundit</span> <span class='ocrx_word' id='word_1_780' title='bbox 3464 4071 3732 4144; x_wconf 89' lang='lat' dir='ltr'>gratiam,</span> 
     </span>
    </p>
   </div>
   <div class='ocr_carea' id='block_1_104' title="bbox 2067 4161 3736 4238">
    <p class='ocr_par' dir='ltr' id='par_1_104' title="bbox 2067 4161 3736 4238">
     <span class='ocr_line' id='line_1_104' title="bbox 2067 4161 3736 4238; baseline -0.005 -16"><span class='ocrx_word' id='word_1_781' title='bbox 2067 4183 2238 4238; x_wconf 83' lang='lat' dir='ltr'>aequa</span> <span class='ocrx_word' id='word_1_782' title='bbox 2288 4180 2494 4220; x_wconf 89' lang='lat' dir='ltr'>omnes</span> <span class='ocrx_word' id='word_1_783' title='bbox 2542 4164 2710 4220; x_wconf 89' lang='lat' dir='ltr'>lance</span> <span class='ocrx_word' id='word_1_784' title='bbox 2754 4163 3068 4234; x_wconf 82' lang='lat' dir='ltr'>examinat,</span> <span class='ocrx_word' id='word_1_785' title='bbox 3122 4177 3328 4219; x_wconf 88' lang='lat' dir='ltr'>omnes</span> <span class='ocrx_word' id='word_1_786' title='bbox 3361 4161 3568 4218; x_wconf 88' lang='lat' dir='ltr'>eodem</span> <span class='ocrx_word' id='word_1_787' title='bbox 3600 4161 3736 4216; x_wconf 90' lang='lat' dir='ltr'>sinu</span> 
     </span>
    </p>
   </div>
   <div class='ocr_carea' id='block_1_105' title="bbox 2067 4252 3058 4326">
    <p class='ocr_par' dir='ltr' id='par_1_105' title="bbox 2067 4252 3058 4326">
     <span class='ocr_line' id='line_1_105' title="bbox 2067 4252 3058 4326; baseline -0.004 -15"><span class='ocrx_word' id='word_1_788' title='bbox 2067 4255 2338 4326; x_wconf 91' lang='lat' dir='ltr'>suscipit,</span> <span class='ocrx_word' id='word_1_789' title='bbox 2374 4255 2583 4310; x_wconf 91' lang='lat' dir='ltr'>eodem</span> <span class='ocrx_word' id='word_1_790' title='bbox 2617 4254 2846 4326; x_wconf 88' lang='lat' dir='ltr'>gremio</span> <span class='ocrx_word' id='word_1_791' title='bbox 2880 4252 3058 4308; x_wconf 92' lang='lat' dir='ltr'>fovet.</span> 
     </span>
    </p>
   </div>
   <div class='ocr_carea' id='block_1_106' title="bbox 2137 4337 3734 4410">
    <p class='ocr_par' dir='ltr' id='par_1_106' title="bbox 2137 4337 3734 4410">
     <span class='ocr_line' id='line_1_106' title="bbox 2137 4337 3734 4410; baseline -0.006 -10"><span class='ocrx_word' id='word_1_792' title='bbox 2137 4344 2225 4400; x_wconf 77' lang='lat'>‘23.</span> <span class='ocrx_word' id='word_1_793' title='bbox 2268 4343 2461 4400; x_wconf 88' lang='lat' dir='ltr'>Semel</span> <span class='ocrx_word' id='word_1_794' title='bbox 2494 4348 2764 4399; x_wconf 92' lang='lat' dir='ltr'>mortuus</span> <span class='ocrx_word' id='word_1_795' title='bbox 2794 4341 3070 4397; x_wconf 88' lang='lat' dir='ltr'>Christus</span> <span class='ocrx_word' id='word_1_796' title='bbox 3104 4343 3214 4407; x_wconf 86' lang='lat' dir='ltr'>est,</span> <span class='ocrx_word' id='word_1_797' title='bbox 3249 4339 3433 4395; x_wconf 92' lang='lat' dir='ltr'>semel</span> <span class='ocrx_word' id='word_1_798' title='bbox 3463 4337 3734 4410; x_wconf 91' lang='lat' dir='ltr'>sepultus</span> 
     </span>
    </p>
   </div>
   <div class='ocr_carea' id='block_1_107' title="bbox 2067 4427 3735 4505">
    <p class='ocr_par' dir='ltr' id='par_1_107' title="bbox 2067 4427 3735 4505">
     <span class='ocr_line' id='line_1_107' title="bbox 2067 4427 3735 4505; baseline -0.006 -14"><span class='ocrx_word' id='word_1_799' title='bbox 2067 4438 2190 4505; x_wconf 88' lang='lat' dir='ltr'>est;</span> <span class='ocrx_word' id='word_1_800' title='bbox 2239 4437 2295 4490; x_wconf 91' lang='lat' dir='ltr'>et</span> <span class='ocrx_word' id='word_1_801' title='bbox 2342 4433 2730 4489; x_wconf 87' lang='lat' dir='ltr'>nihilominus</span> <span class='ocrx_word' id='word_1_802' title='bbox 2779 4430 3040 4502; x_wconf 89' lang='lat' dir='ltr'>quotidie</span> <span class='ocrx_word' id='word_1_803' title='bbox 3089 4429 3214 4484; x_wconf 90' lang='lat' dir='ltr'>vult</span> <span class='ocrx_word' id='word_1_804' title='bbox 3258 4429 3315 4482; x_wconf 91' lang='lat' dir='ltr'>in</span> <span class='ocrx_word' id='word_1_805' title='bbox 3365 4427 3548 4500; x_wconf 91' lang='lat' dir='ltr'>pedes</span> <span class='ocrx_word' id='word_1_806' title='bbox 3589 4443 3735 4482; x_wconf 92' lang='lat' dir='ltr'>suos</span> 
     </span>
    </p>
   </div>
   <div class='ocr_carea' id='block_1_108' title="bbox 2069 4516 3735 4597">
    <p class='ocr_par' dir='ltr' id='par_1_108' title="bbox 2069 4516 3735 4597">
     <span class='ocr_line' id='line_1_108' title="bbox 2069 4516 3735 4597; baseline -0.007 -17"><span class='ocrx_word' id='word_1_807' title='bbox 2069 4525 2214 4580; x_wconf 91' lang='lat' dir='ltr'>mitti</span> <span class='ocrx_word' id='word_1_808' title='bbox 2245 4527 2630 4597; x_wconf 91' lang='lat' dir='ltr'>unguentum.</span> <span class='ocrx_word' id='word_1_809' title='bbox 2670 4521 2736 4575; x_wconf 90' lang='lat' dir='ltr'>In</span> <span class='ocrx_word' id='word_1_810' title='bbox 2771 4535 2924 4592; x_wconf 90' lang='lat' dir='ltr'>quos</span> <span class='ocrx_word' id='word_1_811' title='bbox 2958 4535 3102 4591; x_wconf 88' lang='lat' dir='ltr'>ergo</span> <span class='ocrx_word' id='word_1_812' title='bbox 3133 4517 3353 4572; x_wconf 87' lang='lat' dir='ltr'>Christi</span> <span class='ocrx_word' id='word_1_813' title='bbox 3387 4516 3571 4586; x_wconf 89' lang='lat' dir='ltr'>pedes</span> <span class='ocrx_word' id='word_1_814' title='bbox 3599 4516 3735 4570; x_wconf 83' lang='lat' dir='ltr'>mit—</span> 
     </span>
    </p>
   </div>
   <div class='ocr_carea' id='block_1_109' title="bbox 2068 4605 3735 4685">
    <p class='ocr_par' dir='ltr' id='par_1_109' title="bbox 2068 4605 3735 4685">
     <span class='ocr_line' id='line_1_109' title="bbox 2068 4605 3735 4685; baseline -0.007 -16"><span class='ocrx_word' id='word_1_815' title='bbox 2068 4615 2246 4669; x_wconf 90' lang='lat' dir='ltr'>timus</span> <span class='ocrx_word' id='word_1_816' title='bbox 2277 4613 2682 4685; x_wconf 81' lang='lat' dir='ltr'>unguentum?</span> <span class='ocrx_word' id='word_1_817' title='bbox 2713 4609 2904 4664; x_wconf 85' lang='lat' dir='ltr'>Pedes</span> <span class='ocrx_word' id='word_1_818' title='bbox 2935 4608 3154 4663; x_wconf 89' lang='lat' dir='ltr'>Christi</span> <span class='ocrx_word' id='word_1_819' title='bbox 3185 4605 3265 4659; x_wconf 87' lang='lat' dir='ltr'>illi</span> <span class='ocrx_word' id='word_1_820' title='bbox 3300 4608 3458 4674; x_wconf 89' lang='lat' dir='ltr'>sunt,</span> <span class='ocrx_word' id='word_1_821' title='bbox 3508 4605 3580 4660; x_wconf 93' lang='lat' dir='ltr'>de</span> <span class='ocrx_word' id='word_1_822' title='bbox 3610 4605 3735 4676; x_wconf 87' lang='lat' dir='ltr'>qui-</span> 
     </span>
    </p>
   </div>
   <div class='ocr_carea' id='block_1_110' title="bbox 2068 4694 3736 4776">
    <p class='ocr_par' dir='ltr' id='par_1_110' title="bbox 2068 4694 3736 4776">
     <span class='ocr_line' id='line_1_110' title="bbox 2068 4694 3736 4776; baseline -0.007 -16"><span class='ocrx_word' id='word_1_823' title='bbox 2068 4705 2182 4760; x_wconf 87' lang='lat' dir='ltr'>bus</span> <span class='ocrx_word' id='word_1_824' title='bbox 2216 4705 2342 4776; x_wconf 90' lang='lat' dir='ltr'>ipse</span> <span class='ocrx_word' id='word_1_825' title='bbox 2375 4703 2516 4756; x_wconf 89' lang='lat' dir='ltr'>dicit</span> <span class='ocrx_word' id='word_1_826' title='bbox 2547 4719 2558 4757; x_wconf 90' lang='lat'>:</span> <span class='ocrx_word' id='word_1_827' title='bbox 2600 4723 2619 4748; x_wconf 80' lang='grc' dir='ltr'><strong>α</strong></span> <span class='ocrx_word' id='word_1_828' title='bbox 2658 4699 2824 4764; x_wconf 90' lang='lat' dir='ltr'>Quod</span> <span class='ocrx_word' id='word_1_829' title='bbox 2858 4697 2957 4752; x_wconf 89' lang='lat' dir='ltr'>uni</span> <span class='ocrx_word' id='word_1_830' title='bbox 2991 4696 3200 4751; x_wconf 88' lang='lat' dir='ltr'>horum</span> <span class='ocrx_word' id='word_1_831' title='bbox 3232 4695 3608 4749; x_wconf 89' lang='lat' dir='ltr'>minimorum</span> <span class='ocrx_word' id='word_1_832' title='bbox 3654 4694 3736 4749; x_wconf 81' lang='lat' dir='ltr'>fc-</span> 
     </span>
    </p>
   </div>
   <div class='ocr_carea' id='block_1_111' title="bbox 2069 4783 3737 4857">
    <p class='ocr_par' dir='ltr' id='par_1_111' title="bbox 2069 4783 3737 4857">
     <span class='ocr_line' id='line_1_111' title="bbox 2069 4783 3737 4857; baseline -0.006 -10"><span class='ocrx_word' id='word_1_833' title='bbox 2069 4794 2205 4848; x_wconf 87' lang='lat' dir='ltr'>cisti</span> <span class='ocrx_word' id='word_1_834' title='bbox 2254 4792 2396 4846; x_wconf 92' lang='lat' dir='ltr'>mihi</span> <span class='ocrx_word' id='word_1_835' title='bbox 2445 4790 2674 4845; x_wconf 90' lang='lat' dir='ltr'>fecistis</span> <span class='ocrx_word' id='word_1_836' title='bbox 2705 4787 2942 4857; x_wconf 82' lang='lat' dir='ltr'>(Matth.</span> <span class='ocrx_word' id='word_1_837' title='bbox 2976 4802 3120 4854; x_wconf 82' lang='lat' dir='ltr'>xxv,</span> <span class='ocrx_word' id='word_1_838' title='bbox 3157 4785 3265 4854; x_wconf 75' lang='grc'>40).</span> <span class='ocrx_word' id='word_1_839' title='bbox 3306 4808 3326 4832; x_wconf 74' lang='grc' dir='ltr'><em>η</em></span> <span class='ocrx_word' id='word_1_840' title='bbox 3378 4783 3505 4839; x_wconf 87' lang='lat' dir='ltr'>Hoc</span> <span class='ocrx_word' id='word_1_841' title='bbox 3553 4783 3737 4854; x_wconf 89' lang='lat' dir='ltr'>pedes</span> 
     </span>
    </p>
   </div>
   <div class='ocr_carea' id='block_1_112' title="bbox 2069 4872 3738 4950">
    <p class='ocr_par' dir='ltr' id='par_1_112' title="bbox 2069 4872 3738 4950">
     <span class='ocr_line' id='line_1_112' title="bbox 2069 4872 3738 4950; baseline -0.006 -14"><span class='ocrx_word' id='word_1_842' title='bbox 2069 4883 2165 4936; x_wconf 89' lang='lat' dir='ltr'>illa</span> <span class='ocrx_word' id='word_1_843' title='bbox 2195 4881 2406 4936; x_wconf 87' lang='lat' dir='ltr'>mulier</span> <span class='ocrx_word' id='word_1_844' title='bbox 2435 4877 2779 4950; x_wconf 89' lang='lat' dir='ltr'>evangelica</span> <span class='ocrx_word' id='word_1_845' title='bbox 2803 4875 3137 4947; x_wconf 83' lang='lat' dir='ltr'>refrigerat,</span> <span class='ocrx_word' id='word_1_846' title='bbox 3171 4874 3283 4929; x_wconf 86' lang='lat' dir='ltr'>hos</span> <span class='ocrx_word' id='word_1_847' title='bbox 3306 4873 3584 4946; x_wconf 79' lang='lat' dir='ltr'>lacrymis</span> <span class='ocrx_word' id='word_1_848' title='bbox 3609 4872 3738 4928; x_wconf 88' lang='lat' dir='ltr'>suis</span> 
     </span>
    </p>
   </div>
   <div class='ocr_carea' id='block_1_113' title="bbox 2071 4963 3742 5043">
    <p class='ocr_par' dir='ltr' id='par_1_113' title="bbox 2071 4963 3742 5043">
     <span class='ocr_line' id='line_1_113' title="bbox 2071 4963 3742 5043; baseline -0.005 -17"><span class='ocrx_word' id='word_1_849' title='bbox 2071 4971 2277 5043; x_wconf 88' lang='lat' dir='ltr'>irrigat</span> <span class='ocrx_word' id='word_1_850' title='bbox 2308 4970 2468 5040; x_wconf 85' lang='lat' dir='ltr'>(Luc.</span> <span class='ocrx_word' id='word_1_851' title='bbox 2505 4984 2606 5037; x_wconf 85' lang='lat' dir='ltr'>vn,</span> <span class='ocrx_word' id='word_1_852' title='bbox 2639 4967 2729 5035; x_wconf 87' lang='lat'>38)</span> <span class='ocrx_word' id='word_1_853' title='bbox 2757 4982 2771 5036; x_wconf 94' lang='lat'>;</span> <span class='ocrx_word' id='word_1_854' title='bbox 2805 4964 3038 5037; x_wconf 88' lang='lat' dir='ltr'>quando</span> <span class='ocrx_word' id='word_1_855' title='bbox 3069 4963 3288 5019; x_wconf 81' lang='lat' dir='ltr'>intimis</span> <span class='ocrx_word' id='word_1_856' title='bbox 3320 4965 3625 5034; x_wconf 90' lang='lat' dir='ltr'>peccatum</span> <span class='ocrx_word' id='word_1_857' title='bbox 3655 4978 3742 5017; x_wconf 83' lang='lat' dir='ltr'>re-</span> 
     </span>
    </p>
   </div>
   <div class='ocr_carea' id='block_1_114' title="bbox 2071 5053 3740 5129">
    <p class='ocr_par' dir='ltr' id='par_1_114' title="bbox 2071 5053 3740 5129">
     <span class='ocr_line' id='line_1_114' title="bbox 2071 5053 3740 5129; baseline -0.006 -14"><span class='ocrx_word' id='word_1_858' title='bbox 2071 5060 2317 5115; x_wconf 90' lang='lat' dir='ltr'>mittitur</span> <span class='ocrx_word' id='word_1_859' title='bbox 2359 5058 2530 5129; x_wconf 90' lang='lat' dir='ltr'>culpa</span> <span class='ocrx_word' id='word_1_860' title='bbox 2575 5056 2823 5124; x_wconf 88' lang='lat' dir='ltr'>lavatur,</span> <span class='ocrx_word' id='word_1_861' title='bbox 2871 5055 3123 5109; x_wconf 87' lang='lat' dir='ltr'>donatur</span> <span class='ocrx_word' id='word_1_862' title='bbox 3170 5053 3559 5124; x_wconf 87' lang='lat' dir='ltr'>indulgentia.</span> <span class='ocrx_word' id='word_1_863' title='bbox 3613 5053 3740 5106; x_wconf 85' lang='lat' dir='ltr'>Hos</span> 
     </span>
    </p>
   </div>
   <div class='ocr_carea' id='block_1_115' title="bbox 2073 5141 3740 5221">
    <p class='ocr_par' dir='ltr' id='par_1_115' title="bbox 2073 5141 3740 5221">
     <span class='ocr_line' id='line_1_115' title="bbox 2073 5141 3740 5221; baseline -0.007 -15"><span class='ocrx_word' id='word_1_864' title='bbox 2073 5150 2256 5221; x_wconf 89' lang='lat' dir='ltr'>pedes</span> <span class='ocrx_word' id='word_1_865' title='bbox 2288 5147 2592 5204; x_wconf 90' lang='lat' dir='ltr'>osculatur</span> <span class='ocrx_word' id='word_1_866' title='bbox 2621 5146 2718 5200; x_wconf 91' lang='lat' dir='ltr'>ille</span> <span class='ocrx_word' id='word_1_867' title='bbox 2749 5145 2851 5216; x_wconf 90' lang='lat' dir='ltr'>qui</span> <span class='ocrx_word' id='word_1_868' title='bbox 2874 5144 3047 5199; x_wconf 89' lang='lat' dir='ltr'>etiam</span> <span class='ocrx_word' id='word_1_869' title='bbox 3069 5142 3305 5198; x_wconf 85' lang='lat' dir='ltr'>inﬁmos</span> <span class='ocrx_word' id='word_1_870' title='bbox 3327 5141 3519 5214; x_wconf 89' lang='lat' dir='ltr'>plebis</span> <span class='ocrx_word' id='word_1_871' title='bbox 3552 5157 3740 5196; x_wconf 81' lang='lat' dir='ltr'>sacrae</span> 
     </span>
    </p>
   </div>
   <div class='ocr_carea' id='block_1_116' title="bbox 2073 5283 3744 5360">
    <p class='ocr_par' dir='ltr' id='par_1_116' title="bbox 2073 5283 3744 5360">
     <span class='ocr_line' id='line_1_116' title="bbox 2073 5283 3744 5360; baseline -0.008 -11"><span class='ocrx_word' id='word_1_872' title='bbox 2073 5295 2192 5349; x_wconf 91' lang='lat' dir='ltr'>tius</span> <span class='ocrx_word' id='word_1_873' title='bbox 2223 5291 2412 5349; x_wconf 84' lang='lat' dir='ltr'>codex</span> <span class='ocrx_word' id='word_1_874' title='bbox 2443 5306 2619 5345; x_wconf 91' lang='lat' dir='ltr'>manu</span> <span class='ocrx_word' id='word_1_875' title='bbox 2657 5289 3003 5344; x_wconf 78' lang='lat' dir='ltr'>exemtus...</span> <span class='ocrx_word' id='word_1_876' title='bbox 3053 5286 3435 5360; x_wconf 78' lang='lat' dir='ltr'>imprimitur,</span> <span class='ocrx_word' id='word_1_877' title='bbox 3484 5283 3744 5360; x_wconf 41' lang='lat' dir='ltr'>hocuest</span> 
     </span>
    </p>
   </div>
   <div class='ocr_carea' id='block_1_117' title="bbox 2076 5353 3742 5428">
    <p class='ocr_par' dir='ltr' id='par_1_117' title="bbox 2076 5353 3742 5428">
     <span class='ocr_line' id='line_1_117' title="bbox 2076 5353 3742 5428; baseline -0.01 -7"><span class='ocrx_word' id='word_1_878' title='bbox 2076 5382 2192 5421; x_wconf 88' lang='lat' dir='ltr'>non</span> <span class='ocrx_word' id='word_1_879' title='bbox 2261 5363 2638 5420; x_wconf 85' lang='lat' dir='ltr'>extrinsecus</span> <span class='ocrx_word' id='word_1_880' title='bbox 2703 5365 2927 5416; x_wconf 90' lang='lat' dir='ltr'>tantum</span> <span class='ocrx_word' id='word_1_881' title='bbox 2979 5353 3330 5428; x_wconf 80' lang='lat' dir='ltr'>octenditur,</span> <span class='ocrx_word' id='word_1_882' title='bbox 3397 5353 3505 5411; x_wconf 87' lang='lat' dir='ltr'>sed</span> <span class='ocrx_word' id='word_1_883' title='bbox 3569 5353 3742 5408; x_wconf 90' lang='lat' dir='ltr'>etiam</span> 
     </span>
    </p>
   </div>
   <div class='ocr_carea' id='block_1_118' title="bbox 2076 5431 3636 5505">
    <p class='ocr_par' dir='ltr' id='par_1_118' title="bbox 2076 5431 3636 5505">
     <span class='ocr_line' id='line_1_118' title="bbox 2076 5431 3636 5505; baseline 0.001 -14"><span class='ocrx_word' id='word_1_884' title='bbox 2076 5437 2506 5505; x_wconf 85' lang='lat' dir='ltr'>transmittitur,</span> <span class='ocrx_word' id='word_1_885' title='bbox 2541 5451 2608 5488; x_wconf 91' lang='lat' dir='ltr'>ac</span> <span class='ocrx_word' id='word_1_886' title='bbox 2639 5431 3092 5505; x_wconf 56' lang='lat' dir='ltr'>transfunditur.</span> <span class='ocrx_word' id='word_1_887' title='bbox 3448 5496 3463 5505; x_wconf 88' lang='lat'><em>_</em></span> <span class='ocrx_word' id='word_1_888' title='bbox 3580 5495 3593 5505; x_wconf 86' lang='lat'><em>_</em></span> <span class='ocrx_word' id='word_1_889' title='bbox 3624 5493 3636 5505; x_wconf 74' lang='grc'>,</span> 
     </span>
    </p>
   </div>
   <div class='ocr_carea' id='block_1_119' title="bbox 2149 5495 3742 5580">
    <p class='ocr_par' dir='ltr' id='par_1_119' title="bbox 2149 5495 3742 5580">
     <span class='ocr_line' id='line_1_119' title="bbox 2149 5495 3742 5580; baseline -0.011 -17"><span class='ocrx_word' id='word_1_890' title='bbox 2149 5507 2261 5580; x_wconf 84' lang='grc'>(39)</span> <span class='ocrx_word' id='word_1_891' title='bbox 2306 5507 2446 5561; x_wconf 88' lang='lat' dir='ltr'>Post</span> <span class='ocrx_word' id='word_1_892' title='bbox 2474 5495 2722 5560; x_wconf 79' lang='lat' dir='ltr'>verbum</span> <span class='ocrx_word' id='word_1_893' title='bbox 2752 5504 2997 5580; x_wconf 71' lang='lat' dir='ltr'>accepit,</span> <span class='ocrx_word' id='word_1_894' title='bbox 3028 5503 3198 5557; x_wconf 83' lang='lat' dir='ltr'>Rom.</span> <span class='ocrx_word' id='word_1_895' title='bbox 3224 5499 3362 5555; x_wconf 90' lang='lat' dir='ltr'>edit.</span> <span class='ocrx_word' id='word_1_896' title='bbox 3396 5495 3742 5550; x_wconf 88' lang='lat' dir='ltr'>adverbium</span> 
     </span>
    </p>
   </div>
   <div class='ocr_carea' id='block_1_120' title="bbox 2081 5577 2845 5648">
    <p class='ocr_par' dir='ltr' id='par_1_120' title="bbox 2081 5577 2845 5648">
     <span class='ocr_line' id='line_1_120' title="bbox 2081 5577 2845 5648; baseline -0.008 -13"><span class='ocrx_word' id='word_1_897' title='bbox 2081 5577 2370 5635; x_wconf 82' lang='lat' dir='ltr'>absconse</span> <span class='ocrx_word' id='word_1_898' title='bbox 2401 5593 2518 5632; x_wconf 91' lang='lat' dir='ltr'>non</span> <span class='ocrx_word' id='word_1_899' title='bbox 2549 5577 2845 5648; x_wconf 89' lang='lat' dir='ltr'>agnoscit.</span> 
     </span>
    </p>
   </div>
   <div class='ocr_carea' id='block_1_121' title="bbox 2142 5637 3744 5734">
    <p class='ocr_par' dir='ltr' id='par_1_121' title="bbox 2142 5637 3744 5734">
     <span class='ocr_line' id='line_1_121' title="bbox 2142 5637 3744 5734; baseline -0.005 -29"><span class='ocrx_word' id='word_1_900' title='bbox 2142 5650 2266 5734; x_wconf 44' lang='lat'>.(40)</span> <span class='ocrx_word' id='word_1_901' title='bbox 2309 5650 2535 5734; x_wconf 79' lang='lat' dir='ltr'>Regius</span> <span class='ocrx_word' id='word_1_902' title='bbox 2565 5637 2773 5715; x_wconf 70' lang='lat' dir='ltr'>codex,</span> <span class='ocrx_word' id='word_1_903' title='bbox 2814 5667 2836 5698; x_wconf 75' lang='grc' dir='ltr'>ι</span> <span class='ocrx_word' id='word_1_904' title='bbox 2873 5648 2935 5700; x_wconf 91' lang='lat' dir='ltr'>ut</span> <span class='ocrx_word' id='word_1_905' title='bbox 2966 5643 3063 5700; x_wconf 82' lang='lat' dir='ltr'>his</span> <span class='ocrx_word' id='word_1_906' title='bbox 3109 5639 3372 5714; x_wconf 88' lang='lat' dir='ltr'>spiritale</span> <span class='ocrx_word' id='word_1_907' title='bbox 3421 5637 3614 5694; x_wconf 89' lang='lat' dir='ltr'>oleum</span> <span class='ocrx_word' id='word_1_908' title='bbox 3660 5651 3744 5697; x_wconf 64' lang='lat' dir='ltr'>re</span> 
     </span>
    </p>
   </div>
   <div class='ocr_carea' id='block_1_122' title="bbox 2084 5723 3270 5873">
    <p class='ocr_par' dir='ltr' id='par_1_122' title="bbox 2084 5723 3270 5873">
     <span class='ocr_line' id='line_1_122' title="bbox 2084 5723 2486 5779; baseline -0.017 0"><span class='ocrx_word' id='word_1_909' title='bbox 2084 5723 2158 5779; x_wconf 81' lang='lat' dir='ltr'>fri</span> <span class='ocrx_word' id='word_1_910' title='bbox 2205 5724 2418 5778; x_wconf 84' lang='lat' dir='ltr'>oraret.</span> <span class='ocrx_word' id='word_1_911' title='bbox 2463 5745 2486 5772; x_wconf 70' lang='grc' dir='ltr'><strong><em>η</em></strong></span> 
     </span>
     <span class='ocr_line' id='line_1_123' title="bbox 2156 5739 3270 5873; baseline -0.012 -22"><span class='ocrx_word' id='word_1_912' title='bbox 2156 5739 2270 5873; x_wconf 57' lang='lat' dir='ltr'>git)</span> <span class='ocrx_word' id='word_1_913' title='bbox 2310 5793 2483 5854; x_wconf 85' lang='lat' dir='ltr'>Hom.</span> <span class='ocrx_word' id='word_1_914' title='bbox 2515 5789 2678 5870; x_wconf 81' lang='lat' dir='ltr'>edit.,</span> <span class='ocrx_word' id='word_1_915' title='bbox 2715 5813 2737 5842; x_wconf 74' lang='grc' dir='ltr'>ιι</span> <span class='ocrx_word' id='word_1_916' title='bbox 2774 5791 2832 5851; x_wconf 90' lang='lat' dir='ltr'>et</span> <span class='ocrx_word' id='word_1_917' title='bbox 2858 5787 2992 5850; x_wconf 89' lang='lat' dir='ltr'>ideo</span> <span class='ocrx_word' id='word_1_918' title='bbox 3021 5783 3211 5867; x_wconf 82' lang='lat' dir='ltr'>ungit.</span> <span class='ocrx_word' id='word_1_919' title='bbox 3248 5805 3270 5838; x_wconf 77' lang='grc' dir='ltr'><em>η</em></span> 
     </span>
    </p>
   </div>
  </div>
