3978 6168
412 293 572 403 1167

405 503 616 578 diligit.
671 485 798 562 Hos
841 486 1026 577 pedes
1072 506 1378 579 unguento
1423 504 1593 578 ungit
1636 504 1733 560 ille
1765 504 1868 576 qui
1896 503 2069 559 etiam
2106 486 2161 555 Α
2188 503 2297 559 tibi
2327 503 2611 575 serviant,
2642 504 2744 577 qui
2774 507 2830 561 te
2858 505 3309 579 impugnabant:
3331 512 3384 565 et
3409 513 3465 566 tu
3488 512 3763 570 servientes

404 594 772 649 tenuioribus
819 594 1297 651 mansuetudinis
1347 611 1475 650 suae
1514 594 1763 667 gratiam
1792 593 2067 664 impertit.

402 669 469 737 In
494 682 591 738 his
622 698 689 739 se
719 687 1029 757 martyres,
1062 684 1124 739 in
1155 683 1252 738 his
1283 683 1557 757 apostoli,
1588 684 1650 738 in
1680 683 1776 738 his
1797 682 1927 755 ipse
1956 683 2069 736 Do-

399 771 596 827 minus
625 772 808 828 Jesus
840 773 1122 829 honorari
1152 773 1391 829 indicat.

468 859 558 917 24.
599 860 782 917 Vides
813 878 993 937 quam
1027 862 1270 920 moralis
1302 862 1591 918 Dominus
1622 862 1720 932 sit,
1771 863 1835 916 ut
1863 875 2069 916 exem-

397 948 495 1021 plo
526 949 622 1005 sui
650 952 707 1006 te
736 950 809 1006 ad
838 951 1112 1023 pietatem
1142 955 1463 1023 provocet:
1499 950 1740 1007 moralis
1773 952 1865 1006 est
1896 949 2071 1004 etiam

398 1055 534 1094 cum
562 1041 778 1111 arguit.
812 1039 1084 1113 Denique
1114 1057 1410 1097 accusans
1440 1041 1685 1096 Judmos
1715 1040 1796 1094 ait
1827 1055 1839 1094 :
1880 1061 1902 1086 α
1952 1037 2069 1094 Po~

396 1129 532 1199 pule
564 1144 755 1199 meus,
788 1129 930 1202 quid
962 1130 1101 1185 fecit
1128 1131 1254 1203 tibi,
1301 1133 1401 1186 aut
1431 1130 1574 1202 quid
1605 1127 1950 1185 contristavi
1987 1130 2067 1197 te,

393 1220 493 1273 aut
519 1218 663 1290 quid
693 1218 985 1274 molestus
1021 1219 1108 1275 fui
1146 1220 1294 1275 tibi?
1345 1219 1666 1290 Responde
1711 1217 1874 1273 mihi.
1921 1215 2070 1283 Quia

396 1305 574 1363 eduxi
603 1310 660 1362 te
690 1307 762 1363 de
791 1310 949 1364 terra
980 1308 1250 1383 lEgypti,
1286 1311 1342 1364 et
1371 1311 1426 1364 te
1457 1308 1631 1364 domo
1663 1306 1970 1363 servitutis
2001 1306 2066 1360 li-

393 1392 599 1451 beravi
629 1397 685 1450 te
714 1397 921 1468 (Micli.
953 1414 1033 1469 vx,
1066 1398 1120 1469 3,
1151 1397 1249 1469 4)?
1285 1421 1308 1448 η
1342 1397 1414 1453 Et
1443 1396 1668 1453 addidit
1699 1412 1712 1452 :
1753 1418 1776 1445 ιι
1827 1394 1901 1450 Et
1929 1394 2067 1450 misi

394 1487 529 1540 ante
575 1483 792 1541 faciem
836 1488 998 1542 tuam
1045 1487 1293 1560 Moysen
1352 1490 1410 1543 et
1455 1487 1655 1543 Aaron
1702 1487 1761 1541 et
1823 1484 2068 1540 Mariam

396 1572 575 1644 (Ibid.
608 1574 685 1644 4).
721 1598 743 1624 ιι
780 1574 846 1632 In
874 1578 1069 1632 mente
1102 1576 1314 1633 habeto
1345 1575 1489 1649 quid
1517 1573 1869 1648 cogitaverit
1903 1573 1966 1629 in
2011 1577 2067 1628 te

394 1661 573 1718 Balae
621 1663 822 1735 (Num.
874 1681 1040 1736 χχιιι,
1092 1665 1169 1736 2),
1200 1665 1314 1722 hoe
1343 1668 1455 1735 est,
1488 1665 1586 1720 ille
1636 1663 1883 1737 magicae
1925 1663 2072 1718 artis

397 1766 571 1822 opem
620 1768 933 1826 quaerens;
981 1754 1092 1809 sed
1138 1756 1334 1809 tamen
1383 1769 1513 1809 eam
1541 1753 1649 1808 tibi
1680 1768 1799 1808 non
1828 1751 2076 1826 permisi

395 1855 634 1897 nocere.
685 1842 1128 1912 Deprimebaris
1176 1842 1380 1913 utique
1423 1842 1485 1897 in
1511 1842 1853 1915 peregrinis
1885 1856 2071 1897 exsu-
2099 1867 2152 1930 Β

395 1927 529 1985 lans
551 1928 755 2000 terris,
775 1929 1064 2002 gravibus
1096 1930 1245 1995 962
1273 1930 1590 2003 urgebaris
1610 1931 1893 1987 oneribus
1915 1930 2029 2002 (42)
2054 1945 2068 1985 :

393 2016 533 2072 misi
563 2020 696 2073 ante
725 2017 940 2074 faciem
969 2021 1130 2075 tuam
1159 2019 1429 2092 Moysen,
1476 2022 1535 2076 et
1576 2020 1796 2092 Aaron,
1847 2024 1905 2076 et
1951 2020 2071 2077 Ma-

391 2107 562 2178 riam,
613 2111 671 2163 et
715 2109 972 2179 primum
1029 2110 1161 2180 ille,
1210 2110 1315 2182 qui
1362 2110 1727 2182 spoliaverat
1775 2110 2071 2183 exsulem,

394 2194 685 2266 spoliatus
716 2196 846 2268 ipse
877 2200 973 2254 est
1003 2199 1222 2269 (Exod.
1258 2216 1362 2270 xu,
1384 2198 1496 2270 36).
1518 2200 1629 2271 Tu,
1661 2199 1764 2271 qui
1783 2200 2072 2255 amiseras

392 2286 511 2356 tua,
566 2285 876 2358 acquisisti
925 2287 1137 2358 aliena,
1182 2287 1470 2344 liberatus
1512 2289 1584 2344 ab
1631 2287 1909 2344 hostibus
1960 2289 2071 2344 cir-

393 2371 911 2447 cumvallantibus,
962 2378 1137 2449 atque
1188 2377 1342 2433 inter
1383 2393 1571 2449 aquas
1622 2376 1850 2433 medias
1905 2379 2070 2433 tutus

396 2463 658 2535 stragem
705 2464 909 2520 vidisti
953 2464 1328 2522 inimicorum
1377 2468 1635 2539 tuorum,
1681 2482 1816 2521 cum
1864 2467 2071 2522 eadem

394 2550 572 2623 unda,
607 2568 742 2625 quae
769 2556 827 2609 te
862 2553 1227 2611 circumfusa
1269 2558 1647 2627 provexerat,
1698 2555 1933 2611 hostem
1977 2570 2069 2610 re-

396 2638 533 2695 fusa
580 2641 972 2714 demergeret.
1023 2644 1237 2700 Nonne
1287 2660 1421 2700 cum
1465 2645 1572 2700 tibi
1618 2660 1726 2716 per
1769 2645 2072 2701 desertum

289 2722 295 2727 ’
397 2729 658 2785 venienti
685 2730 961 2788 alimenta
998 2732 1299 2804 deessent,
1347 2734 1613 2790 altricem
1656 2734 1761 2789 tibi
1809 2734 2071 2807 pluviam

397 2817 615 2888 (Exod.
648 2836 770 2891 xvr,
799 2821 876 2891 4),
913 2824 970 2877 et
1013 2826 1399 2894 commeatus,
1448 2838 1806 2895 quocunque
1849 2840 2068 2898 perge—

396 2922 520 2979 res,
554 2908 933 2965 cireumﬂuos
964 2911 1335 2967 ministravi?
1374 2912 1585 2968 Nonne
1628 2915 1706 2983 te,
1756 2912 2069 2970 debellatis

396 2994 660 3053 inimicis
706 2997 1006 3071 omnibus,
1056 3000 1117 3056 in
1159 3000 1470 3073 regionem
1518 3002 1833 3073 Botryonis
1863 3003 2072 3059 induxi

398 3085 596 3155 (Num.
629 3104 753 3158 xm,
787 3089 920 3159 24)?
968 3089 1179 3146 Nonne
1208 3090 1408 3162 ipsum
1436 3090 1638 3146 Sehon
1684 3091 2071 3150 Amorrhaeo-

1853 284 1917 366 s.
1965 281 2409 367 AMsRo'su.

3626 296 3758 381 1163

2189 591 2334 647 mihi
2361 592 2422 647 in
2452 596 2807 664 potestatem
2835 594 3098 651 deduces
3136 596 3481 654 inimicorum
3505 616 3761 658 meorum:

2189 684 2245 735 et
2271 684 2335 736 tu
2362 681 2601 737 auferes
2633 684 2793 754 quod
2822 688 2948 740 erat
2980 686 3207 741 servuli
3234 688 3361 757 mei,
3390 688 3445 742 in
3471 704 3573 760 quo
3607 693 3655 745 et
3685 691 3767 747 tibi

2187 774 2496 841 peceatum
2524 771 2799 845 inuritur,
2831 777 2890 829 et
2919 773 3222 831 habebunt
3248 777 3318 831 de
3343 792 3451 848 quo
3476 778 3579 833 mei
3604 779 3769 836 adver-

2190 859 2334 913 sarii
2363 859 2695 931 glorientur
2713 862 2743 917 ?

2260 948 2350 1004 26.
2391 948 2574 1022 Ergo,
2622 951 2960 1023 imperator,
3014 956 3075 1009 ut
3115 953 3240 1025 jam
3286 970 3398 1010 non
3437 956 3610 1012 solum
3634 959 3694 1012 de
3714 963 3772 1031 te,

2189 1038 2297 1092 sed
2328 1038 2503 1093 etiam
2537 1039 2610 1094 ad
2638 1043 2696 1095 te
2726 1042 2909 1097 verba
2938 1047 3306 1114 convertam;
3338 1045 3590 1116 quoniam
3615 1046 3776 1102 adver-

2185 1126 2264 1181 tis
2297 1143 2472 1198 quam
2505 1129 2768 1200 graviter
2797 1129 3089 1187 Dominus
3119 1132 3429 1188 convenire
3468 1134 3651 1204 soleat,
3690 1151 3777 1206 quo

2185 1214 2488 1288 gloriosor
2517 1217 2711 1274 factus
2743 1234 2833 1289 es,
2873 1235 2948 1276 eo
2976 1220 3230 1291 amplius
3264 1223 3478 1278 auctori
3521 1225 3611 1279 tuo
3650 1222 3777 1278 defe-

2187 1303 2435 1360 rendum
2468 1307 2733 1362 noveris.
2766 1307 3065 1380 Scriptum
3094 1313 3188 1365 est
3215 1310 3370 1366 enim
3396 1310 3582 1381 (Deut.
3608 1329 3679 1383 ιι,
3704 1314 3779 1382 4):

2186 1391 2333 1449 Cum
2380 1397 2438 1450 te
2479 1395 2780 1452 induxerit
2824 1396 3116 1455 Dominus
3160 1398 3321 1455 Deus
3360 1403 3494 1455 tuus
3529 1401 3585 1455 in
3609 1404 3780 1457 ternm

2187 1480 2438 1539 alienam
2465 1487 2524 1539 et
2552 1484 3007 1542 manducaveris
3040 1486 3270 1544 fructus
3300 1488 3539 1559 alienos,
3583 1505 3685 1546 non
3725 1490 3783 1546 di-

2186 1586 2290 1627 cas
2324 1587 2337 1628 :
2373 1572 2575 1631 Virtus
2607 1589 2738 1629 mea
2765 1576 2824 1629 et
2846 1573 3081 1646 justitia
3128 1592 3262 1632 mea
3308 1577 3420 1633 hoc
3463 1578 3596 1633 mihi
3633 1578 3784 1649 dedit;

2186 1660 2294 1716 sed
2326 1660 2617 1717 Dominus
2646 1662 2887 1718 donavit
2916 1664 3099 1735 Deus,
3134 1666 3245 1722 sed
3288 1665 3554 1723 Christus
3598 1668 3785 1724 miseri-

2185 1749 2393 1805 cordia
2418 1767 2529 1807 sua
2557 1751 2842 1822 contulit;
2872 1755 2932 1808 et
2958 1753 3093 1810 ideo
3123 1770 3344 1827 corpus
3375 1755 3526 1827 ejus,
3572 1756 3670 1813 hoc
3703 1760 3784 1822 est,

2184 1835 2518 1895 Ecclesiam
2546 1839 2871 1912 diligendo,
2904 1857 3116 1914 aquam
3146 1844 3220 1899 da
3252 1844 3501 1915 pedibus
3543 1844 3680 1918 ejus,
3717 1860 3786 1901 os-

2186 1927 2386 1983 culare
2414 1927 2600 1999 pedes
2631 1928 2770 2001 ejus
2800 1930 2991 1999 (Joan.
3023 1949 3127 2003 xu,
3159 1933 3216 2003 3)
3242 1949 3259 2003 ;
3290 1936 3352 1989 ut
3380 1950 3496 1990 non
3524 1934 3695 1990 solum
3717 1936 3788 1988 ab-

2183 2015 2389 2071 solvas
2417 2032 2524 2072 eos
2554 2018 2656 2089 qui
2686 2018 2747 2073 in
2777 2021 3041 2089 peccatis
3060 2021 3420 2092 deprehensi
3450 2026 3601 2093 sunt,
3629 2038 3788 2078 verum

2183 2104 2357 2161 etiam
2386 2120 2532 2177 pace
2558 2109 2657 2162 tua
2686 2107 2875 2164 dones
2907 2110 3268 2182 concordiae,
3299 2114 3357 2167 et
3384 2113 3559 2184 quieti
3585 2112 3787 2168 relaxes.

2183 2194 2344 2248 Mitte
2374 2198 2743 2268 unguentum
2770 2196 2832 2251 in
2860 2198 3044 2268 pedes
3074 2198 3233 2271 ejus,
3268 2203 3330 2256 ut
3375 2203 3493 2257 tota
3541 2201 3724 2256 domus
3744 2202 3788 2255 in

2181 2298 2297 2354 qua
2343 2281 2621 2340 Christus
2666 2286 2977 2357 recumbit,
3029 2290 3128 2344 tuo
3175 2287 3474 2360 repleatur
3524 2293 3791 2363 unguento,

2182 2386 2390 2428 omnes
2423 2374 2840 2431 recumbentes
2870 2391 3005 2431 cum
3036 2392 3107 2432 eo
3152 2378 3455 2450 gaudeant
3495 2379 3607 2434 tuis
3649 2378 3793 2449 operi-

2180 2461 2318 2533 bus,
2367 2460 2491 2543 hoc.
2530 2465 2643 2535 est,
2693 2463 2784 2518 sic
2829 2463 3055 2521 honora
3097 2465 3346 2524 ultimos
3396 2469 3527 2539 (45),
3557 2472 3617 2525 ut
3640 2483 3797 2523 eorum

2180 2549 2557 2607 absolutione
2584 2552 2884 2624 gaudeant
2910 2554 3130 2625 angeli,
3162 2555 3323 2611 sicut
3352 2572 3536 2628 super
3561 2572 3667 2613 uno
3691 2572 3797 2627 pec-

2180 2640 2378 2694 catore
2406 2640 2809 2711 paenitentiam
2838 2646 3053 2715 agente
3082 2645 3254 2713 (Luc.
3285 2663 3383 2716 xv,
3416 2646 3532 2716 10);
3574 2646 3797 2702 laetentur

2179 2728 2454 2799 apostoli,
2487 2729 2854 2786 delectentur
2882 2732 3210 2803 prophetae.
3248 2735 3386 2791 Non
3414 2735 3565 2791 enim
3590 2737 3796 2806 possunt

2181 2816 2379 2873 dicere
2410 2818 2563 2874 oeuli
2595 2821 2792 2875 manui
2826 2836 2839 2876 :
2877 2844 2898 2868 υ
2933 2820 3185 2892 Operam
3219 2826 3383 2880 tuam
3411 2840 3529 2880 non
3554 2824 3801 2880 desidem-
3918 2816 3919 2823 “

2182 2922 2351 2978 mus;
2382 2910 2482 2962 aut
2509 2911 2683 2979 caput
2710 2908 2962 2979 pedibus
3000 2927 3013 2966 :
3049 2912 3196 2976 963
3226 2912 3364 2969 Non
3393 2914 3539 2970 estis
3567 2914 3694 2968 mihi
3719 2927 3800 2967 ne—
3918 2948 3919 2961 η

2184 2995 2435 3051 cessarii
2464 2995 2523 3066 (Ι
2546 2995 2682 3053 Cor.
2717 3014 2819 3068 xu,
2850 2996 2964 3067 21).
3003 3020 3027 3051 ιι
3064 3000 3227 3074 Ergo
3260 3003 3398 3074 quia
3427 3019 3626 3060 omnes
3643 3016 3804 3058 neces-
3918 3016 3919 3019 ‘

2185 3084 2331 3139 sarii
2381 3087 2539 3156 sunt,
2590 3087 2756 3141 tuere
2806 3102 2978 3145 omne
3029 3106 3257 3161 corpus
3304 3093 3537 3149 Domini
3580 3094 3725 3161 Jesu,
3763 3094 3809 3144 ut

397 3192 530 3230 rum
560 3192 776 3279 regem.
794 3178 993 3293 (Nu-1‘11.
1027 3196 1151 3250 xxx,
1185 3177 1403 3251 26-29),
1436 3180 1549 3236 hoc
1578 3182 1697 3293 est,
1723 3182 2070 3293 superbiam,
2101 3227 2154 3293 ο
2182 3173 2316 3293 ipse
2341 3189 2575 3293 quoque
2605 3191 2858 3248 regnum
2886 3180 3051 3234 tuum
3083 3181 3319 3238 caelesti
3365 3198 3475 3239 sua
3517 3181 3803 3255 dignatione
3918 3252 3919 3259 γ

398 3267 881 3337 exasperantium
911 3267 1122 3324 ducem
1159 3284 1171 3325 :
1205 3284 1400 3325 nonne
1420 3285 1626 3342 regem
1647 3269 1760 3324 Hai
1775 3270 2068 3328 viventem

2193 3263 2501 3319 custodiat.

397 3352 504 3409 tibi
529 3354 764 3427 tradidi,
800 3372 976 3429 quem
1007 3355 1292 3413 suffixum
1318 3355 1431 3429 (43)
1464 3358 1628 3431 ligno
1662 3374 1731 3414 ac
1771 3360 2071 3417 sublatum

396 3443 459 3498 in
490 3460 667 3500 cruce
699 3444 1012 3501 maledicto
1043 3449 1244 3503 vetere
1274 3447 1682 3503 condemnasti
1711 3448 1916 3518 (Josue
1942 3466 2069 3522 vm,

397 3530 467 3588 23
498 3534 681 3607 seq.)?
710 3533 861 3600 Quid
889 3535 1080 3592 dicam
1102 3552 1261 3591 caesa
1293 3536 1553 3609 quinque
1570 3553 1780 3611 regum
1809 3539 2069 3612 agmina,

397 3638 531 3695 qum
567 3623 796 3680 debitas
826 3625 931 3680 tibi
959 3628 1153 3681 terras
1174 3642 1396 3699 negare
1418 3628 1852 3684 contendebant
1869 3629 2073 3701 (Josue

395 3727 456 3766 χ.
485 3711 618 3784 26)?
662 3712 735 3769 Et
779 3731 936 3770 nunc
987 3731 1094 3785 pro
1138 3715 1233 3771 his
1285 3717 1561 3773 omnibus
1593 3718 1735 3789 quid
1765 3717 1925 3774 aliud
1955 3721 2073 3775 ate

396 3801 701 3873 quaeritur,
750 3800 950 3874 homo,
992 3803 1109 3858 nisi
1160 3807 1220 3859 ut
1268 3804 1455 3860 facias
1482 3804 1777 3877 judicium
1807 3810 1864 3862 et
1886 3807 2072 3880 justi-

395 3887 557 3959 tiam,
609 3891 666 3944 et
708 3889 925 3962 diligas
974 3892 1468 3966 misericordiam,
1505 3898 1563 3949 et
1594 3899 1837 3966 paratus
1868 3898 1957 3952 sis
1988 3898 2073 3954 ire

399 3991 535 4031 cum
565 3976 816 4034 Domino
847 3980 973 4035 Deo
1004 3983 1104 4035 tuo
1135 3981 1346 4053 (Mich.
1376 3999 1457 4054 vx,
1489 3981 1579 4053 8/?

469 4065 556 4120 25.
599 4065 689 4120 Ad
737 4066 935 4137 ipsum
983 4085 1186 4141 regem
1235 4071 1444 4142 David,
1495 4071 1659 4128 illum
1709 4074 1869 4145 pium
1900 4078 2073 4148 atque

398 4157 796 4226 mansuetum,
843 4157 1037 4228 qualis
1084 4175 1191 4230 per
1236 4159 1471 4215 Nathan
1523 4163 1872 4233 prophetam
1903 4180 2078 4238 expc.

401 4242 685 4299 stulatio?
715 4243 863 4318 Ego,
898 4245 1087 4318 inquit
1115 4246 1202 4318 (II
1225 4246 1373 4323 Reg.
1408 4266 1513 4319 xu,
1544 4249 1727 4323 ’7-10),
1779 4256 1835 4308 te
1884 4255 2075 4312 mino-

398 4348 526 4389 rem
553 4333 710 4407 elegi
740 4335 813 4390 de
843 4334 1126 4392 fratribus
1158 4337 1275 4392 tuis
1310 4353 1322 4394 :
1356 4353 1468 4411 ego
1498 4343 1557 4395 te
1593 4344 2075 4400 mansuetudinis

399 4422 624 4494 replevi
657 4424 865 4495 spiritu
900 4440 912 4480 :
946 4440 1058 4499 ego
1088 4429 1144 4482 te
1177 4443 1285 4498 per
1314 4427 1669 4501 Samuelem,
1703 4431 1763 4485 in
1799 4448 1916 4504 quo
1958 4450 2074 4508 ego

400 4527 561 4567 eram
593 4516 649 4567 et
680 4530 874 4568 meum
903 4531 1138 4586 nomen,
1173 4517 1318 4571 unxi
1348 4517 1409 4572 in
1440 4534 1665 4590 regem.
1709 4518 1834 4592 Ego
1868 4525 1943 4591 te,
1981 4540 2077 4578 su-

2254 3352 2343 3408 27.
2385 3352 2498 3424 (46)
2533 3353 2648 3409 Ubi
2696 3353 3001 3427 descendi,
3054 3358 3135 3412 ait
3183 3360 3354 3417 mihi.
3399 3360 3482 3417 De
3511 3360 3673 3417 nobis
3696 3373 3805 3429 pro-

2183 3441 2464 3512 posuisti.
2501 3443 2805 3515 Respondi
2838 3460 2852 3500 :
2888 3444 3016 3501 Hoc
3043 3448 3318 3520 tractavi,
3349 3451 3505 3522 quod
3536 3450 3606 3505 ad
3632 3448 3804 3505 utilita-

2184 3532 2301 3585 tem
2330 3533 2488 3586 tuam
2517 3532 2856 3602 pertineret.
2889 3534 3054 3590 Tunc
3084 3536 3165 3591 ait
3197 3553 3211 3593 :
3247 3538 3339 3594 Re
3389 3555 3530 3595 vera
3577 3539 3643 3593 de
3670 3537 3809 3607 Syna-

2184 3633 2343 3691 goga
2396 3620 2724 3690 reparanda
2777 3622 2851 3677 ab
2908 3624 3190 3695 episeopo
3248 3627 3462 3685 durius
3511 3631 3803 3693 statueram,

2186 3707 2295 3763 sed
2324 3710 2698 3767 emendatum
2722 3713 2834 3767 est.
2866 3712 3140 3770 Monachi
3162 3717 3347 3771 multa
3367 3718 3594 3773 scelera
3611 3716 3805 3772 faciunt.

2188 3796 2353 3852 Tune
2386 3797 2684 3855 Timasius
2716 3800 3006 3873 magister
3031 3804 3298 3875 equitum
3328 3807 3657 3878 etpeditum
3676 3802 3813 3874 empit

2188 3885 2505 3942 adversum
2535 3889 2859 3944 monachos
2889 3905 3029 3946 esse
3071 3893 3505 3952 vehementior.
3554 3892 3811 3966 Respondi

2188 3975 2287 4031 ei:
2334 3975 2461 4049 Ego
2512 3992 2647 4032 cum
2690 3978 3050 4049 imperatore
3095 3998 3233 4056 ago,
3283 3988 3349 4039 ut
3397 3988 3659 4057 oportet:
3705 3981 3810 4054 quia

2187 4062 2325 4119 novi
2356 4065 2514 4136 quod
2540 4066 2752 4121 habeat
2795 4066 3028 4124 Domini
3075 4071 3351 4127 timorem
3384 4089 3398 4129 :
3433 4077 3623 4130 tecum
3656 4074 3811 4127 autem

2187 4152 2356 4207 aliter
2382 4154 2698 4227 agendum,
2733 4155 2833 4228 qui
2865 4159 2983 4212 tam
3012 4158 3159 4214 dura
3190 4160 3485 4233 loqueris.

2257 4241 2345 4297 28.
2388 4241 2612 4299 Deinde
2654 4261 2789 4300 cum
2828 4245 3170 4320 aliquandiu
3215 4254 3461 4319 starem,
3510 4252 3637 4309 dico
3666 4252 3814 4319 impe-

2184 4332 2365 4387 ratori
2401 4347 2414 4387 :
2448 4330 2567 4387 Fac
2609 4350 2702 4390 me
2749 4350 3028 4392 securum
3072 4354 3180 4409 pro
3229 4342 3285 4394 te
3346 4340 3577 4411 oti'erre,
3608 4337 3814 4394 absolve

2186 4419 2445 4474 animum
2493 4437 2707 4478 meum.
2757 4423 2905 4480 Cum
2952 4427 3248 4483 assideret
3277 4434 3673 4501 annueretque
3701 4425 3808 4495 (Π),

2186 4524 2306 4563 non
2332 4512 2527 4565 tamen
2556 4515 2756 4582 aperte
2786 4514 3187 4587 polliceretur,
3238 4520 3417 4590 atque
3464 4534 3575 4590 ego
3610 4520 3813 4582 starem:

400 4600 555 4656 blato
587 4601 685 4657 illo
717 4619 860 4677 rege
891 4606 1201 4676 superiore
1237 4605 1372 4679 (44),
1407 4588 1585 4679 quem
1608 4588 1800 4664 malus
1824 4588 2072 4680 spiritus
2100 4588 2151 4649 D
2187 4597 2330 4652 ἀίκίί
2373 4614 2441 4654 59
2485 4601 2933 4659 emendaturum
2973 4588 3352 4677 rescriptum:
3404 4588 3606 4663 δῑθίίηὶ
3647 4605 3811 4660 dicere

401 4691 756 4763 exagitabat,
807 4695 870 4747 ut
910 4700 1373 4769 persequeretur
1420 4697 1765 4753 sacerdotes
1816 4698 2068 4771 Domini,

2193 4686 2360 4757 coepi,
2412 4691 2474 4743 ut
2532 4705 2768 4746 omnem
2812 4693 3214 4765 cognitionem
3257 4695 3510 4766 tolleret,
3556 4711 3627 4751 ne
3672 4705 3814 4748 occa-

402 4779 479 4833 de
509 4781 742 4836 θχευιιθ
774 4781 887 4837 feci
917 4783 1423 4855 triumphatorem
1458 4785 1586 4859 Ego
1620 4787 1692 4844 de
1726 4789 1951 4846 semine
1973 4792 2073 4846 ιυο
2188 4775 2358 4831 sione
2391 4778 2747 4850 cognitionis
2779 4796 2982 4837 comes
3013 4783 3209 4856 aliqua
3239 4783 3609 4841 Christianos
3635 4784 3812 4837 attere-

403 4866 463 4919 in
491 4866 702 4922 throno
732 4871 830 4924 tuo
861 4886 980 4924 non
1002 4874 1168 4942 prius
1194 4873 1493 4930 haeredem
1523 4892 1700 4948 quam
1736 4882 2068 4935 consortem

2193 4867 2278 4919 ret
2318 4865 2554 4937 injuria.
2604 4868 2882 4924 Promisit
2928 4870 3191 4928 futurum
3233 4873 3366 4944 (48).
3418 4873 3527 4929 Aio
3557 4872 3638 4927 illi
3666 4886 3678 4926 :
3706 4870 3811 4939 A30

402 4952 619 5009 locavi.
654 4954 782 5027 Ego
811 4958 913 5011 tibi
945 4958 1058 5014 feci
1090 4963 1263 5017 etiam
1294 4964 1660 5038 alienigenas
1684 4967 1976 5039 subditos,
2009 4971 2068 5024 ut

2193 4953 2300 5009 fide
2347 4956 2486 5026 tua;
2523 4959 2579 5011 et
2611 4957 2858 5028 repetivi
2893 4976 2906 5014 :
2936 4960 3068 5034 Ago
3117 4962 3232 5017 fide
3278 4968 3396 5018 tua.
3444 4963 3589 5035 Age,
3635 4955 3809 5030 inquit,

2186 5096 2484 5174 dictionis,
2518 5099 2691 5154 etiam
2722 5116 2856 5172 quae
2876 5102 3170 5174 Paulinus
3219 5105 3292 5159 de
3341 5104 3528 5160 sancti
3570 5097 3810 5174 praesulis

2186 5184 2320 5222 cum
2349 5169 2706 5247 imperatore
2728 5169 2797 5226 ac
2830 5173 2967 5244 ejus
3004 5176 3347 5246 purpuratis
3385 5169 3664 5247 colloquio
3707 5183 3809 5224 me-

2183 5243 2388 5317 morat,
2413 5239 2559 5317 haec
2578 5239 2972 5317 Ambrosiana
2998 5239 3141 5317 esse
3172 5248 3543 5317 persuadent.

2255 5310 2368 5392 (ιη)
2411 5311 2845 5392 Ηθείιιβροάη
2898 5338 2921 5365 α
2972 5316 3119 5392 Cum
3166 5310 3475 5392 assideret,
3509 5331 3618 5371 non
3645 5317 3808 5392 tamen

2185 5384 2501 5452 aperte.....
2554 5383 2702 5439 dixit
2750 5383 3327 5469 se'.emendaturum.
3387 5383 3549 5444 Stare
3597 5383 3749 5455 coepi.
3786 5401 3804 5423 ι

2182 5452 2366 5509 Lege.
2403 5476 2426 5500 «
2464 5453 2691 5509 Instare
2713 5471 2888 5509 ceam.
2936 5480 2959 5508 ι

2213 5468 2366 5512 ωηο.
2403 5476 2426 5500 κ
2464 5468 2691 5510 instare
2713 5468 2888 5512 omni.
2936 5480 2959 5508 ι

2251 5469 2366 5578 ego,
2403 5476 2426 5500 «
2464 5469 2691 5510 instare
2713 5471 2888 5528 coepi.
2936 5480 2959 5508 ι
3705 5521 3755 5536 Η

2251 5527 2272 5597 (
2311 5525 2365 5595 8)
2406 5525 2575 5604 Ηρωο
2607 5526 2770 5604 edito,
2811 5548 2834 5579 ι
2863 5544 2941 5604 pe
2973 5530 3156 5604 hujus
3203 5532 3515 5588 occasione
3554 5525 3806 5604 cognitio-

599 5094 799 5179 Qodex
816 5112 991 5179 manu
1003 5106 1299 5179 exar_atus,
1322 5125 1344 5156 α
1362 5109 1677 5179 urgebaris
1693 5109 2021 5166 fraudibus.
2042 5135 2063 5161 υ

474 5167 587 5255 (48)
628 5168 789 5255 Idem
817 5167 1029 5238 codex,
1055 5193 1089 5255 ,ιι
1126 5167 1337 5229 ducem
1367 5167 1662 5235 viventem
1712 5182 1815 5236 tibi
1860 5183 2066 5255 obtuli,

405 5253 581 5312 quem
613 5238 935 5312 suffixum,_
958 5261 979 5286 ιι
1016 5243 1107 5295 etc

477 5310 591 5394 (id)
631 5311 780 5382 Reg.
831 5310 1064 5394 codex;
1104 5334 1127 5364 ι
1162 5328 1274 5385 ego
1315 5318 1372 5369 et
1416 5319 1648 5377 sublato
1691 5322 1793 5379 illo
1842 5326 2071 5381 tuarum

406 5387 659 5455 partium
676 5396 833 5455 grege
865 5387 1193 5455 superiore.
1234 5406 1255 5434 ι

477 5452 590 5525 (45)
630 5453 714 5508 Id.
751 5452 899 5526 Reg.
934 5454 1145 5526 codex,
1180 5477 1203 5504 κ
1237 5454 1541 5532 odoribus,
1577 5462 1666 5517 sie
1698 5467 1789 5517 est
1820 5467 1920 5535 qui
1962 5467 2069 5523 ho-

477 5530 578 5581 irat
606 5524 868 5581 ultimos.
907 5549 929 5574 π

408 5530 578 5583 norat
606 5526 868 5581 ultimos.
907 5549 929 5574 π

477 5597 591 5668 (46)
629 5597 921 5683 Quidquid
947 5597 1164 5683 ab'hoc
1192 5613 1440 5656 numero
1469 5601 1541 5657 ad
1572 5606 1921 5683 sequentem
1964 5625 2066 5683 ιπε-
2177 5594 2274 5683 {nisi
2306 5594 2568 5683 κοριῃίιςε
2595 5594 2809 5683 Pliada
2850 5594 3223 5683 Chrj§tiupos
3270 5604 3484 5683 ίιξιίιιιίς
3510 5594 3799 5683 αἷξίίθτέἒιὲ

407 5667 528 5758 (ιιιῆ
569 5667 1106 5758 Comprehenditur,
1150 5687 1226 5758 ex
1267 5684 1417 5756 mss.
1464 5688 1575 5758 reg
1609 5667 1958 5758 restituitur,
1992 5679 2064 5736 Et
2175 5667 2451 5758 promisit
2476 5667 2808 5758 fastorum.
2876 5694 2899 5725 ιι
2966 5674 3160 5750 Magis
3206 5667 3424 5736 arridet
3464 5671 3627 5731 lectio
3669 5678 3799 5726 mss.

408 5742 566 5802 certe
609 5740 829 5819 praeter
873 5740 1204 5823 argumenti
1249 5743 1466 5808 seriem
1497 5740 2062 5833 similitudinemque
2176 5753 2352 5815 quam
2384 5740 2442 5798 θί
2471 5740 2802 5821 sequimur.
