3978 6168
158 376 315 442 1169

1309 377 1922 444 EPISTOLARUM
1979 380 2318 446 CLASSIS
2344 381 2392 444 Ῑ.

3447 373 3604 448 1170

166 578 271 633 fide
303 595 452 633 mea.
487 578 558 633 Et
588 580 664 634 ita
697 580 768 634 ad
812 581 992 636 altare
1024 581 1135 652 (49)
1184 582 1433 645 accessi,
1487 598 1604 638 non
1654 559 1895 637 aliterA
1929 585 2077 653 rant,
2120 583 2464 656 dirupisset,
2508 600 2687 640 scena
2750 585 2891 640 tanti
2934 583 3089 653 mali,
3147 585 3202 639 et
3258 582 3600 655 hypocrisis

169 682 539 736 accessurus,
575 669 688 722 nisi
721 670 866 724 mihi
915 671 1086 740 plene
1119 671 1517 741 promisisset.
1571 672 1641 726 Et
1680 688 1820 726 vere

164 760 307 810 tanta
336 756 652 811 oblationis
695 759 802 813 fuit
845 761 1052 831 gratia,
1083 765 1143 814 ut
1173 762 1456 815 sentirem
1490 763 1663 816 etiam
1691 762 1820 831 ipse

168 861 282 898 eam
317 845 437 900 Deo
469 851 672 902 nostro
706 850 1262 905 commendatiorem
1307 851 1497 906 fuisse
1546 853 1816 923 gratiam,

165 938 214 988 et
240 934 495 989 divinam
524 934 632 1005 (50)
683 940 1061 1007 praesentiam
1108 956 1226 994 non
1272 941 1562 996 defuisse.
1614 940 1821 994 Omnia

165 1025 348 1094 itaque
379 1038 454 1078 ex
486 1027 776 1080 sententia
806 1031 974 1096 gesta
1007 1033 1164 1083 sunt.

165 1166 524 1224 EPISTOLA
555 1168 835 1225 SYRICII
869 1170 1100 1226 ΡΑΡίΕ
1133 1173 1234 1225 AD
1286 1143 1820 1226 MEDIOLANEN-

583 1257 733 1313 SEM
782 1258 1207 1316 ECCLESIAM
1257 1262 1390 1329 (51).

164 1398 643 1473 Mediolanenses
659 1403 828 1457 docet
848 1403 1073 1459 diaboli
1108 1404 1328 1460 factum
1362 1405 1612 1473 invidia,
1637 1411 1695 1458 ut
1717 1420 1822 1460 no-

234 1488 312 1547 vae
336 1472 615 1547 iizni'eses
646 1475 992 1547 irrepcrent
1023 1476 1084 1530 in
1108 1477 1461 1531 Ecclesiam.
1490 1472 1668 1541 Quam
1693 1492 1826 1547 per-

233 1543 468 1617 niciosae
506 1543 626 1598 illae
654 1543 794 1610 sint,
833 1547 1056 1617 prodit,
1109 1555 1168 1603 ct
1199 1549 1260 1602 in
1302 1555 1593 1602 conventu
1638 1543 1824 1602 eccle-

232 1616 471 1694 siastico
507 1631 706 1670 eorum
724 1616 1027 1694 auctores,
1079 1636 1318 1694 quorum
1365 1618 1676 1690 sigillatim
1726 1635 1825 1675 no-

229 1689 376 1738 mina
399 1693 823 1751 recensentur,
861 1689 1168 1745 damnatos
1196 1690 1410 1745 refert.

354 1852 375 1875 α
411 1829 679 1887 Siaxcws
710 1830 822 1902 (52)
855 1832 1280 1890 Mediolanensi
1314 1833 1623 1889 Ecclesiae.

225 1973 270 2026 1.
308 1995 328 2020 «ι
365 1973 648 2044 Optarem
679 1989 936 2045 semper,
970 1974 1185 2030 fratres
1230 1975 1590 2046 charissimi,
1639 1975 1821 2031 dilec-

158 2061 326 2117 tionis
348 2066 404 2118 et
435 2063 609 2133 pacis
648 2066 866 2118 vestrae
897 2064 1222 2119 sinceritati
1271 2065 1486 2137 gaudia
1529 2066 1820 2136 nuntiare,

158 2151 226 2204 ita
246 2156 305 2206 ut
327 2152 606 2206 vicissim
627 2152 1106 2208 discurrentibus
1130 2153 1342 2209 litteris
1379 2155 1690 2224 sospitatis
1721 2170 1823 2209 ve-

160 2245 286 2296 strm
310 2241 1064 2313 juvaremur(53)judicno.
1090 2244 1163 2297 At
1184 2258 1326 2298 vero
1357 2244 1494 2314 quia
1527 2235 1675 2300 964
1708 2261 1826 2300 non

161 2331 362 2401 patitur
407 2333 614 2402 quiete
660 2347 772 2385 nos
820 2347 1034 2386 vacare
1067 2333 1185 2402 (5i)
1216 2332 1288 2387 ab
1338 2332 1681 2388 incursione
1716 2350 1824 2388 sua

163 2419 342 2474 hostis
373 2419 683 2492 antiquus,
719 2420 790 2474 ab
823 2420 986 2476 initio
1043 2422 1318 2491 mendax,
1369 2422 1645 2477 inimicus
1674 2423 1830 2478 veri-

160 2511 305 2580 tatis,
327 2510 588 2564 aemulus
606 2509 886 2578 hominis,
929 2525 1104 2581 quem
1136 2514 1199 2565 ut
1231 2511 1549 2582 deciperet,
1593 2527 1660 2567 se
1691 2515 1824 2570 ante

165 2598 401 2670 decepit,
435 2599 743 2670 pudicitiae
775 2599 1178 2669 adversarius,
1215 2600 1466 2655 luxuriae
1514 2601 1824 2674 magister,

166 2688 612 2743 crudelitatibus
659 2688 940 2758 pascitur,
988 2688 1345 2743 abstinentia
1403 2689 1644 2760 punitur
1690 2690 1828 2762 (55),

168 2777 276 2832 odit
303 2777 567 2848 jejunia,
609 2777 900 2842 ministris
941 2777 1070 2832 suis
1124 2778 1588 2848 praedicantibus
1616 2820 1629 2846 ,
1691 2778 1828 2833 dum
1901 2825 1906 2829 .

167 2866 292 2920 dicit
323 2882 461 2921 esse
503 2867 801 2936 superflua
832 2866 965 2936 (56),
1001 2881 1168 2937 spem
1199 2866 1328 2937 non:
1357 2867 1585 2922 habens
1616 2867 1686 2922 de
1737 2869 1829 2924 fu-

166 2956 322 3024 turis,
378 2955 658 3026 Apostoli
715 2956 1006 3009 sententia
1059 2971 1456 3026 repercussus
1515 2957 1768 3012 dicentis
1812 2975 1824 3014 :

170 3066 189 3094 ι
223 3045 650 3100 Manducemus
681 3047 737 3100 et
772 3044 1085 3111 bibamus;
1126 3060 1261 3100 cras
1307 3045 1462 3100 enim
1509 3046 1830 3102 moriemur

169 3134 210 3204 (Ι
237 3134 366 3190 Cor.
397 3151 550 3197 xxv,
583 3134 694 3203 32).
735 3159 756 3182 »

231 3225 280 3278 2.
341 3247 363 3271 ιι
422 3224 472 3278 Ο
535 3223 741 3278 infelix
795 3222 1077 3278 audacia!
1134 3240 1167 3278 ο
1225 3226 1554 3294 desperatae
1612 3226 1828 3280 mentis

1932 673 2230 743 publicata
2261 674 2576 729 multorum
2610 675 2967 746 simplicium
3018 673 3196 728 corda
3227 673 3512 729 traxisset
3539 673 3602 728 in

1929 763 2195 833 ruinam;
2241 764 2377 835 quia
2418 763 2589 819 facile
2646 764 2715 817 ad
2771 763 3124 819 deteriorem
3162 765 3387 834 partem
3426 777 3596 817 mens

1930 851 2183 906 humana
2201 853 2549 923 traducitur,
2566 853 2792 908 malens
2829 869 2938 924 per
2955 853 3216 923 spatiosa
3235 852 3432 908 volare
3454 851 3597 924 (57),

1930 956 2103 1012 quam
2136 957 2241 1012 per
2270 945 2447 997 arctae
2478 944 2590 997 viae
2619 943 2729 998 iter
2759 958 2891 996 cum
2923 941 3122 996 labore
3150 940 3427 996 transire.

2001 1048 2054 1103 3.
2095 1071 2116 1096 «
2162 1048 2285 1114 Qua
2325 1051 2395 1105 de
2436 1067 2498 1105 re
2531 1051 2942 1106 necessarium
2990 1049 3136 1104 satis
3171 1049 3296 1118 fuit,
3331 1047 3593 1103 dilectis-

1931 1137 2088 1207 simi,
2125 1154 2259 1210 quae
2277 1139 2371 1194 hic
2403 1143 2574 1212 gesta
2598 1141 2754 1208 sunt,
2791 1141 2862 1194 ad
2885 1141 3143 1193 vestram
3175 1137 3602 1193 conscientiam

1929 1229 2351 1298 cognoscenda
2390 1229 2707 1298 mandare;
2767 1245 2841 1284 ne
2881 1229 3213 1300 ignorantia
3267 1226 3602 1282 sacerdotis

1935 1317 2270 1388 cujuspiam
2290 1319 2689 1388 pessimorum
2711 1318 3014 1372 hominum
3037 1317 3368 1372 Ecclesiam
3399 1316 3607 1370 irrum-

1933 1407 2194 1479 pentium
2234 1408 2347 1462 sub
2387 1408 2674 1480 religioso
2722 1408 2957 1462 nomine
3015 1406 3290 1478 contagio
3331 1405 3600 1473 violaret,

1935 1498 2090 1551 sicut
2146 1499 2430 1566 scriptum
2484 1500 2594 1564 est,
2658 1497 2906 1552 Domino
2948 1496 3217 1550 dicente:
3275 1493 3442 1548 Multi
3498 1507 3601 1548 ve-

1933 1587 2102 1641 niunt
2141 1587 2213 1640 ad
2249 1603 2360 1640 vos
2399 1587 2459 1640 in
2496 1585 2870 1641 vestimentis
2932 1585 3149 1653 ovium,
3211 1584 3370 1638 intus
3411 1585 3606 1638 autem

1933 1678 2073 1730 sunt
2110 1675 2231 1745 lupi
2261 1691 2508 1744 rapaces
2535 1691 2546 1729 :
2590 1691 2623 1728 a
2654 1674 2948 1728 fructibus
2979 1689 3185 1728 eorum
3217 1671 3601 1745 cognoscetis

1932 1779 2038 1819 eos
2059 1764 2298 1832 (Matth.
2318 1781 2418 1831 vn,
2440 1761 2664 1832 15,16).
2689 1786 2710 1811 η
2739 1763 2827 1817 Illi
2850 1766 2988 1818 sunt
3022 1762 3319 1830 videlicet,
3351 1761 3453 1832 qui
3486 1759 3601 1815 sub

1932 1854 2189 1909 vestium
2233 1853 2455 1908 vilitate
2495 1853 2869 1908 Christianos
2919 1867 3060 1906 sese
3097 1851 3326 1922 jactant
3353 1849 3504 1920 (58);
3542 1852 3608 1904 ut

1853 1943 2047 2005 Bsub
2105 1943 2436 1998 velamento
2493 1942 2573 2013 pii
2624 1942 2884 1997 nominis
2942 1941 3308 2013 gradientes,
3367 1939 3609 1994 domum

1935 2033 2218 2087 orationis
2250 2031 2534 2103 ingressi,
2571 2046 2905 2086 sermonem
2939 2029 3300 2099 serpentinae
3334 2029 3606 2100 disputa-

1932 2122 2112 2178 tionis
2152 2119 2470 2190 etl‘undant,
2517 2144 2538 2168 ιι
2585 2124 2648 2174 ut
2687 2120 2968 2191 sagittent
3005 2119 3065 2174 in
3103 2119 3366 2173 obscuro
3405 2119 3604 2172 rectos

1935 2212 2112 2267 corde
2151 2209 2362 2282 (Psal..
2415 2227 2473 2277 x,
2521 2209 2599 2278 8),
2656 2232 2676 2256 ιι
2737 2212 2911 2279 atque
2952 2223 2986 2261 a
3025 2206 3270 2262 veritate
3310 2205 3599 2260 catholica

1933 2300 2252 2356 avertendo
2283 2299 2416 2369 (59),
2449 2299 2520 2352 ad
2552 2313 2679 2352 suae
2711 2297 2996 2352 doctrinas
3048 2295 3272 2350 rabiem
3304 2293 3599 2349 diabolico

1932 2406 2094 2446 more
2125 2388 2448 2456 traducant,
2481 2389 2654 2459 atque
2687 2387 2884 2442 ovium
2901 2385 3334 2456 simplicitatem
3355 2383 3593 2439 defrau-

1933 2481 2091 2536 denL

2003 2589 2056 2643 4.
2083 2611 2103 2635 α
2127 2586 2198 2642 Et
2215 2586 2451 2658 quidem
2481 2585 2795 2640 multarum
2823 2584 3122 2639 hmresum
3165 2580 3592 2654 malignitatem

1935 2679 2007 2733 ab
2031 2676 2320 2748 apostolis
2342 2691 2499 2730 nunc
2530 2689 2720 2745 usque
2754 2673 3070 2728 didicimus
3108 2669 3246 2742 (60),
3281 2673 3338 2726 et
3366 2671 3598 2741 experti

1933 2766 2358 2838 probavimus:
2405 2764 2512 2818 sed
2541 2779 2844 2835 nunquam
2873 2762 3023 2818 tales
3070 2775 3252 2816 canes
3301 2759 3596 2815 Ecclesia

1933 2856 2278 2929 mysterium
2313 2853 2621 2908 latratibus
2661 2852 3060 2925 fatigaverunt
3088 2850 3222 2920 (6i),
3257 2849 3466 2922 quales
3499 2848 3602 2903 isti

1932 2961 2089 3001 nunc
2116 2944 2311 3000 subito
2343 2944 2762 3014 irrumpentes,
2801 2941 3066 2997 doctrina
3102 2938 3366 3011 perfidiae
3396 2937 3598 3010 pullu-

1932 3036 2066 3102 lata,
2093 3034 2299 3089 hostes
2313 3032 2470 3101 ﬁdei,
2487 3033 2586 3104 qui
2609 3031 2786 3104 cujus
2805 3031 2924 3086 sint
2949 3029 3246 3100 discipuli,
3276 3027 3592 3084 verborum

1935 3123 2228 3178 fructibus
2258 3121 2662 3193 prodiderunt.
2714 3121 2982 3192 Namque
3029 3135 3162 3173 eum
3201 3118 3299 3172 alii
3332 3115 3601 3173 haeretici

1933 3213 2169 3285 singula
2199 3211 2315 3266 sibi
2344 3226 2564 3283 genera
2595 3211 2992 3282 quasstionum
3022 3207 3172 3262 male
3206 3205 3593 3276 intelligendo

170 3315 408 3368 astutia?
440 3313 579 3368 Jam
608 3313 950 3384 incognitus
981 3329 1178 3368 sermo
1231 3313 1646 3369 haereticorum
1677 3315 1827 3369 intra

1996 3301 2349 3373 'oposuerint
2371 3299 2703 3355 convellere
2721 3302 2892 3370 atque
2913 3309 3271 3366 concerpere
3287 3294 3356 3348 de
3371 3293 3592 3348 divinis

170 3401 494 3457 Ecclesiam
561 3402 760 3456 cancri
826 3418 988 3457 more
1046 3403 1350 3474 serpebat,
1410 3407 1472 3458 ut
1529 3420 1828 3475 occupans

169 3495 382 3562 pectus,
414 3494 608 3547 totum
653 3491 951 3546 hominem
998 3493 1391 3563 praecipitaret
1435 3493 1493 3548 in
1541 3496 1822 3549 mortem:

173 3583 224 3634 et
250 3581 360 3636 nisi
395 3581 691 3637 Dominus
723 3581 980 3636 Sabaoth
1025 3582 1320 3654 laqueum,
1371 3599 1544 3655 quem
1583 3599 1826 3654 parave-

232 3725 337 3792 (49)
358 3727 516 3798 Reg.
556 3725 687 3780 cod.
717 3745 740 3774 ι
776 3727 926 3797 Age,
978 3725 1186 3797 inquit.
1222 3727 1304 3781 Ita
1337 3727 1410 3782 ad
1436 3729 1637 3798 altare,
1663 3749 1684 3777 ι
1713 3733 1825 3783 ete.

208 3798 338 3877 ,(50)
368 3797 538 3922 Iden:
565 3811 736 3868 mss.,
777 3821 799 3844 «
835 3799 1393 3854 commendatiorem
1423 3797 1634 3869 fuisse,
1665 3803 1722 3854 et
1743 3800 1828 3854 di-

208 3884 370 3922 inam.
407 3889 431 3918 ι
466 3883 506 3922 e
535 3883 585 3922 c.

170 3883 370 3923 vmam.
407 3889 431 3918 ι
466 3883 585 3922 etc.

619 3943 872 3996 exeunte
894 3956 1046 3996 anno
1064 3941 1186 4002 889,
1212 3942 1304 3997 vel
1336 3942 1572 3998 ineunte
1593 3942 1718 3998 390.

235 4013 339 4080 (5'2)
379 4013 443 4066 In
485 4012 691 4067 codice
732 4028 1022 4068 canonum
1061 4018 1116 4067 et
1145 4013 1391 4068 Constit.
1444 4014 1604 4068 Eccl.
1654 4015 1825 4083 Rom,

172 4081 491 4156 Quesnelliii
510 4099 689 4156 opera
712 4085 964 4154 primum
982 4085 1280 4154 evulgato,
1314 4085 1444 4140 haec
1475 4089 1531 4140 et
1562 4081 1826 4156 sequens

175 4154 406 4227 epistola
421 4155 600 4210 editas
621 4159 903 4210 suntcum
918 4157 1100 4210 variis
1114 4157 1285 4210 etiam
1303 4154 1678 4225 lectionibus,
1695 4171 1829 4227 qum

173 4223 256 4300 hic
293 4242 324 4280 a
361 4227 544 4300 nobis
586 4227 1042 4300 exhibebuntur.
1085 4227 1227 4282 Haac
1277 4243 1421 4300 ergo
1467 4229 1641 4283 istius
1667 4223 1827 4297 apud

176 4296 322 4370 illum
359 4298 617 4352 habetur
656 4298 984 4368 inscriptio,
1049 4319 1071 4348 ι
1129 4299 1200 4352 ad
1242 4296 1450 4356 omnes
1507 4296 1825 4370 episcopos

178 4366 340 4443 italia:
363 4371 815 4443 (’l‘huan._ms_s._.
847 4366 933 4424 ad
961 4370 1244 4443 diversos
1283 4366 1608 4443 episcopos)
1641 4366 1826 4440 super

176 4437 597 4512 damnationem
619 4440 914 4495 Joviniani
937 4445 992 4496 et
1011 4437 1374 4512 reliquorum
1413 4437 1827 4498 haereticorum

179 4511 496 4583 virginitati,
538 4513 970 4583 derogantium.
1034 4536 1053 4559 ιι
1109 4511 1226 4568 Sed
1266 4514 1340 4568 ab
1389 4515 1527 4570 edit.
1571 4514 1828 4582 Operum

183 4581 450 4656 Ambuet
471 4581 1079 4656 Conciliorumlmbb.
1118 4586 1177 4640 in
1199 4586 1418 4656 quibus
1442 4587 1593 4641 idem
1617 4581 1828 4640 lemma

183 4654 513 4726 prmﬁgitur,
549 4671 668 4708 non
701 4655 1054 4723 recedimus,

241 4723 626 4798 (53)'quesn.,
665 4749 686 4772 ιι
725 4727 1029 4796 sospitatis
1059 4726 1276 4782 indicio
1300 4727 1630 4798 juvaretur.
1668 4752 1689 4775 ιο

244 4797 348 4865 (54)
385 4796 547 4870 AEdit.
593 4798 803 4870 Ambr.
856 4801 914 4852 et
961 4798 1166 4866 Conc.,
1205 4796 1398 4870 «quia
1447 4816 1566 4854 non
1613 4800 1829 4870 patitur

184 4881 280 4938 nos
301 4868 532 4938 quietos
554 4869 628 4922 ab
650 4869 993 4924 incursione
1018 4887 1126 4924 sua
1144 4868 1375 4925 vaca—re.
1406 4892 1427 4917 ιν
1457 4871 1565 4924 His
1601 4868 1828 4925 accedit

186 4936 505 5024 edit-sitam.
526 4940 644 4994 nisi
665 4941 950 5022 quodpro
975 4958 1086 4996 non
1118 4943 1254 5024 quia
1273 4942 1489 5012 posuit,
1515 4958 1824 5024 nunquam.

185 5005 624 5084 Lectio_Quesn.
667 5005 1154 5084 éoncihnioriest',
1196 5005 1369 5084 quam
1400 5005 1827 5083 amplectimur.

248 5082 353 5147 (55)
384 5082 466 5136 lta
512 5083 679 5137 Rom.
733 5083 871 5138 edit.
921 5088 978 5139 et
1011 5082 1232 5149 Quesnl
1285 5084 1410 5138 Vet.
1463 5082 1656 5139 autem
1687 5084 1825 5139 edit.

186 5152 234 5227 et
291 5153 498 5227 Conc.,_
553 5177 572 5202 ι
630 5154 985 5209 abstinentia
1052 5155 1435 5225 puniendus:
1499 5179 1520 5203 η
1591 5155 1830 5227 quidam

191 5220 343 5296 item.
394 5224 547 5292 cod.,
593 5227 857 5296 punitur.
908 5220 1275 5289 Non-male;
1326 5242 1532 5281 verum
1590 5220 1829 5282 antece-

187 5291 328 5347 denti
361 5291 642 5364 membro,
676 5297 728 5351 si
761 5297 901 5368 quid
952 5297 1314 5369 conjecturis
1360 5298 1828 5368 indulgeremus,

188 5381 281 5433 pro
302 5383 444 5439 voce
468 5369 943 5432 crudelitatibus,
965 5369 1359 5424 libentissime
1381 5385 1828 5439 reponeremus,

190 5438 586 5508 cruditatibus,
621 5441 715 5494 cui
757 5441 1060 5494 mutationi
1110 5438 1471 5510 suifragatur
1520 5445 1577 5494 et
1607 5457 1830 5496 sensus

191 5510 320 5563 ratio
351 5515 406 5564 et
436 5512 746 5582 scriptura:
786 5512 1082 5579 afﬁnitas;
1134 5513 1288 5566 unde
1322 5510 1551 5565 similes
1581 5515 1833 5581 scripto-

192 5594 304 5700 rium
335 5582 535 5650 lapsus
568 5584 624 5636 in
675 5600 821 5637 mss.
857 5584 1012 5638 haud
1061 5583 1468 5653 infrequenter
1505 5583 1834 5653 deprehen-

231 5667 391 5700 lﬂlllS-

231 5667 391 5706 lﬂlllS.

255 5721 360 5790 (56)
380 5725 542 5780 Rom.
578 5727 714 5782 edit.
748 5726 895 5794 sola,
936 5749 957 5776 ε
995 5727 1199 5782 eadem
1251 5725 1392 5780 dicit
1438 5741 1578 5780 esse
1627 5740 1834 5796 super-

195 5790 357 5849 flua...
388 5799 672 5856 sententia
721 5790 1070 5869 percussus.
1131 5820 1151 5846 ιι
1209 5798 1322 5867 Per
1367 5796 1675 5860 ministros
1705 5790 1831 5850 ’au-

1933 3391 2441 3446 institutionibus:
2476 3390 2576 3444 isti
2624 3404 2740 3444 non
2770 3389 3059 3444 habentes
3107 3389 3336 3441 vestem
3368 3383 3599 3453 nuptia-

1933 3481 2069 3549 lem,
2112 3481 2383 3535 sauciant
2429 3478 2777 3545 catholicos,
2829 3477 2969 3533 novi
3006 3494 3076 3531 ac
3131 3473 3354 3530 veteris
3393 3471 3600 3526 Testa-

1934 3562 2133 3630 menti,
2176 3562 2238 3615 ut
2282 3560 2424 3629 dixi,
2460 3558 2874 3614 continentiam
2923 3557 3332 3630 pervertentes
3366 3560 3424 3612 et
3454 3551 3600 3616 965

1935 3709 2051 3760 tem
2104 3703 2323 3775 diaboli
2380 3701 2476 3756 hic
2529 3700 2861 3755 indicantur
2926 3701 3276 3775 Jovinianus
3337 3705 3396 3775 e_t
3459 3702 3597 3775 ejus

1932 3776 2204 3843 asseclae,
2234 3774 2526 3829 adversus
2557 3788 2806 3843 quorum
2840 3787 3078 3827 errores
3109 3772 3296 3828 libros
3347 3772 3509 3829 duos
3530 3791 3599 3829 ac

1932 3853 2056 3904 tres
2079 3846 2403 3918 Apologias
2427 3843 2785 3918 conscripsit
2817 3843 3235 3918 Hieronymus.
3258 3845 3322 3898 In
3357 3845 3594 3900 illorum

1932 3913 2220 3974 librorum
2275 3913 2493 3987 priore,
2553 3913 2682 3985 cap.
2743 3915 2794 3982 2,
2855 3913 3096 3969 eosdem
3155 3932 3394 3972 errores
3452 3933 3596 3972 θιὼ

1933 3993 2118 4046 meret
2143 4005 2154 4044 :
2192 4004 2344 4058 quos
2373 3988 2746 4058 Augustinus
2768 4001 3011 4058 quoque
3046 3987 3295 4041 strictim
3325 3992 3602 4044 recenset

1933 4063 2035 4117 lib.
2081 4061 2154 4116 de
2184 4056 2555 4123 Haeresibus,
2595 4075 2723 4127 cap.
2758 4056 2846 4112 82.
2879 4057 3039 4112 Idem
3088 4063 3377 4128 praeterea
3410 4060 3593 4114 variis

1933 4134 2186 4204 Operum
2207 4129 2611 4204 suorumlocis
2639 4129 2833 4204 multa,
2853 4143 2986 4204 quae
3008 4130 3298 4204 Joviniani
3321 4130 3600 4204 haeresim

1936 4199 2223 4275 spectent,
2250 4201 2704 4275 tradit,_ut__puta
2726 4199 2827 4254 lib.
2862 4199 2901 4254 ii
2924 4200 2998 4255 de
3042 4201 3236 4275 Nupt._
3258 4202 3596 4275 _ct_Concup.

1937 4273 2063 4400 opp.
2090 4273 2388 4400 23,1agdib.
2415 4273 2763 4341 similiter",
2791 4287 2898 4326 nec
2925 4288 3042 4326 non
3063 4289 3192 4342 cap.
3213 4273 3282 4327 23
3304 4273 3596 4339 Retract.,

1937 4365 1968 4400 a
1995 4363 2108 4400 aue
2137 4363 2169 4400 a
2198 4364 2210 4400 ι
2259 4363 2298 4400 ι.

1936 4345 2108 4402 atque
2137 4345 2298 4401 alibi.

1995 4364 2387 4490 (351’?)alltl:lvet.
2439 4416 2576 4490 edit.
2609 4417 2780 4490 atque
2805 4414 2994 4490 etiam
3047 4414 3239 4490 Bona,
3292 4412 3408 4490 nisi
3441 4413 3601 4484 quod

1936 4484 2120 4547 verbo
2151 4488 2348 4544 volure
2371 4484 3021 4542 substituit'ambulare.
3049 4484 3236 4538 Labb.
3273 4489 3328 4538 et
3350 4484 3595 4554 Quesn.,

1941 4587 1962 4610 ιι
1999 4563 2207 4618 volens
2236 4577 2344 4630 per
2373 4559 2635 4628 spatiosa
2675 4556 2956 4630 volitare;
3012 4577 3032 4604 ι
3070 4555 3232 4625 prior
3277 4557 3336 4610 in
3385 4572 3597 4627 marg.,

1942 4657 1963 4682 α
1999 4651 2106 4705 per
2138 4651 2167 4688 s
2213 4628 2460 4686 atiosam
2495 4629 2647 4682 viam
2677 4628 2943 4682 volitare.
2969 4650 2990 4673 η

1861 4671 1916 4734 D
2009 4649 2249 4734 zzmxynt
2299 4702 2410 4734 mm
2491 4722 2511 4734 .
2540 4700 2574 4734 ::
2610 4699 2702 4734 um
2767 4699 2863 4734 ηης
2898 4714 2990 4734 nm

2009 4696 2120 4777 (58)
2145 4696 2273 4777 νει.
2299 4702 2458 4777 edit.,
2491 4722 2511 4749 α
2540 4699 2726 4777 ii_vid.
2767 4699 2868 4777 qui
2898 4698 3070 4777 quasi
3103 4696 3350 4777 utilitate
3379 4698 3603 4777 Christi

1937 4768 2120 4834 nosse
2144 4775 2450 4845 sejactant
2475 4787 2488 4839 ;
2525 4794 2547 4817 ιι
2578 4771 2745 4824 Ιίοῐη.
2771 4768 2827 4822 et
2847 4768 3056 4845 Labb.,
3085 4770 3237 4845 «(qui
3259 4770 3373 4845 sub
3395 4769 3604 4826 Chris-

1937 4851 2128 4904 tianos
2160 4840 2297 4901 sese
2343 4843 2605 4914 jactant;
2644 4862 2664 4889 ι
2721 4841 2983 4895 omnium
3031 4840 3245 4911 Optime
3275 4840 3497 4908 Quesn.
3543 4845 3606 4896 ut

1936 4937 2048 4976 nos
2079 4920 2138 4972 in
2168 4919 2350 4972 textu.

2008 4991 2121 5056 (59)
2158 4988 2377 5043 Omnes
2419 4984 2556 5039 edit.
2582 5001 2649 5039 ac
2693 4983 2877 5039 Labb.
2926 4984 2985 5038 in
3009 4987 3190 5053 textu,
3240 5009 3260 5031 ει
3296 4985 3605 5041 veritatem

1941 5061 2286 5117 catholicam
2308 5056 2611 5112 vertendo.
2649 5080 2669 5103 η
2710 5056 2877 5110 Ιίοῐῐι.
2917 5057 3365 5127 pervertendo;
3395 5056 3608 5112 nobis-

1941 5149 2074 5190 cum
2104 5146 2245 5185 vero
2278 5129 2499 5183 faciunt
2547 5127 2733 5199 Labb.
2766 5127 2825 5181 in
2872 5127 3160 5199 margine,
3202 5133 3258 5183 et
3287 5129 3510 5193 Quesn.
3545 5128 3606 5182 in

1941 5219 2208 5270 corpore,
2243 5200 2360 5255 nisi
2388 5199 2545 5270 quod
2574 5198 2671 5253 ille
2703 5199 2864 5270 legit.
2891 5198 3349 5255 antevertendo.

2011 5267 2122 5344 (69)
2146 5267 2316 5328 Rom.
2341 5267 2477 5326 edit.
2521 5273 2577 5325 et
2616 5267 2801 5344 Labb.
2833 5269 2893 5324 in
2925 5286 3135 5343 marg,
3176 5294 3197 5318 α
3233 5271 3305 5325 ab
3337 5267 3612 5344 apostoli:

1941 5338 2031 5404 cis
2052 5338 2207 5401 nunc
2228 5359 2417 5412 usque
2440 5343 2826 5412 temporibus.
2854 5363 2881 5391 ι»
2907 5345 2979 5396 At
3001 5338 3278 5397 co'ntinuo
3323 5338 3478 5409 post,
3507 5338 3606 5392 ubi

1941 5419 2145 5475 eadem
2169 5417 2304 5471 édit.
2322 5413 2501 5470 Rom.
2540 5431 2673 5468 cum
2699 5413 2879 5468 Lrbb.
2905 5417 2961 5468 et
2999 5414 3219 5478 Quesn.
3247 5413 3424 5467 habet
3459 5426 3604 5481 μισο-

1940 5491 2014 5546 ba
2030 5491 2233 5551 vimus;
2265 5491 2380 5556 vet,
2414 5485 2551 5540 edit.
2588 5484 3058 5556 ferunt,iabr0ga
3073 5485 3276 5538 rimus.

2012 5553 2558 5632 (61)Thuan._eod.,
2588 5579 2609 5606 ι
2637 5557 2784 5632 tales
2808 5553 3098 5632 Ecclesia:
3139 5556 3312 5622 myst.
3357 5553 3606 5632 Latratus

1943 5623 2280 5696 fat‘igarunt.
2303 5655 2323 5676 ι»
2355 5629 2553 5684 Etnon
2578 5628 2755 5682 multo
2778 5630 2930 5696 post,
2949 5626 3046 5680 ubi
3072 5640 3180 5678 nos
3204 5639 3336 5696 cum
3359 5623 3609 5696 Quesn.,

1938 5675 2563 5778 puti
2579 5675 3404 5768 ἑδῖ›’.ἰίἒ›ῖιῖιὶιῖ,“ροιιυἱαῗ
3414 5675 3610 5763 item.

1943 5772 2172 5850 polluti,
2206 5772 2575 5836 meliuscule.
