3978 6168
383 339 541 407 1171

385 542 599 615 spiritu
648 539 940 598 diabolico
985 541 1444 613 interpretantes
1491 539 1626 612 (62),
1685 536 2045 595 illecebroso
2080 522 2136 589 Α

382 635 558 704 atque
597 630 734 687 ﬁcto
775 646 1050 688 sermone
1082 631 1303 703 aliquot
1333 630 1710 686 Christianos
1742 630 2048 700 cmperunt

381 719 494 793 (63)
517 720 641 793 jam
670 724 928 791 vastare,
958 724 1133 793 atque
1150 737 1278 777 suae
1301 720 1610 777 dementiae
1649 719 1902 788 sociare,
1925 730 2044 772 non

380 810 532 865 intra
564 826 632 867 se
681 811 1051 867 continentes
1095 810 1373 884 nequitiae
1422 826 1550 866 suae
1590 809 1795 864 virus:
1837 822 2043 862 verum

380 899 553 955 electi
582 915 789 955 eorum
816 900 1220 971 blasphemiae
1250 916 1395 956 suas
1442 899 1557 970 (64)
1606 898 2045 968 conscriptione

379 990 690 1046 temeraria
729 990 1151 1061 prodiderunt;
1209 993 1266 1044 et
1316 989 1648 1060 desperatae
1699 989 1914 1043 mentis
1954 986 2042 1041 fu-

378 1093 516 1136 rore
546 1079 781 1152 conciti,
814 1080 1039 1152 passim
1063 1080 1120 1134 in
1153 1078 1414 1135 favorem
1447 1078 1753 1154 gentilium
1780 1076 2043 1150 publica-

378 1172 609 1225 verunt.

449 1296 504 1351 5.
532 1316 554 1345 α
592 1295 812 1352 Eorum
841 1298 1036 1352 autem
1064 1297 1294 1353 insania
1321 1295 1455 1368 (65)·
1483 1312 1518 1351 a
1548 1295 1824 1352 fidelibus
1870 1293 2044 1350 Chri-

380 1385 612 1456 stianis,
654 1384 802 1441 viris
842 1402 1063 1459 genere
1102 1387 1360 1459 optimis,
1393 1386 1682 1460 religione
1712 1386 2041 1458 praeclaris,

378 1474 453 1529 ad
482 1489 671 1530 meam
701 1475 1087 1533 humilitatem
1116 1477 1315 1533 subito
1363 1492 1472 1548 per
1515 1476 1871 1547 scripturam
1900 1474 2044 1531 hor-

298 1558 299 1561 “
378 1563 604 1620 riflcam
626 1564 860 1621 videtur
879 1581 1018 1621 esse
1042 1567 1277 1638 perlata
1302 1582 1317 1638 ;
1346 1569 1411 1622 ut
1436 1565 1792 1622 sacerdotali
1815 1564 2044 1637 judicio

378 1652 628 1723 detecta,
679 1654 898 1710 divinae
937 1655 1059 1728 legi
1105 1656 1399 1711 contraria
1450 1655 1700 1727 spiritali
1750 1654 2043 1711 sententia

379 1743 663 1799 deleatur.
686 1743 815 1800 Nos
832 1759 977 1799 sane
995 1744 1329 1816 nuptiarum
1356 1748 1492 1801 vota
1518 1759 1637 1800 non
1657 1745 2048 1816 aspernanter

378 1832 727 1904 accipimus,
759 1833 979 1904 quibus
1008 1833 1300 1889 velamine
1330 1835 1696 1891 intersumus
1740 1833 1854 1905 (66)
1880 1850 1893 1890 :
1936 1833 2046 1889 sed

1830 336 1895 399 S.
1942 333 2382 403 AMBROSII.

3622 336 3761 402 1172

2622 532 2988 592 EPISTULA
3025 533 3179 590 XLII
3216 533 3349 604 ('10).

2153 624 2432 700 Synodus
2460 625 2934 681 Mediolanensis
2960 623 3160 679 laudat
3181 622 3496 695 Syricium.
3519 624 3655 695 quod
3672 624 3767 681 Ec-

2226 696 2466 752 clesmm
2479 713 2510 751 a
2529 696 2685 752 Iunis
2700 695 2879 751 defcn
2893 695 3086 751 deret.
3114 694 3236 750 Hos
3256 695 3537 750 adversus
3561 695 3772 752 vimini-

2228 711 2466 752 clesiam
2479 713 2510 751 a
2529 711 2685 768 lupis
2700 711 2879 751 neten
2893 711 3086 751 deret.
3114 711 3236 750 uos
3256 711 3327 750 aa
3339 711 3537 749 versus
3561 711 3770 768 Virgini-

2228 774 2406 849 tatem
2419 767 2726 849 simulata“
2735 767 2994 849 conjugii
3014 766 3393 849 deignsione,
3406 766 3633 849 §€Bvil:8,
3667 783 3770 849 cum

2225 840 2361 894 huic
2382 839 2542 910 illam
2559 837 2850 910 praeferri
2859 837 3077 909 jizbeat
3100 837 3340 892 Paulus.
3365 837 3542 910 Iidem
3563 837 3773 893 haereti-

2228 912 2320 989 cie
2361 907 2618 989 Virgine
2654 907 2961 989 Clu-istum
2998 914 3290 989 negantes
3324 907 3488 989 nasci
3527 910 3772 989 potuisse,

2228 978 2559 1053 Scriptura;
2578 981 2940 1036 testimoniis
2952 978 3337 1053 refelluntur.
3351 978 3572 1053 Paucis
3583 978 3778 1053 additis

2228 1054 2303 1108 de
2333 1049 2508 1108 laude
2562 1053 2873 1107 viduitatis
2925 1058 2985 1107 et
3021 1051 3427 1119 abstinentiae,
3480 1049 3674 1122 quibus
3695 1051 3783 1106 isti

2226 1123 2442 1179 infesti
2461 1130 2659 1195 erant,
2688 1124 2851 1195 ipsos
2881 1128 3077 1195 utpote
3096 1123 3465 1195 Manichacus
3489 1121 3780 1178 anathema-

2226 1202 2284 1251 te
2314 1195 2389 1251 ab
2419 1210 2487 1250 se
2516 1193 2780 1251 confibe
2810 1193 3113 1250 testantur
3139 1193 3394 1249 Patres.

2151 1284 2401 1341 Domino
2434 1283 2823 1340 dilectissimo
2871 1283 3038 1338 fratri
3082 1282 3328 1339 Svmcro
3360 1297 3548 1354 papm,
3577 1281 3782 1339 Alano-

2322 1389 2472 1443 sws,
2496 1372 2774 1443 Sanusne,
2808 1372 3167 1442 Bassuuus,
3200 1375 3260 1426 et
3290 1371 3494 1427 cmteri
3522 1369 3651 1440 (71).

2226 1463 2278 1518 1.
2337 1460 2826 1534 Recognovimus
2882 1461 3099 1516 litteris
3156 1459 3497 1516 Sanctitatis
3534 1462 3642 1515 tum
3674 1460 3789 1516 boni

2152 1551 2411 1624 pastoris
2456 1549 2768 1620 excubias,
2815 1549 2916 1621 qui
2967 1548 3223 1605 fideliter
3279 1548 3395 1620 (72)
3450 1549 3789 1604 commissam

2152 1633 2295 1698 966
2328 1639 2697 1711 tibijanuam
2715 1654 2946 1709 serves,
2974 1642 3031 1694 et
3054 1639 3149 1710 pia
3169 1638 3572 1695 sollicitudine
3603 1628 3788 1695 cum

2153 1731 2309 1786 ovile
2341 1729 2648 1785 custodias
2679 1728 2868 1800 (Joan.
2894 1746 2954 1799 χ,
2977 1728 3010 1782 7
3040 1730 3216 1802 seq.),
3239 1728 3464 1801 dignus
3493 1743 3657 1801 quem
3675 1744 3789 1783 oves

2152 1818 2388 1875 Domini
2423 1818 2664 1874 audiant
2683 1820 2761 1887 ,et
2800 1821 3127 1889 sequantur
3158 1832 3172 1872 :
3220 1820 3281 1873 et
3328 1818 3462 1873 ideo
3511 1817 3640 1889 quia
3668 1817 3790 1873 nosti

377 1921 670 1994 virgines,
703 1937 855 1995 quas
885 1923 1107 1994 nuptiae
1137 1926 1360 1994 creant,
1395 1924 1517 1981 Deo
1548 1925 1795 1980 devotas
1820 1924 2045 1996 majore

2181 1908 2423 1965 lviculae
2453 1906 2571 1979 (73)
2600 1906 2843 1977 Christi,
2875 1906 3049 1996 lupos
3099 1906 3278 1963 facile
3312 1906 3724 1996 deprehendes,
3747 1911 3792 1961 et

378 2011 828 2068 honorificentia
857 2012 1241 2069 honoramus.

448 2137 503 2192 6.
541 2157 564 2188 α
599 2135 777 2193 Facto
808 2137 990 2211 igitur
1019 2139 1413 2212 presbyterio,
1463 2140 1727 2197 constitit
1756 2140 2042 2197 doctrinm

379 2242 585 2283 eorum
600 2228 971 2284 sententiam.
989 2229 1158 2285 Unde
1172 2230 1442 2301 Apostoli
1458 2230 1647 2286 secuti
1660 2234 2043 2302 praeceptum,

380 2315 883 2389 quiaaliterquam
895 2318 1426 2392 quodaccepimus,
1452 2319 1878 2375 annuntiabant
1909 2320 2042 2392 (68),

381 2407 1029 2463 excommunicavimus
1075 2408 1294 2480 (Galat.
1348 2409 1400 2480 1,
1453 2408 1528 2481 8).
1578 2408 1852 2465 Omnium
1901 2425 2047 2483 ergo

381 2497 672 2566 nostrum,
693 2499 807 2551 tam
826 2497 1330 2569 prmsbyterorum
1352 2501 1409 2554 et
1430 2498 1834 2569 diaconorum,
1871 2515 2047 2572 quam

381 2585 563 2641 totius
593 2586 767 2641 etiam
809 2586 953 2641 cleri
988 2603 1166 2644 unam
1205 2588 1416 2644 scitote
1451 2587 1643 2643 fuisse
1672 2590 2049 2660 sententiam,

382 2675 448 2729 ut
482 2674 855 2747 Jovinianus,
898 2677 1252 2749 Auxentius,
1311 2676 1594 2748 Genialis,
1654 2676 2047 2748 Germinator,

386 2762 573 2834 Felix,
613 2765 936 2822 Prontinus
992 2767 1339 2836 Martianus,
1399 2766 1719 2824 Januarius
1776 2769 1833 2822 et
1871 2767 2054 2840 Inge-

328 2894 337 2899 ι
386 2854 620 2926 niosue,
653 2855 756 2927 qui
783 2855 1123 2912 incentores
1156 2871 1328 2912 novm
1377 2856 1631 2912 haeresis
1663 2858 1721 2911 et
1765 2855 2053 2928 blasphe-

389 2943 524 2999 miae
587 2944 811 3000 inventi
877 2949 1036 3018 sunt,
1104 2946 1304 3001 divina
1370 2944 1662 3001 sententia
1726 2948 1783 3001 et
1845 2949 2053 3003 nostro

381 3031 613 3104 judicio
645 3033 707 3090 in
736 3039 1087 3108 perpetuum
1116 3037 1373 3095 damnati
1404 3042 1571 3095 extra
1602 3036 1936 3104 Ecclesium
1966 3062 2058 3105 re-

395 3127 719 3180 manerent.

2156 2013 2438 2053 occurres
2471 1995 2647 2069 quasi
2694 1995 2983 2067 providus
3024 1999 3256 2067 pastor,
3292 2011 3368 2051 ne
3398 1995 3498 2050 isti
3530 1995 3793 2051 morsibus

2154 2085 2418 2159 perfidiae
2464 2102 2593 2141 suae
2641 2084 2930 2158 feralique
2978 2084 3207 2141 ululatu
3259 2084 3631 2141 Dominicum
3672 2084 3795 2142 ovile

2156 2176 2524 2247 dispergant.

2228 2264 2282 2320 Ξ.
2307 2265 2651 2320 Laudamus
2674 2263 2811 2335 hoc,
2845 2263 3093 2320 Domine
3131 2263 3321 2320 frater
3361 2262 3537 2320 nobis
3584 2261 3799 2319 dilectis-

2164 2354 2337 2424 sime,
2377 2357 2434 2409 et
2451 2355 2573 2409 toto
2616 2352 3105 2409 concelebramus
3148 2351 3393 2409 affectu.
3419 2353 3545 2409 Nec
3564 2352 3799 2407 miramur

2155 2443 2206 2498 si
2244 2442 2523 2514 luporum
2557 2442 2784 2497 rabiem
2832 2457 2986 2516 grex
3032 2442 3273 2498 Domini
3322 2441 3732 2514 perhorruerit,
3755 2441 3799 2496 in

2160 2532 2382 2605 quibus
2403 2530 2627 2587 Christi
2647 2546 2854 2587 vocem
2873 2547 2990 2587 non
3005 2532 3383 2604 recognovit.
3400 2532 3667 2605 Agrestis
3678 2530 3801 2585 enim

2156 2621 2420 2677 ululatus
2470 2624 2565 2677 est
2612 2620 2835 2676 nullam
2880 2620 3244 2694 virginitatis
3295 2622 3569 2693 gratiam,
3615 2619 3802 2676 nullum

2161 2710 2449 2767 castitatis
2492 2710 2759 2766 ordinem
2799 2726 3063 2780 servare,
3090 2710 3442 2782 promiscue
3477 2711 3663 2766 omnia
3684 2706 3803 2763 velle

2163 2799 2548 2867 confundere,
2595 2799 2973 2855 diversarum
3021 2799 3246 2872 gradus
3284 2800 3581 2873 abrogare
3610 2797 3804 2854 merito-

2162 2905 2314 2959 rum,
2361 2891 2418 2944 et
2460 2890 2865 2960 paupertatem
2908 2889 3224 2960 quamdam
3276 2889 3614 2947 caelestium
3641 2902 3805 2943 remu-

2160 2978 2532 3036 nerationum
2561 2976 2879 3034 inducere:
2914 2978 3087 3049 quasi
3122 2978 3372 3034 Christo
3403 2994 3520 3034 una
3550 2978 3626 3032 sit
3650 2975 3805 3049 palma

2165 3084 2340 3142 quam
2369 3067 2597 3138 tribuit,
2621 3082 2690 3122 ac
2727 3082 2849 3123 non
2885 3066 3126 3139 plurimi
3167 3066 3480 3124 abundent
3511 3066 3656 3123 tituli
3680 3080 3806 3138 pra-

2163 3173 2436 3215 nuorunn

462 3248 516 3343 7.
537 3272 568 3343 Δ«ι
592 3247 761 3316 Quod
775 3252 1203 3343 custodituram
1242 3259 1610 3316 sanctitatem
1646 3264 1908 3319 vestram
1936 3281 2052 3322 non

2238 3246 2292 3303 8.
2338 3246 2627 3302 Simulant
2669 3260 2737 3301 se
2791 3245 2893 3301 isti
2937 3245 3159 3305 donare
3211 3245 3508 3319 conjugio
3552 3244 3677 3316 (74).
3715 3241 3807 3341 sed

395 3338 727 3412 ambigens,
774 3341 904 3398 haec
951 3345 1170 3417 scripta
1218 3346 1407 3403 direxi
1438 3364 1544 3420 per
1585 3349 1801 3408 fratres
1830 3356 1889 3409 et
1916 3370 2056 3426 pre-

397 3431 672 3502 ebyteros
694 3447 861 3489 meos
877 3432 1277 3508 Crescentem,
1303 3438 1694 3510 Leopardum,
1720 3444 1777 3496 et
1796 3442 2058 3499 Alexan-

397 3519 589 3592 drum,
614 3521 716 3593 qui
734 3522 1085 3596 religiosum
1103 3524 1363 3583 ofﬁcium
1399 3527 1537 3584 fidei
1579 3529 1794 3601 spiritu
1823 3532 2061 3604 possint

397 3610 718 3684 adimplere
749 3611 1051 3671 ferventes
1082 3615 1215 3688 (69).

471 3845 586 3924 (βξ)
639 3872 662 3897 α
695 3846 768 3924 Et
810 3849 1023 3921 spiritu
1068 3850 1361 3907 diabolica
1420 3853 1874 3924 interpretantes
1920 3878 1941 3905 ι»
1987 3870 2062 3912 ex

400 3922 588 3980 Labb.
621 3925 679 3978 et
706 3921 926 3987 Queen.
958 3923 1349 3979 restituimue.

400 3991 826 4122 mg3)?gt:sn.
863 3994 1052 4066 solus,
1091 4018 1114 4043 α
1145 3996 1478 4068 aliquantos
1529 3996 1833 4053 Romanos
1864 4014 2059 4071 cmpe-

473 4107 764 4209 (etfvvéif
795 4136 933 4192 edit.
967 4138 1193 4211 omissa
1240 4139 1556 4211 negatione
1586 4155 1700 4197 non
1749 4143 1883 4196 ante
1918 4163 1941 4189 «ι
1975 4142 2063 4197 in-

399 4212 489 4265 tra
509 4225 576 4265 se
598 4231 625 4282 in
648 4212 784 4282 post
797 4223 1012 4282 vocem
1052 4210 1237 4280 virus,
1276 4210 1354 4265 ita
1384 4214 1856 4282 prosequuntur:
1886 4235 1907 4260 α
1945 4213 2064 4269 Ve-

400 4298 532 4337 rum
552 4280 732 4337 illecti
753 4280 1157 4351 blasphemiae
1188 4280 1401 4337 suae...
1444 4280 1671 4353 passim
1709 4283 1770 4337 in
1802 4282 2063 4340 furorem

400 4353 992 4428 gentiliumpublice
1030 4368 1064 4408 a
1102 4352 1482 4428 fidelibuet’h
1542 4357 1665 4428 etc.
1709 4355 1878 4409 Hom.
1922 4356 2062 4428 edit.

402 4424 630 4482 omissa
684 4424 959 4481 similiter
1013 4425 1357 4498 negatione,
1407 4426 1605 4498 locum
1651 4425 1729 4498 ita
1768 4426 2060 4498 emendat,

405 4517 431 4549 ι
463 4498 851 4568 praeferentes
882 4512 949 4553 se
989 4496 1267 4570 tanquam
1312 4497 1502 4567 electi,
1524 4496 1942 4570 blasphemiae
1973 4496 2063 4552 ta-’

401 4584 729 4642 mensuas
777 4568 1213 4642 conscriptione
1262 4569 1572 4642 temeraria
1620 4568 2060 4642 publicarunt...

401 4641 628 4761 passim
666 4642 726 4726 in
783 4639 1047 4698 favorem
1104 4640 1412 4730 gentilium
1467 4655 1534 4696 se
1585 4639 1987 4722 prodiderunt.
2038 4666 2059 4688 η
2093 4650 2137 4707 D
2176 4639 2393 4712 optime
2423 4639 2644 4705 Quesn.
2676 4644 2739 4695 ut
2768 4641 2827 4695 in
2858 4644 3154 4696 contextu.

454 4710 589 4761 abb.
630 4729 877 4761 nrimnm
917 4718 1140 4761 mrtem
1192 4712 1385 4761 habet-
1419 4716 1482 4761 ut
1511 4716 1625 4761 vet.
1670 4711 1806 4761 edit.
1840 4709 2062 4761 Ouesn.
2247 4712 2361 4761 (69)
2415 4712 2599 4761 Labb.
2651 4728 2720 4761 ac
2768 4712 3013 4761 Quaem-
3070 4736 3090 4759 α
3144 4730 3154 4761 t

454 4710 879 4785 abb._primam
917 4709 1142 4785 partem
1192 4712 1385 4782 habet,
1419 4716 1482 4785 ut
1511 4716 1625 4785 vet.
1670 4711 1806 4766 edit.
1840 4709 2062 4785 Queen.

402 4782 807 4858 secundamin
844 4782 973 4841 haec
1007 4786 1211 4858 verba,
1248 4809 1269 4833 κ
1314 4783 1548 4857 passim
1577 4783 1840 4858 furorem
1870 4782 2066 4858 genti-

406 4848 550 4927 lium
598 4855 1086 4927 publicaverunt;
1148 4848 1345 4912 {nos
1394 4871 1540 4911 vero
1586 4855 1843 4927 priorem
1873 4848 2067 4926 hujus

406 4923 651 4997 partem,
669 4928 725 4978 et
747 4926 905 4997 illius
927 4923 1317 4997 posteriorem
1336 4929 1396 4983 in
1428 4923 1993 4984 textu—exhibemus.

474 4989 588 5064 (65)
629 4989 968 5072 Ita__Quesn._
995 4999 1111 5053 nisi
1162 5000 1321 5072 quod
1360 5016 1435 5055 ex
1474 4999 1607 5072 aliis
1638 4998 1775 5053 edit.
1826 4997 2068 5053 retinui-

405 5078 560 5142 mus,
615 5085 641 5115 α
662 5064 905 5142 _divinae
953 5068 1114 5140 legi;
1144 5064 1200 5142 in-
1227 5071 1473 5142 reliquae
1524 5070 1660 5142 edit.
1695 5085 1813 5124 non
1842 5084 2069 5142 agnos-

407 5137 628 5210 ομοίως
662 5135 881 5190 Eorum
911 5135 1110 5210 autem
1137 5135 1377 5196 insania-
1395 5156 1410 5210 ;
1448 5162 1469 5191 »
1506 5141 1613 5196 sed
1643 5135 1914 5196 levicula'a
1934 5143 2071 5195 sunt

406 5206 537 5261 alia:
568 5207 799 5262 illarum
829 5206 1166 5280 varietates,
1200 5227 1313 5267 nec
1342 5206 1588 5267 sensum
1636 5212 1890 5267 reddunt
1919 5213 2069 5267 satis

407 5293 756 5350 congruum.

476 5349 589 5423 (66)
651 5353 821 5406 Rom.
882 5349 1020 5424 edit.
1081 5350 1230 5424 sola,
1270 5373 1291 5400 α
1335 5352 1436 5424 qui
1478 5354 1752 5409 velamini
1810 5353 2073 5410 interfui-

406 5421 582 5492 mus;
630 5446 652 5473 ιι
704 5427 763 5478 at
807 5421 1012 5478 eadem
1058 5423 1235 5477 simul
1284 5421 1525 5491 ac'vet.,
1565 5447 1585 5471 «
1634 5426 1743 5479 sed
1771 5426 2069 5492 virginum

406 5496 641 5566 nuptias
672 5495 795 5550 Deo
828 5495 1095 5563 devotas,
1134 5517 1154 5542 »ι
1191 5497 1302 5547 etc.
1356 5494 1568 5566 Melius
1602 5511 1742 5566 vero
1794 5494 1981 5551 Labb.
2015 5500 2072 5551 et

405 5564 627 5632 Queen.
662 5571 725 5622 ut
753 5583 863 5622 nos
898 5566 957 5620 in
987 5570 1170 5621 textu.
1204 5566 1496 5620 Caeterum
1537 5564 1609 5619 de
1640 5565 1929 5621 velamine
1962 5584 2068 5622 nu-

405 5639 565 5707 ptiali
599 5655 709 5694 seu
738 5639 1007 5693 flammeo
1033 5638 1156 5709 jam
1188 5637 1329 5691 alibi
1361 5635 1641 5709 diximus.

477 5710 586 5783 (67)
636 5711 785 5767 Edit.
834 5707 1053 5767 omnes
1086 5710 1289 5765 Ambr.
1343 5709 1400 5765 et
1443 5707 1648 5777 Conc.,
1696 5730 1717 5754 α
1753 5723 1891 5765 esse
1924 5724 2069 5763 con-

2166 3353 2300 3410 quae
2317 3338 2512 3408 potest
2531 3335 2661 3392 laus
2694 3350 2833 3392 esse
2866 3334 3156 3409 conjugii,
3208 3337 3261 3390 si
3298 3336 3465 3393 nulla
3492 3332 3808 3408 virginitatis

2169 3429 2262 3482 eet
2291 3425 2483 3498 gloria
2499 3426 2528 3483 ?
2548 3425 2756 3498 Neque
2790 3440 2931 3481 vero
2953 3441 3065 3481 nos
3093 3441 3394 3498 negamus
3416 3423 3807 3481 sanctificatum

2171 3530 2205 3570 a
2250 3513 2488 3570 Christo
2535 3529 2675 3570 esse
2724 3513 3095 3587 coniugium,
3129 3514 3337 3570 divina
3383 3530 3532 3571 voce
3575 3513 3809 3569 dicente:

2178 3626 2199 3652 ιι
2221 3602 2408 3659 Erunt
2428 3602 2600 3659 ambo
2632 3603 2691 3659 in
2723 3618 2899 3659 carne
2930 3619 3047 3658 una
3077 3603 3322 3674 (Matth.
3363 3621 3487 3671 xix,
3529 3604 3604 3674 5),
3650 3623 3670 3651 1
3703 3598 3810 3656 etin

2170 3708 2288 3751 uno
2320 3693 2572 3766 spiritu:
2605 3693 2715 3749 sed
2748 3693 2916 3764 prius
2952 3696 3047 3748 est
3067 3692 3226 3765 quod
3244 3694 3370 3748 nati
3406 3709 3635 3763 sumus,
3668 3703 3810 3764 quam

2172 3838 2375 3894 traria.
2410 3837 2601 3906 Unde,
2654 3857 2676 3887 ι
2713 3840 2823 3893 etc.
2867 3835 3019 3903 Quid
3059 3839 3255 3909 autem
3306 3837 3408 3909 sit,
3448 3859 3494 3909 in
3529 3836 3676 3909 facto
3700 3846 3810 3909 prg-

2175 3910 2442 3980 ebyterio
2478 3932 2501 3959 ι»
2549 3902 2821 3965 Nannius
2868 3902 3142 3980 exponit:
3195 3902 3404 3973 Quasi'
3427 3902 3807 3980 dicae,inquit.

2170 3988 2369 4046 habito
2399 3991 2643 4059 senatu;
2675 3992 2768 4045 est
2793 3990 2947 4046 enim
2967 3985 3335 4064 πρεσϐυτήριον
3367 3989 3662 4045 seniorum
3701 3999 3810 4040 con-

2173 4068 2462 4144 g_regati_o,
2496 4072 2559 4124 ut
2597 4070 2838 4144 τιρᾳνσία
2881 4075 3222 4144 εθῃειιοηιηι
3270 4071 3431 4144 apud
3457 4069 3810 4144 Lacedaemo:

2172 4133 2337 4224 ἦὶοὲ.¹
2386 4133 2567 4224 Erant
2606 4133 2777 4224 enim
2800 4142 3152 4224 presbyteri
3211 4143 3271 4196 in
3307 4133 3811 4224 -Ecclesiahquod

2174 4214 2484 4285 senatores
2517 4212 2576 4267 in
2607 4210 2931 4285 republica.
2967 4210 3249 4285 Utrisque
3281 4229 3500 4270 nomen
3533 4210 3763 4267 inditum
3786 4221 3811 4257 ιι

2176 4283 2439 4357 graviori
2471 4288 2660 4357 aetates

2245 4355 2359 4426 (68)
2393 4355 2521 4410 Vet.
2572 4355 2711 4411 edit.
2762 4354 2966 4411 Ambr.
3000 4358 3057 4410 et
3100 4353 3304 4426 Cone"
3347 4379 3370 4404 α
3425 4350 3811 4426 annuntiabunt

2178 4423 2438 4482 omnium
2470 4430 2805 4482 nostrum...
2838 4442 2953 4481 una
2983 4423 3275 4481 suscitata
3291 4423 3410 4482 fuit
3440 4423 3715 4482 sententia
3748 4435 3760 4488 ;
3791 4443 3807 4465 ιι

2176 4498 2346 4553 Rom.
2379 4497 2541 4568 edit.,
2603 4519 2625 4548 «
2660 4514 2775 4553 una
2824 4498 2939 4552 lata
2982 4498 3092 4552 fuit
3141 4499 3472 4567 sententia;
3508 4521 3530 4545 ιι
3566 4493 3736 4568 Labb.
3765 4489 3811 4542 in

2175 4585 2388 4642 marg.,
2427 4591 2457 4642 σε
2486 4566 2661 4624 unam
2691 4569 2905 4624 factam
2938 4573 3167 4624 constat
3217 4585 3359 4625 esse
3393 4566 3759 4631 sententiam;
3789 4582 3806 4606 ι

2247 4712 2361 4782 (69)
2414 4712 2599 4766 Labb.
2651 4728 2720 4765 ac
2768 4712 3013 4781 Quaem,

2176 4783 2503 4854 adimplere
2535 4783 2807 4838 ferventi.
2845 4806 2867 4831 ι

2274 4853 2367 4925 70)
2397 4853 2631 4925 Scripta
2663 4855 2821 4908 circa
2852 4870 2986 4908 ann.
3019 4853 3144 4910 387.

2274 4857 2367 4925 70)
2397 4857 2631 4925 Scripta
2663 4857 2821 4908 circa
2852 4870 2986 4908 ann.
3019 4857 3144 4910 387.

2251 4857 2366 4997 (71)
2397 4926 2480 4980 Ita
2512 4925 2697 4979 Labb.
2731 4924 3027 4997 etQuesn.
3062 4929 3178 4981 vet.
3229 4928 3421 4980 autem
3468 4923 3648 4997 edit.g«
3683 4918 3802 4997 Am-

2177 4990 2424 5052 brosius
2457 4996 2799 5068 episcopus,
2834 4996 3164 5051 Bassianus
3195 4997 3533 5067 episcopus,
3574 4996 3636 5068 et
3654 4990 3802 5067 ciete-

2179 5068 2272 5138 ι’ίῖ
2310 5091 2332 5117 η
2368 5063 2537 5123 Rcui.
2572 5063 2735 5138 vero,
2773 5063 2795 5115 ei
2829 5069 3184 5124 Ambrosius
3230 5063 3565 5139 episcopus,
3599 5063 3801 5116 Bassia-

2180 5155 2315 5207 nus,
2350 5148 2407 5195 et
2437 5139 2639 5194 caeteri
2667 5139 2956 5210 episcOpi.

2251 5206 2366 5281 (72)
2395 5210 2580 5282 Labb.
2613 5213 2670 5265 et
2693 5206 2937 5279 Quesri.,
2977 5233 2999 5257 «
3035 5210 3132 5281 qui
3165 5210 3553 5282 diligenter,»
3584 5206 3707 5282 θιοη

2251 5280 2365 5352 (73)
2394 5280 2614 5365 Quesnn.
2646 5285 2836 5351 solue,
2873 5302 2901 5332 ‹‹
2931 5280 3069 5365 quia
3100 5282 3158 5335 in
3204 5280 3358 5363 ostio
3387 5281 3581 5365 contra
3626 5280 3798 5365 evicti:

2180 5341 2290 5421 lae,
2330 5341 2496 5425 icio.
2531 5353 2783 5421 Thuan.,
2823 5341 3011 5425 iiquia
3047 5369 3189 5425 nos,
3205 5353 3306 5424 qui
3337 5352 3486 5425 inter
3512 5351 3582 5415 te,
3616 5341 3791 5425 sior“

2184 5447 2206 5474 ι
2243 5417 2342 5492 qui
2371 5424 2431 5477 in
2463 5428 2644 5492 corte,
2681 5417 2944 5479 oviculae
2974 5417 3307 5492 Christifet
3336 5423 3524 5492 lupos,
3558 5438 3578 5468 υ
3611 5417 3709 5470 etc.

2308 5495 2363 5564 4)
2391 5494 2490 5550 Sic
2539 5495 2677 5549 edit.
2727 5496 2896 5550 Rom.
2943 5511 3076 5565 cuni
3125 5495 3347 5549 Labb.:
3394 5494 3602 5565 Queen.
3654 5494 3790 5565 Ygl‘op

2184 5590 2205 5615 α
2254 5554 2320 5621 se
2344 5554 2451 5620 'isti
2479 5582 2594 5621 non
2627 5568 2905 5621 damnare
2934 5564 3236 5637 conjugis.
3286 5589 3307 5612 η
3343 5554 3455 5620 Sed
3483 5563 3589 5615 vet.
3616 5554 3789 5637 edit}!

2179 5619 2325 5766 {of
2356 5638 2522 5762 (Ituasi
2534 5619 2769 5709 reliqua
2787 5619 3174 5693 vitiosiss'ini’e
3214 5619 3281 5691 ac
3300 5637 3425 5692 sine
3463 5645 3628 5688 sensu
3649 5619 3788 5680 exhi-

2228 5725 2260 5765 e
2306 5725 2378 5763 an
2408 5749 2420 5763 .

2228 5725 2420 5765 enanL

3070 4736 3090 4759 α
3144 4716 3199 4767 et
3254 4709 3801 4783 compresbyteros...
