4070 6180
344 371 501 437 1173

1518 365 2131 430 EPISTOLARUM
2176 363 2516 429 CLASSIS
2559 364 2610 429 Ι.

3636 363 3792 433 1174

341 555 501 629 quod
549 552 765 622 effecti,
819 552 1116 625 multoque
1161 553 1542 625 praestantius
1593 551 1772 606 divini
1815 549 2113 622 operis{[
2125 549 2319 606 Potuit
2348 565 2492 622 ergo
2523 548 2696 622 virgo
2729 548 3065 620 concipere,
3097 564 3216 605 non
3248 549 3435 620 potuit
3461 547 3634 622 virgo
3680 563 3792 621 ge-

341 645 690 717 mysterium
719 642 855 713 (75),
901 659 1076 714 quam
1128 642 1401 698 humanae
1454 641 1792 714 fragilitatis
1823 656 2017 696 reme-

346 736 522 790 dium.
557 734 700 788 Jure
732 732 1003 787 laudatur
1031 732 1187 786 bona
1218 747 1390 801 uxor,
1423 731 1530 786 sed
1555 731 1766 786 melius
1790 731 1883 801 pia
1901 731 2018 786 vir-

341 840 419 897 go
449 823 785 894 praefertur,
821 822 1053 877 dicente
1085 821 1372 891 Apostolo
1409 836 1421 876 :
1474 845 1494 867 ιι
1531 819 1641 885 Qui
1666 819 1866 892 jungit
1896 820 2017 874 vir-

339 915 542 985 ginem
575 927 764 981 suam,
797 911 950 966 bene
981 911 1122 965 facit
1149 927 1163 979 ;
1203 913 1260 964 et
1289 910 1388 982 qui
1420 909 1772 982 nonjungit,
1807 909 2019 964 melius

341 1002 517 1072 facit;
563 1001 694 1056 haec
742 1001 898 1055 enim
951 1000 1170 1072 cogitat
1215 1016 1348 1070 quae
1399 999 1505 1053 Dei
1552 1002 1709 1068 sunt,
1756 998 1853 1052 illa
1885 1014 2017 1068 quae

341 1092 545 1146 mundi
574 1090 630 1161 (Ι
656 1090 792 1145 Cor.
825 1107 926 1160 vu,
961 1089 1073 1160 34).
1112 1113 1133 1137 ιι
1168 1089 1272 1144 Illa
1302 1087 1723 1160 conjugalibus
1758 1088 2017 1142 vinculis

342 1181 622 1254 colligata
653 1182 764 1249 est,
799 1178 928 1234 haec
957 1178 1144 1232 libera
1161 1179 1532 1233 vinculorum
1559 1193 1571 1233 :
1595 1177 1694 1231 illa
1715 1177 1827 1232 sub
1859 1177 2014 1249 lege,

337 1272 454 1326 ista
485 1270 600 1326 sub
633 1268 844 1342 gratia.
878 1268 1109 1323 Bonum
1151 1267 1519 1340 conjugium,
1571 1283 1678 1338 per
1725 1267 1884 1338 quod
1926 1270 2018 1321 est

338 1360 580 1414 inventa
609 1358 928 1430 posteritas
959 1357 1373 1413 successionis
1404 1356 1677 1412 humanae
1713 1371 1726 1410 ε
1761 1355 1870 1410 sed
1899 1371 2019 1410 me-

335 1449 454 1505 lior
483 1449 820 1520 virginitas,
853 1461 961 1518 per
991 1462 1166 1517 quam
1200 1446 1370 1517 regni
1407 1445 1668 1500 caelestis
1702 1445 2018 1499 haereditas

341 1537 654 1609 acquisita,
688 1539 744 1590 et
773 1536 1108 1590 caelestium
1138 1536 1481 1590 meritorum
1511 1537 1743 1604 reperta
1774 1549 2018 1588 succes-

346 1628 465 1683 sio.
515 1627 628 1682 Per
673 1625 981 1680 mulierem
1023 1641 1163 1679 cura
1217 1624 1534 1694 successit,
1576 1639 1683 1694 per
1725 1623 2018 1695 virginem

341 1717 509 1772 salus
531 1716 744 1770 evenit.
769 1715 1036 1786 Denique
1060 1714 1318 1785 speciale
1336 1713 1452 1768 sibi
1477 1713 1695 1768 donum
1717 1713 2018 1785 virginita-

343 1805 422 1859 tis
452 1803 728 1859 Christus
759 1803 957 1875 elegit,
990 1807 1047 1858 et
1075 1803 1432 1875 integritatis
1464 1818 1678 1858 munus
1724 1802 2013 1872 exhibuit,

335 1897 517 1966 atque
549 1893 610 1948 in
641 1909 708 1948 se
738 1893 1190 1963 repraesentavit
1213 1891 1324 1963 ('76)
1346 1892 1504 1964 quod
1527 1891 1706 1964 elegit
1726 1891 1785 1946 in
1808 1894 2014 1947 matre.

2046 1936 2102 2002 Β

2121 654 2372 709 nerare;
2423 655 2557 694 cum
2603 653 2840 710 semper
2883 641 3204 710 conceptus
3237 638 3552 710 praecedat,
3585 641 3790 710 partus

2120 731 2405 802 sequatur
2423 729 2452 784 ‘?

2191 821 2244 873 5.
2278 818 2394 873 Sed
2424 818 2478 873 si
2509 817 2794 873 doctrinis
2823 833 2942 873 non
2964 818 3224 873 creditur
3243 817 3638 889 sacerdotum,
3664 834 3792 875 cre-

2121 909 2292 963 datur
2321 907 2577 962 oraculis
2607 906 2847 977 Christi,
2873 907 3146 962 credatur
3175 908 3412 962 monitis
3442 907 3792 980 angelorum

2122 997 2440 1052 dicentium
2474 1013 2485 1051 :
2539 1020 2559 1043 ιι
2595 995 2740 1062 Quia
2792 1013 2909 1052 non
2939 1001 3032 1052 est
3063 998 3431 1068 impossibile
3465 998 3586 1054 Deo
3618 1013 3791 1054 omne

2121 1086 2370 1140 verbum
2399 1085 2562 1153 (Luc.
2595 1103 2634 1156 ι,
2667 1085 2776 1156 37).
2815 1111 2836 1135 ιι
2880 1086 3165 1142 Credetur
3193 1087 3470 1158 Symbolo
3501 1086 3614 1157 (80)
3643 1102 3790 1158 apo-

2123 1175 2452 1245 stolorum,
2513 1175 2672 1246 quod
2731 1176 2998 1232 Ecclesia
3058 1177 3320 1231 Romana
3384 1177 3793 1232 intemeratum

2123 1280 2362 1336 semper
2407 1265 2664 1320 custodit
2711 1268 2768 1320 et
2810 1269 3027 1320 servat.
3075 1266 3314 1321 Audivit
3361 1266 3544 1320 Maria
3581 1282 3793 1322 vocem

2121 1355 2340 1428 angeli,
2373 1358 2430 1410 et
2458 1371 2591 1426 quae
2621 1358 2754 1410 ante
2786 1356 3016 1410 dixerat
3049 1371 3060 1410 :
3099 1377 3120 1404 ιι
3155 1354 3460 1421 Quomodo
3489 1355 3590 1410 ﬁet
3633 1355 3793 1411 istud

2121 1443 2300 1514 (Ibid.
2332 1445 2467 1513 34)?
2502 1468 2523 1491 ιι
2558 1460 2676 1500 ιιοιι
2704 1445 2775 1499 de
2805 1445 2920 1499 fide
2957 1445 3359 1517 generationis
3390 1444 3790 1517 interrogans,

2121 1534 2427 1604 respondit
2472 1537 2679 1605 postea
2714 1550 2725 1588 :
2785 1555 2805 1582 ι
2844 1534 2997 1588 Ecce
3037 1534 3248 1589 ancilla
3279 1534 3532 1604 Domini,
3565 1535 3791 1589 contin-

2118 1625 2220 1696 gat
2250 1623 2392 1677 mihi
2422 1623 2750 1678 secundum
2780 1623 3028 1678 verbum
3057 1626 3222 1678 tuum
3243 1622 3420 1694 (Ibid.
3440 1624 3551 1693 38).
3589 1645 3611 1672 ιι
3645 1624 3791 1680 Haec

2118 1716 2211 1768 est
2242 1712 2424 1784 Virgo
2457 1727 2590 1783 quae
2611 1713 2679 1789 jn
2707 1715 2873 1767 utero
2908 1712 3178 1782 concepit
3211 1728 3222 1767 :
3277 1712 3471 1784 virgo,
3514 1728 3647 1783 quae
3678 1729 3786 1784 pe-

2119 1801 2271 1872 perit
2300 1800 2504 1856 ﬁlium.
2539 1799 2638 1855 Sic
2667 1801 2822 1855 enim
2855 1801 3142 1870 scriptum
3173 1803 3265 1855 est
3297 1817 3308 1856 :
3369 1824 3390 1848 ιι
3433 1801 3588 1856 Ecce
3615 1802 3787 1874 virgo

2120 1890 2180 1945 in
2207 1893 2375 1946 utero
2405 1890 2674 1960 accipiet,
2725 1893 2781 1945 et
2826 1890 3014 1960 pariet
3054 1889 3240 1944 ﬁlium
3278 1889 3418 1960 (Isa.
3452 1907 3552 1959 vn,
3587 1889 3676 1960 11)
3710 1907 3725 1946 :
3762 1914 3783 1938 ιι

405 1983 460 2039 4.
497 1982 728 2049 Quanta
757 1982 1048 2037 dementia
1081 1981 1452 2037 funestorum
1482 1981 1816 2051 latratuum,
1849 1984 1911 2036 ut
1941 1982 2015 2036 ii-
2046 1973 2102 2002 "
2116 1996 2234 2036 non
2263 1981 2419 2035 enim
2451 1983 2868 2050 concepturam
2897 1979 3297 2035 tantummodo
3326 1973 3640 2053 virginem,
3677 1980 3787 2036 sed

335 2073 474 2129 dem
525 2073 790 2128 dicerent
839 2070 1140 2127 Christum
1187 2087 1262 2126 ex
1292 2071 1536 2144 Virgine
1583 2087 1701 2126 non
1745 2071 2015 2142 potuisse

332 2163 636 2236 generari,
670 2162 772 2234 qui
799 2164 1082 2216 asserunt
1113 2177 1188 2216 ex
1217 2161 1484 2230 muliere,
1519 2160 1692 2215 editis
1723 2160 2015 2215 humano-

337 2269 472 2308 rum
503 2253 820 2324 pignorum
850 2251 1158 2321 partubus,
1192 2250 1462 2322 virgines
1485 2265 1828 2320 permanere
1859 2249 2016 2320 (77)?

338 2343 492 2397 Aliis
541 2357 688 2414 ergo
738 2342 984 2412 praestat
1010 2339 1309 2409 Christus,
1341 2339 1500 2410 quod
1530 2339 1667 2408 sibi,
1698 2341 1762 2393 ut
1789 2339 2012 2409 dicunt,

333 2434 624 2503 praestare
674 2445 792 2484 non
841 2429 1073 2500 potuit?
1117 2428 1220 2483 Ille
1251 2443 1414 2498 vero,
1451 2429 1596 2492 967
1630 2428 1745 2483 etsi
1775 2444 2011 2483 carnem

333 2520 630 2592 suscepit,
679 2519 790 2574 etsi
843 2519 1018 2574 homo
1066 2517 1258 2572 factus
1307 2521 1399 2572 est
1441 2515 1577 2588 (78),
1624 2521 1686 2572 ut
1713 2517 2012 2573 hominem

334 2610 674 2679 redimeret,
707 2611 881 2680 atque
931 2623 965 2662 a
1013 2611 1199 2662 morte
1234 2611 1542 2662 revocaret
1571 2623 1583 2662 :
1619 2607 1896 2662 inusitato
1927 2610 2009 2661 ta-

333 2715 494 2769 men,
527 2699 698 2770 quasi
730 2698 912 2766 Deus,
946 2696 1154 2751 itinere
1185 2697 1346 2751 venit
1373 2697 1432 2751 in
1462 2699 1674 2767 terras,
1709 2701 1772 2752 ut
1800 2713 2008 2768 quem-

333 2787 657 2844 admodum
688 2786 918 2842 dixerat
950 2802 962 2841 :
1018 2807 1040 2837 ιι
1079 2785 1234 2841 Ecce
1275 2785 1429 2842 facio
1461 2787 1654 2842 omnia
1683 2802 1836 2841 nova
1865 2786 2005 2857 (Isa.

333 2895 501 2947 XLIII,
557 2877 666 2947 19),
703 2900 724 2923 ιι
779 2878 948 2946 partu
985 2875 1158 2930 etiam
1189 2875 1575 2931 immaculata:
1607 2875 1870 2948 Virginis
1901 2892 2009 2930 na-

335 2969 632 3036 sceretur,
681 2968 740 3021 et
787 2965 943 3019 sicut
989 2965 1274 3036 scriptum
1306 2967 1417 3035 est,
1451 2967 1514 3020 ut
1544 2965 1885 3021 crederetur
1913 2981 2012 3021 no-

329 3056 572 3112 biscum
592 3055 773 3110 Deus.
795 3053 910 3109 Sed
934 3053 1005 3109 de
1025 3055 1117 3108 via
1138 3055 1548 3125 perversitatis
1570 3055 1897 3126 produntur
1916 3055 2008 3110 di-

333 3161 474 3202 cere
508 3162 520 3201 :
557 3145 740 3218 Virgo
774 3144 1061 3215 concepit,
1084 3143 1193 3199 sed
1212 3159 1331 3199 non
1353 3144 1524 3216 virgo
1545 3144 1852 3217 generavit
1873 3144 2004 3216 (79).

2115 2072 2172 2126 et
2201 2071 2520 2141 parituram
2549 2070 2840 2141 virginem
2871 2069 3034 2124 dixit.

2188 2159 2239 2214 6.
2272 2158 2414 2223 Quae
2447 2161 2642 2213 autem
2671 2162 2763 2213 est
2792 2159 2890 2212 illa
2919 2161 3085 2229 porta
3116 2159 3459 2228 sanctuarii,
3492 2160 3661 2229 porta
3683 2158 3782 2212 illa

2114 2249 2376 2304 exterior
2406 2248 2480 2302 ad
2515 2246 2833 2317 Orientem,
2871 2263 3004 2318 quae
3036 2249 3231 2301 manet
3259 2246 3496 2316 clausa;
3534 2269 3555 2296 ιι
3590 2250 3647 2301 et
3676 2261 3784 2301 ne-

2114 2353 2231 2407 mo,
2284 2337 2490 2408 inquit,
2543 2335 2924 2406 pertransibit
2970 2351 3077 2406 per
3122 2351 3251 2390 eam
3300 2334 3435 2406 (81),
3467 2335 3584 2390 nisi
3614 2335 3784 2391 solus

2112 2427 2274 2482 Deus
2307 2425 2488 2481 Israel
2521 2425 2770 2494 (Ezech.
2805 2442 2959 2490 κων,
2993 2425 3050 2494 2)
3071 2425 3100 2479 ‘?
3132 2449 3154 2473 ιι
3208 2425 3418 2481 Nonne
3452 2425 3582 2480 haec
3615 2428 3786 2496 porta

2113 2516 2293 2570 Maria
2327 2519 2438 2587 est,
2472 2531 2579 2586 per
2607 2531 2782 2586 quam
2830 2515 2890 2568 in
2937 2514 3095 2569 hunc
3135 2514 3418 2570 mundum
3447 2514 3784 2585 redemptor

2117 2605 2396 2660 intravit?
2453 2604 2597 2659 Haec
2644 2605 2812 2674 porta
2851 2602 3140 2675 justitim,
3193 2605 3348 2659 sicut
3405 2605 3534 2674 ipse
3586 2604 3776 2658 dixit:

2125 2719 2145 2742 ιι
2181 2696 2319 2751 Sine
2370 2710 2480 2750 nos
2529 2694 2771 2766 implere
2815 2709 3048 2748 omnem
3089 2692 3380 2764 justitiam
3427 2693 3665 2764 (Matth.
3697 2710 3780 2764 ιιι,

2119 2785 2228 2857 15).
2268 2808 2290 2832 ιι
2324 2785 2469 2840 Haec
2498 2786 2663 2855 porta
2696 2785 2788 2838 est
2815 2783 2985 2838 beata
3017 2783 3217 2852 Maria,
3250 2783 3323 2838 de
3353 2798 3468 2855 qua
3495 2783 3783 2853 scriptum

2116 2878 2209 2932 est
2257 2874 2392 2946 quia
2447 2897 2468 2921 ιι
2503 2874 2788 2928 Dominus
2835 2873 3218 2944 pertransibit
3262 2889 3370 2945 per
3405 2888 3554 2943 eam,
3589 2875 3646 2927 et
3674 2873 3784 2928 erit

2115 2965 2317 3021 clausa
2364 2963 2609 3035 (Ezecli.
2642 2981 2798 3034 κων,
2831 2964 2885 3030 2)
2920 2983 2942 3013 ιι
2977 2966 3114 3036 post
3144 2966 3409 3034 partum;
3442 2963 3579 3035 quia
3608 2963 3780 3036 virgo

2113 3057 2382 3128 concepit
2409 3058 2466 3111 et
2493 3052 2718 3128 genuit.

2182 3145 2236 3200 ’7.
2255 3145 2404 3212 Quid
2422 3148 2615 3201 autem
2637 3144 3002 3216 incredibile,
3025 3145 3078 3201 si
3100 3148 3302 3202 contra
3325 3161 3499 3202 usum
3532 3147 3784 3220 originis

368 3361 380 3372 θ
407 3289 522 3360 (75)
565 3287 787 3354 Quesn.
840 3289 898 3342 et
943 3287 1155 3357 Oxon.,
1211 3310 1232 3337 ιι
1269 3287 1452 3342 divini
1500 3289 1700 3359 operis
1737 3288 2006 3344 ministe-
2045 3289 2272 3372 equod
2321 3289 2996 3372 singulinapostolorum
3032 3293 3178 3372 post
3214 3290 3631 3372 ascensionem
3663 3291 3783 3372 Do-

330 3377 509 3417 rium.
547 3385 569 3408 ι)

405 3431 521 3502 (Ἳ6)
566 3431 786 3486 Omnes
835 3430 1039 3486 Ambr.
1074 3431 1236 3500 edit.,
1275 3454 1296 3478 ιι
1332 3431 1392 3485 in
1425 3447 1492 3486 se
1520 3432 1940 3502 praesentavit;
1978 3456 2000 3480 ιι

331 3503 770 3575 optimeLabb.
804 3505 862 3557 et
891 3502 1134 3571 Quesn.,
1173 3525 1194 3552 ιι
1228 3504 1288 3557 in
1319 3519 1386 3557 se
1418 3503 1886 3574 repraesentavit.
1924 3526 1946 3551 ιι

407 3575 520 3644 (77)
561 3574 704 3629 Eam
741 3575 1041 3642 haeresim,
1075 3589 1189 3644 qua
1220 3575 1462 3628 Mariam
1491 3577 1628 3646 post
1656 3578 2004 3645 conceptum

330 3647 574 3718 quidem
616 3647 912 3718 virginem
968 3647 1336 3718 remansisse
1392 3646 1834 3716 proﬁtebantur,
1887 3663 2006 3700 non

330 3717 531 3772 autem
576 3717 1008 3788 post’partum,
1062 3718 1266 3772 reticet
1313 3717 1580 3788 Syricius
1624 3718 1684 3770 in
1712 3718 2004 3787 epistola;

331 3789 488 3844 forte
534 3789 692 3860 quod
740 3789 900 3842 illam
944 3789 1004 3842 in
1053 3789 1232 3860 Urbe
1262 3790 1670 3860 proseminare
1707 3789 1838 3842 ausi
1887 3805 2006 3842 non

331 3861 568 3916 fuerant
596 3860 1027 3931 Jovinianistae.
1063 3859 1237 3930 Atqui
1269 3859 1404 3931 ejus
1435 3859 1699 3914 meminit
1729 3860 2010 3931 Augusti-

328 3948 448 3988 nus
481 3932 554 3986 de
583 3931 815 3986 Haeres.
849 3947 976 4001 cap.
1009 3930 1062 3986 8.
1097 3934 1154 3985 et
1185 3931 1286 3985 lib.
1311 3930 1337 3984 ι
1372 3933 1433 3985 in
1457 3931 1571 3987 Jul.
1599 3947 1726 4000 cap.
1759 3932 1812 3985 2.
1837 3930 2006 3986 Hanc

329 4004 488 4058 infra
543 4004 852 4075 impugnat
908 4003 1266 4075 Ambrosius
1326 4003 1538 4075 iisdem
1593 4003 2000 4075 argumentis,

327 4075 552 4146 quibus
600 4073 782 4129 utitur
828 4089 946 4128 non
992 4074 1185 4128 solum
1233 4073 1292 4127 in
1319 4074 1442 4146 ilib.
1476 4074 1550 4129 de
1592 4073 2000 4146 InStit.__Virg.

330 4143 463 4216 cap.
509 4147 543 4200 8
590 4150 646 4200 et
693 4146 747 4216 9,
796 4149 969 4216 atque
1019 4146 1079 4199 in
1126 4146 1271 4199 Luc.
1317 4145 1419 4199 lib.
1467 4162 1527 4212 ιι,
1562 4161 1721 4199 num.
1755 4143 1864 4213 '75;
1896 4143 2004 4199 sed

330 4219 509 4288 etiam
539 4217 599 4271 in
629 4217 732 4270 lib.
766 4217 839 4272 de
870 4216 1212 4288 illysteriis,
1246 4219 1303 4288 et
1346 4216 1406 4270 in
1437 4217 1607 4286 epist.
1641 4216 1713 4270 ad
1748 4217 2000 4270 Vercell.

327 4287 625 4343 Caeterum
654 4287 957 4360 generatio
989 4288 1084 4342 hic
1113 4287 1339 4360 passim
1371 4291 1690 4358 usurpatur
1719 4303 1825 4358 pro
1870 4288 2001 4357 ipso

327 4363 524 4430 partu,
560 4359 693 4430 quae
723 4363 918 4414 tamen
946 4360 1182 4429 proprie
1215 4359 1369 4414 idem
1419 4362 1511 4414 est
1541 4363 1714 4430 atque
1747 4375 2004 4428 concep-

329 4431 413 4485 tio
441 4446 474 4502 ;
503 4447 638 4486 cum
680 4446 968 4502 generare
1016 4446 1134 4486 non
1182 4431 1375 4502 magis
1426 4430 1802 4501 feminarum,
1829 4447 2003 4502 quam

329 4501 582 4557 marium
613 4501 711 4557 sit.

401 4572 516 4644 (78)
568 4574 696 4628 γει.
751 4573 917 4642 edit.,
969 4595 990 4620 ιι
1042 4573 1142 4644 qui
1191 4588 1429 4627 carnem
1487 4588 1656 4627 suam
1714 4573 2000 4643 suscepit,

2114 3361 2256 3416 mini
2290 3361 2363 3415 ad
2399 3361 2868 3416 constituendam
2909 3361 3044 3416 ﬁdei
3081 3361 3389 3417 formulam
3438 3364 3787 3418 convenien-

2112 3437 2225 3502 tes,
2273 3433 2825 3505 quodisentiebant,
2877 3433 2936 3487 in
2983 3449 3164 3488 unum
3201 3435 3573 3500 contulerint,
3607 3438 3783 3505 atque

2113 3506 2190 3558 ita
2220 3504 2571 3578 symbolum
2622 3505 3083 3578 composuerint.
3124 3505 3444 3577 Utramque
3491 3504 3783 3578 originem

2111 3575 2286 3630 tradit
2330 3575 2582 3630 Ruﬁnus
2617 3591 2628 3630 :
2683 3577 2789 3630 sed
2838 3577 2897 3630 in
2947 3577 3149 3631 ultima
3177 3575 3392 3632 acriter
3419 3593 3453 3632 a
3485 3575 3781 3634 recentio-

2112 3647 2280 3723 ribus
2333 3647 2732 3723 impugnatur.
2763 3647 3022 3723 _H_orum
3080 3650 3380 3723 praecipua
3433 3652 3781 3723 argumenta

2115 3721 2272 3790 sunt,
2323 3718 2381 3771 1ο
2421 3718 2578 3788 quod
2629 3719 2884 3790 symboli
2931 3720 3149 3774 mentio
3196 3718 3469 3776 in_Actis
3509 3718 3779 3790 'apostol.

2115 3789 2292 3861 nulla,
2323 3791 2613 3857 occurrat,
2658 3789 2717 3843 2°
2759 3790 2916 3861 quod
2962 3792 3225 3860 priorum
3267 3793 3443 3846 trium
3493 3789 3781 3848 Ecclesiae

2115 3860 2474 3932 saeculorum
2505 3861 2710 3915 Patres
2742 3860 2813 3916 de
2845 3862 3052 3917 eodem
3081 3863 3194 3919 alte
3227 3864 3457 3932 sileant,
3508 3864 3567 3919 3°
3611 3865 3782 3919 deni-

2114 3948 2229 4003 que
2259 3931 2416 4002 quod
2448 3932 2632 4002 prima
2664 3933 2932 4002 symbola
2963 3934 3018 3988 in
3051 3935 3254 3989 verbis
3287 3931 3554 3990 nonnihil
3601 3937 3782 3990 dissi-

2114 4003 2308 4078 deant.
2361 4003 2528 4078 Unde
2573 4003 2874 4078 colligunt_
2903 4021 3018 4060 non
3068 4007 3373 4076 apostolos
3425 4009 3611 4078 ipsos,
3673 4007 3780 4062 sed

2112 4075 2349 4149 priscos
2381 4075 2696 4149 episcopos
2727 4075 3063 4149 Symbolum
3095 4075 3126 4132 ὁ
3161 4075 3480 4149 praecipuis
3513 4079 3648 4133 ﬁdei
3679 4095 3781 4133 ca-

2114 4147 2334 4217 pitibus
2365 4147 2740 4201 conflavisse.
2779 4147 2942 4203 Hanc
2972 4149 3132 4204 litem
3163 4147 3369 4206 secare
3392 4167 3509 4205 non
3531 4153 3623 4205 est
3643 4166 3781 4206 nos-

2113 4217 2186 4272 tri
2220 4217 2437 4284 ofﬁcii;
2484 4217 2739 4292 sednnon
2769 4235 3095 4292 possumus
3125 4221 3267 4292 quin
3300 4223 3395 4276 hic
3427 4222 3693 4276 dicamus
3725 4224 3783 4276 et

2111 4305 2320 4363 vocem
2371 4288 2639 4363 slmboli
2672 4293 2728 4344 et
2777 4288 3277 4363 signiﬁcationem
3331 4293 3779 4363 antiquissimas

2113 4375 2252 4416 esse
2301 4360 2360 4414 in
2409 4360 2731 4432 Ecclesia;
2771 4360 3062 4431 siquidem
3107 4379 3224 4417 non
3275 4365 3449 4418 modo
3473 4360 3634 4432 apud
3662 4365 3781 4417 Au-

2111 4432 2436 4504 gustinum,
2472 4447 2650 4485 serm.
2675 4431 2762 4499 59,
2790 4433 2894 4487 212
2916 4437 2974 4514 et
2988 4433 3111 4501 2M,
3151 4431 3573 4504 Hieronymum
3603 4433 3775 4514 epist.

2113 4503 2187 4558 ad
2214 4502 2578 4575 Pammach.,
2613 4505 2668 4557 et
2698 4503 3099 4575 Ambrosmm,
3147 4520 3263 4559 non
3313 4521 3429 4558 uno
3461 4506 3608 4568 loco,
3645 4520 3779 4575 ejus

2543 4543 2578 4570 ο,
2613 4543 2668 4557 υ.
2698 4543 2871 4558 ιιιιινι
2887 4543 3099 4568 νυιυιιι,
3147 4543 3263 4559 μυμ
3317 4543 3429 4558 uuu
3461 4543 3608 4568 IVUU’

2111 4575 2328 4628 mentio
2360 4574 2462 4642 ﬁt;
2496 4589 2699 4628 verum
2729 4574 2901 4628 etiam
2933 4575 3087 4644 apud
3119 4575 3540 4630 Tertullianum
3569 4574 3781 4631 lib..de

329 4645 449 4702 etsi
497 4645 673 4725 homo
704 4644 916 4725 factus
947 4649 1050 4725 est
1065 4660 1106 4725 ὲ
1125 4669 1146 4692 ιι
1195 4644 1405 4725 Labb:,
1459 4667 1480 4690 ιι
1515 4645 1614 4714 qui
1645 4644 1735 4698 sic
1766 4660 2004 4725 carnem
2039 4653 2100 4725 Π
2125 4645 2366 4725 Velaqg.
2410 4647 2560 4725 vim.
2597 4645 2832 4725 circiter
2859 4646 3108 4725 initium,
3143 4647 3246 4701 lib.
3277 4647 3354 4725 de
3396 4647 3777 4725 Praeseript.,

329 4719 622 4787 suscepit,
665 4717 798 4785 etsi,
839 4740 860 4763 ιι

329 4788 422 4843 sic
455 4785 632 4844 homo
660 4787 853 4842 factus
880 4803 894 4857 ;
921 4812 942 4834 ιι
979 4787 1152 4843 nobis
1184 4801 1325 4842 vero
1357 4785 1579 4850 Quesn.
1614 4787 1785 4841 lectio
1813 4788 2006 4856 potior

331 4863 516 5000 θεέίιθ)
559 4930 641 4985 Ita
680 4945 887 4986 omnes
923 4929 1124 4984 Ambr.
1160 4929 1296 4984 edit.
1335 4928 1520 4983 Labb.
1556 4927 1869 5000 ethhuan.
1904 4944 2003 4983 co-

333 4998 453 5082 dex
474 4998 740 5071 ;'Quesn.
777 5017 918 5056 vero
948 5001 1223 5072 praetulit,
1278 5025 1298 5048 ιι
1335 5000 1451 5055 Sed
1482 4998 1636 5054 devii
1666 5017 1700 5054 a
1729 4999 1823 5054 via
1853 5000 2006 5055 veri-

328 5077 908 5225 fat(l§9)nsvmbolum
947 5160 980 5197 a
1015 5144 1222 5225 Graeco
1253 5143 1705 5225 waedlhwdici
1731 5158 1848 5197 non
1878 5158 2006 5225 am-

326 5222 578 5295 bigitur.
611 5223 729 5295 Sed
756 5222 940 5294 hujus
963 5223 1130 5277 verbi
1153 5222 1368 5294 duplex
1391 5223 1751 5295 signiﬁcatio
1782 5226 1902 5295 est,
1925 5223 2008 5275 al-

326 5293 457 5350 tera
485 5310 619 5366 quae
649 5293 723 5347 ad
755 5293 1035 5362 animum,
1071 5293 1251 5350 altera
1283 5311 1416 5366 quae
1459 5293 1532 5349 ad
1564 5311 1782 5365 corpus
1815 5294 2006 5349 refer-

326 5371 447 5420 tur.
483 5365 680 5446 l’rimo
711 5365 884 5420 modo
915 5371 1215 5446 συμϐάλλιιν
1247 5365 1401 5421 idem
1439 5370 1550 5436 est,
1594 5383 1663 5420 ac
1703 5366 2004 5436 conjicere

330 5461 444 5500 seu
469 5444 776 5515 judicare;
817 5444 989 5516 atque
1030 5448 1107 5500 ita
1149 5447 1485 5516 symbolum
1525 5447 1670 5500 nihil
1701 5450 1792 5500 est
1821 5446 2002 5514 aliud,

327 5533 508 5588 quam
532 5516 812 5588 indicium
834 5522 890 5571 et
911 5518 1083 5588 quasi
1101 5519 1275 5572 arrha
1297 5518 1588 5588 quaedam,
1614 5534 1728 5588 qua
1751 5533 1818 5572 se
1836 5517 2003 5570 Chri-

327 5587 509 5643 stiani
541 5587 973 5658 dignoscebant
1003 5592 1059 5643 et
1087 5587 1534 5658 distinguebant
1563 5587 1648 5642 ab-
1678 5588 1999 5655 haereticis,

327 5659 827 5730 quemadmodum
858 5660 1074 5715 milites
1106 5677 1173 5716 se
1195 5661 1268 5714 ab
1288 5659 1563 5714 hostibus
1594 5663 1825 5714 tessera
1847 5659 2002 5730 milia

328 5729 442 5784 tari
480 5730 694 5802 solent
737 5731 1125 5802 distinguere.
1176 5732 1447 5787 Secunda
1506 5730 1778 5801 ejusdem
1835 5729 2004 5783 verbi

327 5801 689 5873 signiﬁcatio
719 5805 830 5872 est,
865 5801 997 5856 cum
1029 5805 1281 5858 sumitur
1310 5819 1414 5873 pro
1439 5802 1710 5857 conferre
1758 5817 1826 5855 ac
1857 5816 2003 5873 cou-

327 5872 585 5946 gerere;
647 5873 801 5930 unde
860 5875 1196 5946 symbolum
1253 5872 1330 5932 ex
1386 5890 1457 5931 eo
1515 5873 1738 5930 dictum
1774 5872 2001 5944 volunt,

907 4718 1018 4770 etc.
1061 4717 1234 4788 Rom.
1273 4737 1293 4764 ιι
1329 4715 1418 4788 sic
1450 4731 1686 4788 carnem
1715 4717 2002 4788 suscepit,
2039 4715 2241 4787 'cap.
2275 4716 2362 4786 13,
2397 4719 2454 4771 et
2482 4716 2586 4788 lib.
2621 4717 2861 4788 advers.
2915 4717 3234 4772 Praxeam.
3276 4718 3409 4773 Non
3441 4734 3618 4788 porro
3652 4715 3780 4773 dis-

2112 4788 2510 4860 simulandum
2539 4787 2611 4840 ab
2645 4787 3002 4860 Hieronymo
3032 4788 3215 4842 scribi
3246 4789 3318 4843 de
3350 4787 3463 4844 hoc
3507 4790 3780 4860 symbolo

2116 4882 2137 4906 ιι
2175 4860 2335 4929 quod
2389 4859 2461 4912 ab
2517 4858 2806 4928 apostolis
2859 4860 3136 4914 traditum
3195 4876 3313 4915 non
3363 4858 3646 4916 scribitur
3719 4863 3780 4916 in

2112 4931 2313 4984 charta
2345 4933 2402 4984 et
2430 4931 2774 4997 atramento,
2806 4931 2912 4985 sed
2942 4931 3002 4983 in
3032 4931 3250 4986 tabulis
3281 4934 3482 4989 cordis
3524 4933 3780 4987 carnali-

2108 5001 2264 5071 bus;
2298 5022 2324 5050 »
2357 5000 2512 5075 unde
2546 5016 2662 5075 non
2692 5000 2822 5075 leve
2853 5001 3086 5075 ducitur
3124 5008 3535 5075 argumentum
3565 5005 3780 5060 adver-

2111 5089 2219 5146 sus
2251 5088 2356 5127 eos
2388 5071 2486 5146 qui
2519 5071 2591 5124 ab
2623 5071 2772 5141 ipsis
2819 5073 3107 5142 apostolis
3154 5071 3546 5146 compositum
3594 5079 3652 5130 et
3696 5077 3782 5130 lit-

2111 5143 2261 5217 teris
2304 5142 2636 5217 mandatum
2685 5158 2824 5217 esse
2874 5146 3252 5201 contendunt.
3284 5142 3575 5202 Caeterum
3622 5147 3780 5217 quod

2111 5216 2191 5268 ait
2239 5215 2514 5287 Ambros.
2562 5215 2952 5283 apostolicum
2998 5218 3335 5287 symbolum
3383 5219 3456 5273 ab
3509 5215 3780 5272 Ecclesia

2113 5288 2376 5359 Romana
2438 5285 2844 5359 intemeratum
2910 5285 3215 5354 custodiri,
3269 5291 3381 5345 hoc
3430 5291 3624 5359 ipsum
3673 5305 3778 5342 eo-

2109 5357 2242 5412 dem
2288 5357 2460 5427 plane
2507 5357 2680 5411 modo
2721 5358 2971 5413 Ruﬁnus
3001 5364 3328 5415 asseverat.
3361 5357 3604 5424 Quando
3634 5375 3776 5413 vero

2110 5444 2283 5483 saera
2331 5427 2427 5500 illa
2475 5429 2705 5500 tessera
2754 5429 2893 5482 olim
2923 5431 3254 5487 traderetur
3285 5430 3775 5500 competentibus,

2108 5503 2282 5572 atque
2331 5499 2404 5553 ab
2435 5499 2678 5572 eisdem
2729 5503 3112 5571 repeteretur,
3156 5499 3483 5572 explicatur
3510 5502 3569 5556 in
3599 5499 3772 5571 epist.

2109 5571 2184 5625 ad
2213 5570 2483 5626 .llarcell.
2519 5588 2578 5638 ιι,
2610 5571 2662 5626 4.

2179 5659 2293 5730 (81)
2321 5659 2543 5724 Quesn.
2577 5659 2767 5726 solus,
2807 5683 2830 5708 ιι
2864 5662 3246 5731 pertransivit
3285 5675 3434 5725 eam,
3469 5661 3577 5715 sed
3606 5662 3775 5717 solus

2111 5731 2289 5806 Deus
2316 5731 2497 5806 Israel
2544 5732 2926 5806 pertransivit
2967 5747 3113 5787 eam.
3153 5755 3184 5806 ιιΔ
3231 5731 3311 5806 Et
3349 5731 3532 5801 infra,
3589 5755 3611 5780 α
3646 5750 3779 5806 per-

2106 5802 2381 5858 transivit
2410 5817 2559 5872 eam,
2592 5805 2648 5858 et
2677 5803 2787 5860 erit
2819 5803 3056 5874 clausa;
3089 5803 3226 5878 quia
3256 5802 3449 5877 virgo,
3488 5827 3509 5851 ιι
3547 5802 3658 5863 etc.
