4070 6180
178 377 348 446 1177

1341 377 1957 449 ΕΡῙΞΤΟΙΛΗΠΜ
2003 382 2343 449 CLASSIS
2386 384 2435 451 I.

177 586 243 639 et
271 594 480 637 omnes
527 580 630 653 qui
662 580 801 637 illos
829 580 1106 639 viderunt
1138 584 1311 655 quasi
1349 583 1620 655 quaedam
1652 587 1855 639 conta-
1881 565 1938 628 Α
2040 586 2105 641 in
2124 587 2413 644 elementa
2436 595 2496 644 et
2518 589 2750 646 bestias
2764 591 3075 663 imperium
3095 612 3112 664 ς
3135 606 3214 646 ex
3242 589 3456 664 quibus
3484 587 3635 645 alias

182 674 286 746 gia
315 671 669 743 refugerunt
704 687 715 727 :
754 672 912 727 sicut
960 677 1147 730 testes
1179 677 1317 728 sunt
1346 674 1569 729 fratres
1603 676 1659 728 et
1696 689 1855 729 com-

183 761 521 833 presbyteri
570 762 761 815 nostri
809 762 1144 831 Crescens,
1198 762 1546 833 Leopardus
1597 763 1747 832 (93),
1800 767 1856 818 et

178 850 541 916 Alexander,
576 854 746 905 santo
769 850 1071 906 ferventes
1090 850 1334 921 Spiritu,
1369 852 1469 923 qui
1498 868 1568 907 eo
1595 852 1855 907 omnium

176 940 596 996 exsecratione
618 939 947 1008 damnatos,
972 941 1397 996 Mediolanensi
1418 957 1490 996 ex
1512 942 1661 997 urbe
1681 938 1854 1013 quasi

172 1029 477 1101 profugos
506 1030 852 1098 repulerunt
882 1029 1014 1099 (94).

254 1118 342 1173 14.
377 1118 579 1189 Itaque
620 1118 1018 1189 Jovinianum,
1068 1118 1444 1189 Auxentium,
1494 1118 1853 1174 Germinato-

176 1222 340 1276 rem,
375 1207 663 1275 Felicem,
704 1208 1028 1277 Plotinum,
1081 1207 1412 1277 Genialem,
1467 1208 1847 1275 Martianum,

174 1296 550 1365 Januarium,
583 1300 639 1350 et
659 1296 1062 1368 Ingeniosum,
1089 1313 1241 1369 quos
1263 1296 1557 1352 Sanctitas
1578 1301 1674 1352 tua
1697 1297 1853 1351 dam-

174 1385 341 1440 navit
374 1385 536 1440 scias
567 1385 721 1456 apud
748 1401 860 1440 nos
910 1401 1145 1456 quoque
1193 1386 1520 1441 secundum
1556 1385 1849 1457 judicium

189 1477 360 1528 tuum
388 1474 551 1529 Deus
580 1478 788 1529 noster
817 1478 1050 1531 tueatur
1078 1474 1469 1545 omnipotens,
1503 1474 1735 1530 domine
1763 1474 1848 1529 di-

173 1562 508 1618 lectissime
538 1564 746 1619 frater.

255 1652 403 1707 Item
433 1653 795 1723 subscriptio
824 1653 958 1723 (95).

251 1740 538 1797 Eventius
568 1743 889 1813 episcopus
938 1743 1129 1797 saluto
1174 1740 1553 1798 Sanctitatem
1584 1746 1741 1798 tuam
1789 1742 1849 1798 in

169 1829 450 1900 Domino,
484 1835 543 1887 et
574 1831 711 1886 huic
744 1832 1011 1902 epistolae
1041 1830 1401 1902 subscripsi.

246 1920 545 1975 Maximus
576 1920 916 1992 episcOpus.

245 2009 424 2065 Felix
452 2010 793 2081 episcopus.

244 2099 580 2155 Bassianus
610 2099 950 2172 episcopus.

249 2188 604 2244 Theodorus
638 2190 976 2260 episcOpus.

250 2277 636 2333 Constantius
668 2278 1011 2350 episcopus.

247 2366 337 2422 Ex
357 2365 546 2439 jussu
577 2367 797 2424 domini
845 2368 1107 2438 episcopi
1137 2366 1492 2437 Geminiani,
1527 2367 1657 2438 ipso
1687 2382 1846 2437 prae-

170 2460 370 2524 sente,
405 2456 567 2527 Aper
595 2458 911 2529 presbyter
941 2457 1302 2527 subscripsi.

258 2546 406 2611 970
450 2545 769 2601 Eustasius
828 2546 1168 2617 episcopus,
1228 2549 1285 2602 et
1342 2561 1547 2602 omnes
1605 2544 1847 2600 ordines

168 2635 692 2706 subscripserunt.

633 2742 1004 2799 EPISTOLA
1044 2743 1232 2798 XLIII
1274 2742 1408 2815 (96).

166 2866 565 2940 Honou'rmuo
606 2867 847 2940 roganti
875 2885 982 2924 cur
1013 2870 1180 2925 homo
1210 2868 1395 2924 rebus
1424 2867 1597 2940 aliis,
1637 2866 1849 2940 quibus

246 2939 425 3010 longe
442 2939 757 3011 praecellit,
812 2941 1088 2996 conditus
1120 2941 1309 2996 fuerit
1360 2939 1685 3011 posterior,
1739 2954 1847 3011 nec

246 2957 425 3010 longe
442 2957 757 3011 praecellit,
812 2957 1088 2996 cenemus
1120 2957 1309 2996 tuerit
1406 2957 1685 3004 osterior,
1739 2957 1846 2993 nec

244 3012 345 3066 rei
374 3010 552 3084 hujus
589 3011 684 3067 vel
706 3011 1066 3084 Ambrosius
1097 3013 1227 3084 ipse
1263 2957 1403 3067 velp
1391 3012 1641 3084 Moyses
1662 3010 1846 3065 ratio-

246 3097 384 3155 nem
414 3082 851 3154 deprompserit
884 3103 902 3137 .·
928 3082 1029 3138 ubi
1057 3082 1389 3155 respondit;
1417 3082 1669 3155 Meysen
1715 3097 1844 3155 con-

234 3152 518 3226 jecturas
564 3152 707 3209 suas
751 3154 1009 3210 miscere
1055 3152 1316 3211 noluisse
1364 3152 1546 3209 libris
1593 3152 1841 3226 divinis,

247 3222 418 3279 addit
449 3241 515 3279 se
562 3241 858 3298 congruas
887 3242 1097 3298 causas
1141 3226 1601 3298 propositurum.
1643 3222 1847 3298 Utitur

247 3311 396 3367 ergo
440 3295 707 3367 exemplo
755 3297 1036 3362 convivii,
1092 3295 1531 3368 quod’liominis
1559 3295 1846 3368 causasit

238 3366 519 3439 paratum
549 3387 567 3421 :
597 3366 818 3424 deinde
847 3366 1199 3423 certaminis
1228 3368 1398 3437 cujus
1427 3368 1594 3439 homo
1622 3366 1844 3439 athleta

2042 664 2356 715 creaturas
2387 677 2647 734 congrue
2669 664 3020 734 praemissas
3050 663 3309 719 elicitur.

2396 751 2739 807 Aueaosws
2778 752 3185 809 Honomuuo.

2042 838 2093 894 1.
2128 839 2355 895 Moveri
2385 845 2441 897 te
2470 841 2785 897 insinuasti
2824 843 2985 910 mihi,
3036 843 3186 898 lecto
3240 844 3628 911 Hexaemero,

1969 931 2126 999 quod
2155 930 2285 1001 ipse
2318 932 2566 1002 scripsi,
2599 934 2735 1004 quia
2768 936 3155 987 cum'tantum
3186 933 3402 987 divinaa
3432 932 3630 1002 Scrip-

1968 1024 2119 1075 turae
2152 1022 2330 1087 serie,
2365 1022 2459 1077 vel
2492 1023 2642 1094 stylo
2662 1024 2960 1079 sermonis
2981 1022 3096 1078 mei
3126 1023 3400 1078 collatum
3427 1022 3636 1076 adver-

1968 1114 2129 1165 teres
2161 1110 2402 1180 homini,
2437 1116 2719 1182 quantum
2748 1114 2894 1167 nulli
2924 1113 2982 1167 in
3032 1112 3142 1167 hac
3172 1116 3334 1167 terra
3371 1111 3634 1166 animan-

1968 1200 2132 1268 tium,
2185 1200 2355 1271 prius
2386 1201 2581 1257 omnia
2609 1202 2702 1256 vel
2735 1202 3009 1271 volatilia,
3044 1202 3136 1257 vel
3170 1201 3501 1269 terrestria,
3536 1198 3633 1254 vel

1966 1304 2101 1360 quis
2122 1289 2179 1344 in
2202 1291 2372 1361 aquis
2396 1294 2552 1359 sunt,
2586 1291 2934 1362 produxerit
2954 1296 3114 1346 terra
3137 1292 3229 1346 vel
3260 1307 3431 1362 aqua,
3455 1305 3632 1361 quam

1966 1378 2161 1448 homo,
2194 1383 2438 1449 propter
2484 1395 2660 1450 quem
2708 1380 2806 1435 illa
2854 1385 3053 1436 creata
3101 1384 3269 1449 sunt,
3302 1394 3630 1453 generare-

1962 1472 2062 1524 tur
2108 1469 2251 1538 (97);
2320 1468 2455 1541 ejus
2505 1470 2596 1525 rei
2661 1470 2950 1526 rationem
2998 1471 3071 1526 de
3118 1487 3212 1526 me
3278 1470 3627 1542 requirere,

1964 1572 2139 1629 quam
2169 1561 2226 1613 et
2254 1558 2492 1629 Moyses
2523 1559 2775 1628 siluerit,
2810 1563 2867 1615 et
2895 1576 3008 1632 ego
3038 1576 3154 1616 non
3184 1560 3446 1616 auserim
3465 1559 3634 1615 attin-

1963 1661 2129 1719 gere.

2034 1736 2087 1790 8.
2120 1735 2193 1790 Et
2221 1736 2374 1792 forte
2405 1737 2503 1792 ille
2544 1738 2770 1793 oraculi
2800 1738 3100 1808 interpres
3143 1740 3345 1809 divini,
3380 1737 3631 1793 consilio

1966 1825 2343 1891 conticuerit;
2390 1842 2465 1881 ne
2497 1826 2764 1882 caelestis
2797 1826 3210 1897 dispositionis
3242 1828 3532 1883 arbitrum
3563 1842 3634 1881 se

1966 1917 2023 1969 et
2051 1916 2455 1970 consiliarium
2474 1919 2768 1987 praestare
2798 1916 3132 1983 videretur;
3169 1917 3325 1972 aliud
3355 1920 3444 1972 est
3478 1917 3635 1971 enim

1966 2004 2127 2076 loqui
2155 2004 2310 2076 quod
2342 2005 2761 2060 infundebatur
2781 2022 2814 2059 a
2844 2006 2950 2060 Dei
2975 2006 3209 2077 spiritu,
3244 2007 3402 2062 aliud
3434 2008 3638 2062 volun.

1884 2084 1934 2145 Β
1967 2097 2143 2148 tatem
2192 2094 2298 2149 Dei
2328 2094 2706 2165 interpretari
2739 2113 2753 2161 ;
2790 2111 2900 2150 nos
2933 2099 3127 2151 autem
3174 2112 3290 2151 non
3336 2096 3509 2168 quasi
3540 2096 3635 2148 in-

1966 2185 2260 2253 terpretes
2294 2183 2419 2253 Dei,
2455 2183 2561 2239 sed
2593 2183 2764 2255 quasi
2812 2199 2885 2239 ex
2914 2200 3031 2239 usu
3078 2184 3333 2239 humano
3384 2184 3634 2239 rationis

1967 2272 2287 2326 seminaria
2318 2273 2688 2345 colligentes,
2739 2273 3106 2328 aestimamus
3152 2290 3335 2344 posse
3367 2274 3479 2345 (98)
3521 2290 3634 2329 nos

1967 2377 2040 2415 ex
2071 2376 2140 2415 eo
2172 2362 2328 2432 quod
2374 2360 2629 2415 humano
2682 2362 2819 2416 usui
2870 2362 2927 2416 in
2975 2364 3215 2418 caeteris
3266 2363 3454 2421 rebus
3500 2363 3635 2433 ipse

1968 2451 2252 2505 Dominus
2284 2450 2584 2518 infuderit,
2620 2450 2847 2521 opinari
2897 2451 3173 2522 quoniam
3213 2453 3409 2508 decuit
3438 2451 3635 2507 homi-

1968 2557 2100 2595 nem
2128 2542 2496 2609 postremum
2528 2541 2740 2595 creari.

2035 2630 2089 2685 8.
2124 2629 2352 2685 Etenim
2399 2630 2499 2700 qui
2550 2630 2886 2684 convivium
2916 2631 3182 2701 adornat,
3216 2635 3279 2687 ut
3325 2631 3423 2687 ille
3455 2648 3631 2687 evan-

1966 2720 2197 2792 gelicus
2229 2719 2399 2774 dives
2447 2719 2610 2789 (Luc.
2660 2735 2781 2788 xxv,
2834 2720 2903 2775 16
2948 2721 3025 2776 ad
3053 2722 3164 2791 25),
3199 2725 3430 2792 oportet
3476 2723 3633 2777 enim

1966 2810 2162 2864 divina
2212 2809 2428 2863 divinis
2459 2808 2866 2878 conferamus,
2920 2826 3036 2880 quo
3084 2811 3298 2866 melius
3347 2811 3633 2883 colligere

1964 2900 2314 2970 possimus},
2341 2898 2540 2969 utique
2572 2899 2765 2952 omnia
2795 2899 2965 2970 prius
2996 2904 3313 2971 praeparat,
3348 2903 3553 2955 tauros
3577 2903 3634 2956 et

1966 2989 2236 3059 saginata
2267 2986 2500 3056 occidit,
2536 2990 2592 3040 et
2624 2991 2761 3042 tunc
2791 2988 3014 3042 amicos
3042 2989 3113 3049 ad
3147 3006 3375 3044 coenam
3405 2990 3630 3045 invitat.

1963 3078 2142 3132 Prius
2175 3092 2321 3148 ergo
2355 3092 2488 3147 quae
2517 3075 2745 3130 leviora
2779 3079 2935 3144 sunt,
2969 3081 3272 3147 parantur,
3298 3082 3354 3132 et
3377 3082 3511 3133 tunc
3536 3094 3631 3133 ro-

1964 3170 2141 3239 gatur
2186 3166 2549 3220 honoratior.
2602 3164 2769 3221 Unde
2817 3170 2874 3222 et
2904 3166 3189 3221 Dominus
3229 3167 3451 3221 homini
3482 3168 3621 3232 971

1964 3261 2095 3310 ante
2117 3256 2454 3310 animalium
2484 3259 2838 3310 caeterorum
2858 3255 3215 3326 praeparavit
3237 3255 3465 3326 epulas,
3490 3248 3630 3310 tunc
3724 3292 3729 3296 -

1963 3345 2160 3417 ipsum
2191 3344 2366 3417 quasi
2397 3345 2650 3399 amicum
2680 3344 2753 3398 ad
2783 3360 2958 3398 suum
2988 3345 3221 3399 vocavit
3250 3344 3585 3399 convivium
3611 3362 3628 3409 ;

244 3432 487 3511 futurus
522 3440 723 3494 varias
744 3455 977 3511 pugnas
1013 3440 1175 3494 inire
1220 3432 1466 3503 debeat;
1510 3438 1739 3511 demum
1764 3432 1846 3511 id
1881 3446 1931 3509 C
1963 3439 2019 3491 et
2049 3451 2193 3489 vere
2223 3434 2496 3502 amicum,
2521 3434 2692 3506 quasi
2715 3433 3022 3489 charitatis
3044 3433 3260 3488 divinae
3282 3432 3629 3503 participem

244 3510 311 3583 in
334 3526 498 3583 more
520 3526 656 3583 esse
679 3508 991 3583 praedicat,
1019 3517 1077 3565 ut
1091 3510 1561 3583 praetentissima
1581 3509 1645 3563 in
1669 3508 1843 3583 prin-

246 3581 403 3652 cipio
432 3588 491 3635 et
513 3580 631 3636 line
659 3580 1051 3648 collocentur,-
1085 3580 1236 3637 unde
1267 3598 1392 3635 cum
1424 3580 1624 3652 caelum
1650 3580 1846 3652 primo

244 3651 375 3707 loco
403 3658 666 3707 creatum
696 3653 796 3720 sit,
838 3653 1131 3709 hominem
1162 3652 1363 3708 ultimo
1393 3651 1595 3707 creari
1634 3651 1844 3705 docue-

245 3725 354 3779 rit.
403 3723 593 3796 th'us
632 3740 760 3779 cum
800 3724 942 3780 caelo
987 3724 1365 3794 comparatio,
1392 3729 1698 3796 postquam
1744 3722 1845 3796 do-

248 3802 346 3851 tes
390 3794 583 3851 eidem
622 3811 921 3852 concessae
963 3796 1341 3869 aperiuntur,
1376 3794 1485 3851 nec
1514 3794 1629 3849 non
1655 3794 1846 3867 ipsius

214 3990 311 4030 um
340 3990 422 4029 xv
451 3972 579 4029 Kal.
610 3974 728 4029 Jul.
761 3989 855 4029 an.
895 3971 1001 4029 389
1045 3974 1155 4029 fuit
1201 3974 1536 4044 constituta,
1571 3972 1845 4029 referen-

217 4062 317 4100 um
348 4047 608 4099 autumat
636 4045 928 4099 Baronius
945 4063 959 4110 ;
994 4062 1127 4099 cum
1156 4044 1528 4100 Godofredus
1558 4060 1589 4100 e
1621 4048 1847 4099 contra-

172 4119 267 4172 rio
301 4116 572 4172 eumdem
604 4116 796 4189 locum
843 4116 920 4189 de
947 4118 1120 4171 tertia
1168 4118 1321 4189 lege,
1376 4116 1473 4189 cui
1520 4131 1710 4189 annus
1739 4116 1841 4170 391

171 4189 551 4259 assignatus,
585 4187 1030 4259 intelligendum
1061 4204 1200 4242 esse
1231 4187 1560 4256 contendat,
1598 4188 1844 4242 Verum-

168 4257 371 4315 tamen
402 4257 585 4329 huius
616 4257 1047 4313 ﬁrmamentum
1070 4259 1323 4313 debilius
1356 4263 1467 4325 est,
1494 4274 1669 4328 quam
1690 4263 1752 4313 ut
1774 4275 1843 4313 eo

173 4332 283 4386 niti
344 4331 680 4400 possimus;
743 4330 1193 4401 opinionemque
1242 4330 1479 4383 Baronii
1529 4331 1845 4385 certiorem

173 4418 319 4457 esse
350 4401 645 4468 ducimus,
680 4401 822 4455 utin
845 4400 1254 4456 Admonitione
1295 4402 1680 4456 observatum
1729 4404 1839 4455 est.

171 4472 340 4538 Quod
373 4489 517 4526 vero
549 4473 710 4544 idem
733 4472 1050 4544 cardinalis
1073 4471 1190 4544 leg.
1224 4489 1242 4525 ι
1274 4471 1348 4527 de
1368 4472 1679 4544 Monachis
1709 4472 1843 4526 anni

170 4545 283 4599 390
330 4549 534 4597 contra
582 4543 1008 4597 Jovinianistas
1061 4543 1234 4597 latam
1291 4543 1657 4611 arbitratur,
1709 4559 1843 4598 cum

170 4617 278 4670 illa
307 4616 472 4669 solos
502 4613 762 4669 Orientis
792 4614 1115 4669 monachos
1146 4615 1496 4685 respiceret,
1531 4631 1639 4669 nec
1662 4617 1841 4669 multo

171 4690 312 4758 post
371 4686 549 4740 fuerit
604 4688 908 4753 revocata,
971 4701 1099 4739 eam
1157 4686 1367 4758 horum
1422 4685 1841 4758 haereticorum

172 4757 358 4812 causa
408 4758 604 4811 datam
651 4772 766 4809 non
817 4772 955 4809 esse
1004 4757 1380 4810 manifestum
1428 4760 1539 4810 est.
1573 4757 1739 4821 Quod
1770 4757 1842 4811 ad

172 4830 295 4899 leg.
332 4829 405 4899 53
451 4827 529 4899 de
557 4826 782 4881 Haeret.
818 4842 968 4881 anno
1001 4828 1104 4881 412
1153 4828 1397 4899 factam,
1433 4842 1546 4897 qua
1576 4828 1838 4899 Joviniae
1873 4839 1927 4899 D

172 4897 317 4954 num
344 4897 582 4970 plumbo
609 4905 911 4954 contusum
960 4900 1017 4952 in
1049 4899 1303 4970 insulam
1332 4898 1514 4954 Boam
1543 4898 1844 4970 deportari

162 4969 439 5042 jubctur,
473 4986 588 5024 non
640 4970 833 5042 solum
864 4984 933 5024 ea
963 4970 1199 5042 videtur
1221 4969 1593 5042 Hieronymi,
1645 4986 1678 5024 a
1726 4985 1842 5039 quo

171 4986 439 5042 junctur,
473 4986 588 5024 non
640 4986 833 5023 selum
864 4986 933 5024 ea
963 4986 1199 5024 vmetur
1228 4986 1593 5093 meronsmi,
1645 4986 1678 5024 a
1726 4986 1839 5039 quo

171 5040 527 5097 Jovinianus
551 5056 701 5095 anno
732 5040 854 5109 409,
879 5056 993 5110 quo
1017 5041 1318 5095 scribebat
1346 5040 1407 5094 in
1491 5041 1839 5111 igilantium,

171 5114 296 5166 vita
349 5112 589 5166 functus
638 5111 1031 5181 signiﬁcatur,
1086 5112 1420 5166 testimonio
1481 5112 1777 5166 contraria
1828 5127 1839 5165 :

171 5198 388 5237 verum
418 5184 591 5237 etiam
621 5198 756 5237 cum
802 5181 1144 5247 Godofredi,
1177 5198 1207 5235 a
1240 5198 1354 5253 quo
1383 5187 1579 5238 tamen
1616 5198 1724 5253 pro
1755 5183 1843 5237 le-

174 5255 382 5325 gitima
430 5254 699 5322 habetur,
752 5253 1029 5309 Chronol.
1083 5254 1141 5308 in
1188 5253 1331 5309 Cod.
1365 5254 1587 5309 Theod.
1641 5258 1843 5326 aperte

217 5329 420 5379 ucnaL

172 5342 496 5466 Puﬁjtna
543 5409 750 5449 omnes
802 5396 982 5465 edit.,
1036 5396 1243 5449 Ambr.
1296 5399 1470 5467 atque
1518 5396 1735 5465 Labb.,
1787 5400 1844 5450 at

170 5467 649 5537 praetermittitur
678 5467 1022 5538 Leopardus
1050 5484 1084 5521 a
1112 5467 1335 5538 Quesn.

244 5539 360 5607 (94)
382 5538 604 5602 Quesn.
629 5537 819 5605 solus,
849 5561 871 5585 u
899 5539 1069 5609 quasi
1092 5537 1382 5609 profugos
1408 5538 1794 5609 reliquerunt.
1815 5561 1837 5585 η

171 5608 290 5689 Sed
322 5610 675 5689 paulop‘ost
695 5609 849 5689 idem
882 5607 1103 5689 Quesn.
1127 5607 1489 5689 _cum_'I.abh:
1524 5609 1666 5689 legit
1696 5607 1841 5663 Plo-

176 5681 384 5746 tinum,
414 5680 517 5733 ubi
549 5680 850 5734 Ambrosii
878 5679 1016 5734 edit.
1049 5680 1405 5735 exhibebant
1437 5679 1767 5733 I’rotinnm.

245 5752 363 5821 (95)
397 5750 567 5806 Rom.
620 5751 756 5806 edit.
785 5791 799 5819 ,
838 5773 859 5797 «
895 5750 1288 5821 Subseriptio.
1324 5749 1450 5822 Ego
1482 5750 1841 5807 Ambrosius

1963 3528 2019 3580 et
2050 3524 2349 3579 hmredem
2380 3524 2609 3595 glorise.
2643 3523 2907 3593 Denique
2938 3523 3050 3592 ipsi
3083 3522 3222 3576 dicit
3258 3540 3270 3586 ;
3298 3526 3312 3575 ξ
3343 3545 3364 3568 «
3401 3523 3628 3591 Amico,

1964 3614 2253 3685 quomodo
2322 3613 2436 3667 huc
2483 3613 2699 3668 venisti
2747 3613 2820 3666 ad
2884 3612 3119 3681 nuptias
3169 3612 3408 3681 (Μίδεω.
3462 3628 3626 3678 xxu,

1965 3704 2093 3774 13)?
2126 3726 2147 3751 ι»
2180 3701 2585 3757 Prmcodentia
2615 3717 2780 3774 ergo,
2814 3701 3142 3757 ministeria
3174 3704 3340 3767 sunt;
3375 3700 3625 3770 amicus,

1963 3794 2065 3865 qui
2093 3796 2434 3864 postremus
2466 3795 2735 3864 rogatur.

1965 3973 2199 4053 Mediot.
2233 3971 2381 4053 e_p_is.
2402 3969 3019 4053 _subscri.psi.“Event.
3056 3971 3261 4053 episc'.‘
3277 3971 3628 4053 Cenetensis

1965 4045 2225 4100 saluto...
2261 4041 2554 4096 Maximus
2575 4041 3162 4112 episc.Emonensis,
3216 4042 3384 4097 Felix
3435 4043 3624 4113 cpisc.

1961 4115 2297 4181 Jadrensis,
2332 4113 2628 4167 Basianus
2677 4114 2862 4182 episr.
2898 4114 3332 4178 Laudunensis,
3359 4114 3626 4168 Theodo-

1962 4205 2067 4243 rus
2098 4186 2291 4257 episc.
2316 4184 2765 4257 Octodurenrsis,
2799 4186 3180 4239 Constantius
3211 4186 3394 4257 episc.
3433 4187 3628 4239 Arau-

1962 4256 2226 4325 sicanus,
2270 4256 2527 4311 Sabinus
2569 4256 2755 4327 epics.
2788 4257 3188 4311 Placentinus.
3226 4256 3311 4310 Ex
3334 4256 3540 4326 jussu.
3570 4297 3582 4309 .
3611 4296 3624 4309 .

1962 4329 2309 4384 Eustathius
2357 4328 2541 4397 episc.
2603 4331 2658 4381 et
2689 4342 2895 4381 omnes
2953 4328 3193 4381 ordines
3239 4327 3626 4395 subscripse-

1962 4405 2114 4456 runt.
2156 4423 2177 4447 η
2206 4399 2323 4454 Sed
2354 4414 2488 4453 cum
2521 4399 2755 4452 nomina
2787 4398 2950 4451 sedis
2984 4398 3359 4469 singulorum
3389 4397 3625 4469 episco-

1960 4488 2170 4542 porum
2202 4471 2259 4523 in
2291 4471 2471 4541 antiq.
2506 4470 2677 4536 edit.,
2712 4468 2770 4522 in
2802 4469 2987 4523 Labb.
3022 4467 3104 4522 et
3128 4469 3351 4533 Quesn.
3383 4467 3625 4542 deside-

1960 4538 2187 4610 rentur,
2222 4558 2339 4597 non
2370 4538 2501 4596 leve
2532 4543 2948 4611 argumentum
2978 4544 3071 4593 est
3109 4556 3177 4594 ea
3209 4538 3455 4611 repetita
3485 4553 3624 4611 esse

1960 4631 2035 4670 ex
2061 4608 2307 4669 concilio
2347 4613 2564 4683 Aquill.
2587 4608 2836 4665 maxime
2869 4626 3003 4683 cum
3032 4611 3147 4683 duo
3179 4610 3466 4683 episcopi,
3496 4608 3623 4679 qui-

1958 4687 2073 4740 bus
2107 4685 2200 4738 hic
2226 4685 2402 4738 sedes
2420 4680 2539 4737 non
2570 4683 2871 4747 tribuitur,
2904 4682 2962 4733 in
2993 4682 3198 4735 eodem
3230 4680 3477 4734 concilio
3510 4697 3625 4733 non

1961 4757 2354 4827 reperiantur.
2387 4755 2604 4827 Omnes
2638 4752 2936 4827 alim_edit.
2972 4752 3119 4827 satis
3164 4752 3319 4827 inter
3361 4765 3428 4827 se
3479 4768 3624 4827 con-

1962 4823 2199 4899 gruunt,
2233 4827 2348 4880 nisi
2370 4825 2525 4896 quod
2552 4824 2869 4899 Eustasius
2885 4823 3220 4899 geminatur
3250 4823 3307 4899 in
3331 4825 3458 4899 vet._
3482 4823 3621 4899 edit.

1961 4893 2017 4953 et
2047 4899 2233 4952 Labb.
2267 4914 2333 4951 ac
2363 4893 2470 4966 pro
2497 4919 2519 4943 «
2548 4911 2754 4949 omnes
2784 4893 3039 4966 Ordines
3065 4918 3088 4944 ιι
3114 4896 3173 4950 in
3196 4895 3404 4950 eodem
3435 4893 3622 4950 Labb.

1961 4973 2018 5024 et
2044 4969 2264 5034 Quesn.
2298 4966 2536 5037 ponitur
2570 4989 2592 5013 «ι
2630 4980 2836 5020 omnes
2870 4965 3096 5021 ordine.
3144 4988 3166 5015 η

2032 5040 2143 5109 (96)
2175 5037 2594 5109 Scriptaicirca
2628 5051 2844 5109 annum
2872 5037 2997 5093 389.

2032 5111 2145 5180 (9'7)
2176 5108 2454 5163 Nonnulli
2492 5125 2665 5177 mss.,
2703 5131 2725 5155 ‹‹
2762 5108 2818 5161 in
2850 5109 3021 5180 aquis
3054 5111 3210 5175 sunt,
3246 5124 3380 5179 quae
3408 5108 3625 5178 produ-

1960 5187 2128 5238 xerat
2166 5186 2329 5236 terra
2378 5180 2471 5234 vel
2522 5197 2694 5250 aqua,
2747 5180 2818 5233 ad
2869 5195 3047 5250 quam
3091 5195 3334 5234 causam
3380 5183 3625 5251 propter

1960 5270 2136 5325 quem
2168 5252 2264 5306 illa
2295 5256 2491 5305 creata
2525 5249 2681 5325 sunt,
2717 5249 2958 5306 ultimus
2990 5249 3400 5325 generaretur.
3442 5274 3463 5297 η
3499 5249 3625 5304 Ele-

2004 5326 2198 5379 antius
2231 5338 2375 5378 vero
2397 5324 2619 5389 caeteri,
2654 5326 2710 5377 et
2739 5338 2946 5376 omnes
2969 5324 3105 5377 edit.
3140 5326 3203 5377 ut
3232 5324 3289 5375 in
3321 5325 3618 5375 contextu.

1984 5395 2255 5452 lteterum
2282 5395 2474 5449 obiter
2494 5395 2777 5449 lectorem
2807 5395 3255 5448 admonebimus
3289 5408 3403 5446 non
3434 5407 3623 5461 pauca

1960 5484 2099 5522 esse
2129 5469 2187 5521 in
2220 5467 2328 5521 hac
2360 5466 2628 5535 epistola,
2664 5482 2795 5535 qum
2828 5481 2900 5519 ex
2930 5466 3195 5518 Philonis
3228 5464 3327 5535 lib.
3356 5462 3431 5517 de
3452 5478 3623 5535 Amun~

1960 5540 2024 5594 di
2055 5537 2299 5609 Opi/icio
2338 5531 2604 5591 hauserit
2653 5531 3177 5609 Kmbrosius._Scd
3210 5533 3539 5609 eademilla
3565 5531 3623 5589 in

1960 5604 2208 5663 formam
2257 5609 2458 5679 pietati
2503 5613 2558 5663 et
2589 5608 2930 5661 christiauac
2981 5605 3253 5679 religioni
3284 5604 3475 5675 magis
3518 5618 3625 5655 ac-

1959 5677 2382 5735 commoda—tam
2412 5680 2703 5734 convertit
2734 5682 2979 5733 sanctus
3010 5677 3235 5730 doctor.

2029 5751 2141 5822 (98)
2175 5751 2324 5809 Edit'
2357 5768 2424 5809 ac
2457 5751 2572 5806 duo
2603 5766 2776 5815 mss.,
2816 5772 2839 5797 «ι
2875 5748 3283 5803 existimamus
3334 5760 3537 5819 posse.
3593 5769 3618 5795 u

3479 382 3637 453 L178
3739 396 3745 403 '
