4070 6180
508 357 664 428 1179

1935 363 2002 430 S.
2044 365 2489 432 AMBROSII.

3771 374 3896 440 1180

583 565 637 622 4.
669 565 1096 637 Accipe'aliud.
1144 567 1294 635 Quid
1324 572 1418 626 est
1463 571 1741 640 mundus,
1791 571 1908 626 nisi
1937 570 2176 642 quidam
2204 551 2264 614 Α
2292 571 2490 641 minis,
2513 571 2728 628 cmlum
2757 587 2995 630 corona.
3020 571 3136 630 Aut
3154 571 3326 645 quasi
3340 572 3588 627 amicum
3606 572 3772 646 igitur
3785 593 3896 648 pm.

515 671 671 728 agon
701 656 912 727 plenus
943 657 1370 714 certaminum?
1418 659 1587 716 Unde
1628 664 1685 716 et
1733 660 1790 714 in
1821 659 2177 732 Apocalypsi

515 746 805 802 Dominus
836 747 914 802 ait
939 764 951 802 :
975 770 998 795 α
1033 748 1302 804 Vincenti
1323 750 1472 805 dabo
1496 766 1774 806 coronam
1804 750 1940 806 vitae
1969 750 2173 822 (Apoc.

514 853 576 905 ιι,
611 837 730 907 10);
769 861 792 886 n
831 841 887 893 et
915 837 1138 893 Paulus
1158 839 1237 894 ait
1267 857 1278 894 :
1319 862 1342 887 κ
1374 839 1684 895 Certamen
1704 841 1922 895 bonum
1953 839 2178 894 certavi

512 925 601 994 (II
632 927 776 982 Tim.
813 944 892 996 xv,
923 927 1009 996 '7);
1049 951 1070 975 ιι
1108 931 1166 983 et
1195 928 1334 984 alibi
1366 945 1379 984 ε
1420 951 1443 976 α
1481 929 1668 984 Nemo
1698 929 1814 984 nisi
1845 929 1946 1001 qui
1977 929 2176 1000 legiti-

510 1032 604 1072 me
633 1017 972 1085 certaverit,
1007 1022 1330 1073 coronatur
1359 1017 1445 1088 (II
1493 1017 1636 1074 Tim.
1681 1035 1742 1088 ιι,
1778 1019 1854 1090 4).
1910 1041 1932 1066 ιι
1977 1017 2176 1090 Hujus

509 1105 722 1176 agonis
768 1105 1132 1162 instaurator
1179 1107 1384 1178 utique
1433 1109 1804 1178 omnipotens
1850 1107 2012 1162 Deus
2061 1110 2174 1161 est.

505 1191 616 1260 Qui
647 1193 828 1267 igitur
867 1210 1116 1266 agonem
1163 1197 1414 1267 suscipit
1442 1197 1502 1250 in
1537 1196 1648 1252 hoc
1689 1197 1934 1266 saeculo,
1977 1211 2174 1251 nonue

507 1283 700 1339 omnia
719 1288 1015 1354 praeparat
1035 1300 1167 1356 quae
1190 1285 1364 1358 agoni
1388 1289 1526 1340 sunt
1545 1286 1891 1341 necessaria
1915 1301 1928 1341 :
1953 1289 2013 1340 et
2035 1289 2174 1341 tunc

508 1372 759 1428 athletas
788 1377 978 1442 vocat,
1011 1375 1235 1444 paratis
1275 1376 1656 1445 praemiorum
1703 1375 1928 1446 infulis,
1981 1378 2174 1430 certa-

510 1464 682 1518 turos
713 1463 785 1518 ad
816 1479 1125 1530 coronam;
1160 1479 1234 1520 ne
1265 1480 1493 1520 moram
1524 1466 1779 1535 patiatur
1808 1465 1910 1536 qui
1941 1464 2170 1534 vicerit,

511 1552 617 1608 sed
647 1553 892 1624 praemio
926 1553 1176 1609 donatus
1207 1554 1449 1610 recedat
1478 1555 1507 1608 ?
1533 1555 1790 1610 Praemia
1819 1569 1964 1626 ergo
1997 1553 2178 1608 homi-

511 1643 604 1697 nis
639 1646 934 1696 terrarum
967 1642 1194 1698 fractus
1227 1648 1386 1713 sunt,
1429 1648 1485 1698 et
1514 1644 1648 1698 οωιί
1680 1643 1898 1698 lumina
1929 1659 1941 1698 :
1977 1643 2074 1697 illa
2103 1642 2175 1698 ad

511 1731 650 1786 vitm
679 1731 1000 1801 praesentis
1033 1748 1239 1802 usum,
1283 1733 1414 1788 haec
1444 1733 1516 1787 ad
1548 1748 1715 1802 spem
1745 1732 1880 1787 vitae
1911 1735 2170 1787 (sternte.

579 1838 634 1892 5.
665 1836 847 1902 Quasi
879 1838 1094 1892 athleta
1143 1838 1326 1910 igitur
1371 1843 1712 1908 postremus
1745 1837 2077 1909 ingreditur
2116 1838 2173 1892 in

510 1941 760 1998 agonem
793 1943 804 1980 :
833 1927 1010 1998 erigit
1040 1927 1112 1982 ad
1142 1928 1356 1982 coelum
1381 1929 1606 1996 oculos,
1641 1928 1800 1984 videt
1819 1929 1954 2000 quia
1987 1931 2043 1982 et
2063 1943 2176 1981 οω-

511 2015 683 2070 lestis
705 2020 979 2070 creatura
1001 2017 1241 2071 vanitati
1263 2017 1533 2088 subjecta
1549 2021 1658 2088 est,
1685 2034 1799 2072 non
1823 2021 2050 2088 sponte,
2067 2017 2174 2072 sed

510 2109 754 2174 propter
777 2121 910 2160 eum
932 2106 1032 2177 qui
1055 2105 1312 2178 subjecit
1335 2122 1462 2161 eam
1487 2107 1544 2160 in
1570 2123 1675 2176 Spe
1699 2106 1886 2176 (Rom.
1913 2124 2034 2176 vm,
2058 2106 2170 2176 20).

512 2193 683 2248 Videt
712 2193 848 2266 quia
869 2195 1060 2250 omnis
1086 2199 1360 2250 creatura
1381 2197 1790 2268 congemiscit,
1817 2201 2172 2266 exspectans

511 2283 992 2353 redemptionem.
1056 2285 1228 2339 Videt
1287 2285 1422 2358 quia
1481 2286 1674 2340 omnis
1733 2290 1928 2343 manet
1983 2287 2170 2341 labor.

512 2370 705 2444 Erigit
734 2373 962 2442 oculos,
985 2373 1145 2427 videt
1168 2389 1424 2428 coronas
1455 2373 1759 2444 luminum,
1786 2376 1940 2430 lunm
1963 2380 2019 2430 et
2041 2377 2175 2430 stel-

511 2461 702 2517 larum
725 2461 938 2533 globos
969 2463 1308 2518 considerat
1331 2463 1442 2533 (99)
1477 2480 1488 2518 :
1521 2487 1542 2512 ιι
1575 2464 2048 2536 Quoniamjusti,
2075 2464 2174 2536 qui

511 2550 784 2619 vicerint,
818 2556 991 2606 erunt
1020 2551 1176 2606 sicut
1207 2553 1396 2608 stellae
1420 2554 1478 2607 in
1523 2555 1672 2608 coelo
1705 2554 1876 2621 (Dan.
1901 2571 2002 2623 xu,
2024 2554 2110 2624 8);
2147 2577 2170 2602 η

512 2643 570 2695 et
599 2640 852 2712 castigat
882 2656 1102 2712 corpus
1137 2657 1332 2710 suum,
1371 2657 1442 2696 ne
1465 2642 1580 2696 sibi
1603 2643 1956 2698 adversetur
1975 2644 2034 2698 in
2055 2658 2178 2698 cer-

510 2730 731 2784 tamine
767 2747 778 2785 :
816 2731 984 2802 ungit
1013 2731 1142 2786 oleo
1174 2731 1628 2799 misericordiae,
1684 2735 1924 2787 exercet
1967 2732 2178 2786 diurna

514 2819 756 2874 virtutis
787 2821 1088 2890 palaestra,
1114 2820 1360 2890 pulvere
1394 2836 1460 2874 se
1491 2821 1695 2876 oblinit
1725 2821 1822 2892 (1),
1857 2821 2030 2876 stadii
2057 2837 2176 2877 me-

519 2912 637 2964 tam
669 2909 876 2977 currit,
911 2925 1028 2966 non
1079 2911 1251 2982 quasi
1300 2909 1359 2964 in
1409 2911 1698 2966 incertum
1745 2911 1899 2966 ictus
1945 2911 2177 2984 dirigit,

509 2999 766 3054 lacertos
787 2999 1025 3070 excutit,
1047 3000 1154 3056 sed
1175 3015 1290 3055 non
1313 3001 1372 3055 in
1400 3016 1682 3067 vacuum;
1707 2999 1961 3072 percutit
1981 2999 2184 3055 adver-

516 3089 762 3158 sarium,
788 3105 963 3162 quem
994 3105 1112 3146 non
1132 3089 1317 3157 videt;
1351 3089 1487 3162 quia
1509 3089 1670 3145 illum
1694 3089 1892 3146 solum
1920 3089 2180 3158 attendit,

511 3177 607 3232 cui
637 3177 853 3234 cedunt
882 3194 1089 3235 omnes
1122 3179 1296 3234 etiam
1327 3177 1425 3251 qui
1451 3195 1566 3234 non
1596 3179 1895 3248 videntur,
1924 3179 1984 3233 in
2007 3177 2184 3250 cujus

2295 662 2509 718 cedere
2553 662 2888 718 debuerunt
2925 663 3288 733 ministeria,
3336 665 3438 717 aut
3473 665 3637 734 quasi
3675 665 3896 724 athletam

2292 753 2536 822 praemia
2564 749 2663 823 (3).

2364 841 2416 896 Ἷ.
2449 841 2665 912 Specta
2697 842 2872 896 aliud.
2909 841 2974 896 In
3013 841 3288 897 omnibus
3329 841 3518 896 rebus
3547 845 3900 912 praestantiam

2295 935 2433 987 sunt
2459 930 2750 1002 principia
2788 934 2846 986 et
2885 931 3042 986 ﬁnis.
3075 929 3140 986 Si
3173 931 3414 986 domum
3445 930 3794 1000 consideres,
3821 950 3899 1004 po-

2295 1021 2447 1076 tiora
2475 1021 2750 1076 omnibus
2784 1020 3161 1076 fundamenta
3193 1023 3252 1075 et
3281 1019 3542 1075 culmina
3576 1037 3588 1075 :
3622 1021 3673 1075 si
3700 1037 3899 1094 agrum,

2296 1111 2446 1165 satio
2497 1113 2555 1164 et
2581 1110 2826 1178 messis,
2858 1109 3136 1179 plantatio
3183 1113 3241 1165 et
3269 1109 3588 1164 vindemia.
3635 1109 3798 1174 Quam
3827 1111 3900 1182 jn-

2295 1199 2486 1254 cunda
2514 1199 2754 1254 insitiva
2785 1199 3089 1267 arborum,
3139 1213 3317 1270 quam
3368 1197 3604 1254 fruetus
3633 1199 3818 1254 votivi!
3845 1201 3900 1256 lta

2295 1304 2444 1362 ergo
2478 1292 2535 1344 et
2567 1288 2783 1343 coelum
2822 1289 3013 1358 primo
3063 1291 3156 1343 est
3202 1288 3509 1344 conditum
3533 1329 3548 1357 ,
3601 1288 3900 1344 novissimus

2295 1377 2490 1447 homo,
2543 1378 2714 1450 quasi
2746 1377 3018 1449 quaedam
3050 1377 3318 1432 caelestis
3353 1378 3416 1432 in
3447 1378 3632 1433 terris
3670 1383 3899 1434 creatura.

2294 1465 2444 1521 Nam
2473 1470 2530 1522 et
2579 1466 2633 1522 si
2681 1481 2934 1538 corpore
2983 1481 3118 1522 cum
3147 1467 3362 1521 bestiis
3393 1466 3733 1537 confertur,
3762 1469 3899 1522 animo

2293 1560 2486 1611 tamen
2518 1555 2868 1612 coelestibus
2900 1559 3358 1620 annumeratur;
3395 1555 3555 1610 sicut
3583 1556 3730 1612 enim
3763 1561 3900 1626 porta-

2293 1645 2488 1700 vimus
2519 1645 2836 1717 imaginem
2863 1644 3107 1714 terreni,
3135 1643 3213 1699 ita
3234 1648 3548 1715 portamus
3571 1649 3627 1700 et
3645 1645 3900 1717 imaginem

2293 1733 2559 1790 caelestis
2605 1733 2666 1804 (Ι
2691 1733 2827 1790 Cor.
2863 1751 2962 1802 xv,
2993 1733 3106 1804 49).
3157 1733 3469 1800 Quomodo
3519 1749 3635 1788 non
3665 1735 3900 1801 celestis,

2293 1824 2392 1894 qui
2423 1823 2496 1878 ad
2527 1823 2843 1895 imaginem
2891 1827 2950 1878 et
2999 1822 3450 1880 similitudinem
3497 1823 3688 1878 factus
3733 1828 3810 1879 est
3833 1823 3900 1878 Dei

2293 1912 2465 1984 (Gen.
2497 1929 2538 1982 ι,
2572 1912 2666 1982 2⁸7)
2688 1912 2717 1966 ?

2361 2017 2416 2076 8.
2451 2019 2635 2075 Recte
2665 2033 2812 2092 ergo
2883 2020 2943 2074 in
2991 2019 3414 2076 constitutione
3466 2020 3667 2074 mundi
3715 2019 3902 2090 primum

2292 2109 2527 2178 coelum,
2563 2112 2622 2163 et
2650 2108 3047 2164 novissimum
3077 2108 3326 2179 coelum,
3361 2109 3422 2163 in
3475 2123 3594 2181 quo
3625 2109 3768 2182 quod
3795 2109 3898 2163 ultra

2291 2197 2506 2252 coelum
2529 2201 2642 2267 est,
2670 2197 2830 2252 Deus
2854 2199 2988 2252 coeli
3011 2202 3122 2253 est.
3148 2198 3422 2270 Denique
3445 2198 3520 2254 de
3551 2214 3621 2254 eo
3642 2198 3812 2270 magis
3837 2211 3900 2251 ac-

2292 2287 2510 2358 cipitur
2535 2304 2548 2342 :
2580 2311 2602 2335 α
2629 2286 2858 2342 Caelum
2877 2286 3020 2342 mihi
3042 2287 3298 2342 thronus
3340 2287 3488 2358 (Isa.
3513 2304 3668 2356 vai,
3693 2287 3766 2358 1);
3790 2307 3807 2336 ι
3826 2301 3900 2340 non

2293 2377 2446 2432 enim
2469 2376 2630 2431 Deus
2651 2392 2836 2447 supra
2858 2377 3211 2431 elementum
3234 2377 3430 2448 sedet,
3459 2376 3572 2432 sed
3594 2377 3651 2431 in
3671 2375 3824 2431 corde
3839 2375 3902 2429 ho-

2293 2465 2490 2520 minis.
2515 2465 2685 2520 Unde
2710 2469 2767 2520 et
2787 2465 3074 2520 Dominus
3097 2464 3203 2520 ait:
3237 2488 3259 2512 ιι
3285 2465 3619 2521 Veniamus
3643 2465 3710 2520 ad
3731 2478 3852 2532 eum,
3868 2467 3901 2516 et

2293 2554 2659 2609 mansionem
2703 2553 2856 2624 apud
2888 2567 3024 2608 eum
3063 2552 3358 2610 faciemus
3392 2555 3587 2626 (Joan.
3632 2571 3742 2624 xxv,
3778 2550 3897 2621 23).»

2293 2642 2658 2713 Principium
2679 2657 2828 2715 ergo
2841 2642 3042 2714 operis
3057 2643 3336 2698 mundani
3359 2643 3604 2714 οωιιιιιι,
3627 2643 3751 2698 finis
3762 2642 3900 2696 homo.

2365 2731 2420 2788 9.
2443 2731 2670 2788 leum
2694 2731 2766 2786 de
2789 2731 3027 2801 mundo,
3053 2731 3228 2787 homo
3252 2747 3444 2804 supra
3463 2732 3754 2788 mumdum
3773 2748 3784 2787 ε
3805 2729 3902 2785 illud

2296 2820 2454 2878 enim
2481 2821 2686 2878 mundi
2726 2821 2943 2890 portio,
2996 2821 3112 2876 iste
3158 2821 3430 2891 paradisi
3481 2821 3690 2890 incola,
3746 2819 3903 2876 Christ

2296 2908 2630 2981 possessio.
2663 2908 2892 2965 Caelum
2940 2907 3392 2979 incorruptibile
3425 2913 3683 2981 putatur,
3712 2911 3763 2964 et
3790 2921 3902 2977 pru-

2298 2999 2463 3065 terit;
2499 2998 2674 3054 homo
2715 2997 3126 3068 corruptibilis
3159 2997 3438 3068 habetur,
3473 3003 3532 3055 et
3581 2995 3903 3066 incorruptio-

2297 3104 2432 3144 nem
2461 3087 2646 3144 induit
2677 3103 2689 3142 :
2742 3087 2904 3142 illius
2936 3087 3132 3160 ﬁgura
3159 3087 3315 3158 perit
3363 3089 3466 3159 (4),
3521 3088 3632 3144 iste
3661 3085 3811 3160 quasi
3833 3083 3901 3138 im-

2296 3177 2564 3234 mortalis
2594 3177 2892 3250 resurgit;
2929 3179 3244 3248 utrumque
3276 3181 3479 3234 tamen
3508 3193 3712 3232 manus
3731 3171 3902 3230 Domini

514 3267 749 3323 nomine
780 3271 1104 3338 potestates
1153 3269 1331 3324 aeriae
1379 3268 1848 3324 divertebantur.
1901 3268 2002 3322 llle
2035 3283 2181 3338 ergo
2217 3283 2268 3346 ο
2296 3267 2568 3322 fecerunt
2596 3265 2926 3321 secundum
2960 3265 3288 3336 Scripturm
3319 3267 3742 3334 auctoritatem,
3785 3262 3900 3318 Sicut

514 3357 694 3412 ictum
716 3357 946 3424 liberat,
973 3361 1030 3414 et
1049 3358 1328 3414 Christus
1349 3358 1408 3412 in
1430 3359 1646 3412 vulnus
1668 3357 1892 3429 dirigit.
1917 3357 2180 3429 Denique

515 3446 630 3501 etsi
664 3462 782 3502 non
832 3447 1069 3502 videbat
1095 3433 1318 3502 Paulus
1369 3463 1520 3519 quos
1553 3447 1828 3516 caederet,
1862 3461 1979 3502 non
2008 3447 2179 3518 quasi

513 3552 652 3593 aera
683 3539 877 3594 tamen
909 3537 1174 3592 caedebat
1203 3536 1256 3606 (Ι
1287 3537 1422 3593 Cor.
1457 3555 1536 3606 ιχ,
1570 3534 1690 3607 26);
1716 3537 1852 3608 quia
1875 3536 1932 3590 in
1955 3535 2178 3592 Christi

513 3627 935 3700 prtedicalione
967 3641 1174 3682 omnes
1205 3625 1508 3697 spiritales
1539 3626 1852 3698 nequitias,
1897 3641 2030 3698 qum
2061 3625 2175 3680 sibi

514 3717 1006 3785 adversabantur,
1040 3716 1519 3772 convulnerabat.
1545 3716 1676 3771 Non
1706 3715 1998 3771 immerito
2029 3730 2175 3788 ergo

509 3811 855 3877 postremus
885 3806 1060 3860 homo
1091 3805 1413 3878 ingressus
1443 3809 1536 3860 est
1567 3805 1842 3874 stadium,
1876 3805 1969 3860 cui
1999 3821 2176 3875 para-

510 3896 686 3952 batur
716 3911 964 3961 corona;
998 3897 1061 3950 ut
1112 3910 1247 3950 cum
1293 3894 1662 3966 praecederet
1708 3895 1952 3964 cmlum,
2005 3893 2178 3966 quasi

509 3985 603 4042 sui
633 3986 964 4056 praemium.

581 4091 636 4148 6.
669 4091 784 4148 Sed
815 4108 931 4148 non
961 4093 1155 4147 solum
1205 4092 1500 4146 adversus
1542 4091 1821 4162 nequitiae
1863 4090 2172 4160 spiritalia,

511 4198 644 4255 quae
667 4185 806 4238 sunt
827 4182 885 4236 in
907 4181 1276 4250 coelestibus,
1303 4181 1407 4234 scd
1432 4181 1604 4234 etiam
1629 4181 1922 4235 adversus
1938 4195 2176 4234 carnem

511 4275 570 4330 et
599 4271 950 4344 sanguinem
982 4271 1138 4325 lucta
1167 4269 1342 4326 nobis
1364 4269 1592 4341 (Ep/les
1622 4285 1702 4339 vi,
1731 4269 1838 4338 12).
1866 4269 2050 4324 Lucta
2071 4269 2176 4324 ad-

509 4377 732 4420 versus
765 4363 1113 4430 satietatem,
1147 4360 1302 4416 lucta
1333 4375 1467 4415 cum
1497 4358 1646 4431 ipsis
1670 4358 1950 4432 frugibus
1973 4363 2174 4429 terrae,

508 4453 667 4508 lucta
697 4467 832 4508 cum
862 4451 1018 4522 vino,
1045 4465 1160 4523 quo
1183 4449 1358 4505 etiam
1382 4447 1695 4520 virjustus
1725 4447 2054 4503 inebriatus
2085 4452 2175 4504 est

2297 4431 2435 4483 tum.
2467 4427 2598 4482 Jam
2646 4425 2791 4481 illud
2821 4425 3206 4496 praestantius
3259 4442 3272 4481 :

510 4541 684 4612 (Gen.
701 4559 779 4612 ιχ,
793 4540 906 4612 24),
923 4556 1039 4614 quo
1061 4539 1234 4595 etiam
1256 4539 1488 4612 integer
1508 4537 1854 4593 Judaeorum
1875 4537 2174 4592 exercitus

511 4631 920 4701 supplantatus
953 4633 1045 4686 est
1067 4629 1284 4700 (Exod,
1319 4645 1502 4696 χχχιι,
1527 4626 1620 4697 6):
1667 4627 1822 4681 lucta
1853 4641 1987 4680 cum
2027 4626 2174 4682 feris

508 4719 721 4777 bestiis
738 4763 752 4792 ,
778 4721 936 4776 lucta
957 4735 1090 4776 cum
1113 4718 1456 4774 volatilibus
1477 4717 1635 4786 coeli,
1661 4716 1878 4788 quibus
1901 4730 2042 4770 caro
2072 4731 2173 4770 sa-

513 4813 645 4864 nata
683 4825 801 4864 non
837 4809 1131 4884 redigitur
1168 4809 1227 4862 in
1268 4808 1618 4864 servitutem
1643 4822 1656 4860 :
1680 4806 1835 4861 lucta
1875 4820 2009 4860 cum
2046 4805 2175 4858 vir-

512 4897 696 4970 gultis
718 4898 1013 4967 itinerum,
1054 4898 1340 4968 periculis
1378 4897 1704 4965 ﬂuminum,
1736 4899 1800 4950 ut
1840 4894 1918 4949 ait
1951 4894 2176 4950 Paulus

513 4984 601 5054 (II
627 4985 764 5041 Cor.
789 5005 886 5055 xx,
910 4987 1000 5058 26)
1027 5003 1039 5041 :
1072 4988 1228 5042 lucta
1260 5003 1395 5042 cum
1417 4985 1698 5058 virgultis
1719 4985 2024 5052 arborum,
2057 4981 2179 5056 qui-

508 5077 626 5134 bus
647 5075 1029 5131 caadebantur
1049 5077 1300 5146 apostoli
1321 5077 1480 5146 (Act.
1504 5092 1624 5144 χνι,
1649 5074 1760 5145 22).
1807 5073 1954 5139 972
1996 5072 2177 5128 Vides

513 5169 730 5238 quanta
750 5165 1090 5222 certamina.
1115 5165 1304 5220 Terra
1324 5179 1470 5238 ergo
1495 5164 1844 5220 exercitium
1865 5163 1942 5234 (2)
1963 5166 2056 5218 est
2075 5162 2178 5218 ho-

587 5309 701 5381 (99)
731 5308 857 5381 Vel
890 5307 1250 5381 allusumgad
1279 5321 1560 5381 coronam
1609 5306 1926 5375 Ariadnes,
1978 5305 2074 5360 vel
2122 5305 2179 5359 in

516 5379 740 5456 genere
770 5379 1097 5456 side_ra_hic
1123 5379 1246 5433 illic
1276 5379 1447 5456 quasi
1477 5379 1658 5432 ﬂores
1681 5391 2180 5456 sparsa‘coroAnas

517 5446 796 5525 appellat;
823 5451 1132 5525 Animirum
1180 5446 1334 5504 unde
1391 5464 1626 5504 coronae
1687 5446 1992 5504 stellantes
2050 5446 2180 5502 ﬁeri

514 5523 788 5597 possunt.
822 5523 907 5578 Ita
937 5523 1225 5597 Nannius.

585 5597 664 5668 (1)
711 5596 930 5668 Omnes
979 5593 1238 5668 edit._ac
1283 5607 1433 5668 mss.
1489 5591 1736 5668 aliqu_ot_,
1775 5609 1798 5641 ι
1831 5589 2084 5668 pulvere
2111 5605 2178 5645 se

518 5661 724 5745 oblinit
754 5665 948 5736 stadii,
984 5665 1201 5745 currit;
1239 5687 1262 5745 τι
1313 5667 1426 5745 etc.
1459 5661 1603 5745 mss:
1628 5662 1923 5745 Belvehet
1952 5661 2174 5745 Albim,

521 5739 824 5817 «pulvere
855 5733 1176 5806 se'oblinit,
1201 5735 1394 5818 stadio
1416 5734 1630 5799 currit;
1657 5753 1680 5784 ι
1715 5733 1982 5815 Latiam,
2013 5753 2036 5783 ι
2064 5735 2178 5787 sta-

521 5806 678 5860 dium
709 5809 923 5860 currit:
950 5829 974 5860 ι
1004 5809 1165 5860 Prat.
1190 5809 1444 5860 denique
1474 5823 1542 5860 ac
1579 5804 1744 5860 Gem.
1786 5807 1850 5860 ut
1890 5820 1949 5857 ιιι
1988 5807 2171 5858 textu.

518 5806 678 5860 dium
709 5809 923 5872 currit;
950 5829 974 5860 ι
1004 5809 1165 5864 Prat.
1190 5808 1444 5879 denique
1474 5823 1542 5860 ac
1579 5806 1744 5860 Gem.
1786 5807 1850 5860 ut
1890 5806 1949 5857 in
1988 5807 2171 5858 textu.

515 5875 666 5941 Qnid
693 5891 874 5947 porro
905 5879 984 5935 sit
1017 5901 1041 5928 ε
1073 5880 1320 5952 pulvere
1348 5894 1417 5936 se
1451 5875 1718 5934 oblinere
1751 5899 1774 5924 ιι
1809 5875 2073 5932 diximus
2105 5889 2174 5928 a-

2293 3356 2450 3412 enim
2477 3357 2550 3411 de
2580 3355 2752 3411 caelis
2802 3355 3060 3428 legimus
3096 3370 3109 3409 :
3148 3374 3172 3406 ι
3209 3354 3282 3410 Et
3311 3371 3500 3428 opera
3531 3369 3791 3411 manuum
3812 3355 3900 3405 tua-

2295 3459 2428 3499 rum
2475 3448 2613 3499 sunt
2653 3445 2788 3500 οωΙὶ
2818 3443 3006 3516 (PsaI.
3041 3459 3116 3515 οι,
3151 3443 3274 3514 26);
3315 3466 3338 3495 ι
3376 3445 3457 3502 ita
3487 3449 3545 3502 et
3573 3445 3737 3500 homo
3763 3439 3898 3496 dicit:

2297 3555 2320 3586 ι
2356 3535 2567 3589 Manus
2598 3537 2715 3590 tum
2747 3534 3017 3590 fecerunt
3045 3549 3160 3602 me,
3196 3539 3254 3590 et
3283 3535 3728 3607 plasmaverunt
3754 3543 3828 3586 me
3850 3528 3899 3597 (5)

2291 3623 2483 3694 (Psal.
2504 3640 2703 3694 cxvm,
2727 3623 2849 3695 '73);
2876 3644 2898 3674 ι
2927 3624 3203 3680 similiter
3221 3639 3500 3698 quoque:
3531 3647 3556 3673 ι
3597 3623 3734 3680 lei
3767 3632 3895 3675 enar-

2292 3717 2425 3768 rant
2446 3713 2552 3769 Dei
2574 3713 2824 3786 gloriam
2846 3711 3034 3782 (Psal.
3059 3729 3223 3782 xvm,
3238 3713 3324 3783 2);
3352 3719 3412 3770 et
3431 3718 3494 3769 ut
3515 3713 3722 3769 οωιιιιιι
3751 3707 3899 3764 stella-

2292 3817 2428 3874 rum
2458 3801 2647 3874 fulget
2667 3801 3110 3874 splendoribus,
3135 3801 3219 3858 Ita
3242 3807 3298 3858 et
3317 3801 3594 3859 homines
3617 3799 3898 3857 meritorum

2291 3891 2614 3946 luminibus
2640 3891 2876 3960 micant,
2902 3906 3157 3963 quorum
3195 3907 3378 3963 opera
3417 3907 3620 3948 coram
3641 3892 3799 3944 Patre
3822 3896 3898 3938 suo

2291 3981 2508 4049 lucent,
2550 3980 2651 4052 qui
2698 3983 2792 4036 est
2829 3979 2888 4035 in
2952 3979 3122 4034 caelis
3163 3980 3405 4048 (Matth.
3451 3997 3510 4048 ν,
3563 3979 3666 4050 16).
3725 3974 3898 4031 Firm-

2293 4073 2552 4125 mentum
2573 4069 2710 4124 οωΙὶ
2732 4083 3058 4138 supernum
3081 4068 3246 4137 illud,
3271 4069 3388 4124 hoc
3411 4084 3645 4142 quoque
3657 4058 3897 4121 nondissi-

2291 4159 2429 4214 mile
2472 4158 2906 4213 firmamentum
2927 4157 3000 4212 de
3019 4173 3136 4229 quo
3159 4158 3380 4213 dictum
3402 4163 3524 4214 est:
3545 4181 3566 4205 ι
3593 4156 3772 4226 Super
3787 4151 3894 4206 hanc

2290 4252 2520 4320 petram
2567 4247 2873 4302 aediﬁcabo
2920 4245 3252 4302 Ecclesiam
3298 4263 3492 4304 meam
3539 4242 3761 4316 (Matth.
3802 4252 3894 4298 ιη,

2292 4337 2380 4409 18)
2409 4353 2420 4393 :
2459 4359 2482 4386 η
2519 4336 2664 4392 illud
2695 4336 3128 4392 firmamentum
3159 4335 3580 4392 elementorum
3600 4375 3614 4402 ,
3639 4333 3740 4388 hoc
3758 4327 3888 4382 virtu

3323 4428 3613 4482 suxerunt
3657 4421 3823 4477 oleum
3845 4411 3893 4466 de

2291 4517 2460 4573 ﬁrma
2480 4519 2648 4586 petra
2670 4514 3056 4584 (Deut.xxxn,
3081 4513 3202 4584 12);
3234 4518 3402 4584 petra
3423 4514 3577 4570 enim
3597 4525 3726 4567 caro
3744 4501 3894 4562 Chris-

2290 4606 2350 4677 ti,
2383 4621 2517 4678 quae
2548 4604 2764 4660 οωιιιιιι
2793 4607 2851 4660 et
2899 4607 3084 4659 totum
3132 4603 3417 4660 mundum
3456 4600 3696 4660 redemit
3721 4595 3769 4668 (I
3791 4592 3890 4648 Cor.

2290 4713 2346 4765 χ,
2379 4695 2456 4766 4).
2731 4689 2744 4705 ’

2362 4802 2450 4859 10.
2481 4801 2634 4868 Quid
2662 4800 2761 4857 illa
2792 4803 3066 4870 attexam,
3099 4803 3157 4856 et
3177 4801 3349 4873 quasi
3381 4804 3502 4856 toto
3541 4795 3718 4854 stadio
3745 4795 3791 4844 te
3820 4796 3887 4837 ω’·

2292 4907 2484 4966 geam,
2507 4890 2664 4964 quod
2695 4889 2992 4946 hominem
3033 4890 3194 4947 Deus
3217 4891 3433 4946 divinae
3455 4888 3593 4945 fecit
3611 4878 3888 4940 consortem

2291 4984 2539 5050 naturae,
2574 4981 2727 5036 sicut
2748 4980 2807 5034 in
2837 4977 3104 5050 Epistola
3132 4979 3293 5035 Petri
3316 4979 3568 5052 legimus
3595 4971 3675 5045 (II
3687 4968 3830 5026 Petr.
3854 4974 3882 5024 ις

2291 5071 2388 5140 4)?
2417 5069 2588 5126 Unde
2624 5085 2741 5124 non
2771 5068 3066 5124 immerito
3097 5067 3335 5140 quidam
3367 5067 3471 5122 ait:
3505 5088 3528 5113 α
3557 5061 3727 5134 Cujus
3751 5055 3798 5109 et

2293 5135 2408 5215 nius
2437 5174 2648 5215 sumus
2679 5157 2836 5230 (Act.
2873 5175 3014 5227 xvu,
3057 5135 3178 5227 28);
3233 5181 3255 5206 η
3291 5157 3451 5212 dedit
3479 5154 3622 5211 enim
3662 5143 3807 5204 nobis
3830 5135 3882 5190 de

2294 5301 2651 5384 lio,_pe_elia
2674 5300 3005 5384 etjejun‘io,
3042 5316 3150 5372 cap
3165 5341 3178 5355 .
3205 5300 3310 5384 ‘21,
3332 5315 3384 5384 ἰι
3412 5297 3501 5384 '76.
3581 5367 3623 5384 ,β
3638 5359 3717 5384 ___:

2366 5352 3548 5444 (mansitasse.anapaesta,
3577 5359 3739 5434 inquit
3765 5352 3876 5444 Ψ·

2295 5421 2460 5511 nius];
2495 5446 2664 5499 locus
2693 5444 2984 5515 nimirum
3018 5421 3119 5498 ubi
3169 5421 3405 5515 pugil_es
3431 5421 3602 5515 sese
3636 5421 3873 5515 exorre?)-

2294 5518 2412 5572 Aut
2441 5500 2642 5572 allusit
2669 5515 2741 5572 ad
2771 5514 2918 5570 illud
2954 5513 3099 5570 Gen.
3132 5500 3216 5583 ut,
3252 5500 3286 5561 ι’
3313 5513 3521 5568 Emisit
3548 5509 3692 5564 illum
3719 5500 3872 5554 Dom!-

2295 5604 2408 5660 nus
2439 5591 2503 5660 ut
2531 5589 2842 5643 exerceret
2869 5588 3112 5640 terram.
3153 5585 3357 5660 »__Hmc
3386 5585 3502 5660 ille.
3597 5649 3608 5660 .
3746 5627 3868 5660 mm,

2363 5659 2442 5730 (3)
2475 5658 2558 5714 Ita
2587 5673 2794 5714 omnes
2823 5673 3007 5723 mss.;
3043 5661 3100 5712 at
3131 5656 3270 5730 edit.
3303 5672 3335 5712 e
3365 5649 3660 5714 contrario,
3693 5661 3713 5691 ι
3741 5643 3870 5709 quast

2293 5728 2572 5804 athletam
2599 5745 2821 5804 corona
2849 5728 3199 5804 etpraemja.
3241 5748 3264 5778 ι
3456 5801 3463 5804 _
3539 5793 3548 5804 ⁸

2363 5803 2440 5872 (4)
2470 5802 2640 5856 Rom.
2673 5801 2810 5872 edit.
2849 5821 2872 5847 α
2905 5795 3065 5872 illius
3101 5799 3296 5872 ﬁgura
3323 5795 3643 5872 proterit..-

2359 5863 2440 5945 (⁵)
2471 5872 2693 5929 Eadem
2722 5871 2892 5930 Rom.
2925 5871 3090 5941 edit.,
3127 5863 3176 5919 a'
3187 5869 3260 5927 Et
3285 5863 3624 5942 paraverunt
3645 5868 3735 5913 me.
3763 5868 3780 5893 -
