3978 6168
89 328 217 394 1131
1145 313 1760 383 EPISTOLARUM

104 523 396 602 cognatione
425 535 528 575 sua
559 519 653 589 (6),
689 520 746 574 et
783 516 1155 573 rationabilis
1185 515 1416 573 scilicet
1446 519 1697 589 naturae,
1724 496 1775 560 Α

105 623 153 675 ut
175 625 468 689 quaeramus
487 608 626 664 illud
644 607 931 678 divinum,
956 607 1114 680 quod
1146 622 1266 662 non
1298 607 1477 680 longe
1507 611 1600 662 est
1626 609 1699 665 ab

105 715 394 776 unoquoque
424 700 706 768 nostrum,
735 698 797 753 in
827 712 944 770 quo
977 699 1034 753 et
1062 697 1320 753 vivimus
1343 701 1399 754 et
1420 714 1627 753 sumus
1643 701 1699 754 et

103 807 366 852 movemur.

149 883 218 938 11.
244 881 372 936 Cum
402 880 592 949 itaque
623 879 976 933 contulisset
1005 879 1228 934 homini
1251 878 1409 950 quod
1440 881 1531 933 est
1553 893 1693 950 gra-

95 975 265 1029 tiarum
290 969 612 1036 maximum,
645 967 816 1039 quasi
867 967 1224 1023 charissimo
1268 973 1324 1023 et
1371 967 1696 1023 domestico

93 1059 322 1117 animanti
339 1057 628 1113 concessit
649 1071 736 1126 ea,
772 1057 984 1129 quain
1015 1058 1130 1113 hoc
1151 1058 1370 1113 mundo
1400 1060 1539 1113 sunt
1569 1074 1697 1112 om-

94 1153 167 1207 nia
189 1148 339 1220 (Gen.
379 1165 416 1216 ι,
447 1145 568 1214 28);
617 1149 680 1200 ut
727 1146 948 1202 nullius
994 1146 1288 1221 indigeret
1336 1147 1494 1219 quod
1535 1153 1698 1204 esset

92 1237 439 1295 necessarium
481 1235 578 1289 vel
628 1235 701 1290 ad
747 1235 927 1291 vitam
967 1237 1063 1291 vel
1113 1237 1186 1291 ad
1229 1236 1444 1291 bonam
1490 1237 1690 1293 vitam.

92 1319 203 1383 973
229 1325 468 1391 Quorum
496 1322 613 1379 alia
635 1323 996 1380 ministraret
1015 1324 1372 1380 abundantia
1391 1325 1694 1396 copiarum

90 1415 400 1470 terrestrium
417 1413 489 1468 ad
507 1413 826 1484 voluptatis
839 1414 1312 1485 perfunctionem
1331 1431 1342 1470 :
1363 1415 1475 1470 alia
1499 1417 1698 1488 cogni~

87 1506 151 1560 tio
163 1505 582 1574 (1)secretorum
596 1502 948 1575 caelestium,
966 1520 1099 1575 quae
1112 1507 1368 1560 mentem
1382 1506 1698 1560 inﬂamma-

89 1597 161 1648 ret
183 1592 403 1647 hominis
432 1607 636 1648 amore
667 1595 724 1648 et
752 1593 1052 1650 desiderio
1085 1593 1554 1666 disciplinarum,
1590 1611 1698 1666 per

86 1698 203 1753 quas
221 1681 283 1736 ad
303 1681 550 1736 sublime
572 1681 713 1737 illud
736 1681 1073 1738 divinorum
1093 1684 1480 1754 penetralium
1498 1686 1694 1756 possi-

84 1787 188 1826 mus
211 1771 520 1842 pervenire.
559 1770 887 1843 Utrumque
909 1771 1090 1844 igitur
1109 1774 1690 1844 prastantissimum,

83 1864 196 1915 utet
222 1859 506 1931 subjectas
543 1860 790 1916 haberet
819 1876 1028 1917 omnes
1065 1862 1266 1917 mundi
1299 1879 1464 1935 opes,
1499 1866 1692 1920 omnia
1723 1876 1773 1939 Β

85 1949 314 2013 volatilia.
342 1949 666 2018 terrestria,
701 1951 875 2006 etiam
913 1952 1137 2022 pisces,
1180 1955 1236 2007 et
1273 1968 1447 2008 usum
1487 1954 1690 2024 maris,

88 2042 309 2111 tanquam
324 2055 426 2094 rex
442 2040 892 2110 elementorum,
915 2056 984 2096 ac
1006 2041 1135 2096 sine
1157 2041 1380 2112 labore,
1401 2043 1532 2098 sine
1554 2044 1698 2098 indi-

88 2129 257 2199 gentia,
290 2128 358 2184 ad
386 2129 774 2185 imitationem
805 2132 863 2184 et
899 2131 1345 2186 similitudinem
1373 2133 1695 2188 venerandi

85 2218 294 2274 auctoris
321 2218 651 2274 abundaret
671 2219 969 2290 omnibus,
994 2223 1168 2292 atque
1190 2221 1250 2276 in
1273 2237 1502 2276 summa
1523 2223 1696 2294 dege-

85 2311 150 2360 ret
173 2307 336 2378 copia,
360 2311 416 2363 et
442 2308 579 2363 vias
612 2308 730 2364 sibi
757 2309 1031 2380 aperiret,
1057 2310 1400 2382 gradusque
1421 2311 1696 2367 admove-

86 2398 162 2463 ret,
188 2412 281 2466 per
304 2413 450 2468 quos
481 2397 562 2453 ad
595 2397 728 2453 coeli
758 2399 1044 2453 ascendat
1073 2399 1318 2472 regiam.

133 2485 200 2539 12.
227 2485 400 2557 Cujus
431 2485 723 2542 difficiliis
755 2487 985 2542 itineris
1014 2489 1301 2544 viatorem
1331 2487 1503 2545 facile
1528 2505 1695 2561 repe-

81 2573 172 2628 ries
186 2573 250 2645 (8)
271 2575 423 2630 illum
444 2577 666 2646 virum,
692 2576 793 2647 qui
808 2576 886 2631 ita
909 2577 988 2632 sit
1005 2578 1184 2633 animi
1213 2579 1554 2636 inductione
1578 2581 1696 2636 for-

81 2665 230 2718 matus
250 2679 310 2719 ac
325 2665 648 2736 voluntate,
673 2670 736 2720 ut
757 2666 996 2721 minima
1017 2667 1134 2722 sibi
1156 2683 1292 2722 eum
1313 2685 1424 2724 suo
1447 2685 1696 2740 corpore

80 2751 136 2805 sit
161 2751 520 2825 familiaritas,
560 2769 751 2826 neque
780 2757 841 2811 in
883 2756 1066 2811 ullum
1104 2756 1472 2830 ingrediatur
1519 2760 1696 2816 vitio-

79 2856 179 2895 rum
203 2843 662 2915 contubernium,
696 2845 876 2900 nullis
905 2847 1336 2902 assentantium
1365 2848 1699 2918 pumicetur

80 2932 405 2988 sermonibus
437 2932 514 3003 (9)
540 2949 555 2989 :
590 2948 781 3006 neque
810 2935 872 2989 in
891 2935 1039 2990 rotis
1057 2937 1456 2992 secundorum
1477 2943 1698 3010 tempo-

79 3035 178 3073 rum
197 3022 430 3092 positus,
465 3023 728 3079 humiles
757 3023 1038 3095 fastidiat,
1071 3028 1282 3081 moesta
1312 3025 1520 3100 fugiat,
1554 3043 1697 3083 san-

80 3111 264 3164 ctorum
292 3111 493 3168 laudes
524 3113 783 3168 excutiat
801 3116 976 3185 atque
1008 3114 1217 3185 elevet,
1251 3131 1443 3188 neque
1488 3117 1696 3190 gloriae

78 3198 246 3255 ardore
274 3204 365 3256 aut
390 3202 665 3272 pecuniae
693 3206 1092 3274 praesumptae,
1126 3205 1254 3275 spei
1285 3220 1518 3262 omnem
1547 3222 1697 3262 exu-

80 3290 146 3340 rat
170 3290 546 3360 cupiditatem.
583 3290 771 3363 Cujus
807 3293 1067 3348 animum
1098 3309 1216 3348 non
1261 3295 1516 3350 inﬂectat
1547 3313 1692 3352 moe-

81 3376 220 3448 stitia,
249 3394 359 3435 non
387 3381 628 3454 frangat
657 3381 898 3453 injuria,
922 3382 1082 3437 nulla
1103 3383 1379 3440 sollicitet
1407 3386 1695 3456 suspicio,

78 3463 224 3523 libido
249 3485 359 3526 non
389 3472 614 3526 excitet
651 3470 784 3542 (10),
836 3487 955 3527 non
1001 3477 1342 3545 expugnent
1383 3476 1699 3545 passiones

82 3559 320 3628 corporis,
351 3576 467 3616 non
498 3560 792 3632 inquietet
822 3561 1144 3617 vanitatum
1188 3563 1538 3634 appetentis,
1590 3581 1698 3620 vo-

78 3642 312 3714 luptatum
332 3651 546 3722 gratia.
573 3650 702 3705 Jam
735 3650 790 3706 si
810 3650 1107 3723 adjungas
1128 3652 1400 3720 virtutes,
1425 3655 1702 3709 castimo-

81 3732 217 3805 niam,
247 3739 645 3808 sobrietatem,
679 3755 748 3794 ac
796 3740 1260 3811 temperantiam,
1298 3741 1473 3797 facile
1505 3742 1700 3798 refre-

78 3837 186 3878 nare
211 3830 408 3896 potens
438 3829 519 3884 sit
550 3828 972 3885 immoderatos
1005 3831 1258 3901 impetus
1308 3829 1528 3886 levium
1559 3847 1700 3902 pas-

82 3909 303 3985 sionum,
358 3933 826 3990 mensuramque
892 3919 1152 3990 imponat
1207 3919 1702 3977 delectationibus

80 4001 178 4055 suis
201 4007 251 4058 et
281 4007 724 4078 cupiditatibus,
759 4008 1031 4080 aequitate
1050 4008 1328 4081 ambigua
1351 4009 1700 4083 distinguat,

79 4091 424 4162 lranquilitate
458 4097 680 4152 mentis
701 4097 879 4152 dubia
901 4102 1233 4169 componat,
1259 4102 1316 4153 et
1344 4099 1505 4154 velut
1533 4115 1700 4154 com-

79 4179 246 4244 positis
273 4185 549 4241 omnibus
583 4185 853 4257 corporis
885 4190 941 4240 et
983 4187 1198 4241 mentis
1237 4186 1482 4260 jurgiis,
1531 4189 1703 4260 quasi

80 4264 232 4326 bonus
259 4275 478 4331 arbiter
508 4275 862 4330 inoll'ensam
883 4278 1078 4330 teneat
1105 4277 1420 4331 exterioris
1444 4276 1704 4334 hominis

80 4358 211 4429 atque
261 4362 562 4420 interioris
623 4365 1020 4435 concordiam,
1087 4365 1394 4437 placidans
1467 4381 1574 4422 eos
1641 4367 1702 4422 in

127 4553 190 4634 (6)
217 4556 428 4616 Eadem
474 4561 712 4634 edit.,};
764 4562 847 4617 De
883 4561 1428 4634 icognitioneisua.
1482 4585 1503 4612 ι»
1566 4563 1699 4619 Non

79 4609 200 4743 Is‘ecte
226 4634 283 4684 ut
311 4609 638 4704 superiora,
657 4633 754 4688 illa
800 4609 1082 4704 indicgnt,
1121 4656 1142 4680 ιι
1180 4633 1355 4706 cujus
1405 4638 1462 4689 et
1506 4650 1699 4707 genus
1728 4609 1781 4673 Β

107 4711 245 4743 umns
301 4727 322 4743 ιι

107 4711 264 4755 umus.
301 4727 322 4750 ι»

130 4768 190 4843 (7)
218 4771 485 4829 Nonnum
519 4791 690 4843 mss.,
732 4799 750 4825 α
777 4775 1263 4830 abundantiam...
1287 4775 1360 4830 ad
1383 4776 1704 4832 voluntatis

79 4841 526 4919 Pelfunctionem,
560 4841 684 4901 alia
717 4849 1138 4919 cognitionem,
1179 4871 1199 4919 ξ»
1237 4851 1348 4902 etc.

130 4908 192 4976 ‘13)
219 4913 428 4989 Omnes
462 4908 626 4988 edit.,
665 4941 686 4965 ιι
722 4908 1146 4974 νίέῑοιιθιηιιοιί
1166 4918 1339 4974 facile
1358 4918 1648 4989 reperiet;
1683 4943 1702 4968 ιι

81 4991 195 5036 mss.
225 4984 342 5042 fere
382 4984 620 5045 omnes
645 4992 997 5045 concinnius
1045 4995 1392 5063 expungunt
1428 4984 1706 5062 “negatio-

82 5063 203 5106 nem.

131 5124 194 5204 (tl)
226 5127 559 5204 hietaphora
589 5136 681 5187 est
711 5149 741 5185 a
776 5133 968 5203 lapide
999 5133 1251 5203 pumice,
1294 5149 1412 5204 quo
1444 5132 1704 5188 artifices

79 5191 130 5276 ad
157 5191 537 5276 lzevigandum
563 5220 634 5258 ac
663 5191 1014 5274 poliendum.
1034 5205 1118 5276 uti
1147 5191 1364 5276 solent,
1389 5204 1547 5276 quod
1564 5205 1706 5259 adu-

82 5259 634 5346 lalggesﬁlandiendo
656 5259 830 5346 atque
852 5275 1142 5346 palpando
1167 5259 1363 5330 ferme,
1381 5259 1703 5332 iinitantur.

132 5335 227 5407 (10')
261 5341 407 5399 Edit.
445 5345 614 5402 Eras.
649 5363 718 5401 ac
736 5335 894 5418 seqi,
926 5335 1092 5402 «.non
1109 5347 1390 5418 exagitet.
1418 5371 1438 5394 »ι
1461 5348 1702 5403 Amerb.

81 5407 297 5480 ἥιρει,
334 5436 356 5464 ι
391 5432 511 5471 non
541 5419 775 5473 excitet.
815 5407 836 5465 »ἔ

133 5478 228 5548 (Η)
254 5478 499 5560 Quidam
532 5505 676 5544 mss.
711 5493 768 5544 et
798 5505 1005 5545 omnes
1037 5490 1199 5560 edit.,
1239 5511 1258 5537 «ι
1297 5492 1538 5544 revocet
1577 5505 1703 5544 me-

81 5545 532 5628 lus-a'passionis
562 5577 800 5615 corona.
838 5585 860 5609 ι

84 5619 425 5753 Ρθιβέξέἔέἓοι.ω
446 5631 574 5687 cod.
607 5648 678 5687 ac
708 5633 898 5703 Gem.,
935 5654 958 5683 ι
993 5635 1050 5687 et
1079 5648 1250 5705 aqua
1296 5636 1486 5687 tamen
1537 5647 1700 5687 com-

140 5707 362 5752 ratione.
403 5724 425 5747 ιι

133 5760 229 5834 (l3)
259 5768 500 5828 Miratur
527 5775 814 5846 Nannius,
840 5791 946 5832 cur
966 5776 1028 5833 S.
1057 5776 1411 5833 Ambrosius
1433 5774 1702 5833 Grmcam

1805 313 2146 380 CLASSIS
2189 316 2240 382 Ι.
3323 317 3482 384 1182

1811 517 2155 591 semetipso,
2189 535 2256 574 ac
2287 520 2342 575 si
2372 536 2555 576 causa
2605 521 2826 595 exigat,
2859 523 3058 578 nullus
3107 537 3242 578 eum
3287 521 3480 578 malus

1812 608 2190 664 consiliarius
2223 613 2462 665 revocet
2493 613 2651 666 metu
2684 627 2717 666 a
2747 612 3052 684 passionis
3084 627 3302 668 corona
3327 611 3438 683 (11)
3467 629 3482 683 ;

1811 698 1864 752 is
1895 698 2065 769 plane
2099 713 2216 754 non
2246 699 2441 755 solum
2472 701 2647 773 quasi
2680 703 2926 772 amicus,
2963 701 3071 757 sed
3106 701 3280 756 etiam
3311 703 3488 773 quasi

1810 787 1968 842 ﬁlius
2000 791 2338 844 assumetur
2367 806 2399 843 a
2423 791 2615 861 Patre,
2639 794 2702 845 ut
2730 791 2966 847 divitias
2991 791 3201 864 gloriae
3224 795 3281 847 et
3302 791 3486 847 haere-

1811 876 2007 932 ditatis
2040 877 2174 948 ejus
2205 879 2586 950 adipiscatur.

1884 965 1970 1022 13.
2004 967 2210 1023 Merito
2229 983 2374 1040 ergo
2394 972 2754 1040 postremus,
2776 971 2952 1042 quasi
2968 970 3102 1025 finis
3123 975 3348 1026 naturae
3371 971 3486 1027 for-

1813 1058 2004 1110 matus
2029 1056 2098 1110 ad
2116 1055 2428 1130 justitiam,
2455 1058 2604 1114 inter
2627 1063 2842 1115 caetera
2871 1060 3184 1115 animantia
3201 1059 3352 1131 justi
3383 1077 3480 1114 ar-

1811 1144 1982 1200 biter.
2019 1146 2088 1200 Et
2117 1147 2168 1200 si
2214 1147 2353 1202 licet
2402 1149 2737 1219 exemplum
2777 1164 3108 1220 arcessere,
3142 1149 3296 1204 sicut
3332 1149 3482 1204 inter

1811 1233 2081 1290 homines
2115 1236 2248 1290 finis
2278 1236 2432 1309 legis
2465 1241 2558 1292 est
2584 1237 2860 1293 Christus
2893 1239 2965 1293 ad
2990 1238 3288 1309 justitiam
3321 1238 3480 1293 omni

1813 1324 2073 1380 credenti
2103 1326 2273 1394 (Rom
2303 1343 2362 1396 x,
2392 1326 2468 1397 4),
2503 1330 2559 1382 et
2591 1343 2701 1383 nos
2734 1331 3011 1400 tanquam
3032 1327 3306 1399 jumenta
3337 1343 3477 1382 con-

1808 1413 2180 1484 templatione
2212 1416 2473 1486 Domini;
2517 1417 2605 1472 sic
2635 1418 2790 1473 enim
2835 1419 3136 1488 PrOpheta
3164 1418 3279 1473 ait:
3326 1418 3472 1475 Κτη-

1805 1496 1958 1563 νὼδης
1999 1499 2215 1574 ἐγενέθην
2253 1505 2396 1578 παρά
2437 1524 2541 1568 σοι,
2586 1506 2646 1560 id
2683 1510 2804 1576 est,
2865 1530 2886 1555 α
2931 1507 3267 1577 jumentum
3306 1507 3473 1562 msti-

1807 1594 1999 1646 matus
2033 1609 2166 1646 sum
2197 1594 2348 1663 apud
2380 1597 2435 1649 te
2467 1595 2652 1663 (Psal.
2685 1612 2866 1665 Lxxn,
2898 1595 3009 1655 23).
3050 1619 3071 1643 ιι
3118 1595 3188 1650 Et
3219 1611 3352 1666 quae
3383 1599 3474 1650 ta-

1807 1695 1941 1734 men
1972 1682 2329 1752 comparatio
2362 1683 2494 1752 (12),
2531 1699 2665 1738 cum
2686 1683 2784 1738 ille
2802 1688 3118 1754 pereuntes
3137 1685 3472 1754 redemerit,

1807 1785 1917 1824 nos
1935 1769 2307 1826 immolemus
2321 1773 2348 1827 ξ)
2367 1772 2463 1826 ille
2482 1787 2691 1827 servos
2713 1773 2784 1826 ad
2803 1772 3132 1828 libertatem
3148 1773 3473 1844 vocaverit,

1807 1874 1918 1914 nos
1949 1858 2155 1914 liberis
2178 1860 2514 1933 irrogemus
2535 1861 2930 1932 captivitatem
2950 1861 2978 1916 ἱ)
3008 1860 3124 1917 Sed
3146 1862 3282 1935 quis
3313 1863 3476 1918 simi-

1805 1948 1881 2003 lis
1916 1949 2037 2004 Deo
2065 1949 2256 2020 (Psal.
2289 1967 2574 2020 Lxxxvm,
2607 1951 2712 2020 9)?

1890 2028 2038 2093 974
2068 2038 2153 2093 14.
2177 2039 2482 2094 Processit
2503 2043 2696 2095 tamen
2714 2044 3053 2111 postremus
3072 2044 3476 2097 creaturarum

1811 2127 2070 2182 omnium
2103 2127 2298 2198 homo,
2338 2129 2538 2198 specie
2568 2132 2795 2201 gratus,
2837 2133 3032 2185 mente
3073 2130 3370 2200 sublimis,
3412 2134 3476 2186 ut

1808 2215 1964 2270 omni
1986 2220 2150 2271 esset
2171 2221 2458 2272 creaturae
2476 2218 2759 2273 miraculo
2785 2234 2796 2273 :
2831 2219 2889 2272 in
2907 2235 3022 2290 quo
3045 2219 3117 2274 ad
3131 2219 3474 2274 similitudi-

1809 2322 1943 2361 nem
1973 2306 2178 2362 aeterni
2212 2307 2316 2362 Dei
2355 2310 2466 2367 νοῦς
2508 2311 2672 2363 esset
2699 2308 3020 2364 invisibilis
3051 2309 3185 2380 (13),
3219 2310 3472 2365 humana

1809 2397 2011 2468 specie
2040 2397 2318 2451 amictus.
2355 2397 2466 2451 Hic
2497 2400 2590 2452 est
2631 2400 2744 2459 νοῦς
2786 2399 2995 2453 animae
3023 2399 3216 2471 vigor,
3249 2399 3474 2469 princi-

1809 2488 2004 2556 patum
2020 2484 2230 2540 animae
2248 2489 2304 2540 et
2325 2487 2594 2558 corporis
2608 2487 2725 2542 sibi
2743 2488 2912 2559 quasi
2927 2490 3123 2543 rector
3138 2488 3468 2544 vindicans.

1808 2575 1991 2641 Quem
2039 2575 2272 2629 etiamsi
2303 2592 2417 2630 non
2458 2575 2659 2631 vident
2706 2577 2979 2632 animalia
3009 2580 3244 2648 cmtera,
3280 2581 3474 2634 tamen

1809 2664 2231 2734 reformidant;
2265 2665 2420 2719 sicut
2446 2681 2557 2719 nos
2591 2665 2795 2736 Deum,
2838 2682 3013 2738 quem
3053 2682 3171 2722 non
3201 2666 3474 2723 videmus

1809 2754 1942 2826 (14),
1976 2754 2286 2824 timemus;
2329 2757 2385 2809 et
2401 2770 2470 2810 eo
2493 2754 2626 2826 plus
2658 2756 2990 2827 metuimus,
3011 2756 3148 2828 quia
3168 2772 3286 2813 non
3317 2756 3480 2813 vide-

1811 2860 1965 2900 mus.

1882 2952 1969 3006 15.
2003 2951 2272 3022 Namque
2302 2953 2364 3005 ut
2414 2952 2484 3006 ad
2531 2951 2850 3024 imaginem
2881 2952 3016 3024 ejus
3048 2957 3104 3009 et
3144 2953 3478 3009 similitudi-

1811 3055 1964 3110 nem,
2002 3040 2158 3094 sicut
2185 3042 2471 3111 scriptum
2494 3044 2586 3095 est
2615 3041 2790 3111 (Gen.
2825 3059 2863 3110 ι,
2896 3042 3008 3112 26),
3041 3059 3477 3113 praesumamus

1811 3130 1843 3184 d
1855 3130 2174 3200 icere,cum
2192 3129 2288 3184 ille
2303 3145 2368 3184 se
2386 3129 2588 3184 fundat
2604 3131 2934 3202 majestatis
2953 3148 3080 3186 suae
3093 3132 3474 3202 plenitudine,

1813 3223 1870 3274 et
1900 3219 2092 3274 videat
2110 3219 2323 3288 omnia,
2350 3219 2583 3290 coelum,
2605 3235 2821 3291 aerem,
2846 3223 3085 3290 terram,
3110 3236 3290 3289 mare,
3313 3235 3478 3276 com-

1811 3309 2077 3379 plectens
2109 3309 2390 3363 universa
2409 3311 2466 3363 et
2486 3313 2803 3378 penetrans
2827 3325 2932 3380 per
2953 3309 3220 3382 singula;
3255 3312 3316 3364 ut
3346 3325 3480 3364 eum

1813 3397 1957 3452 nihil
1989 3400 2321 3468 praetereat,
2356 3400 2411 3452 et
2441 3397 2586 3452 nihil
2630 3398 2708 3453 sit
2755 3399 2913 3470 quod
2955 3414 3072 3454 non
3105 3398 3393 3454 consistat
3421 3398 3482 3453 in

1813 3501 1904 3557 eo,
1940 3491 2114 3558 atque
2145 3503 2220 3542 ex
2251 3487 2382 3558 ipso
2428 3487 2701 3557 pendeat,
2749 3491 2806 3543 et
2855 3487 3047 3559 ipsius
3096 3488 3334 3559 plenum
3384 3487 3482 3557 sit,

1815 3576 1971 3631 sicut
2000 3577 2131 3647 ipse
2161 3576 2271 3630 ait:
2326 3599 2347 3623 «ι
2382 3574 2610 3631 Caelum
2667 3580 2722 3630 et
2773 3580 2987 3632 terram
3033 3593 3145 3649 ego
3193 3576 3480 3647 compleo,

1815 3666 1959 3721 dicit
1996 3665 2282 3720 Dominus
2323 3665 2566 3734 (Jerem.
2610 3683 2774 3734 χχιιι,
2816 3665 2926 3736 24),
2965 3689 2987 3713 η
3023 3667 3101 3722 ita
3138 3669 3250 3728 νοῦς
3289 3667 3482 3721 homi-

1814 3755 1908 3810 nis
1942 3755 2099 3809 videt
2123 3755 2316 3809 omnia
2348 3757 2404 3808 et
2433 3771 2549 3809 non
2577 3754 2832 3825 videtur,
2857 3754 3086 3810 habens
3112 3757 3205 3810 sui
3225 3755 3490 3828 invisibi-

1813 3845 1929 3900 lem
1951 3843 2365 3912 substantiam,
2392 3843 2724 3914 disciplinis
2743 3848 2799 3899 et
2820 3845 3090 3900 consiliis
3110 3860 3180 3900 ac
3203 3846 3487 3901 sensibus

1815 3933 2263 4004 comprehendit
2291 3933 2548 4004 latentia,
2573 3937 2839 4004 penetrat
2856 3935 3084 3990 occulta
3104 3937 3286 3990 maris
3308 3939 3483 4006 atque

1815 4022 2075 4077 omnium
2106 4021 2319 4077 dill'usa
2350 4026 2639 4077 terrarum
2671 4023 2933 4092 latibula,
2970 4024 3279 4096 utriusque
3312 4041 3486 4080 scru-

1813 4115 1966 4166 tator
1993 4115 2241 4181 naturae,
2277 4112 2349 4166 ad
2401 4112 2844 4168 similitudinem
2897 4113 3000 4169 Dei
3049 4115 3262 4168 summi
3312 4130 3489 4186 quem

1814 4201 2074 4255 imitatur
2103 4205 2160 4256 et
2191 4202 2479 4273 sequitur,
2515 4201 2692 4273 cujus
2727 4203 2922 4274 imago
2953 4219 3059 4273 pro
3091 4203 3329 4275 exiguis
3361 4217 3490 4272 por-

1813 4290 2077 4345 tionibus
2106 4291 2167 4345 in
2186 4291 2444 4364 singulis
2464 4293 2754 4364 ﬁguratur
2776 4307 2790 4362 ;
2821 4292 3063 4346 elevans
3083 4307 3318 4363 quoque
3337 4306 3402 4345 se
3426 4291 3486 4345 in

1815 4395 2013 4436 aerem
2044 4383 2102 4436 et
2133 4379 2267 4452 ejus
2291 4381 2562 4436 nubilosa
2581 4381 3103 4452 praetergrediens,
3126 4379 3199 4434 ad
3217 4378 3347 4434 coeli
3369 4378 3484 4434 alta

1816 4593 2027 4633 vocem
2057 4577 2381 4634 retinuerit.
2425 4579 2516 4632 An
2556 4577 2690 4648 quia
2731 4576 2918 4631 Latini
2957 4577 3118 4630 varie
3155 4575 3322 4648 hanc,
3346 4574 3484 4632 etl‘e-

1817 4654 1972 4717 runt,
2010 4665 2142 4703 cum
2174 4666 2302 4705 eam
2333 4649 2508 4704 modo
2537 4647 2811 4716 mentem,
2839 4649 3011 4703 modo
3032 4648 3288 4702 animum
3312 4647 3483 4702 inter-

1817 4723 2166 4792 pretantur?
2195 4721 2284 4774 Ad
2315 4721 2471 4791 quod
2495 4725 2728 4790 etymon
2747 4719 3018 4774 Graecum
3043 4719 3126 4773 illi
3149 4719 3341 4791 magis
3359 4720 3480 4790 pla-

1820 4802 2026 4864 cuerit,
2071 4800 2229 4870 quod
2266 4804 2377 4860 νοῦς
2415 4799 2514 4852 ἀπὸ
2557 4803 2646 4852 τοῦ
2687 4805 2835 4863 νοεῖν,
2885 4799 2997 4854 hoc
3037 4803 3143 4868 est.
3195 4799 3266 4853 ab
3308 4799 3482 4855 intel-

1818 4872 2055 4944 ligendo
2087 4873 2163 4924 sit
2192 4871 2407 4940 dictus,
2442 4888 2575 4926 cum
2608 4887 2777 4926 mens
2810 4871 3224 4939 ameminisse,
3249 4870 3483 4928 animus

1816 4949 1991 5025 ἄνεμος
2029 4951 2356 5022 appellatus
2389 4951 2508 5005 sit?
2539 4967 2789 5022 quorum
2820 4952 3139 5006 verborum
3169 4950 3288 5005 vim
3319 4955 3486 5006 natu-

1816 5048 2059 5104 ramque
2072 5034 2184 5091 νοῦς
2203 5031 2388 5101 probe
2401 5031 2614 5102 explet.
2637 5032 2726 5086 An
2741 5032 2876 5102 quia
2890 5033 3277 5104 Anaxagoras
3293 5032 3486 5087 omnis

1817 5113 2032 5167 dixerit
2063 5112 2305 5167 materia
2337 5115 2392 5166 et
2420 5115 2487 5182 νῷ
2515 5112 2909 5166 conservari?
2963 5112 3181 5167 Verum
3214 5127 3332 5167 non
3363 5116 3489 5168 erat

1820 5201 1926 5238 cur
1963 5189 2078 5238 tam
2128 5183 2301 5237 anxie
2352 5184 2481 5238 haec
2527 5183 2855 5253 disputaret
2894 5184 2988 5238 vir
3037 5183 3340 5252 eruditus;
3391 5183 3487 5237 hic

1816 5256 1971 5310 enim
2005 5257 2174 5311 locus
2206 5270 2324 5309 non
2357 5255 2471 5309 alio
2505 5254 2856 5310 referendus
2887 5259 2998 5324 est,
3033 5271 3208 5326 quam
3239 5255 3312 5308 ad
3341 5254 3482 5326 Phi-

1815 5327 1972 5382 lonis
2031 5326 2434 5399 imitationem,
2485 5326 2585 5399 qui
2631 5327 2804 5382 citato
2855 5327 3005 5382 libro
3051 5323 3260 5382 eodem
3308 5323 3481 5395 plane

1815 5399 1990 5475 modo
2013 5397 2484 5475 philosophatur.
2504 5397 2520 5399 '
2760 5469 2771 5475 Δ
3428 5464 3438 5475 ,

1886 5470 2244 5547 (14)-φιιιιιθε
2291 5471 2546 5547 θάψ’-εις
2604 5469 2776 5539 pauci
2824 5485 2993 5547 mss,
3044 5489 3065 5518 ι
3121 5480 3295 5547 quem
3342 5469 3480 5535 quia

1815 5535 1944 5616 non
1964 5535 2266 5616 videmus;
2304 5564 2324 5589 η
2362 5541 2460 5596 alii
2491 5535 2795 5616 plures‘ac
2827 5535 3089 5616 potieres
3121 5535 3333 5616 melius
3366 5550 3476 5588 ex-

1815 5612 2058 5690 cludunt
2089 5615 2220 5685 quia
2243 5609 2262 5677 ,έ
2312 5629 2430 5690 non
2474 5609 2628 5667 enim
2673 5609 3132 5690 idcirco_Deum
3180 5609 3480 5690 timemus,

1813 5685 1950 5755 quia
1981 5679 2114 5739 eum
2146 5699 2264 5739 non
2295 5684 2586 5753 videmus,
2610 5683 2718 5738 sed
2749 5683 2884 5754 quia
2908 5680 3140 5752 justum
3171 5679 3347 5748 atque
3368 5694 3484 5735 om-

1812 5756 2170 5829 nipotentem
2202 5755 2454 5812 scimus.
