  <div class='ocr_page' id='page_1' title='image "/cluster/home/n/w/nwhite01/storage/ocr_20150623/16/hvd.32044096580444/597.png"; bbox 0 0 3978 6168; ppageno 0'>
   <div class='ocr_carea' id='block_1_1' title="bbox 532 359 686 430">
    <p class='ocr_par' dir='ltr' id='par_1_1' title="bbox 532 359 686 430">
     <span class='ocr_line' id='line_1_1' title="bbox 532 359 686 430; baseline 0.006 -1"><span class='ocrx_word' id='word_1_1' title='bbox 532 359 686 430; x_wconf 67' lang='lat'>11183</span> 
     </span>
    </p>
   </div>
   <div class='ocr_carea' id='block_1_2' title="bbox 524 549 3931 655">
    <p class='ocr_par' dir='ltr' id='par_1_2' title="bbox 524 549 3931 655">
     <span class='ocr_line' id='line_1_2' title="bbox 524 549 3931 655; baseline 0.002 -32"><span class='ocrx_word' id='word_1_2' title='bbox 524 582 597 623; x_wconf 78' lang='lat' dir='ltr'>se</span> <span class='ocrx_word' id='word_1_3' title='bbox 625 566 829 642; x_wconf 81' lang='lat' dir='ltr'>dirigit</span> <span class='ocrx_word' id='word_1_4' title='bbox 856 568 1057 625; x_wconf 88' lang='lat' dir='ltr'>studio</span> <span class='ocrx_word' id='word_1_5' title='bbox 1085 568 1466 641; x_wconf 79' lang='lat' dir='ltr'>cognitionis,</span> <span class='ocrx_word' id='word_1_6' title='bbox 1500 573 1559 625; x_wconf 89' lang='lat' dir='ltr'>et</span> <span class='ocrx_word' id='word_1_7' title='bbox 1598 570 1809 625; x_wconf 83' lang='lat' dir='ltr'>ardore</span> <span class='ocrx_word' id='word_1_8' title='bbox 1852 568 2159 639; x_wconf 88' lang='lat' dir='ltr'>sapientiae</span> <span class='ocrx_word' id='word_1_9' title='bbox 2184 584 2199 639; x_wconf 82' lang='lat'><strong>;</strong></span> <span class='ocrx_word' id='word_1_10' title='bbox 2224 549 2270 611; x_wconf 64' lang='grc' dir='ltr'><strong>Α</strong></span> <span class='ocrx_word' id='word_1_11' title='bbox 2310 565 2844 623; x_wconf 87' lang='lat' dir='ltr'>substernitsedili.</span> <span class='ocrx_word' id='word_1_12' title='bbox 2878 565 3426 622; x_wconf 80' lang='lat' dir='ltr'>Sedneforteadhuc</span> <span class='ocrx_word' id='word_1_13' title='bbox 3442 573 3852 643; x_wconf 84' lang='lat' dir='ltr'>moveatquodno-</span> 
     </span>
    </p>
   </div>
   <div class='ocr_carea' id='block_1_3' title="bbox 525 656 2202 729">
    <p class='ocr_par' dir='ltr' id='par_1_3' title="bbox 525 656 2202 729">
     <span class='ocr_line' id='line_1_3' title="bbox 525 656 2202 729; baseline -0.001 -15"><span class='ocrx_word' id='word_1_14' title='bbox 525 656 630 714; x_wconf 86' lang='lat' dir='ltr'>ubi</span> <span class='ocrx_word' id='word_1_15' title='bbox 685 658 990 729; x_wconf 81' lang='lat' dir='ltr'>paulisper</span> <span class='ocrx_word' id='word_1_16' title='bbox 1045 659 1421 729; x_wconf 72' lang='lat' dir='ltr'>stupefactus</span> <span class='ocrx_word' id='word_1_17' title='bbox 1464 660 1849 715; x_wconf 77' lang='lat' dir='ltr'>admiratione</span> <span class='ocrx_word' id='word_1_18' title='bbox 1896 659 2202 714; x_wconf 88' lang='lat' dir='ltr'>stellarum</span> 
     </span>
    </p>
   </div>
   <div class='ocr_carea' id='block_1_4' title="bbox 527 747 2203 819">
    <p class='ocr_par' dir='ltr' id='par_1_4' title="bbox 527 747 2203 819">
     <span class='ocr_line' id='line_1_4' title="bbox 527 747 2203 819; baseline -0.001 -17"><span class='ocrx_word' id='word_1_19' title='bbox 527 748 881 819; x_wconf 61' lang='lat' dir='ltr'>celestium,</span> <span class='ocrx_word' id='word_1_20' title='bbox 915 752 971 803; x_wconf 89' lang='lat' dir='ltr'>et</span> <span class='ocrx_word' id='word_1_21' title='bbox 1001 748 1288 803; x_wconf 89' lang='lat' dir='ltr'>luminum</span> <span class='ocrx_word' id='word_1_22' title='bbox 1306 749 1635 804; x_wconf 74' lang='lat' dir='ltr'>delectatus</span> <span class='ocrx_word' id='word_1_23' title='bbox 1659 749 1943 818; x_wconf 77' lang='lat' dir='ltr'>claritate,</span> <span class='ocrx_word' id='word_1_24' title='bbox 1968 747 2203 818; x_wconf 86' lang='lat' dir='ltr'>prospi-</span> 
     </span>
    </p>
   </div>
   <div class='ocr_carea' id='block_1_5' title="bbox 524 836 2203 909">
    <p class='ocr_par' dir='ltr' id='par_1_5' title="bbox 524 836 2203 909">
     <span class='ocr_line' id='line_1_5' title="bbox 524 836 2203 909; baseline 0.001 -18"><span class='ocrx_word' id='word_1_25' title='bbox 524 836 692 892; x_wconf 87' lang='lat' dir='ltr'>ciens</span> <span class='ocrx_word' id='word_1_26' title='bbox 723 836 982 907; x_wconf 78' lang='lat' dir='ltr'>desuper</span> <span class='ocrx_word' id='word_1_27' title='bbox 1010 838 1303 892; x_wconf 89' lang='lat' dir='ltr'>mundana</span> <span class='ocrx_word' id='word_1_28' title='bbox 1334 839 1468 906; x_wconf 86' lang='lat' dir='ltr'>ista,</span> <span class='ocrx_word' id='word_1_29' title='bbox 1505 837 1839 893; x_wconf 81' lang='lat' dir='ltr'>conferens</span> <span class='ocrx_word' id='word_1_30' title='bbox 1868 853 2103 909; x_wconf 90' lang='lat' dir='ltr'>quoque</span> <span class='ocrx_word' id='word_1_31' title='bbox 2136 852 2203 892; x_wconf 91' lang='lat' dir='ltr'>se</span> 
     </span>
    </p>
   </div>
   <div class='ocr_carea' id='block_1_6' title="bbox 529 925 2201 997">
    <p class='ocr_par' dir='ltr' id='par_1_6' title="bbox 529 925 2201 997">
     <span class='ocr_line' id='line_1_6' title="bbox 529 925 2201 997; baseline 0.001 -18"><span class='ocrx_word' id='word_1_32' title='bbox 529 926 604 979; x_wconf 91' lang='lat' dir='ltr'>ad</span> <span class='ocrx_word' id='word_1_33' title='bbox 654 925 974 995; x_wconf 90' lang='lat' dir='ltr'>hesperum</span> <span class='ocrx_word' id='word_1_34' title='bbox 1032 931 1208 997; x_wconf 87' lang='lat' dir='ltr'>atque</span> <span class='ocrx_word' id='word_1_35' title='bbox 1264 932 1585 995; x_wconf 73' lang='lat' dir='ltr'>arcturum,</span> <span class='ocrx_word' id='word_1_36' title='bbox 1638 930 1695 980; x_wconf 90' lang='lat' dir='ltr'>et</span> <span class='ocrx_word' id='word_1_37' title='bbox 1753 929 2004 982; x_wconf 70' lang='lat' dir='ltr'>caeteros</span> <span class='ocrx_word' id='word_1_38' title='bbox 2064 925 2201 980; x_wconf 91' lang='lat' dir='ltr'>illos</span> 
     </span>
    </p>
   </div>
   <div class='ocr_carea' id='block_1_7' title="bbox 529 1010 2199 1086">
    <p class='ocr_par' dir='ltr' id='par_1_7' title="bbox 529 1010 2199 1086">
     <span class='ocr_line' id='line_1_7' title="bbox 529 1010 2199 1086; baseline -0.001 -18"><span class='ocrx_word' id='word_1_39' title='bbox 529 1012 764 1075; x_wconf 71' lang='grc' dir='ltr'>ἀπλανεῖς</span> <span class='ocrx_word' id='word_1_40' title='bbox 803 1010 1059 1075; x_wconf 75' lang='grc' dir='ltr'>πλανήτας</span> <span class='ocrx_word' id='word_1_41' title='bbox 1096 1016 1230 1084; x_wconf 88' lang='grc'>(15),</span> <span class='ocrx_word' id='word_1_42' title='bbox 1278 1020 1336 1069; x_wconf 92' lang='lat' dir='ltr'>et</span> <span class='ocrx_word' id='word_1_43' title='bbox 1392 1016 1601 1070; x_wconf 89' lang='lat' dir='ltr'>videns</span> <span class='ocrx_word' id='word_1_44' title='bbox 1660 1015 1819 1086; x_wconf 88' lang='lat' dir='ltr'>quod</span> <span class='ocrx_word' id='word_1_45' title='bbox 1865 1012 2199 1069; x_wconf 66' lang='lat' dir='ltr'>inoffensus</span> 
     </span>
    </p>
   </div>
   <div class='ocr_carea' id='block_1_8' title="bbox 530 1103 2199 1175">
    <p class='ocr_par' dir='ltr' id='par_1_8' title="bbox 530 1103 2199 1175">
     <span class='ocr_line' id='line_1_8' title="bbox 530 1103 2199 1175; baseline -0.002 -16"><span class='ocrx_word' id='word_1_46' title='bbox 530 1104 628 1159; x_wconf 91' lang='lat' dir='ltr'>ille</span> <span class='ocrx_word' id='word_1_47' title='bbox 658 1104 737 1158; x_wconf 87' lang='lat' dir='ltr'>sit</span> <span class='ocrx_word' id='word_1_48' title='bbox 764 1119 950 1173; x_wconf 88' lang='lat' dir='ltr'>error,</span> <span class='ocrx_word' id='word_1_49' title='bbox 985 1119 1161 1175; x_wconf 85' lang='lat' dir='ltr'>quem</span> <span class='ocrx_word' id='word_1_50' title='bbox 1200 1105 1333 1159; x_wconf 87' lang='lat' dir='ltr'>sine</span> <span class='ocrx_word' id='word_1_51' title='bbox 1374 1120 1576 1159; x_wconf 88' lang='lat' dir='ltr'>errore</span> <span class='ocrx_word' id='word_1_52' title='bbox 1614 1120 1730 1175; x_wconf 90' lang='lat' dir='ltr'>quo</span> <span class='ocrx_word' id='word_1_53' title='bbox 1771 1103 1963 1175; x_wconf 85' lang='lat' dir='ltr'>magis</span> <span class='ocrx_word' id='word_1_54' title='bbox 2004 1103 2199 1157; x_wconf 85' lang='lat' dir='ltr'>omnia</span> 
     </span>
    </p>
   </div>
   <div class='ocr_carea' id='block_1_9' title="bbox 532 1192 2199 1265">
    <p class='ocr_par' dir='ltr' id='par_1_9' title="bbox 532 1192 2199 1265">
     <span class='ocr_line' id='line_1_9' title="bbox 532 1192 2199 1265; baseline -0.001 -17"><span class='ocrx_word' id='word_1_55' title='bbox 532 1193 745 1249; x_wconf 87' lang='lat' dir='ltr'>obeant</span> <span class='ocrx_word' id='word_1_56' title='bbox 792 1192 927 1263; x_wconf 87' lang='grc'>(16),</span> <span class='ocrx_word' id='word_1_57' title='bbox 980 1193 1241 1248; x_wconf 81' lang='lat' dir='ltr'>intexere</span> <span class='ocrx_word' id='word_1_58' title='bbox 1299 1196 1476 1265; x_wconf 88' lang='lat' dir='ltr'>atque</span> <span class='ocrx_word' id='word_1_59' title='bbox 1524 1194 1804 1248; x_wconf 88' lang='lat' dir='ltr'>oberrare</span> <span class='ocrx_word' id='word_1_60' title='bbox 1846 1192 2199 1260; x_wconf 83' lang='lat' dir='ltr'>videantur;</span> 
     </span>
    </p>
   </div>
   <div class='ocr_carea' id='block_1_10' title="bbox 533 1280 2202 1353">
    <p class='ocr_par' dir='ltr' id='par_1_10' title="bbox 533 1280 2202 1353">
     <span class='ocr_line' id='line_1_10' title="bbox 533 1280 2202 1353; baseline -0.001 -18"><span class='ocrx_word' id='word_1_61' title='bbox 533 1280 760 1352; x_wconf 78' lang='lat' dir='ltr'>majore</span> <span class='ocrx_word' id='word_1_62' title='bbox 807 1297 876 1336; x_wconf 90' lang='lat' dir='ltr'>se</span> <span class='ocrx_word' id='word_1_63' title='bbox 923 1282 1238 1351; x_wconf 86' lang='lat' dir='ltr'>cupiditate</span> <span class='ocrx_word' id='word_1_64' title='bbox 1286 1281 1494 1336; x_wconf 81' lang='lat' dir='ltr'>attollit</span> <span class='ocrx_word' id='word_1_65' title='bbox 1543 1282 1615 1336; x_wconf 88' lang='lat' dir='ltr'>ad</span> <span class='ocrx_word' id='word_1_66' title='bbox 1666 1282 1863 1351; x_wconf 89' lang='lat' dir='ltr'>ipsum</span> <span class='ocrx_word' id='word_1_67' title='bbox 1909 1281 2202 1353; x_wconf 81' lang='lat' dir='ltr'>gremium</span> 
     </span>
    </p>
   </div>
   <div class='ocr_carea' id='block_1_11' title="bbox 536 1369 2204 1442">
    <p class='ocr_par' dir='ltr' id='par_1_11' title="bbox 536 1369 2204 1442">
     <span class='ocr_line' id='line_1_11' title="bbox 536 1369 2204 1442; baseline -0.001 -19"><span class='ocrx_word' id='word_1_68' title='bbox 536 1369 751 1440; x_wconf 84' lang='lat' dir='ltr'>Patris,</span> <span class='ocrx_word' id='word_1_69' title='bbox 785 1371 845 1425; x_wconf 85' lang='lat' dir='ltr'>in</span> <span class='ocrx_word' id='word_1_70' title='bbox 873 1386 990 1441; x_wconf 84' lang='lat' dir='ltr'>quo</span> <span class='ocrx_word' id='word_1_71' title='bbox 1023 1374 1117 1425; x_wconf 90' lang='lat' dir='ltr'>est</span> <span class='ocrx_word' id='word_1_72' title='bbox 1154 1370 1497 1442; x_wconf 85' lang='lat' dir='ltr'>unigenitus</span> <span class='ocrx_word' id='word_1_73' title='bbox 1541 1371 1643 1425; x_wconf 89' lang='lat' dir='ltr'>Dei</span> <span class='ocrx_word' id='word_1_74' title='bbox 1689 1371 1876 1424; x_wconf 91' lang='lat' dir='ltr'>Filius</span> <span class='ocrx_word' id='word_1_75' title='bbox 1917 1385 2204 1425; x_wconf 87' lang='lat' dir='ltr'>enarrans</span> 
     </span>
    </p>
   </div>
   <div class='ocr_carea' id='block_1_12' title="bbox 538 1458 2206 1529">
    <p class='ocr_par' dir='ltr' id='par_1_12' title="bbox 538 1458 2206 1529">
     <span class='ocr_line' id='line_1_12' title="bbox 538 1458 2206 1529; baseline -0.003 -13"><span class='ocrx_word' id='word_1_76' title='bbox 538 1462 771 1516; x_wconf 81' lang='lat' dir='ltr'>secreta</span> <span class='ocrx_word' id='word_1_77' title='bbox 801 1459 907 1514; x_wconf 90' lang='lat' dir='ltr'>Dei</span> <span class='ocrx_word' id='word_1_78' title='bbox 936 1458 1126 1529; x_wconf 80' lang='lat' dir='ltr'>(Joan.</span> <span class='ocrx_word' id='word_1_79' title='bbox 1163 1477 1202 1529; x_wconf 76' lang='grc' dir='ltr'>ι,</span> <span class='ocrx_word' id='word_1_80' title='bbox 1237 1460 1348 1529; x_wconf 89' lang='grc'>18),</span> <span class='ocrx_word' id='word_1_81' title='bbox 1379 1463 1436 1514; x_wconf 91' lang='lat' dir='ltr'>et</span> <span class='ocrx_word' id='word_1_82' title='bbox 1473 1458 1623 1514; x_wconf 87' lang='lat' dir='ltr'>facie</span> <span class='ocrx_word' id='word_1_83' title='bbox 1654 1460 1728 1514; x_wconf 89' lang='lat' dir='ltr'>ad</span> <span class='ocrx_word' id='word_1_84' title='bbox 1760 1459 1970 1514; x_wconf 83' lang='lat' dir='ltr'>faciem</span> <span class='ocrx_word' id='word_1_85' title='bbox 1998 1462 2206 1528; x_wconf 88' lang='lat' dir='ltr'>postea</span> 
     </span>
    </p>
   </div>
   <div class='ocr_carea' id='block_1_13' title="bbox 544 1547 2206 1620">
    <p class='ocr_par' dir='ltr' id='par_1_13' title="bbox 544 1547 2206 1620">
     <span class='ocr_line' id='line_1_13' title="bbox 544 1547 2206 1620; baseline 0 -19"><span class='ocrx_word' id='word_1_86' title='bbox 544 1547 880 1602; x_wconf 87' lang='lat' dir='ltr'>relevanda.</span> <span class='ocrx_word' id='word_1_87' title='bbox 916 1548 1087 1603; x_wconf 89' lang='lat' dir='ltr'>Nunc</span> <span class='ocrx_word' id='word_1_88' title='bbox 1119 1551 1313 1603; x_wconf 90' lang='lat' dir='ltr'>tamen</span> <span class='ocrx_word' id='word_1_89' title='bbox 1350 1549 1571 1620; x_wconf 87' lang='lat' dir='ltr'>quibus</span> <span class='ocrx_word' id='word_1_90' title='bbox 1611 1549 1906 1620; x_wconf 75' lang='lat' dir='ltr'>dignatur,</span> <span class='ocrx_word' id='word_1_91' title='bbox 1941 1563 2015 1603; x_wconf 78' lang='lat' dir='ltr'>ex</span> <span class='ocrx_word' id='word_1_92' title='bbox 2043 1551 2206 1617; x_wconf 89' lang='lat' dir='ltr'>parte</span> 
     </span>
    </p>
   </div>
   <div class='ocr_carea' id='block_1_14' title="bbox 542 1636 2207 1710">
    <p class='ocr_par' dir='ltr' id='par_1_14' title="bbox 542 1636 2207 1710">
     <span class='ocr_line' id='line_1_14' title="bbox 542 1636 2207 1710; baseline -0.001 -20"><span class='ocrx_word' id='word_1_93' title='bbox 542 1636 925 1706; x_wconf 86' lang='lat' dir='ltr'>demonstret,</span> <span class='ocrx_word' id='word_1_94' title='bbox 958 1639 1210 1708; x_wconf 89' lang='lat' dir='ltr'>atquein</span> <span class='ocrx_word' id='word_1_95' title='bbox 1236 1638 1548 1710; x_wconf 83' lang='lat' dir='ltr'>aenigmate</span> <span class='ocrx_word' id='word_1_96' title='bbox 1569 1638 1863 1709; x_wconf 81' lang='lat' dir='ltr'>simulque</span> <span class='ocrx_word' id='word_1_97' title='bbox 1886 1638 1957 1691; x_wconf 91' lang='lat' dir='ltr'>de</span> <span class='ocrx_word' id='word_1_98' title='bbox 1987 1636 2207 1706; x_wconf 85' lang='lat' dir='ltr'>Spiritu</span> 
     </span>
    </p>
   </div>
   <div class='ocr_carea' id='block_1_15' title="bbox 542 1725 2206 1796">
    <p class='ocr_par' dir='ltr' id='par_1_15' title="bbox 542 1725 2206 1796">
     <span class='ocr_line' id='line_1_15' title="bbox 542 1725 2206 1796; baseline -0.001 -16"><span class='ocrx_word' id='word_1_99' title='bbox 542 1728 602 1780; x_wconf 90' lang='lat' dir='ltr'>et</span> <span class='ocrx_word' id='word_1_100' title='bbox 648 1725 815 1780; x_wconf 88' lang='lat' dir='ltr'>vultu</span> <span class='ocrx_word' id='word_1_101' title='bbox 861 1741 972 1781; x_wconf 89' lang='lat' dir='ltr'>suo</span> <span class='ocrx_word' id='word_1_102' title='bbox 1004 1727 1381 1796; x_wconf 80' lang='lat' dir='ltr'>splendorem</span> <span class='ocrx_word' id='word_1_103' title='bbox 1422 1727 1683 1796; x_wconf 89' lang='lat' dir='ltr'>luminis,</span> <span class='ocrx_word' id='word_1_104' title='bbox 1716 1742 1879 1781; x_wconf 90' lang='lat' dir='ltr'>more</span> <span class='ocrx_word' id='word_1_105' title='bbox 1929 1726 2206 1780; x_wconf 88' lang='lat' dir='ltr'>torrentis</span> 
     </span>
    </p>
   </div>
   <div class='ocr_carea' id='block_1_16' title="bbox 545 1812 2209 1886">
    <p class='ocr_par' dir='ltr' id='par_1_16' title="bbox 545 1812 2209 1886">
     <span class='ocr_line' id='line_1_16' title="bbox 545 1812 2209 1886; baseline 0 -18"><span class='ocrx_word' id='word_1_106' title='bbox 545 1812 821 1869; x_wconf 76' lang='lat' dir='ltr'>eﬂ&#39;undit:</span> <span class='ocrx_word' id='word_1_107' title='bbox 856 1819 919 1869; x_wconf 92' lang='lat' dir='ltr'>ut</span> <span class='ocrx_word' id='word_1_108' title='bbox 958 1830 1029 1869; x_wconf 93' lang='lat' dir='ltr'>eo</span> <span class='ocrx_word' id='word_1_109' title='bbox 1069 1815 1432 1870; x_wconf 73' lang='lat' dir='ltr'>illuminatus</span> <span class='ocrx_word' id='word_1_110' title='bbox 1471 1817 1658 1871; x_wconf 84' lang='lat' dir='ltr'>dicat:</span> <span class='ocrx_word' id='word_1_111' title='bbox 1714 1838 1737 1862; x_wconf 77' lang='grc' dir='ltr'><strong>α</strong></span> <span class='ocrx_word' id='word_1_112' title='bbox 1783 1816 1852 1868; x_wconf 84' lang='lat' dir='ltr'>Et</span> <span class='ocrx_word' id='word_1_113' title='bbox 1891 1818 2015 1869; x_wconf 87' lang='lat' dir='ltr'>erat</span> <span class='ocrx_word' id='word_1_114' title='bbox 2044 1814 2209 1886; x_wconf 80' lang='lat' dir='ltr'>ignis</span> 
     </span>
    </p>
   </div>
   <div class='ocr_carea' id='block_1_17' title="bbox 545 1902 2209 1974">
    <p class='ocr_par' dir='ltr' id='par_1_17' title="bbox 545 1902 2209 1974">
     <span class='ocr_line' id='line_1_17' title="bbox 545 1902 2209 1974; baseline -0.001 -16"><span class='ocrx_word' id='word_1_115' title='bbox 545 1902 986 1974; x_wconf 79' lang='lat' dir='ltr'>ﬂammigerans</span> <span class='ocrx_word' id='word_1_116' title='bbox 1026 1904 1091 1956; x_wconf 90' lang='lat' dir='ltr'>in</span> <span class='ocrx_word' id='word_1_117' title='bbox 1138 1904 1382 1958; x_wconf 85' lang='lat' dir='ltr'>ossibus</span> <span class='ocrx_word' id='word_1_118' title='bbox 1426 1905 1596 1973; x_wconf 89' lang='lat' dir='ltr'>meis,</span> <span class='ocrx_word' id='word_1_119' title='bbox 1629 1908 1686 1959; x_wconf 89' lang='lat' dir='ltr'>et</span> <span class='ocrx_word' id='word_1_120' title='bbox 1716 1904 2045 1959; x_wconf 89' lang='lat' dir='ltr'>dissolutus</span> <span class='ocrx_word' id='word_1_121' title='bbox 2075 1919 2209 1958; x_wconf 90' lang='lat' dir='ltr'>sum</span> 
     </span>
    </p>
   </div>
   <div class='ocr_carea' id='block_1_18' title="bbox 546 1991 2211 2063">
    <p class='ocr_par' dir='ltr' id='par_1_18' title="bbox 546 1991 2211 2063">
     <span class='ocr_line' id='line_1_18' title="bbox 546 1991 2211 2063; baseline -0.001 -17"><span class='ocrx_word' id='word_1_122' title='bbox 546 1991 806 2063; x_wconf 85' lang='lat' dir='ltr'>undique</span> <span class='ocrx_word' id='word_1_123' title='bbox 837 1997 893 2046; x_wconf 90' lang='lat' dir='ltr'>et</span> <span class='ocrx_word' id='word_1_124' title='bbox 925 1992 1077 2047; x_wconf 82' lang='lat' dir='ltr'>ferre</span> <span class='ocrx_word' id='word_1_125' title='bbox 1111 2008 1226 2047; x_wconf 89' lang='lat' dir='ltr'>non</span> <span class='ocrx_word' id='word_1_126' title='bbox 1263 2007 1509 2062; x_wconf 88' lang='lat' dir='ltr'>possum</span> <span class='ocrx_word' id='word_1_127' title='bbox 1550 1993 1798 2060; x_wconf 80' lang='lat' dir='ltr'>(Jerem.</span> <span class='ocrx_word' id='word_1_128' title='bbox 1832 2011 1928 2061; x_wconf 80' lang='lat' dir='ltr'>xx,</span> <span class='ocrx_word' id='word_1_129' title='bbox 1964 1993 2042 2061; x_wconf 86' lang='lat'>9).</span> <span class='ocrx_word' id='word_1_130' title='bbox 2083 2016 2103 2039; x_wconf 84' lang='lat'><strong>»</strong></span> <span class='ocrx_word' id='word_1_131' title='bbox 2141 1992 2211 2045; x_wconf 87' lang='lat' dir='ltr'>Et</span> 
     </span>
    </p>
   </div>
   <div class='ocr_carea' id='block_1_19' title="bbox 422 2080 2209 2154">
    <p class='ocr_par' dir='ltr' id='par_1_19' title="bbox 422 2080 2209 2154">
     <span class='ocr_line' id='line_1_19' title="bbox 422 2080 2209 2154; baseline -0.001 -18"><span class='ocrx_word' id='word_1_132' title='bbox 422 2142 433 2154; x_wconf 28' lang='grc' dir='ltr'><em>κ</em></span> <span class='ocrx_word' id='word_1_133' title='bbox 542 2080 732 2136; x_wconf 81' lang='lat' dir='ltr'>David</span> <span class='ocrx_word' id='word_1_134' title='bbox 762 2080 877 2136; x_wconf 84' lang='lat' dir='ltr'>ait:</span> <span class='ocrx_word' id='word_1_135' title='bbox 930 2101 952 2130; x_wconf 74' lang='grc' dir='ltr'>ι</span> <span class='ocrx_word' id='word_1_136' title='bbox 990 2081 1072 2134; x_wconf 91' lang='lat' dir='ltr'>De</span> <span class='ocrx_word' id='word_1_137' title='bbox 1103 2080 1266 2136; x_wconf 91' lang='lat' dir='ltr'>vultu</span> <span class='ocrx_word' id='word_1_138' title='bbox 1296 2084 1392 2135; x_wconf 92' lang='lat' dir='ltr'>tuo</span> <span class='ocrx_word' id='word_1_139' title='bbox 1419 2080 1710 2152; x_wconf 80' lang='lat' dir='ltr'>judicium</span> <span class='ocrx_word' id='word_1_140' title='bbox 1742 2096 1933 2135; x_wconf 89' lang='lat' dir='ltr'>meum</span> <span class='ocrx_word' id='word_1_141' title='bbox 1965 2081 2209 2150; x_wconf 85' lang='lat' dir='ltr'>prodeat</span> 
     </span>
    </p>
   </div>
   <div class='ocr_carea' id='block_1_20' title="bbox 546 2168 1073 2238">
    <p class='ocr_par' dir='ltr' id='par_1_20' title="bbox 546 2168 1073 2238">
     <span class='ocr_line' id='line_1_20' title="bbox 546 2168 1073 2238; baseline 0.002 -16"><span class='ocrx_word' id='word_1_142' title='bbox 546 2168 736 2238; x_wconf 85' lang='lat' dir='ltr'>(Psal.</span> <span class='ocrx_word' id='word_1_143' title='bbox 768 2185 887 2237; x_wconf 77' lang='lat' dir='ltr'>xvi,</span> <span class='ocrx_word' id='word_1_144' title='bbox 926 2169 1003 2237; x_wconf 75' lang='lat'>2).</span> <span class='ocrx_word' id='word_1_145' title='bbox 1050 2190 1073 2217; x_wconf 73' lang='grc' dir='ltr'><strong><em>ι</em></strong></span> 
     </span>
    </p>
   </div>
   <div class='ocr_carea' id='block_1_21' title="bbox 618 2257 2210 2331">
    <p class='ocr_par' dir='ltr' id='par_1_21' title="bbox 618 2257 2210 2331">
     <span class='ocr_line' id='line_1_21' title="bbox 618 2257 2210 2331; baseline 0.001 -19"><span class='ocrx_word' id='word_1_146' title='bbox 618 2257 706 2312; x_wconf 84' lang='grc'>16.</span> <span class='ocrx_word' id='word_1_147' title='bbox 741 2258 871 2313; x_wconf 89' lang='lat' dir='ltr'>Hoc</span> <span class='ocrx_word' id='word_1_148' title='bbox 916 2258 1098 2330; x_wconf 81' lang='lat' dir='ltr'>igitur</span> <span class='ocrx_word' id='word_1_149' title='bbox 1136 2258 1349 2313; x_wconf 89' lang='lat' dir='ltr'>mentis</span> <span class='ocrx_word' id='word_1_150' title='bbox 1393 2259 1620 2331; x_wconf 88' lang='lat' dir='ltr'>vigore,</span> <span class='ocrx_word' id='word_1_151' title='bbox 1666 2264 1727 2314; x_wconf 87' lang='lat' dir='ltr'>ut</span> <span class='ocrx_word' id='word_1_152' title='bbox 1767 2263 2029 2314; x_wconf 90' lang='lat' dir='ltr'>revertar</span> <span class='ocrx_word' id='word_1_153' title='bbox 2058 2259 2210 2313; x_wconf 91' lang='lat' dir='ltr'>unde</span> 
     </span>
    </p>
   </div>
   <div class='ocr_carea' id='block_1_22' title="bbox 546 2346 2211 2420">
    <p class='ocr_par' dir='ltr' id='par_1_22' title="bbox 546 2346 2211 2420">
     <span class='ocr_line' id='line_1_22' title="bbox 546 2346 2211 2420; baseline 0 -18"><span class='ocrx_word' id='word_1_154' title='bbox 546 2346 868 2418; x_wconf 84' lang='lat' dir='ltr'>digressus</span> <span class='ocrx_word' id='word_1_155' title='bbox 897 2363 1051 2417; x_wconf 90' lang='lat' dir='ltr'>sum,</span> <span class='ocrx_word' id='word_1_156' title='bbox 1083 2363 1199 2419; x_wconf 89' lang='lat' dir='ltr'>quo</span> <span class='ocrx_word' id='word_1_157' title='bbox 1231 2351 1286 2401; x_wconf 92' lang='lat' dir='ltr'>el</span> <span class='ocrx_word' id='word_1_158' title='bbox 1315 2352 1552 2402; x_wconf 82' lang='lat' dir='ltr'>externa</span> <span class='ocrx_word' id='word_1_159' title='bbox 1577 2349 1824 2420; x_wconf 80' lang='lat' dir='ltr'>subigit,</span> <span class='ocrx_word' id='word_1_160' title='bbox 1855 2354 1909 2403; x_wconf 90' lang='lat' dir='ltr'>et</span> <span class='ocrx_word' id='word_1_161' title='bbox 1940 2352 2211 2419; x_wconf 87' lang='lat' dir='ltr'>separata</span> 
     </span>
    </p>
   </div>
   <div class='ocr_carea' id='block_1_23' title="bbox 546 2435 2211 2504">
    <p class='ocr_par' dir='ltr' id='par_1_23' title="bbox 546 2435 2211 2504">
     <span class='ocr_line' id='line_1_23' title="bbox 546 2435 2211 2504; baseline 0.001 -12"><span class='ocrx_word' id='word_1_162' title='bbox 546 2438 606 2493; x_wconf 87' lang='lat' dir='ltr'>et</span> <span class='ocrx_word' id='word_1_163' title='bbox 633 2435 908 2490; x_wconf 86' lang='lat' dir='ltr'>distantia</span> <span class='ocrx_word' id='word_1_164' title='bbox 938 2436 1116 2504; x_wconf 81' lang='lat' dir='ltr'>videt,</span> <span class='ocrx_word' id='word_1_165' title='bbox 1137 2440 1193 2490; x_wconf 92' lang='lat' dir='ltr'>et</span> <span class='ocrx_word' id='word_1_166' title='bbox 1214 2437 1493 2491; x_wconf 81' lang='lat' dir='ltr'>validiora</span> <span class='ocrx_word' id='word_1_167' title='bbox 1518 2438 1745 2492; x_wconf 83' lang='lat' dir='ltr'>viribus</span> <span class='ocrx_word' id='word_1_168' title='bbox 1768 2439 2041 2493; x_wconf 84' lang='lat' dir='ltr'>animalia</span> <span class='ocrx_word' id='word_1_169' title='bbox 2070 2439 2211 2493; x_wconf 88' lang='lat' dir='ltr'>sub-</span> 
     </span>
    </p>
   </div>
   <div class='ocr_carea' id='block_1_24' title="bbox 539 2524 2214 2597">
    <p class='ocr_par' dir='ltr' id='par_1_24' title="bbox 539 2524 2214 2597">
     <span class='ocr_line' id='line_1_24' title="bbox 539 2524 2214 2597; baseline 0.001 -17"><span class='ocrx_word' id='word_1_170' title='bbox 539 2524 692 2597; x_wconf 83' lang='lat' dir='ltr'>jicit,</span> <span class='ocrx_word' id='word_1_171' title='bbox 735 2528 951 2579; x_wconf 83' lang='lat' dir='ltr'>tantam</span> <span class='ocrx_word' id='word_1_172' title='bbox 990 2526 1226 2580; x_wconf 73' lang='lat' dir='ltr'>caeteris</span> <span class='ocrx_word' id='word_1_173' title='bbox 1265 2527 1702 2582; x_wconf 88' lang='lat' dir='ltr'>venerationem</span> <span class='ocrx_word' id='word_1_174' title='bbox 1743 2528 1835 2581; x_wconf 88' lang='lat' dir='ltr'>sui</span> <span class='ocrx_word' id='word_1_175' title='bbox 1878 2525 2109 2596; x_wconf 81' lang='lat' dir='ltr'>infudit,</span> <span class='ocrx_word' id='word_1_176' title='bbox 2152 2530 2214 2581; x_wconf 91' lang='lat' dir='ltr'>ut</span> 
     </span>
    </p>
   </div>
   <div class='ocr_carea' id='block_1_25' title="bbox 549 2614 2211 2686">
    <p class='ocr_par' dir='ltr' id='par_1_25' title="bbox 549 2614 2211 2686">
     <span class='ocr_line' id='line_1_25' title="bbox 549 2614 2211 2686; baseline 0 -16"><span class='ocrx_word' id='word_1_177' title='bbox 549 2614 816 2670; x_wconf 87' lang='lat' dir='ltr'>certatim</span> <span class='ocrx_word' id='word_1_178' title='bbox 836 2614 1008 2684; x_wconf 87' lang='lat' dir='ltr'>quasi</span> <span class='ocrx_word' id='word_1_179' title='bbox 1022 2614 1149 2684; x_wconf 86' lang='lat' dir='ltr'>regi</span> <span class='ocrx_word' id='word_1_180' title='bbox 1164 2615 1458 2683; x_wconf 80' lang='lat' dir='ltr'>obedient,</span> <span class='ocrx_word' id='word_1_181' title='bbox 1479 2617 1608 2670; x_wconf 88' lang='lat' dir='ltr'>voci</span> <span class='ocrx_word' id='word_1_182' title='bbox 1625 2615 1677 2686; x_wconf 97' lang='lat' dir='ltr'>ej</span> <span class='ocrx_word' id='word_1_183' title='bbox 1689 2632 1758 2669; x_wconf 91' lang='lat' dir='ltr'>us</span> <span class='ocrx_word' id='word_1_184' title='bbox 1773 2616 2211 2683; x_wconf 80' lang='lat' dir='ltr'>obsecundant;</span> 
     </span>
    </p>
   </div>
   <div class='ocr_carea' id='block_1_26' title="bbox 547 2701 2213 2776">
    <p class='ocr_par' dir='ltr' id='par_1_26' title="bbox 547 2701 2213 2776">
     <span class='ocr_line' id='line_1_26' title="bbox 547 2701 2213 2776; baseline -0.001 -17"><span class='ocrx_word' id='word_1_185' title='bbox 547 2705 768 2760; x_wconf 88' lang='lat' dir='ltr'>etcum</span> <span class='ocrx_word' id='word_1_186' title='bbox 813 2704 935 2757; x_wconf 90' lang='lat' dir='ltr'>sint</span> <span class='ocrx_word' id='word_1_187' title='bbox 981 2701 1425 2772; x_wconf 80' lang='lat' dir='ltr'>irrationabilia,</span> <span class='ocrx_word' id='word_1_188' title='bbox 1462 2704 1748 2759; x_wconf 88' lang='lat' dir='ltr'>rationem</span> <span class='ocrx_word' id='word_1_189' title='bbox 1786 2708 2118 2776; x_wconf 79' lang='lat' dir='ltr'>agnoscant</span> <span class='ocrx_word' id='word_1_190' title='bbox 2156 2709 2213 2759; x_wconf 91' lang='lat' dir='ltr'>et</span> 
     </span>
    </p>
   </div>
   <div class='ocr_carea' id='block_1_27' title="bbox 532 2792 2211 2864">
    <p class='ocr_par' dir='ltr' id='par_1_27' title="bbox 532 2792 2211 2864">
     <span class='ocr_line' id='line_1_27' title="bbox 532 2792 2211 2864; baseline -0.001 -15"><span class='ocrx_word' id='word_1_191' title='bbox 532 2792 924 2861; x_wconf 74' lang='lat' dir='ltr'>disciplinam</span> <span class='ocrx_word' id='word_1_192' title='bbox 956 2808 1084 2846; x_wconf 90' lang='lat' dir='ltr'>eam</span> <span class='ocrx_word' id='word_1_193' title='bbox 1115 2792 1451 2862; x_wconf 80' lang='lat' dir='ltr'>imprimunt</span> <span class='ocrx_word' id='word_1_194' title='bbox 1480 2793 1611 2862; x_wconf 79' lang='lat' dir='ltr'>(l7),</span> <span class='ocrx_word' id='word_1_195' title='bbox 1644 2810 1819 2864; x_wconf 87' lang='lat' dir='ltr'>quam</span> <span class='ocrx_word' id='word_1_196' title='bbox 1857 2797 2061 2848; x_wconf 90' lang='lat' dir='ltr'>natura</span> <span class='ocrx_word' id='word_1_197' title='bbox 2094 2809 2211 2849; x_wconf 92' lang='lat' dir='ltr'>non</span> 
     </span>
    </p>
   </div>
   <div class='ocr_carea' id='block_1_28' title="bbox 548 2880 2209 2953">
    <p class='ocr_par' dir='ltr' id='par_1_28' title="bbox 548 2880 2209 2953">
     <span class='ocr_line' id='line_1_28' title="bbox 548 2880 2209 2953; baseline 0.001 -18"><span class='ocrx_word' id='word_1_198' title='bbox 548 2880 770 2935; x_wconf 86' lang='lat' dir='ltr'>tribuit.</span> <span class='ocrx_word' id='word_1_199' title='bbox 798 2881 1061 2950; x_wconf 79' lang='lat' dir='ltr'>Denique</span> <span class='ocrx_word' id='word_1_200' title='bbox 1080 2881 1349 2935; x_wconf 80' lang='lat' dir='ltr'>videntes</span> <span class='ocrx_word' id='word_1_201' title='bbox 1364 2881 1504 2936; x_wconf 83' lang='lat' dir='ltr'>ferae</span> <span class='ocrx_word' id='word_1_202' title='bbox 1524 2882 1658 2953; x_wconf 90' lang='lat' dir='ltr'>ejus</span> <span class='ocrx_word' id='word_1_203' title='bbox 1676 2883 2209 2953; x_wconf 84' lang='lat' dir='ltr'>mansuetudinem,</span> 
     </span>
    </p>
   </div>
   <div class='ocr_carea' id='block_1_29' title="bbox 547 2963 2211 3042">
    <p class='ocr_par' dir='ltr' id='par_1_29' title="bbox 547 2963 2211 3042">
     <span class='ocr_line' id='line_1_29' title="bbox 547 2963 2211 3042; baseline 0.001 -16"><span class='ocrx_word' id='word_1_204' title='bbox 547 2968 682 3041; x_wconf 90' lang='lat' dir='ltr'>ejus</span> <span class='ocrx_word' id='word_1_205' title='bbox 715 2969 959 3041; x_wconf 85' lang='lat' dir='ltr'>imperio</span> <span class='ocrx_word' id='word_1_206' title='bbox 1002 2963 1146 3026; x_wconf 87' lang='lat'><strong>975</strong></span> <span class='ocrx_word' id='word_1_207' title='bbox 1197 2976 1640 3027; x_wconf 88' lang='lat' dir='ltr'>mansuescunt.</span> <span class='ocrx_word' id='word_1_208' title='bbox 1677 2972 1847 3042; x_wconf 65' lang='lat' dir='ltr'>Saepe</span> <span class='ocrx_word' id='word_1_209' title='bbox 1876 2973 2211 3042; x_wconf 85' lang='lat' dir='ltr'>suspende-</span> 
     </span>
    </p>
   </div>
   <div class='ocr_carea' id='block_1_30' title="bbox 548 3061 2210 3129">
    <p class='ocr_par' dir='ltr' id='par_1_30' title="bbox 548 3061 2210 3129">
     <span class='ocr_line' id='line_1_30' title="bbox 548 3061 2210 3129; baseline 0.002 -16"><span class='ocrx_word' id='word_1_210' title='bbox 548 3061 685 3114; x_wconf 87' lang='lat' dir='ltr'>runt</span> <span class='ocrx_word' id='word_1_211' title='bbox 713 3074 953 3114; x_wconf 88' lang='lat' dir='ltr'>morsus</span> <span class='ocrx_word' id='word_1_212' title='bbox 984 3076 1152 3129; x_wconf 89' lang='lat' dir='ltr'>suos,</span> <span class='ocrx_word' id='word_1_213' title='bbox 1188 3064 1504 3117; x_wconf 88' lang='lat' dir='ltr'>revocante</span> <span class='ocrx_word' id='word_1_214' title='bbox 1535 3077 1685 3117; x_wconf 91' lang='lat' dir='ltr'>sono</span> <span class='ocrx_word' id='word_1_215' title='bbox 1717 3062 1882 3118; x_wconf 86' lang='lat' dir='ltr'>vocis</span> <span class='ocrx_word' id='word_1_216' title='bbox 1914 3062 2210 3117; x_wconf 65' lang='lat' dir='ltr'>humanas.</span> 
     </span>
    </p>
   </div>
   <div class='ocr_carea' id='block_1_31' title="bbox 548 3147 2211 3221">
    <p class='ocr_par' dir='ltr' id='par_1_31' title="bbox 548 3147 2211 3221">
     <span class='ocr_line' id='line_1_31' title="bbox 548 3147 2211 3221; baseline 0.003 -20"><span class='ocrx_word' id='word_1_217' title='bbox 548 3147 831 3204; x_wconf 85' lang='lat' dir='ltr'>Videmus</span> <span class='ocrx_word' id='word_1_218' title='bbox 863 3148 1105 3204; x_wconf 88' lang='lat' dir='ltr'>innoxio</span> <span class='ocrx_word' id='word_1_219' title='bbox 1130 3166 1341 3209; x_wconf 89' lang='lat' dir='ltr'>canum</span> <span class='ocrx_word' id='word_1_220' title='bbox 1363 3150 1537 3207; x_wconf 88' lang='lat' dir='ltr'>dente</span> <span class='ocrx_word' id='word_1_221' title='bbox 1558 3151 1796 3221; x_wconf 89' lang='lat' dir='ltr'>lepores</span> <span class='ocrx_word' id='word_1_222' title='bbox 1817 3152 1947 3207; x_wconf 90' lang='lat' dir='ltr'>sine</span> <span class='ocrx_word' id='word_1_223' title='bbox 1966 3150 2211 3206; x_wconf 89' lang='lat' dir='ltr'>vulnere</span> 
     </span>
    </p>
   </div>
   <div class='ocr_carea' id='block_1_32' title="bbox 547 3238 2214 3310">
    <p class='ocr_par' dir='ltr' id='par_1_32' title="bbox 547 3238 2214 3310">
     <span class='ocr_line' id='line_1_32' title="bbox 547 3238 2214 3310; baseline 0.001 -19"><span class='ocrx_word' id='word_1_224' title='bbox 547 3238 694 3307; x_wconf 89' lang='lat' dir='ltr'>capi,</span> <span class='ocrx_word' id='word_1_225' title='bbox 728 3238 932 3293; x_wconf 88' lang='lat' dir='ltr'>leones</span> <span class='ocrx_word' id='word_1_226' title='bbox 965 3254 1200 3310; x_wconf 86' lang='lat' dir='ltr'>quoque</span> <span class='ocrx_word' id='word_1_227' title='bbox 1231 3238 1419 3309; x_wconf 89' lang='lat' dir='ltr'>ipsos,</span> <span class='ocrx_word' id='word_1_228' title='bbox 1455 3240 1509 3294; x_wconf 90' lang='lat' dir='ltr'>si</span> <span class='ocrx_word' id='word_1_229' title='bbox 1540 3257 1653 3294; x_wconf 80' lang='lat' dir='ltr'>vox</span> <span class='ocrx_word' id='word_1_230' title='bbox 1686 3239 1943 3294; x_wconf 87' lang='lat' dir='ltr'>hominis</span> <span class='ocrx_word' id='word_1_231' title='bbox 1965 3240 2214 3296; x_wconf 86' lang='lat' dir='ltr'>resulta-</span> 
     </span>
    </p>
   </div>
   <div class='ocr_carea' id='block_1_33' title="bbox 543 3324 3931 3415">
    <p class='ocr_par' dir='ltr' id='par_1_33' title="bbox 543 3324 3931 3415">
     <span class='ocr_line' id='line_1_33' title="bbox 543 3324 3931 3415; baseline -0.001 -37"><span class='ocrx_word' id='word_1_232' title='bbox 543 3328 714 3395; x_wconf 89' lang='lat' dir='ltr'>verit,</span> <span class='ocrx_word' id='word_1_233' title='bbox 738 3326 996 3396; x_wconf 83' lang='lat' dir='ltr'>praedam</span> <span class='ocrx_word' id='word_1_234' title='bbox 1019 3327 1337 3383; x_wconf 86' lang='lat' dir='ltr'>dimittere:</span> <span class='ocrx_word' id='word_1_235' title='bbox 1373 3329 1591 3399; x_wconf 88' lang='lat' dir='ltr'>pardos</span> <span class='ocrx_word' id='word_1_236' title='bbox 1610 3332 1783 3400; x_wconf 87' lang='lat' dir='ltr'>atque</span> <span class='ocrx_word' id='word_1_237' title='bbox 1807 3343 1984 3384; x_wconf 88' lang='lat' dir='ltr'>ursos</span> <span class='ocrx_word' id='word_1_238' title='bbox 2008 3329 2213 3383; x_wconf 89' lang='lat' dir='ltr'>incita-</span> <span class='ocrx_word' id='word_1_239' title='bbox 2241 3324 2288 3348; x_wconf 56' lang='grc' dir='ltr'><strong>ν</strong></span> <span class='ocrx_word' id='word_1_240' title='bbox 2325 3332 2419 3383; x_wconf 87' lang='lat' dir='ltr'>tor</span> <span class='ocrx_word' id='word_1_241' title='bbox 2445 3328 2746 3400; x_wconf 84' lang='lat' dir='ltr'>profundi,</span> <span class='ocrx_word' id='word_1_242' title='bbox 2778 3329 3041 3400; x_wconf 86' lang='lat' dir='ltr'>piscator</span> <span class='ocrx_word' id='word_1_243' title='bbox 3060 3330 3118 3383; x_wconf 91' lang='lat' dir='ltr'>in</span> <span class='ocrx_word' id='word_1_244' title='bbox 3148 3329 3452 3397; x_wconf 84' lang='lat' dir='ltr'>ﬂuctibus,</span> <span class='ocrx_word' id='word_1_245' title='bbox 3488 3328 3545 3382; x_wconf 90' lang='lat' dir='ltr'>in</span> <span class='ocrx_word' id='word_1_246' title='bbox 3572 3340 3694 3380; x_wconf 87' lang='lat' dir='ltr'>aere</span> <span class='ocrx_word' id='word_1_247' title='bbox 3717 3333 3877 3415; x_wconf 60' lang='lat' dir='ltr'>auceps,</span> <span class='ocrx_word' id='word_1_248' title='bbox 3930 3324 3931 3415; x_wconf 42' lang='grc' dir='ltr'>ξ</span> 
     </span>
    </p>
   </div>
   <div class='ocr_carea' id='block_1_34' title="bbox 2322 3407 3931 3489">
    <p class='ocr_par' dir='ltr' id='par_1_34' title="bbox 2322 3407 3931 3489">
     <span class='ocr_line' id='line_1_34' title="bbox 2322 3407 3931 3489; baseline 0 -17"><span class='ocrx_word' id='word_1_249' title='bbox 2322 3419 2385 3472; x_wconf 90' lang='lat' dir='ltr'>in</span> <span class='ocrx_word' id='word_1_250' title='bbox 2428 3418 2580 3473; x_wconf 83' lang='lat' dir='ltr'>ccelo</span> <span class='ocrx_word' id='word_1_251' title='bbox 2628 3418 2845 3489; x_wconf 79' lang='lat' dir='ltr'>haeres,</span> <span class='ocrx_word' id='word_1_252' title='bbox 2894 3418 3117 3473; x_wconf 88' lang='lat' dir='ltr'>Christi</span> <span class='ocrx_word' id='word_1_253' title='bbox 3164 3419 3439 3474; x_wconf 62' lang='lat' dir='ltr'>eohmres</span> <span class='ocrx_word' id='word_1_254' title='bbox 3487 3417 3784 3486; x_wconf 64' lang='lat'>(30112.71&quot;,</span> <span class='ocrx_word' id='word_1_255' title='bbox 3815 3407 3879 3471; x_wconf 75' lang='lat' dir='ltr'>t&#39;tl-</span> 
     </span>
    </p>
   </div>
   <div class='ocr_carea' id='block_1_35' title="bbox 545 3416 2211 3488">
    <p class='ocr_par' dir='ltr' id='par_1_35' title="bbox 545 3416 2211 3488">
     <span class='ocr_line' id='line_1_35' title="bbox 545 3416 2211 3488; baseline 0.001 -18"><span class='ocrx_word' id='word_1_256' title='bbox 545 3416 596 3470; x_wconf 85' lang='lat' dir='ltr'>ri</span> <span class='ocrx_word' id='word_1_257' title='bbox 617 3431 687 3470; x_wconf 90' lang='lat' dir='ltr'>ac</span> <span class='ocrx_word' id='word_1_258' title='bbox 705 3417 970 3471; x_wconf 87' lang='lat' dir='ltr'>revocari</span> <span class='ocrx_word' id='word_1_259' title='bbox 994 3417 1106 3483; x_wconf 95' lang='grc'>(18)</span> <span class='ocrx_word' id='word_1_260' title='bbox 1130 3418 1381 3472; x_wconf 84' lang='lat' dir='ltr'>vocibus</span> <span class='ocrx_word' id='word_1_261' title='bbox 1408 3433 1419 3472; x_wconf 91' lang='lat'>:</span> <span class='ocrx_word' id='word_1_262' title='bbox 1454 3433 1644 3488; x_wconf 88' lang='lat' dir='ltr'>equos</span> <span class='ocrx_word' id='word_1_263' title='bbox 1666 3418 1878 3488; x_wconf 89' lang='lat' dir='ltr'>plausu</span> <span class='ocrx_word' id='word_1_264' title='bbox 1908 3418 2211 3473; x_wconf 82' lang='lat' dir='ltr'>hominum</span> 
     </span>
    </p>
   </div>
   <div class='ocr_carea' id='block_1_36' title="bbox 547 3504 2212 3578">
    <p class='ocr_par' dir='ltr' id='par_1_36' title="bbox 547 3504 2212 3578">
     <span class='ocr_line' id='line_1_36' title="bbox 547 3504 2212 3578; baseline 0.001 -19"><span class='ocrx_word' id='word_1_265' title='bbox 547 3504 822 3573; x_wconf 87' lang='lat' dir='ltr'>fremere,</span> <span class='ocrx_word' id='word_1_266' title='bbox 875 3506 1112 3562; x_wconf 89' lang='lat' dir='ltr'>silentio</span> <span class='ocrx_word' id='word_1_267' title='bbox 1162 3507 1391 3562; x_wconf 90' lang='lat' dir='ltr'>mollire</span> <span class='ocrx_word' id='word_1_268' title='bbox 1436 3522 1700 3574; x_wconf 91' lang='lat' dir='ltr'>cursum,</span> <span class='ocrx_word' id='word_1_269' title='bbox 1746 3507 2001 3578; x_wconf 90' lang='lat' dir='ltr'>denique</span> <span class='ocrx_word' id='word_1_270' title='bbox 2049 3522 2212 3577; x_wconf 65' lang='lat' dir='ltr'>saepe</span> 
     </span>
    </p>
   </div>
   <div class='ocr_carea' id='block_1_37' title="bbox 548 3594 2213 3667">
    <p class='ocr_par' dir='ltr' id='par_1_37' title="bbox 548 3594 2213 3667">
     <span class='ocr_line' id='line_1_37' title="bbox 548 3594 2213 3667; baseline 0.002 -20"><span class='ocrx_word' id='word_1_271' title='bbox 548 3594 677 3648; x_wconf 85' lang='lat' dir='ltr'>sine</span> <span class='ocrx_word' id='word_1_272' title='bbox 708 3594 958 3650; x_wconf 84' lang='lat' dir='ltr'>verbere</span> <span class='ocrx_word' id='word_1_273' title='bbox 988 3599 1348 3665; x_wconf 71' lang='lat' dir='ltr'>praetereunt</span> <span class='ocrx_word' id='word_1_274' title='bbox 1378 3596 1747 3667; x_wconf 85' lang='lat' dir='ltr'>verberatos,</span> <span class='ocrx_word' id='word_1_275' title='bbox 1783 3596 1860 3650; x_wconf 90' lang='lat' dir='ltr'>ita</span> <span class='ocrx_word' id='word_1_276' title='bbox 1891 3596 2213 3651; x_wconf 87' lang='lat' dir='ltr'>vehemen-</span> 
     </span>
    </p>
   </div>
   <div class='ocr_carea' id='block_1_38' title="bbox 546 3683 1694 3758">
    <p class='ocr_par' dir='ltr' id='par_1_38' title="bbox 546 3683 1694 3758">
     <span class='ocr_line' id='line_1_38' title="bbox 546 3683 1694 3758; baseline -0.001 -19"><span class='ocrx_word' id='word_1_277' title='bbox 546 3684 664 3739; x_wconf 88' lang='lat' dir='ltr'>tius</span> <span class='ocrx_word' id='word_1_278' title='bbox 696 3683 857 3740; x_wconf 88' lang='lat' dir='ltr'>illios</span> <span class='ocrx_word' id='word_1_279' title='bbox 891 3684 1093 3739; x_wconf 82' lang='lat' dir='ltr'>incitat</span> <span class='ocrx_word' id='word_1_280' title='bbox 1119 3685 1341 3756; x_wconf 80' lang='lat' dir='ltr'>linguae</span> <span class='ocrx_word' id='word_1_281' title='bbox 1374 3686 1694 3758; x_wconf 81' lang='lat' dir='ltr'>ﬂagellum.</span> 
     </span>
    </p>
   </div>
   <div class='ocr_carea' id='block_1_39' title="bbox 619 3772 2213 3845">
    <p class='ocr_par' dir='ltr' id='par_1_39' title="bbox 619 3772 2213 3845">
     <span class='ocr_line' id='line_1_39' title="bbox 619 3772 2213 3845; baseline 0.002 -19"><span class='ocrx_word' id='word_1_282' title='bbox 619 3772 707 3828; x_wconf 76' lang='grc'>17.</span> <span class='ocrx_word' id='word_1_283' title='bbox 739 3772 890 3838; x_wconf 87' lang='lat' dir='ltr'>Quid</span> <span class='ocrx_word' id='word_1_284' title='bbox 921 3789 1063 3829; x_wconf 90' lang='lat' dir='ltr'>vero</span> <span class='ocrx_word' id='word_1_285' title='bbox 1087 3774 1159 3828; x_wconf 92' lang='lat' dir='ltr'>de</span> <span class='ocrx_word' id='word_1_286' title='bbox 1178 3774 1525 3829; x_wconf 88' lang='lat' dir='ltr'>muneribus</span> <span class='ocrx_word' id='word_1_287' title='bbox 1546 3775 1756 3845; x_wconf 89' lang='lat' dir='ltr'>loquar</span> <span class='ocrx_word' id='word_1_288' title='bbox 1774 3775 1801 3829; x_wconf 67' lang='grc' dir='ltr'>ἲ)</span> <span class='ocrx_word' id='word_1_289' title='bbox 1833 3774 2027 3828; x_wconf 88' lang='lat' dir='ltr'>Nutrit</span> <span class='ocrx_word' id='word_1_290' title='bbox 2055 3774 2213 3830; x_wconf 87' lang='lat' dir='ltr'>aries</span> 
     </span>
    </p>
   </div>
   <div class='ocr_carea' id='block_1_40' title="bbox 546 3861 2216 3935">
    <p class='ocr_par' dir='ltr' id='par_1_40' title="bbox 546 3861 2216 3935">
     <span class='ocr_line' id='line_1_40' title="bbox 546 3861 2216 3935; baseline 0.002 -21"><span class='ocrx_word' id='word_1_291' title='bbox 546 3861 790 3932; x_wconf 89' lang='lat' dir='ltr'>vellera,</span> <span class='ocrx_word' id='word_1_292' title='bbox 825 3865 888 3916; x_wconf 90' lang='lat' dir='ltr'>ut</span> <span class='ocrx_word' id='word_1_293' title='bbox 915 3862 1143 3932; x_wconf 86' lang='lat' dir='ltr'>placeat</span> <span class='ocrx_word' id='word_1_294' title='bbox 1171 3862 1433 3918; x_wconf 89' lang='lat' dir='ltr'>homini:</span> <span class='ocrx_word' id='word_1_295' title='bbox 1475 3866 1649 3935; x_wconf 87' lang='lat' dir='ltr'>atque</span> <span class='ocrx_word' id='word_1_296' title='bbox 1682 3864 1740 3917; x_wconf 90' lang='lat' dir='ltr'>in</span> <span class='ocrx_word' id='word_1_297' title='bbox 1774 3863 1954 3918; x_wconf 83' lang='lat' dir='ltr'>fluvio</span> <span class='ocrx_word' id='word_1_298' title='bbox 1986 3878 2216 3917; x_wconf 88' lang='lat' dir='ltr'>mersa-</span> 
     </span>
    </p>
   </div>
   <div class='ocr_carea' id='block_1_41' title="bbox 548 3951 2213 4024">
    <p class='ocr_par' dir='ltr' id='par_1_41' title="bbox 548 3951 2213 4024">
     <span class='ocr_line' id='line_1_41' title="bbox 548 3951 2213 4024; baseline 0.002 -22"><span class='ocrx_word' id='word_1_299' title='bbox 548 3952 661 4018; x_wconf 89' lang='lat' dir='ltr'>tur,</span> <span class='ocrx_word' id='word_1_300' title='bbox 694 3952 757 4004; x_wconf 91' lang='lat' dir='ltr'>ut</span> <span class='ocrx_word' id='word_1_301' title='bbox 785 3951 1035 4006; x_wconf 88' lang='lat' dir='ltr'>nitorem</span> <span class='ocrx_word' id='word_1_302' title='bbox 1074 3954 1308 4024; x_wconf 81' lang='lat' dir='ltr'>augeat.</span> <span class='ocrx_word' id='word_1_303' title='bbox 1343 3952 1499 4008; x_wconf 90' lang='lat' dir='ltr'>Oves</span> <span class='ocrx_word' id='word_1_304' title='bbox 1537 3968 1774 4023; x_wconf 90' lang='lat' dir='ltr'>quoque</span> <span class='ocrx_word' id='word_1_305' title='bbox 1819 3952 2058 4007; x_wconf 88' lang='lat' dir='ltr'>meliora</span> <span class='ocrx_word' id='word_1_306' title='bbox 2108 3968 2213 4022; x_wconf 92' lang='lat' dir='ltr'>pa-</span> 
     </span>
    </p>
   </div>
   <div class='ocr_carea' id='block_1_42' title="bbox 545 4036 2215 4109">
    <p class='ocr_par' dir='ltr' id='par_1_42' title="bbox 545 4036 2215 4109">
     <span class='ocr_line' id='line_1_42' title="bbox 545 4036 2215 4109; baseline 0.002 -18"><span class='ocrx_word' id='word_1_307' title='bbox 545 4036 685 4092; x_wconf 88' lang='lat' dir='ltr'>bula</span> <span class='ocrx_word' id='word_1_308' title='bbox 714 4038 937 4109; x_wconf 87' lang='lat' dir='ltr'>legunt,</span> <span class='ocrx_word' id='word_1_309' title='bbox 962 4045 1025 4093; x_wconf 92' lang='lat' dir='ltr'>ut</span> <span class='ocrx_word' id='word_1_310' title='bbox 1046 4040 1323 4095; x_wconf 89' lang='lat' dir='ltr'>suaviore</span> <span class='ocrx_word' id='word_1_311' title='bbox 1348 4056 1530 4096; x_wconf 90' lang='lat' dir='ltr'>succo</span> <span class='ocrx_word' id='word_1_312' title='bbox 1553 4040 1721 4095; x_wconf 89' lang='lat' dir='ltr'>lactis</span> <span class='ocrx_word' id='word_1_313' title='bbox 1747 4040 1858 4094; x_wconf 79' lang='lat' dir='ltr'>feta</span> <span class='ocrx_word' id='word_1_314' title='bbox 1877 4041 2215 4096; x_wconf 88' lang='lat' dir='ltr'>distendant</span> 
     </span>
    </p>
   </div>
   <div class='ocr_carea' id='block_1_43' title="bbox 545 4126 2217 4199">
    <p class='ocr_par' dir='ltr' id='par_1_43' title="bbox 545 4126 2217 4199">
     <span class='ocr_line' id='line_1_43' title="bbox 545 4126 2217 4199; baseline 0.002 -18"><span class='ocrx_word' id='word_1_315' title='bbox 545 4126 765 4182; x_wconf 88' lang='lat' dir='ltr'>ubera:</span> <span class='ocrx_word' id='word_1_316' title='bbox 800 4128 1059 4182; x_wconf 90' lang='lat' dir='ltr'>subeunt</span> <span class='ocrx_word' id='word_1_317' title='bbox 1088 4133 1291 4199; x_wconf 82' lang='lat' dir='ltr'>partus</span> <span class='ocrx_word' id='word_1_318' title='bbox 1323 4128 1584 4197; x_wconf 89' lang='lat' dir='ltr'>dolores,</span> <span class='ocrx_word' id='word_1_319' title='bbox 1622 4133 1683 4183; x_wconf 89' lang='lat' dir='ltr'>ut</span> <span class='ocrx_word' id='word_1_320' title='bbox 1717 4130 1935 4184; x_wconf 83' lang='lat' dir='ltr'>homini</span> <span class='ocrx_word' id='word_1_321' title='bbox 1961 4147 2069 4184; x_wconf 86' lang='lat' dir='ltr'>sua</span> <span class='ocrx_word' id='word_1_322' title='bbox 2097 4146 2217 4185; x_wconf 91' lang='lat' dir='ltr'>mu-</span> 
     </span>
    </p>
   </div>
   <div class='ocr_carea' id='block_1_44' title="bbox 546 4216 2211 4289">
    <p class='ocr_par' dir='ltr' id='par_1_44' title="bbox 546 4216 2211 4289">
     <span class='ocr_line' id='line_1_44' title="bbox 546 4216 2211 4289; baseline 0.001 -18"><span class='ocrx_word' id='word_1_323' title='bbox 546 4231 689 4272; x_wconf 89' lang='lat' dir='ltr'>nera</span> <span class='ocrx_word' id='word_1_324' title='bbox 720 4216 928 4272; x_wconf 89' lang='lat' dir='ltr'>ferant.</span> <span class='ocrx_word' id='word_1_325' title='bbox 964 4216 1139 4272; x_wconf 88' lang='lat' dir='ltr'>Tauri</span> <span class='ocrx_word' id='word_1_326' title='bbox 1171 4218 1459 4287; x_wconf 90' lang='lat' dir='ltr'>depresso</span> <span class='ocrx_word' id='word_1_327' title='bbox 1490 4219 1679 4273; x_wconf 89' lang='lat' dir='ltr'>sulcis</span> <span class='ocrx_word' id='word_1_328' title='bbox 1710 4234 1816 4289; x_wconf 88' lang='lat' dir='ltr'>per</span> <span class='ocrx_word' id='word_1_329' title='bbox 1845 4221 2025 4274; x_wconf 90' lang='lat' dir='ltr'>totum</span> <span class='ocrx_word' id='word_1_330' title='bbox 2057 4219 2211 4273; x_wconf 90' lang='lat' dir='ltr'>diem</span> 
     </span>
    </p>
   </div>
   <div class='ocr_carea' id='block_1_45' title="bbox 548 4306 2215 4378">
    <p class='ocr_par' dir='ltr' id='par_1_45' title="bbox 548 4306 2215 4378">
     <span class='ocr_line' id='line_1_45' title="bbox 548 4306 2215 4378; baseline 0.001 -16"><span class='ocrx_word' id='word_1_331' title='bbox 548 4308 742 4362; x_wconf 84' lang='lat' dir='ltr'>aratro</span> <span class='ocrx_word' id='word_1_332' title='bbox 774 4310 1019 4378; x_wconf 79' lang='lat' dir='ltr'>gemunt</span> <span class='ocrx_word' id='word_1_333' title='bbox 1047 4307 1180 4378; x_wconf 92' lang='grc'>(19).</span> <span class='ocrx_word' id='word_1_334' title='bbox 1214 4306 1434 4362; x_wconf 69' lang='lat' dir='ltr'>(lauieli</span> <span class='ocrx_word' id='word_1_335' title='bbox 1454 4311 1668 4377; x_wconf 63' lang='lat' dir='ltr'>praeter</span> <span class='ocrx_word' id='word_1_336' title='bbox 1690 4308 1989 4363; x_wconf 85' lang='lat' dir='ltr'>subeundi</span> <span class='ocrx_word' id='word_1_337' title='bbox 2011 4309 2215 4363; x_wconf 88' lang='lat' dir='ltr'>oneris</span> 
     </span>
    </p>
   </div>
   <div class='ocr_carea' id='block_1_46' title="bbox 550 4395 2214 4468">
    <p class='ocr_par' dir='ltr' id='par_1_46' title="bbox 550 4395 2214 4468">
     <span class='ocr_line' id='line_1_46' title="bbox 550 4395 2214 4468; baseline 0 -17"><span class='ocrx_word' id='word_1_338' title='bbox 550 4396 862 4468; x_wconf 87' lang='lat' dir='ltr'>obsequia,</span> <span class='ocrx_word' id='word_1_339' title='bbox 895 4397 1228 4452; x_wconf 87' lang='lat' dir='ltr'>tondendos</span> <span class='ocrx_word' id='word_1_340' title='bbox 1258 4412 1326 4452; x_wconf 87' lang='lat' dir='ltr'>se</span> <span class='ocrx_word' id='word_1_341' title='bbox 1356 4395 1657 4465; x_wconf 82' lang='lat' dir='ltr'>exhibent,</span> <span class='ocrx_word' id='word_1_342' title='bbox 1696 4400 1756 4451; x_wconf 91' lang='lat' dir='ltr'>ut</span> <span class='ocrx_word' id='word_1_343' title='bbox 1794 4397 2047 4466; x_wconf 86' lang='lat' dir='ltr'>arietes;</span> <span class='ocrx_word' id='word_1_344' title='bbox 2097 4413 2214 4468; x_wconf 91' lang='lat' dir='ltr'>quo</span> 
     </span>
    </p>
   </div>
   <div class='ocr_carea' id='block_1_47' title="bbox 546 4484 2215 4559">
    <p class='ocr_par' dir='ltr' id='par_1_47' title="bbox 546 4484 2215 4559">
     <span class='ocr_line' id='line_1_47' title="bbox 546 4484 2215 4559; baseline 0.001 -21"><span class='ocrx_word' id='word_1_345' title='bbox 546 4484 709 4540; x_wconf 90' lang='lat' dir='ltr'>velut</span> <span class='ocrx_word' id='word_1_346' title='bbox 738 4486 865 4559; x_wconf 82' lang='lat' dir='ltr'>regi</span> <span class='ocrx_word' id='word_1_347' title='bbox 898 4486 1135 4539; x_wconf 89' lang='lat' dir='ltr'>diversa</span> <span class='ocrx_word' id='word_1_348' title='bbox 1166 4485 1440 4539; x_wconf 86' lang='lat' dir='ltr'>animalia</span> <span class='ocrx_word' id='word_1_349' title='bbox 1471 4485 1751 4539; x_wconf 88' lang='lat' dir='ltr'>tributum</span> <span class='ocrx_word' id='word_1_350' title='bbox 1800 4502 1973 4539; x_wconf 91' lang='lat' dir='ltr'>suum</span> <span class='ocrx_word' id='word_1_351' title='bbox 2007 4486 2215 4541; x_wconf 84' lang='lat' dir='ltr'>confe-</span> 
     </span>
    </p>
   </div>
   <div class='ocr_carea' id='block_1_48' title="bbox 546 4572 2215 4646">
    <p class='ocr_par' dir='ltr' id='par_1_48' title="bbox 546 4572 2215 4646">
     <span class='ocr_line' id='line_1_48' title="bbox 546 4572 2215 4646; baseline 0.001 -17"><span class='ocrx_word' id='word_1_352' title='bbox 546 4576 697 4644; x_wconf 79' lang='lat' dir='ltr'>rant,</span> <span class='ocrx_word' id='word_1_353' title='bbox 732 4574 1106 4646; x_wconf 77' lang='lat' dir='ltr'>pendentque</span> <span class='ocrx_word' id='word_1_354' title='bbox 1137 4574 1390 4645; x_wconf 84' lang='lat' dir='ltr'>vectigal</span> <span class='ocrx_word' id='word_1_355' title='bbox 1423 4589 1701 4628; x_wconf 88' lang='lat' dir='ltr'>annuum.</span> <span class='ocrx_word' id='word_1_356' title='bbox 1740 4572 1941 4645; x_wconf 80' lang='lat' dir='ltr'>Equus</span> <span class='ocrx_word' id='word_1_357' title='bbox 1962 4577 2117 4629; x_wconf 87' lang='lat' dir='ltr'>tanto</span> <span class='ocrx_word' id='word_1_358' title='bbox 2148 4590 2215 4630; x_wconf 89' lang='lat' dir='ltr'>se</span> 
     </span>
    </p>
   </div>
   <div class='ocr_carea' id='block_1_49' title="bbox 542 4660 2216 4736">
    <p class='ocr_par' dir='ltr' id='par_1_49' title="bbox 542 4660 2216 4736">
     <span class='ocr_line' id='line_1_49' title="bbox 542 4660 2216 4736; baseline 0.001 -20"><span class='ocrx_word' id='word_1_359' title='bbox 542 4660 777 4732; x_wconf 80' lang='lat' dir='ltr'>jactans</span> <span class='ocrx_word' id='word_1_360' title='bbox 792 4662 985 4736; x_wconf 89' lang='lat' dir='ltr'>equite</span> <span class='ocrx_word' id='word_1_361' title='bbox 1002 4664 1287 4736; x_wconf 82' lang='lat' dir='ltr'>glomerat</span> <span class='ocrx_word' id='word_1_362' title='bbox 1304 4678 1560 4734; x_wconf 89' lang='lat' dir='ltr'>gressus</span> <span class='ocrx_word' id='word_1_363' title='bbox 1577 4662 1874 4733; x_wconf 85' lang='lat' dir='ltr'>superbos</span> <span class='ocrx_word' id='word_1_364' title='bbox 1890 4663 2022 4733; x_wconf 69' lang='lat'>(:20),</span> <span class='ocrx_word' id='word_1_365' title='bbox 2040 4667 2216 4734; x_wconf 87' lang='lat' dir='ltr'>atque</span> 
     </span>
    </p>
   </div>
   <div class='ocr_carea' id='block_1_50' title="bbox 548 4752 2214 4825">
    <p class='ocr_par' dir='ltr' id='par_1_50' title="bbox 548 4752 2214 4825">
     <span class='ocr_line' id='line_1_50' title="bbox 548 4752 2214 4825; baseline 0.001 -20"><span class='ocrx_word' id='word_1_366' title='bbox 548 4753 624 4807; x_wconf 90' lang='lat' dir='ltr'>ad</span> <span class='ocrx_word' id='word_1_367' title='bbox 665 4752 886 4808; x_wconf 89' lang='lat' dir='ltr'>domini</span> <span class='ocrx_word' id='word_1_368' title='bbox 934 4768 1253 4809; x_wconf 89' lang='lat' dir='ltr'>ascensum</span> <span class='ocrx_word' id='word_1_369' title='bbox 1284 4752 1462 4809; x_wconf 89' lang='lat' dir='ltr'>dorsa</span> <span class='ocrx_word' id='word_1_370' title='bbox 1498 4753 1793 4823; x_wconf 84' lang='lat' dir='ltr'>sinuatus,</span> <span class='ocrx_word' id='word_1_371' title='bbox 1829 4752 1999 4808; x_wconf 91' lang='lat' dir='ltr'>herili</span> <span class='ocrx_word' id='word_1_372' title='bbox 2045 4756 2214 4825; x_wconf 78' lang='lat' dir='ltr'>terga</span> 
     </span>
    </p>
   </div>
   <div class='ocr_carea' id='block_1_51' title="bbox 627 4946 2214 5019">
    <p class='ocr_par' dir='ltr' id='par_1_51' title="bbox 627 4946 2214 5019">
     <span class='ocr_line' id='line_1_51' title="bbox 627 4946 2214 5019; baseline 0.002 -18"><span class='ocrx_word' id='word_1_373' title='bbox 627 4946 738 5019; x_wconf 79' lang='grc'>(15)</span> <span class='ocrx_word' id='word_1_374' title='bbox 757 4949 917 5003; x_wconf 78' lang='lat' dir='ltr'>&#39;Prat.</span> <span class='ocrx_word' id='word_1_375' title='bbox 951 4952 1008 5003; x_wconf 90' lang='lat' dir='ltr'>et</span> <span class='ocrx_word' id='word_1_376' title='bbox 1036 4950 1226 5019; x_wconf 89' lang='lat' dir='ltr'>Gem.,</span> <span class='ocrx_word' id='word_1_377' title='bbox 1254 4946 1510 5013; x_wconf 77' lang='grc' dir='ltr'>ἀπλανεῖς,</span> <span class='ocrx_word' id='word_1_378' title='bbox 1544 4948 1918 5005; x_wconf 73' lang='lat' dir='ltr'>Atlantides.</span> <span class='ocrx_word' id='word_1_379' title='bbox 1943 4947 2059 5004; x_wconf 85' lang='lat' dir='ltr'>Sed</span> <span class='ocrx_word' id='word_1_380' title='bbox 2084 4948 2214 5006; x_wconf 88' lang='lat' dir='ltr'>haec</span> 
     </span>
    </p>
   </div>
   <div class='ocr_carea' id='block_1_52' title="bbox 550 5016 2214 5092">
    <p class='ocr_par' dir='ltr' id='par_1_52' title="bbox 550 5016 2214 5092">
     <span class='ocr_line' id='line_1_52' title="bbox 550 5016 2214 5092; baseline 0.004 -22"><span class='ocrx_word' id='word_1_381' title='bbox 550 5016 766 5092; x_wconf 74' lang='lat' dir='ltr'>ultima</span> <span class='ocrx_word' id='word_1_382' title='bbox 783 5036 897 5074; x_wconf 83' lang='lat' dir='ltr'>vox</span> <span class='ocrx_word' id='word_1_383' title='bbox 928 5020 1135 5091; x_wconf 79' lang='lat' dir='ltr'>glossa</span> <span class='ocrx_word' id='word_1_384' title='bbox 1163 5016 1274 5084; x_wconf 84' lang='lat' dir='ltr'>est.</span> <span class='ocrx_word' id='word_1_385' title='bbox 1310 5037 1443 5092; x_wconf 65' lang='lat' dir='ltr'>quas</span> <span class='ocrx_word' id='word_1_386' title='bbox 1476 5023 1534 5077; x_wconf 91' lang='lat' dir='ltr'>in</span> <span class='ocrx_word' id='word_1_387' title='bbox 1565 5024 1763 5076; x_wconf 81' lang='lat' dir='ltr'>textus</span> <span class='ocrx_word' id='word_1_388' title='bbox 1809 5019 1982 5091; x_wconf 90' lang='lat' dir='ltr'>ejecti</span> <span class='ocrx_word' id='word_1_389' title='bbox 2016 5021 2214 5077; x_wconf 89' lang='lat' dir='ltr'>locum</span> 
     </span>
    </p>
   </div>
   <div class='ocr_carea' id='block_1_53' title="bbox 552 5089 2214 5162">
    <p class='ocr_par' dir='ltr' id='par_1_53' title="bbox 552 5089 2214 5162">
     <span class='ocr_line' id='line_1_53' title="bbox 552 5089 2214 5162; baseline 0.004 -21"><span class='ocrx_word' id='word_1_390' title='bbox 552 5089 796 5162; x_wconf 82' lang='lat' dir='ltr'>irrepsit</span> <span class='ocrx_word' id='word_1_391' title='bbox 820 5105 834 5157; x_wconf 72' lang='grc' dir='ltr'>ς</span> <span class='ocrx_word' id='word_1_392' title='bbox 866 5089 1117 5162; x_wconf 75' lang='lat' dir='ltr'>namque</span> <span class='ocrx_word' id='word_1_393' title='bbox 1139 5089 1394 5161; x_wconf 77' lang='lat' dir='ltr'>explicat</span> <span class='ocrx_word' id='word_1_394' title='bbox 1416 5093 1791 5159; x_wconf 84' lang='lat' dir='ltr'>Ambrosius,</span> <span class='ocrx_word' id='word_1_395' title='bbox 1820 5089 1925 5145; x_wconf 80' lang='lat' dir='ltr'>cur</span> <span class='ocrx_word' id='word_1_396' title='bbox 1941 5093 2214 5162; x_wconf 82' lang='lat' dir='ltr'>planetae,</span> 
     </span>
    </p>
   </div>
   <div class='ocr_carea' id='block_1_54' title="bbox 553 5159 2214 5234">
    <p class='ocr_par' dir='ltr' id='par_1_54' title="bbox 553 5159 2214 5234">
     <span class='ocr_line' id='line_1_54' title="bbox 553 5159 2214 5234; baseline 0.002 -20"><span class='ocrx_word' id='word_1_397' title='bbox 553 5159 612 5234; x_wconf 82' lang='lat' dir='ltr'>id</span> <span class='ocrx_word' id='word_1_398' title='bbox 644 5163 755 5234; x_wconf 80' lang='lat' dir='ltr'>est,</span> <span class='ocrx_word' id='word_1_399' title='bbox 790 5160 978 5234; x_wconf 83' lang='lat' dir='ltr'>stellae</span> <span class='ocrx_word' id='word_1_400' title='bbox 997 5159 1285 5231; x_wconf 72' lang='lat' dir='ltr'>erraticas,</span> <span class='ocrx_word' id='word_1_401' title='bbox 1306 5164 1531 5234; x_wconf 87' lang='lat' dir='ltr'>erroris</span> <span class='ocrx_word' id='word_1_402' title='bbox 1551 5168 1740 5217; x_wconf 88' lang='lat' dir='ltr'>tamen</span> <span class='ocrx_word' id='word_1_403' title='bbox 1762 5164 1880 5216; x_wconf 87' lang='lat' dir='ltr'>sint</span> <span class='ocrx_word' id='word_1_404' title='bbox 1902 5159 2214 5234; x_wconf 82' lang='lat' dir='ltr'>immunes,</span> 
     </span>
    </p>
   </div>
   <div class='ocr_carea' id='block_1_55' title="bbox 551 5231 2212 5303">
    <p class='ocr_par' dir='ltr' id='par_1_55' title="bbox 551 5231 2212 5303">
     <span class='ocr_line' id='line_1_55' title="bbox 551 5231 2212 5303; baseline 0.002 -19"><span class='ocrx_word' id='word_1_405' title='bbox 551 5231 827 5303; x_wconf 88' lang='lat' dir='ltr'>nimirum</span> <span class='ocrx_word' id='word_1_406' title='bbox 854 5232 997 5303; x_wconf 89' lang='lat' dir='ltr'>quia</span> <span class='ocrx_word' id='word_1_407' title='bbox 1027 5246 1232 5286; x_wconf 92' lang='lat' dir='ltr'>eorum</span> <span class='ocrx_word' id='word_1_408' title='bbox 1281 5233 1608 5288; x_wconf 76' lang='lat' dir='ltr'>inoﬂ&#39;ensus</span> <span class='ocrx_word' id='word_1_409' title='bbox 1653 5235 1939 5303; x_wconf 80' lang='lat' dir='ltr'>(pessime</span> <span class='ocrx_word' id='word_1_410' title='bbox 1971 5231 2212 5289; x_wconf 72' lang='lat' dir='ltr'>Amerb.</span> 
     </span>
    </p>
   </div>
   <div class='ocr_carea' id='block_1_56' title="bbox 555 5302 2214 5373">
    <p class='ocr_par' dir='ltr' id='par_1_56' title="bbox 555 5302 2214 5373">
     <span class='ocr_line' id='line_1_56' title="bbox 555 5302 2214 5373; baseline 0.004 -19"><span class='ocrx_word' id='word_1_411' title='bbox 555 5318 685 5357; x_wconf 91' lang='lat' dir='ltr'>cum</span> <span class='ocrx_word' id='word_1_412' title='bbox 718 5302 1021 5373; x_wconf 86' lang='lat' dir='ltr'>plerisque</span> <span class='ocrx_word' id='word_1_413' title='bbox 1067 5318 1238 5372; x_wconf 91' lang='lat' dir='ltr'>mss.,</span> <span class='ocrx_word' id='word_1_414' title='bbox 1276 5304 1567 5371; x_wconf 72' lang='lat' dir='ltr'>infensus;</span> <span class='ocrx_word' id='word_1_415' title='bbox 1602 5307 1703 5358; x_wconf 68' lang='lat' dir='ltr'>ille</span> <span class='ocrx_word' id='word_1_416' title='bbox 1748 5307 1828 5359; x_wconf 75' lang='lat' dir='ltr'>sit</span> <span class='ocrx_word' id='word_1_417' title='bbox 1877 5321 2055 5360; x_wconf 81' lang='lat' dir='ltr'>error</span> <span class='ocrx_word' id='word_1_418' title='bbox 2103 5310 2214 5360; x_wconf 90' lang='lat' dir='ltr'>etc.</span> 
     </span>
    </p>
   </div>
   <div class='ocr_carea' id='block_1_57' title="bbox 626 5373 2212 5447">
    <p class='ocr_par' dir='ltr' id='par_1_57' title="bbox 626 5373 2212 5447">
     <span class='ocr_line' id='line_1_57' title="bbox 626 5373 2212 5447; baseline 0 -17"><span class='ocrx_word' id='word_1_419' title='bbox 626 5373 915 5447; x_wconf 64' lang='lat' dir='ltr'>(iﬁlMss.</span> <span class='ocrx_word' id='word_1_420' title='bbox 950 5373 1191 5447; x_wconf 82' lang='lat' dir='ltr'>aliquot,</span> <span class='ocrx_word' id='word_1_421' title='bbox 1231 5397 1252 5421; x_wconf 84' lang='lat'><strong>«</strong></span> <span class='ocrx_word' id='word_1_422' title='bbox 1287 5391 1404 5445; x_wconf 86' lang='lat' dir='ltr'>quo</span> <span class='ocrx_word' id='word_1_423' title='bbox 1451 5376 1641 5447; x_wconf 81' lang='lat' dir='ltr'>magis</span> <span class='ocrx_word' id='word_1_424' title='bbox 1688 5379 1881 5430; x_wconf 87' lang='lat' dir='ltr'>omnia</span> <span class='ocrx_word' id='word_1_425' title='bbox 1913 5377 2152 5430; x_wconf 89' lang='lat' dir='ltr'>obeunt.</span> <span class='ocrx_word' id='word_1_426' title='bbox 2190 5399 2212 5423; x_wconf 83' lang='lat'><strong>»</strong></span> 
     </span>
    </p>
   </div>
   <div class='ocr_carea' id='block_1_58' title="bbox 626 5444 2214 5518">
    <p class='ocr_par' dir='ltr' id='par_1_58' title="bbox 626 5444 2214 5518">
     <span class='ocr_line' id='line_1_58' title="bbox 626 5444 2214 5518; baseline -0.001 -20"><span class='ocrx_word' id='word_1_427' title='bbox 626 5444 740 5518; x_wconf 79' lang='grc' dir='ltr'>(Π)</span> <span class='ocrx_word' id='word_1_428' title='bbox 760 5444 1160 5518; x_wconf 86' lang='lat' dir='ltr'>Mss.aliquot,</span> <span class='ocrx_word' id='word_1_429' title='bbox 1191 5467 1211 5494; x_wconf 79' lang='grc' dir='ltr'>α</span> <span class='ocrx_word' id='word_1_430' title='bbox 1240 5444 1630 5515; x_wconf 69' lang='grc' dir='ltr'>θιᾶίεοὶριίἱιθ</span> <span class='ocrx_word' id='word_1_431' title='bbox 1656 5462 1786 5500; x_wconf 90' lang='lat' dir='ltr'>eam</span> <span class='ocrx_word' id='word_1_432' title='bbox 1807 5448 2162 5518; x_wconf 78' lang='lat' dir='ltr'>imprimunt,</span> <span class='ocrx_word' id='word_1_433' title='bbox 2192 5466 2214 5496; x_wconf 73' lang='grc' dir='ltr'><strong><em>ι</em></strong></span> 
     </span>
    </p>
   </div>
   <div class='ocr_carea' id='block_1_59' title="bbox 557 5517 1105 5586">
    <p class='ocr_par' dir='ltr' id='par_1_59' title="bbox 557 5517 1105 5586">
     <span class='ocr_line' id='line_1_59' title="bbox 557 5517 1105 5586; baseline -0.004 -15"><span class='ocrx_word' id='word_1_434' title='bbox 557 5517 767 5586; x_wconf 88' lang='lat' dir='ltr'>supple</span> <span class='ocrx_word' id='word_1_435' title='bbox 800 5517 1105 5570; x_wconf 89' lang='lat' dir='ltr'>rationem.</span> 
     </span>
    </p>
   </div>
   <div class='ocr_carea' id='block_1_60' title="bbox 627 5587 2219 5656">
    <p class='ocr_par' dir='ltr' id='par_1_60' title="bbox 627 5587 2219 5656">
     <span class='ocr_line' id='line_1_60' title="bbox 627 5587 2219 5656; baseline 0.003 -15"><span class='ocrx_word' id='word_1_436' title='bbox 627 5588 739 5656; x_wconf 92' lang='grc'>(18)</span> <span class='ocrx_word' id='word_1_437' title='bbox 762 5587 1044 5642; x_wconf 89' lang='lat' dir='ltr'>Nonnulli</span> <span class='ocrx_word' id='word_1_438' title='bbox 1066 5603 1236 5655; x_wconf 89' lang='lat' dir='ltr'>mss.,</span> <span class='ocrx_word' id='word_1_439' title='bbox 1276 5610 1297 5634; x_wconf 78' lang='grc' dir='ltr'>ιι</span> <span class='ocrx_word' id='word_1_440' title='bbox 1324 5604 1392 5642; x_wconf 89' lang='lat' dir='ltr'>ac</span> <span class='ocrx_word' id='word_1_441' title='bbox 1411 5590 1677 5642; x_wconf 87' lang='lat' dir='ltr'>revocari</span> <span class='ocrx_word' id='word_1_442' title='bbox 1705 5605 1716 5643; x_wconf 76' lang='grc' dir='ltr'>ε</span> <span class='ocrx_word' id='word_1_443' title='bbox 1746 5589 1947 5643; x_wconf 92' lang='lat' dir='ltr'>vocari</span> <span class='ocrx_word' id='word_1_444' title='bbox 1967 5591 2219 5645; x_wconf 86' lang='lat' dir='ltr'>vocibus</span> 
     </span>
    </p>
   </div>
   <div class='ocr_carea' id='block_1_61' title="bbox 557 5659 2217 5731">
    <p class='ocr_par' dir='ltr' id='par_1_61' title="bbox 557 5659 2217 5731">
     <span class='ocr_line' id='line_1_61' title="bbox 557 5659 2217 5731; baseline 0 -18"><span class='ocrx_word' id='word_1_445' title='bbox 557 5675 746 5729; x_wconf 89' lang='lat' dir='ltr'>equos</span> <span class='ocrx_word' id='word_1_446' title='bbox 767 5675 799 5731; x_wconf 16' lang='lat'>;7</span> <span class='ocrx_word' id='word_1_447' title='bbox 822 5659 1033 5728; x_wconf 84' lang='lat' dir='ltr'>plausu</span> <span class='ocrx_word' id='word_1_448' title='bbox 1064 5659 1369 5731; x_wconf 87' lang='lat' dir='ltr'>hominum</span> <span class='ocrx_word' id='word_1_449' title='bbox 1399 5659 1674 5727; x_wconf 81' lang='lat' dir='ltr'>fremere,</span> <span class='ocrx_word' id='word_1_450' title='bbox 1710 5661 1948 5714; x_wconf 89' lang='lat' dir='ltr'>silentio</span> <span class='ocrx_word' id='word_1_451' title='bbox 1980 5661 2217 5731; x_wconf 90' lang='lat' dir='ltr'>molliri,</span> 
     </span>
    </p>
   </div>
   <div class='ocr_carea' id='block_1_62' title="bbox 556 5730 1970 5813">
    <p class='ocr_par' dir='ltr' id='par_1_62' title="bbox 556 5730 1970 5813">
     <span class='ocr_line' id='line_1_62' title="bbox 556 5730 1970 5813; baseline 0.001 -29"><span class='ocrx_word' id='word_1_452' title='bbox 556 5745 740 5813; x_wconf 63' lang='lat' dir='ltr'>cursu</span> <span class='ocrx_word' id='word_1_453' title='bbox 771 5730 1046 5813; x_wconf 64' lang='lat' dir='ltr'>denique,</span> <span class='ocrx_word' id='word_1_454' title='bbox 1085 5753 1106 5777; x_wconf 79' lang='grc' dir='ltr'>ι·</span> <span class='ocrx_word' id='word_1_455' title='bbox 1140 5735 1275 5800; x_wconf 89' lang='lat' dir='ltr'>etc.,</span> <span class='ocrx_word' id='word_1_456' title='bbox 1310 5730 1769 5813; x_wconf 55' lang='lat' dir='ltr'>haudquaquam</span> <span class='ocrx_word' id='word_1_457' title='bbox 1800 5732 1970 5813; x_wconf 83' lang='lat' dir='ltr'>male.</span> 
     </span>
    </p>
   </div>
   <div class='ocr_carea' id='block_1_63' title="bbox 623 5799 2218 5873">
    <p class='ocr_par' dir='ltr' id='par_1_63' title="bbox 623 5799 2218 5873">
     <span class='ocr_line' id='line_1_63' title="bbox 623 5799 2218 5873; baseline 0.003 -19"><span class='ocrx_word' id='word_1_458' title='bbox 623 5799 737 5873; x_wconf 87' lang='lat' dir='ltr'>(l9)</span> <span class='ocrx_word' id='word_1_459' title='bbox 771 5799 1161 5873; x_wconf 84' lang='lat' dir='ltr'>Virgilianum</span> <span class='ocrx_word' id='word_1_460' title='bbox 1181 5818 1321 5858; x_wconf 89' lang='lat' dir='ltr'>esse</span> <span class='ocrx_word' id='word_1_461' title='bbox 1345 5799 1626 5859; x_wconf 76' lang='lat' dir='ltr'>observat</span> <span class='ocrx_word' id='word_1_462' title='bbox 1655 5802 1924 5858; x_wconf 87' lang='lat' dir='ltr'>Nannius</span> <span class='ocrx_word' id='word_1_463' title='bbox 1951 5818 1966 5873; x_wconf 85' lang='lat'><strong>;</strong></span> <span class='ocrx_word' id='word_1_464' title='bbox 1999 5818 2076 5859; x_wconf 79' lang='lat' dir='ltr'>ex</span> <span class='ocrx_word' id='word_1_465' title='bbox 2105 5803 2218 5858; x_wconf 88' lang='lat' dir='ltr'>hoc</span> 
     </span>
    </p>
   </div>
   <div class='ocr_carea' id='block_1_64' title="bbox 1978 358 2535 430">
    <p class='ocr_par' dir='ltr' id='par_1_64' title="bbox 1978 358 2535 430">
     <span class='ocr_line' id='line_1_64' title="bbox 1978 358 2535 430; baseline 0.002 -2"><span class='ocrx_word' id='word_1_466' title='bbox 1978 358 2044 429; x_wconf 87' lang='lat' dir='ltr'>S.</span> <span class='ocrx_word' id='word_1_467' title='bbox 2091 365 2535 430; x_wconf 74' lang='lat' dir='ltr'>AMBROSII.</span> 
     </span>
    </p>
   </div>
   <div class='ocr_carea' id='block_1_65' title="bbox 3738 375 3850 441">
    <p class='ocr_par' dir='ltr' id='par_1_65' title="bbox 3738 375 3850 441">
     <span class='ocr_line' id='line_1_65' title="bbox 3738 375 3850 441; baseline 0.054 -6"><span class='ocrx_word' id='word_1_468' title='bbox 3738 375 3850 441; x_wconf 79' lang='grc'>1181</span> 
     </span>
    </p>
   </div>
   <div class='ocr_carea' id='block_1_66' title="bbox 2308 655 3853 727">
    <p class='ocr_par' dir='ltr' id='par_1_66' title="bbox 2308 655 3853 727">
     <span class='ocr_line' id='line_1_66' title="bbox 2308 655 3853 727; baseline 0.005 -17"><span class='ocrx_word' id='word_1_469' title='bbox 2308 656 2598 711; x_wconf 89' lang='lat' dir='ltr'>vissimus</span> <span class='ocrx_word' id='word_1_470' title='bbox 2612 656 2788 711; x_wconf 81' lang='lat' dir='ltr'>homo</span> <span class='ocrx_word' id='word_1_471' title='bbox 2812 655 3004 712; x_wconf 79' lang='lat' dir='ltr'>factus</span> <span class='ocrx_word' id='word_1_472' title='bbox 3026 656 3123 726; x_wconf 85' lang='lat' dir='ltr'>sit,</span> <span class='ocrx_word' id='word_1_473' title='bbox 3140 656 3291 710; x_wconf 91' lang='lat' dir='ltr'>idem</span> <span class='ocrx_word' id='word_1_474' title='bbox 3305 672 3479 727; x_wconf 89' lang='lat' dir='ltr'>equus</span> <span class='ocrx_word' id='word_1_475' title='bbox 3492 674 3590 713; x_wconf 89' lang='lat' dir='ltr'>nos</span> <span class='ocrx_word' id='word_1_476' title='bbox 3601 659 3769 714; x_wconf 85' lang='lat' dir='ltr'>doceat</span> <span class='ocrx_word' id='word_1_477' title='bbox 3779 680 3853 719; x_wconf 87' lang='lat' dir='ltr'>non</span> 
     </span>
    </p>
   </div>
   <div class='ocr_carea' id='block_1_67' title="bbox 2310 745 3853 816">
    <p class='ocr_par' dir='ltr' id='par_1_67' title="bbox 2310 745 3853 816">
     <span class='ocr_line' id='line_1_67' title="bbox 2310 745 3853 816; baseline 0.005 -17"><span class='ocrx_word' id='word_1_478' title='bbox 2310 746 2383 799; x_wconf 89' lang='lat' dir='ltr'>ad</span> <span class='ocrx_word' id='word_1_479' title='bbox 2416 746 2910 816; x_wconf 89' lang='lat' dir='ltr'>contemptionem</span> <span class='ocrx_word' id='word_1_480' title='bbox 2941 745 3315 800; x_wconf 85' lang='lat' dir='ltr'>referendum</span> <span class='ocrx_word' id='word_1_481' title='bbox 3344 760 3491 815; x_wconf 89' lang='lat' dir='ltr'>esse,</span> <span class='ocrx_word' id='word_1_482' title='bbox 3514 746 3609 801; x_wconf 89' lang='lat' dir='ltr'>sed</span> <span class='ocrx_word' id='word_1_483' title='bbox 3630 748 3853 808; x_wconf 82' lang='lat' dir='ltr'>honorem.</span> 
     </span>
    </p>
   </div>
   <div class='ocr_carea' id='block_1_68' title="bbox 2313 834 3858 905">
    <p class='ocr_par' dir='ltr' id='par_1_68' title="bbox 2313 834 3858 905">
     <span class='ocr_line' id='line_1_68' title="bbox 2313 834 3858 905; baseline 0.003 -16"><span class='ocrx_word' id='word_1_484' title='bbox 2313 835 2509 889; x_wconf 89' lang='lat' dir='ltr'>Portat</span> <span class='ocrx_word' id='word_1_485' title='bbox 2529 834 2920 905; x_wconf 89' lang='lat' dir='ltr'>posteriorem</span> <span class='ocrx_word' id='word_1_486' title='bbox 2943 849 3140 903; x_wconf 91' lang='lat' dir='ltr'>suum,</span> <span class='ocrx_word' id='word_1_487' title='bbox 3159 849 3268 889; x_wconf 89' lang='lat' dir='ltr'>nec</span> <span class='ocrx_word' id='word_1_488' title='bbox 3289 834 3541 904; x_wconf 90' lang='lat' dir='ltr'>despicit,</span> <span class='ocrx_word' id='word_1_489' title='bbox 3559 837 3654 889; x_wconf 90' lang='lat' dir='ltr'>sed</span> <span class='ocrx_word' id='word_1_490' title='bbox 3667 837 3858 893; x_wconf 83' lang='lat' dir='ltr'>reformi-</span> 
     </span>
    </p>
   </div>
   <div class='ocr_carea' id='block_1_69' title="bbox 2312 922 3931 995">
    <p class='ocr_par' dir='ltr' id='par_1_69' title="bbox 2312 922 3931 995">
     <span class='ocr_line' id='line_1_69' title="bbox 2312 922 3931 995; baseline 0.003 -17"><span class='ocrx_word' id='word_1_491' title='bbox 2312 924 2428 993; x_wconf 90' lang='lat' dir='ltr'>dat,</span> <span class='ocrx_word' id='word_1_492' title='bbox 2462 926 2519 978; x_wconf 94' lang='lat' dir='ltr'>et</span> <span class='ocrx_word' id='word_1_493' title='bbox 2548 938 2656 995; x_wconf 89' lang='lat' dir='ltr'>per</span> <span class='ocrx_word' id='word_1_494' title='bbox 2684 923 2921 978; x_wconf 88' lang='lat' dir='ltr'>diversa</span> <span class='ocrx_word' id='word_1_495' title='bbox 2944 939 3077 978; x_wconf 89' lang='lat' dir='ltr'>eum</span> <span class='ocrx_word' id='word_1_496' title='bbox 3098 938 3209 978; x_wconf 93' lang='lat' dir='ltr'>suo</span> <span class='ocrx_word' id='word_1_497' title='bbox 3232 922 3555 978; x_wconf 83' lang='lat' dir='ltr'>circumfert</span> <span class='ocrx_word' id='word_1_498' title='bbox 3570 923 3856 983; x_wconf 71' lang='lat' dir='ltr'>labore.i‘no</span> <span class='ocrx_word' id='word_1_499' title='bbox 3930 974 3931 989; x_wconf 31' lang='grc' dir='ltr'>χ</span> 
     </span>
    </p>
   </div>
   <div class='ocr_carea' id='block_1_70' title="bbox 2313 1012 3857 1085">
    <p class='ocr_par' dir='ltr' id='par_1_70' title="bbox 2313 1012 3857 1085">
     <span class='ocr_line' id='line_1_70' title="bbox 2313 1012 3857 1085; baseline 0.003 -19"><span class='ocrx_word' id='word_1_500' title='bbox 2313 1016 2609 1068; x_wconf 89' lang='lat' dir='ltr'>momento</span> <span class='ocrx_word' id='word_1_501' title='bbox 2636 1012 2812 1068; x_wconf 88' lang='lat' dir='ltr'>homo</span> <span class='ocrx_word' id='word_1_502' title='bbox 2832 1012 3160 1085; x_wconf 81' lang='lat' dir='ltr'>longinqua</span> <span class='ocrx_word' id='word_1_503' title='bbox 3174 1012 3316 1082; x_wconf 87' lang='lat' dir='ltr'>obit,</span> <span class='ocrx_word' id='word_1_504' title='bbox 3341 1012 3687 1068; x_wconf 83' lang='lat' dir='ltr'>circumerrat</span> <span class='ocrx_word' id='word_1_505' title='bbox 3703 1015 3857 1071; x_wconf 83' lang='lat' dir='ltr'>distan-</span> 
     </span>
    </p>
   </div>
   <div class='ocr_carea' id='block_1_71' title="bbox 2311 1100 3860 1175">
    <p class='ocr_par' dir='ltr' id='par_1_71' title="bbox 2311 1100 3860 1175">
     <span class='ocr_line' id='line_1_71' title="bbox 2311 1100 3860 1175; baseline 0.002 -19"><span class='ocrx_word' id='word_1_506' title='bbox 2311 1103 2412 1169; x_wconf 88' lang='lat' dir='ltr'>tia,</span> <span class='ocrx_word' id='word_1_507' title='bbox 2444 1103 2567 1156; x_wconf 86' lang='lat' dir='ltr'>tum</span> <span class='ocrx_word' id='word_1_508' title='bbox 2597 1102 2769 1173; x_wconf 89' lang='lat' dir='ltr'>equis</span> <span class='ocrx_word' id='word_1_509' title='bbox 2799 1100 3211 1175; x_wconf 86' lang='lat' dir='ltr'>singularibus</span> <span class='ocrx_word' id='word_1_510' title='bbox 3244 1104 3365 1156; x_wconf 88' lang='lat' dir='ltr'>tum</span> <span class='ocrx_word' id='word_1_511' title='bbox 3405 1101 3682 1174; x_wconf 72' lang='lat' dir='ltr'>quadrigis</span> <span class='ocrx_word' id='word_1_512' title='bbox 3719 1104 3860 1160; x_wconf 86' lang='lat' dir='ltr'>trium-</span> 
     </span>
    </p>
   </div>
   <div class='ocr_carea' id='block_1_72' title="bbox 2272 1191 2758 1262">
    <p class='ocr_par' dir='ltr' id='par_1_72' title="bbox 2272 1191 2758 1262">
     <span class='ocr_line' id='line_1_72' title="bbox 2272 1191 2758 1262; baseline 0.004 -18"><span class='ocrx_word' id='word_1_513' title='bbox 2272 1254 2279 1257; x_wconf 32' lang='lat'>,</span> <span class='ocrx_word' id='word_1_514' title='bbox 2313 1191 2589 1262; x_wconf 88' lang='lat' dir='ltr'>phalibus</span> <span class='ocrx_word' id='word_1_515' title='bbox 2622 1191 2758 1261; x_wconf 69' lang='lat'>(21).</span> 
     </span>
    </p>
   </div>
   <div class='ocr_carea' id='block_1_73' title="bbox 2387 1279 3857 1352">
    <p class='ocr_par' dir='ltr' id='par_1_73' title="bbox 2387 1279 3857 1352">
     <span class='ocr_line' id='line_1_73' title="bbox 2387 1279 3857 1352; baseline 0.002 -19"><span class='ocrx_word' id='word_1_516' title='bbox 2387 1280 2474 1334; x_wconf 88' lang='grc'>18.</span> <span class='ocrx_word' id='word_1_517' title='bbox 2496 1279 2565 1333; x_wconf 91' lang='lat' dir='ltr'>Et</span> <span class='ocrx_word' id='word_1_518' title='bbox 2585 1279 2862 1351; x_wconf 86' lang='lat' dir='ltr'>quoniam</span> <span class='ocrx_word' id='word_1_519' title='bbox 2879 1279 3266 1350; x_wconf 89' lang='lat' dir='ltr'>triumphales</span> <span class='ocrx_word' id='word_1_520' title='bbox 3284 1280 3585 1334; x_wconf 88' lang='lat' dir='ltr'>memoravi</span> <span class='ocrx_word' id='word_1_521' title='bbox 3606 1280 3857 1352; x_wconf 80' lang='lat' dir='ltr'>quadrigas,</span> 
     </span>
    </p>
   </div>
   <div class='ocr_carea' id='block_1_74' title="bbox 2316 1368 3859 1441">
    <p class='ocr_par' dir='ltr' id='par_1_74' title="bbox 2316 1368 3859 1441">
     <span class='ocr_line' id='line_1_74' title="bbox 2316 1368 3859 1441; baseline 0.001 -18"><span class='ocrx_word' id='word_1_522' title='bbox 2316 1383 2570 1423; x_wconf 88' lang='lat' dir='ltr'>necesse</span> <span class='ocrx_word' id='word_1_523' title='bbox 2586 1371 2679 1423; x_wconf 89' lang='lat' dir='ltr'>est</span> <span class='ocrx_word' id='word_1_524' title='bbox 2698 1371 2953 1423; x_wconf 84' lang='lat' dir='ltr'>attexam</span> <span class='ocrx_word' id='word_1_525' title='bbox 2975 1369 3051 1423; x_wconf 90' lang='lat' dir='ltr'>iis</span> <span class='ocrx_word' id='word_1_526' title='bbox 3069 1384 3281 1424; x_wconf 90' lang='lat' dir='ltr'>currus</span> <span class='ocrx_word' id='word_1_527' title='bbox 3302 1368 3459 1438; x_wconf 66' lang='lat' dir='ltr'>Elite,</span> <span class='ocrx_word' id='word_1_528' title='bbox 3478 1368 3673 1441; x_wconf 87' lang='lat' dir='ltr'>quibus</span> <span class='ocrx_word' id='word_1_529' title='bbox 3684 1386 3859 1440; x_wconf 78' lang='lat' dir='ltr'>peram</span> 
     </span>
    </p>
   </div>
   <div class='ocr_carea' id='block_1_75' title="bbox 2314 1457 3859 1531">
    <p class='ocr_par' dir='ltr' id='par_1_75' title="bbox 2314 1457 3859 1531">
     <span class='ocr_line' id='line_1_75' title="bbox 2314 1457 3859 1531; baseline 0.001 -19"><span class='ocrx_word' id='word_1_530' title='bbox 2314 1460 2524 1513; x_wconf 89' lang='lat' dir='ltr'>vectus</span> <span class='ocrx_word' id='word_1_531' title='bbox 2555 1461 2648 1513; x_wconf 91' lang='lat' dir='ltr'>est</span> <span class='ocrx_word' id='word_1_532' title='bbox 2675 1457 2791 1527; x_wconf 88' lang='lat' dir='ltr'>(IV</span> <span class='ocrx_word' id='word_1_533' title='bbox 2811 1458 2959 1531; x_wconf 80' lang='lat' dir='ltr'>Reg.</span> <span class='ocrx_word' id='word_1_534' title='bbox 2992 1475 3052 1528; x_wconf 80' lang='lat' dir='ltr'>ir,</span> <span class='ocrx_word' id='word_1_535' title='bbox 3087 1457 3215 1527; x_wconf 85' lang='grc'>11);</span> <span class='ocrx_word' id='word_1_536' title='bbox 3257 1457 3691 1528; x_wconf 86' lang='lat' dir='ltr'>elephantorum,</span> <span class='ocrx_word' id='word_1_537' title='bbox 3717 1458 3859 1530; x_wconf 80' lang='lat' dir='ltr'>quibus</span> 
     </span>
    </p>
   </div>
   <div class='ocr_carea' id='block_1_76' title="bbox 2317 1547 3862 1618">
    <p class='ocr_par' dir='ltr' id='par_1_76' title="bbox 2317 1547 3862 1618">
     <span class='ocr_line' id='line_1_76' title="bbox 2317 1547 3862 1618; baseline 0.001 -17"><span class='ocrx_word' id='word_1_538' title='bbox 2317 1547 2493 1601; x_wconf 83' lang='lat' dir='ltr'>homo</span> <span class='ocrx_word' id='word_1_539' title='bbox 2524 1547 2714 1601; x_wconf 91' lang='lat' dir='ltr'>victor</span> <span class='ocrx_word' id='word_1_540' title='bbox 2741 1547 3059 1616; x_wconf 88' lang='lat' dir='ltr'>assistens,</span> <span class='ocrx_word' id='word_1_541' title='bbox 3094 1562 3227 1602; x_wconf 89' lang='lat' dir='ltr'>cum</span> <span class='ocrx_word' id='word_1_542' title='bbox 3258 1547 3333 1601; x_wconf 89' lang='lat' dir='ltr'>sit</span> <span class='ocrx_word' id='word_1_543' title='bbox 3354 1550 3684 1617; x_wconf 90' lang='lat' dir='ltr'>postremus,</span> <span class='ocrx_word' id='word_1_544' title='bbox 3709 1549 3862 1618; x_wconf 79' lang='lat' dir='ltr'>priores</span> 
     </span>
    </p>
   </div>
   <div class='ocr_carea' id='block_1_77' title="bbox 2317 1635 3863 1709">
    <p class='ocr_par' dir='ltr' id='par_1_77' title="bbox 2317 1635 3863 1709">
     <span class='ocr_line' id='line_1_77' title="bbox 2317 1635 3863 1709; baseline -0.001 -18"><span class='ocrx_word' id='word_1_545' title='bbox 2317 1637 2490 1708; x_wconf 82' lang='lat' dir='ltr'>regit.</span> <span class='ocrx_word' id='word_1_546' title='bbox 2516 1635 2615 1690; x_wconf 87' lang='lat' dir='ltr'>Sic</span> <span class='ocrx_word' id='word_1_547' title='bbox 2632 1651 2866 1707; x_wconf 89' lang='lat' dir='ltr'>quoque</span> <span class='ocrx_word' id='word_1_548' title='bbox 2889 1636 3253 1709; x_wconf 82' lang='lat' dir='ltr'>gubernator</span> <span class='ocrx_word' id='word_1_549' title='bbox 3272 1635 3439 1690; x_wconf 87' lang='lat' dir='ltr'>navis</span> <span class='ocrx_word' id='word_1_550' title='bbox 3477 1635 3533 1689; x_wconf 92' lang='lat' dir='ltr'>in</span> <span class='ocrx_word' id='word_1_551' title='bbox 3567 1636 3719 1706; x_wconf 87' lang='lat' dir='ltr'>puppi</span> <span class='ocrx_word' id='word_1_552' title='bbox 3742 1636 3863 1703; x_wconf 81' lang='lat' dir='ltr'>sedet,</span> 
     </span>
    </p>
   </div>
   <div class='ocr_carea' id='block_1_78' title="bbox 2319 1724 3867 1798">
    <p class='ocr_par' dir='ltr' id='par_1_78' title="bbox 2319 1724 3867 1798">
     <span class='ocr_line' id='line_1_78' title="bbox 2319 1724 3867 1798; baseline -0.001 -18"><span class='ocrx_word' id='word_1_553' title='bbox 2319 1729 2376 1780; x_wconf 90' lang='lat' dir='ltr'>et</span> <span class='ocrx_word' id='word_1_554' title='bbox 2403 1728 2580 1779; x_wconf 88' lang='lat' dir='ltr'>totam</span> <span class='ocrx_word' id='word_1_555' title='bbox 2613 1740 2822 1780; x_wconf 86' lang='lat' dir='ltr'>navem</span> <span class='ocrx_word' id='word_1_556' title='bbox 2853 1725 3162 1798; x_wconf 87' lang='lat' dir='ltr'>gubernat.</span> <span class='ocrx_word' id='word_1_557' title='bbox 3185 1725 3355 1781; x_wconf 90' lang='lat' dir='ltr'>Unde</span> <span class='ocrx_word' id='word_1_558' title='bbox 3374 1728 3509 1796; x_wconf 88' lang='lat' dir='ltr'>puto</span> <span class='ocrx_word' id='word_1_559' title='bbox 3530 1724 3657 1778; x_wconf 90' lang='lat' dir='ltr'>illud</span> <span class='ocrx_word' id='word_1_560' title='bbox 3676 1740 3765 1780; x_wconf 91' lang='lat' dir='ltr'>non</span> <span class='ocrx_word' id='word_1_561' title='bbox 3780 1725 3867 1779; x_wconf 88' lang='lat' dir='ltr'>otio-</span> 
     </span>
    </p>
   </div>
   <div class='ocr_carea' id='block_1_79' title="bbox 2319 1812 3865 1886">
    <p class='ocr_par' dir='ltr' id='par_1_79' title="bbox 2319 1812 3865 1886">
     <span class='ocr_line' id='line_1_79' title="bbox 2319 1812 3865 1886; baseline 0.001 -19"><span class='ocrx_word' id='word_1_562' title='bbox 2319 1828 2452 1868; x_wconf 90' lang='lat' dir='ltr'>sum</span> <span class='ocrx_word' id='word_1_563' title='bbox 2483 1828 2623 1868; x_wconf 89' lang='lat' dir='ltr'>esse</span> <span class='ocrx_word' id='word_1_564' title='bbox 2660 1814 2720 1868; x_wconf 91' lang='lat' dir='ltr'>in</span> <span class='ocrx_word' id='word_1_565' title='bbox 2764 1814 3110 1886; x_wconf 84' lang='lat' dir='ltr'>Evangelio,</span> <span class='ocrx_word' id='word_1_566' title='bbox 3154 1814 3313 1886; x_wconf 88' lang='lat' dir='ltr'>quod</span> <span class='ocrx_word' id='word_1_567' title='bbox 3357 1812 3629 1869; x_wconf 87' lang='lat' dir='ltr'>Dominus</span> <span class='ocrx_word' id='word_1_568' title='bbox 3667 1814 3799 1869; x_wconf 81' lang='lat' dir='ltr'>Jesus</span> <span class='ocrx_word' id='word_1_569' title='bbox 3830 1814 3865 1868; x_wconf 90' lang='lat' dir='ltr'>in</span> 
     </span>
    </p>
   </div>
   <div class='ocr_carea' id='block_1_80' title="bbox 2240 1902 3866 1986">
    <p class='ocr_par' dir='ltr' id='par_1_80' title="bbox 2240 1902 3866 1986">
     <span class='ocr_line' id='line_1_80' title="bbox 2240 1902 3866 1986; baseline 0 -30"><span class='ocrx_word' id='word_1_570' title='bbox 2240 1927 2284 1986; x_wconf 79' lang='grc' dir='ltr'>Β</span> <span class='ocrx_word' id='word_1_571' title='bbox 2317 1902 2496 1973; x_wconf 87' lang='lat' dir='ltr'>puppi</span> <span class='ocrx_word' id='word_1_572' title='bbox 2521 1902 2874 1959; x_wconf 88' lang='lat' dir='ltr'>dormiebat:</span> <span class='ocrx_word' id='word_1_573' title='bbox 2900 1903 3155 1975; x_wconf 87' lang='lat' dir='ltr'>denique</span> <span class='ocrx_word' id='word_1_574' title='bbox 3169 1903 3457 1958; x_wconf 81' lang='lat' dir='ltr'>excitatus</span> <span class='ocrx_word' id='word_1_575' title='bbox 3478 1902 3745 1973; x_wconf 84' lang='lat' dir='ltr'>imperavit</span> <span class='ocrx_word' id='word_1_576' title='bbox 3758 1906 3866 1956; x_wconf 81' lang='lat' dir='ltr'>vento</span> 
     </span>
    </p>
   </div>
   <div class='ocr_carea' id='block_1_81' title="bbox 2319 1988 3862 2064">
    <p class='ocr_par' dir='ltr' id='par_1_81' title="bbox 2319 1988 3862 2064">
     <span class='ocr_line' id='line_1_81' title="bbox 2319 1988 3862 2064; baseline -0.001 -18"><span class='ocrx_word' id='word_1_577' title='bbox 2319 1993 2377 2046; x_wconf 90' lang='lat' dir='ltr'>et</span> <span class='ocrx_word' id='word_1_578' title='bbox 2396 1993 2562 2061; x_wconf 89' lang='lat' dir='ltr'>mari,</span> <span class='ocrx_word' id='word_1_579' title='bbox 2586 1994 2643 2047; x_wconf 91' lang='lat' dir='ltr'>et</span> <span class='ocrx_word' id='word_1_580' title='bbox 2663 1992 2894 2047; x_wconf 89' lang='lat' dir='ltr'>sedavit</span> <span class='ocrx_word' id='word_1_581' title='bbox 2913 1994 3323 2064; x_wconf 86' lang='lat' dir='ltr'>tempestatem</span> <span class='ocrx_word' id='word_1_582' title='bbox 3344 1991 3573 2061; x_wconf 82' lang='lat' dir='ltr'>(Matth.</span> <span class='ocrx_word' id='word_1_583' title='bbox 3595 2007 3700 2059; x_wconf 84' lang='lat' dir='ltr'>vm,</span> <span class='ocrx_word' id='word_1_584' title='bbox 3717 1988 3782 2053; x_wconf 71' lang='lat'>24,</span> <span class='ocrx_word' id='word_1_585' title='bbox 3796 1991 3862 2057; x_wconf 73' lang='lat'>25),</span> 
     </span>
    </p>
   </div>
   <div class='ocr_carea' id='block_1_82' title="bbox 2320 2080 3866 2152">
    <p class='ocr_par' dir='ltr' id='par_1_82' title="bbox 2320 2080 3866 2152">
     <span class='ocr_line' id='line_1_82' title="bbox 2320 2080 3866 2152; baseline -0.002 -17"><span class='ocrx_word' id='word_1_586' title='bbox 2320 2081 2644 2136; x_wconf 88' lang='lat' dir='ltr'>ostendens</span> <span class='ocrx_word' id='word_1_587' title='bbox 2667 2081 2800 2136; x_wconf 89' lang='lat' dir='ltr'>ideo</span> <span class='ocrx_word' id='word_1_588' title='bbox 2823 2096 2890 2137; x_wconf 90' lang='lat' dir='ltr'>se</span> <span class='ocrx_word' id='word_1_589' title='bbox 2910 2080 3306 2137; x_wconf 88' lang='lat' dir='ltr'>novissimum</span> <span class='ocrx_word' id='word_1_590' title='bbox 3326 2081 3580 2150; x_wconf 91' lang='lat' dir='ltr'>venisse,</span> <span class='ocrx_word' id='word_1_591' title='bbox 3603 2081 3718 2152; x_wconf 82' lang='lat' dir='ltr'>quia</span> <span class='ocrx_word' id='word_1_592' title='bbox 3733 2080 3866 2152; x_wconf 73' lang='lat' dir='ltr'>guber-</span> 
     </span>
    </p>
   </div>
   <div class='ocr_carea' id='block_1_83' title="bbox 2321 2168 3865 2242">
    <p class='ocr_par' dir='ltr' id='par_1_83' title="bbox 2321 2168 3865 2242">
     <span class='ocr_line' id='line_1_83' title="bbox 2321 2168 3865 2242; baseline -0.003 -18"><span class='ocrx_word' id='word_1_593' title='bbox 2321 2173 2492 2224; x_wconf 88' lang='lat' dir='ltr'>nator</span> <span class='ocrx_word' id='word_1_594' title='bbox 2538 2172 2784 2226; x_wconf 90' lang='lat' dir='ltr'>venerit.</span> <span class='ocrx_word' id='word_1_595' title='bbox 2818 2170 2989 2227; x_wconf 91' lang='lat' dir='ltr'>Unde</span> <span class='ocrx_word' id='word_1_596' title='bbox 3031 2171 3358 2242; x_wconf 85' lang='lat' dir='ltr'>Apostolus</span> <span class='ocrx_word' id='word_1_597' title='bbox 3387 2169 3499 2224; x_wconf 90' lang='lat' dir='ltr'>ait:</span> <span class='ocrx_word' id='word_1_598' title='bbox 3548 2191 3570 2216; x_wconf 74' lang='grc' dir='ltr'><strong><em>α</em></strong></span> <span class='ocrx_word' id='word_1_599' title='bbox 3616 2168 3784 2223; x_wconf 85' lang='lat' dir='ltr'>Factus</span> <span class='ocrx_word' id='word_1_600' title='bbox 3814 2172 3865 2221; x_wconf 84' lang='lat' dir='ltr'>est</span> 
     </span>
    </p>
   </div>
   <div class='ocr_carea' id='block_1_84' title="bbox 2322 2256 3864 2331">
    <p class='ocr_par' dir='ltr' id='par_1_84' title="bbox 2322 2256 3864 2331">
     <span class='ocr_line' id='line_1_84' title="bbox 2322 2256 3864 2331; baseline -0.003 -19"><span class='ocrx_word' id='word_1_601' title='bbox 2322 2260 2550 2331; x_wconf 92' lang='lat' dir='ltr'>primus</span> <span class='ocrx_word' id='word_1_602' title='bbox 2580 2259 2757 2315; x_wconf 88' lang='lat' dir='ltr'>homo</span> <span class='ocrx_word' id='word_1_603' title='bbox 2787 2260 2974 2314; x_wconf 87' lang='lat' dir='ltr'>Adam</span> <span class='ocrx_word' id='word_1_604' title='bbox 3003 2260 3062 2314; x_wconf 91' lang='lat' dir='ltr'>in</span> <span class='ocrx_word' id='word_1_605' title='bbox 3090 2260 3349 2316; x_wconf 89' lang='lat' dir='ltr'>animam</span> <span class='ocrx_word' id='word_1_606' title='bbox 3374 2259 3670 2326; x_wconf 88' lang='lat' dir='ltr'>viventem,</span> <span class='ocrx_word' id='word_1_607' title='bbox 3690 2256 3864 2312; x_wconf 77' lang='lat' dir='ltr'>novissi-</span> 
     </span>
    </p>
   </div>
   <div class='ocr_carea' id='block_1_85' title="bbox 2323 2345 3866 2419">
    <p class='ocr_par' dir='ltr' id='par_1_85' title="bbox 2323 2345 3866 2419">
     <span class='ocr_line' id='line_1_85' title="bbox 2323 2345 3866 2419; baseline -0.004 -16"><span class='ocrx_word' id='word_1_608' title='bbox 2323 2362 2457 2403; x_wconf 87' lang='lat' dir='ltr'>mus</span> <span class='ocrx_word' id='word_1_609' title='bbox 2488 2349 2674 2403; x_wconf 84' lang='lat' dir='ltr'>Adam</span> <span class='ocrx_word' id='word_1_610' title='bbox 2703 2350 2765 2403; x_wconf 93' lang='lat' dir='ltr'>in</span> <span class='ocrx_word' id='word_1_611' title='bbox 2786 2349 3057 2419; x_wconf 86' lang='lat' dir='ltr'>spiritum</span> <span class='ocrx_word' id='word_1_612' title='bbox 3078 2349 3495 2404; x_wconf 78' lang='lat' dir='ltr'>viviﬁcantem.</span> <span class='ocrx_word' id='word_1_613' title='bbox 3518 2346 3627 2402; x_wconf 89' lang='lat' dir='ltr'>Sed</span> <span class='ocrx_word' id='word_1_614' title='bbox 3652 2362 3747 2400; x_wconf 84' lang='lat' dir='ltr'>non</span> <span class='ocrx_word' id='word_1_615' title='bbox 3768 2345 3866 2415; x_wconf 85' lang='lat' dir='ltr'>prius</span> 
     </span>
    </p>
   </div>
   <div class='ocr_carea' id='block_1_86' title="bbox 2323 2432 3866 2509">
    <p class='ocr_par' dir='ltr' id='par_1_86' title="bbox 2323 2432 3866 2509">
     <span class='ocr_line' id='line_1_86' title="bbox 2323 2432 3866 2509; baseline -0.005 -16"><span class='ocrx_word' id='word_1_616' title='bbox 2323 2438 2481 2509; x_wconf 91' lang='lat' dir='ltr'>quod</span> <span class='ocrx_word' id='word_1_617' title='bbox 2512 2438 2776 2508; x_wconf 88' lang='lat' dir='ltr'>spiritale</span> <span class='ocrx_word' id='word_1_618' title='bbox 2806 2443 2917 2509; x_wconf 90' lang='lat' dir='ltr'>est,</span> <span class='ocrx_word' id='word_1_619' title='bbox 2952 2439 3058 2493; x_wconf 88' lang='lat' dir='ltr'>sed</span> <span class='ocrx_word' id='word_1_620' title='bbox 3093 2438 3255 2509; x_wconf 89' lang='lat' dir='ltr'>quod</span> <span class='ocrx_word' id='word_1_621' title='bbox 3286 2436 3549 2505; x_wconf 85' lang='lat' dir='ltr'>animale,</span> <span class='ocrx_word' id='word_1_622' title='bbox 3578 2435 3755 2490; x_wconf 84' lang='lat' dir='ltr'>deinde</span> <span class='ocrx_word' id='word_1_623' title='bbox 3777 2432 3866 2504; x_wconf 80' lang='lat' dir='ltr'>quod</span> 
     </span>
    </p>
   </div>
   <div class='ocr_carea' id='block_1_87' title="bbox 2322 2522 3866 2598">
    <p class='ocr_par' dir='ltr' id='par_1_87' title="bbox 2322 2522 3866 2598">
     <span class='ocr_line' id='line_1_87' title="bbox 2322 2522 3866 2598; baseline -0.005 -17"><span class='ocrx_word' id='word_1_624' title='bbox 2322 2526 2586 2598; x_wconf 88' lang='lat' dir='ltr'>spiritale</span> <span class='ocrx_word' id='word_1_625' title='bbox 2615 2527 2674 2598; x_wconf 88' lang='grc' dir='ltr'>(Ι</span> <span class='ocrx_word' id='word_1_626' title='bbox 2702 2528 2837 2583; x_wconf 86' lang='lat' dir='ltr'>Car.</span> <span class='ocrx_word' id='word_1_627' title='bbox 2869 2544 2968 2597; x_wconf 80' lang='lat' dir='ltr'>xv,</span> <span class='ocrx_word' id='word_1_628' title='bbox 2999 2526 3088 2598; x_wconf 77' lang='lat'>45,</span> <span class='ocrx_word' id='word_1_629' title='bbox 3120 2525 3255 2596; x_wconf 83' lang='lat'>46);</span> <span class='ocrx_word' id='word_1_630' title='bbox 3311 2550 3333 2576; x_wconf 75' lang='grc' dir='ltr'>ι»</span> <span class='ocrx_word' id='word_1_631' title='bbox 3383 2529 3439 2581; x_wconf 91' lang='lat' dir='ltr'>et</span> <span class='ocrx_word' id='word_1_632' title='bbox 3466 2525 3701 2580; x_wconf 88' lang='lat' dir='ltr'>addidit:</span> <span class='ocrx_word' id='word_1_633' title='bbox 3741 2546 3757 2569; x_wconf 74' lang='grc' dir='ltr'><strong>ε</strong></span> <span class='ocrx_word' id='word_1_634' title='bbox 3794 2522 3866 2575; x_wconf 70' lang='grc' dir='ltr'>Ρήο</span> 
     </span>
    </p>
   </div>
   <div class='ocr_carea' id='block_1_88' title="bbox 2322 2609 3869 2687">
    <p class='ocr_par' dir='ltr' id='par_1_88' title="bbox 2322 2609 3869 2687">
     <span class='ocr_line' id='line_1_88' title="bbox 2322 2609 3869 2687; baseline -0.005 -17"><span class='ocrx_word' id='word_1_635' title='bbox 2322 2633 2458 2671; x_wconf 90' lang='lat' dir='ltr'>mus</span> <span class='ocrx_word' id='word_1_636' title='bbox 2488 2616 2663 2671; x_wconf 81' lang='lat' dir='ltr'>homo</span> <span class='ocrx_word' id='word_1_637' title='bbox 2694 2616 2767 2670; x_wconf 89' lang='lat' dir='ltr'>de</span> <span class='ocrx_word' id='word_1_638' title='bbox 2798 2620 2953 2670; x_wconf 90' lang='lat' dir='ltr'>terra</span> <span class='ocrx_word' id='word_1_639' title='bbox 2999 2618 3302 2687; x_wconf 88' lang='lat' dir='ltr'>terrenus,</span> <span class='ocrx_word' id='word_1_640' title='bbox 3345 2614 3632 2670; x_wconf 86' lang='lat' dir='ltr'>secundus</span> <span class='ocrx_word' id='word_1_641' title='bbox 3670 2612 3803 2667; x_wconf 89' lang='lat' dir='ltr'>homo</span> <span class='ocrx_word' id='word_1_642' title='bbox 3832 2609 3869 2662; x_wconf 83' lang='lat' dir='ltr'>de</span> 
     </span>
    </p>
   </div>
   <div class='ocr_carea' id='block_1_89' title="bbox 2324 2705 3177 2777">
    <p class='ocr_par' dir='ltr' id='par_1_89' title="bbox 2324 2705 3177 2777">
     <span class='ocr_line' id='line_1_89' title="bbox 2324 2705 3177 2777; baseline 0 -18"><span class='ocrx_word' id='word_1_643' title='bbox 2324 2705 2475 2760; x_wconf 87' lang='lat' dir='ltr'>coelo</span> <span class='ocrx_word' id='word_1_644' title='bbox 2508 2705 2774 2760; x_wconf 78' lang='lat' dir='ltr'>ccelestis</span> <span class='ocrx_word' id='word_1_645' title='bbox 2804 2705 2982 2777; x_wconf 84' lang='lat' dir='ltr'>(Ibid.</span> <span class='ocrx_word' id='word_1_646' title='bbox 3007 2706 3119 2776; x_wconf 74' lang='grc' dir='ltr'>Π).</span> <span class='ocrx_word' id='word_1_647' title='bbox 3155 2728 3177 2753; x_wconf 72' lang='grc' dir='ltr'>η</span> 
     </span>
    </p>
   </div>
   <div class='ocr_carea' id='block_1_90' title="bbox 2396 2791 3931 2866">
    <p class='ocr_par' dir='ltr' id='par_1_90' title="bbox 2396 2791 3931 2866">
     <span class='ocr_line' id='line_1_90' title="bbox 2396 2791 3931 2866; baseline -0.006 -18"><span class='ocrx_word' id='word_1_648' title='bbox 2396 2793 2483 2848; x_wconf 86' lang='grc'>19.</span> <span class='ocrx_word' id='word_1_649' title='bbox 2520 2795 2701 2848; x_wconf 89' lang='lat' dir='ltr'>Recte</span> <span class='ocrx_word' id='word_1_650' title='bbox 2731 2809 2877 2866; x_wconf 85' lang='lat' dir='ltr'>ergo</span> <span class='ocrx_word' id='word_1_651' title='bbox 2909 2795 3282 2849; x_wconf 88' lang='lat' dir='ltr'>novissimus</span> <span class='ocrx_word' id='word_1_652' title='bbox 3330 2793 3497 2865; x_wconf 88' lang='lat' dir='ltr'>quasi</span> <span class='ocrx_word' id='word_1_653' title='bbox 3544 2791 3703 2847; x_wconf 88' lang='lat' dir='ltr'>totius</span> <span class='ocrx_word' id='word_1_654' title='bbox 3727 2802 3876 2843; x_wconf 82' lang='lat' dir='ltr'>summa</span> <span class='ocrx_word' id='word_1_655' title='bbox 3930 2792 3931 2839; x_wconf 68' lang='lat' dir='ltr'>i</span> 
     </span>
    </p>
   </div>
   <div class='ocr_carea' id='block_1_91' title="bbox 2324 2880 3877 2955">
    <p class='ocr_par' dir='ltr' id='par_1_91' title="bbox 2324 2880 3877 2955">
     <span class='ocr_line' id='line_1_91' title="bbox 2324 2880 3877 2955; baseline -0.007 -17"><span class='ocrx_word' id='word_1_656' title='bbox 2324 2882 2545 2953; x_wconf 89' lang='lat' dir='ltr'>operis,</span> <span class='ocrx_word' id='word_1_657' title='bbox 2578 2882 2751 2954; x_wconf 87' lang='lat' dir='ltr'>quasi</span> <span class='ocrx_word' id='word_1_658' title='bbox 2768 2898 2949 2937; x_wconf 88' lang='lat' dir='ltr'>causa</span> <span class='ocrx_word' id='word_1_659' title='bbox 2971 2884 3194 2953; x_wconf 90' lang='lat' dir='ltr'>mundi,</span> <span class='ocrx_word' id='word_1_660' title='bbox 3221 2886 3461 2955; x_wconf 86' lang='lat' dir='ltr'>propter</span> <span class='ocrx_word' id='word_1_661' title='bbox 3480 2897 3642 2954; x_wconf 89' lang='lat' dir='ltr'>quem</span> <span class='ocrx_word' id='word_1_662' title='bbox 3660 2880 3779 2934; x_wconf 83' lang='lat' dir='ltr'>facta</span> <span class='ocrx_word' id='word_1_663' title='bbox 3792 2881 3877 2931; x_wconf 85' lang='lat' dir='ltr'>sunt</span> 
     </span>
    </p>
   </div>
   <div class='ocr_carea' id='block_1_92' title="bbox 2324 2958 3931 3044">
    <p class='ocr_par' dir='ltr' id='par_1_92' title="bbox 2324 2958 3931 3044">
     <span class='ocr_line' id='line_1_92' title="bbox 2324 2958 3931 3044; baseline -0.007 -17"><span class='ocrx_word' id='word_1_664' title='bbox 2324 2972 2537 3041; x_wconf 88' lang='lat' dir='ltr'>omnia,</span> <span class='ocrx_word' id='word_1_665' title='bbox 2569 2972 2743 3044; x_wconf 83' lang='lat' dir='ltr'>quasi</span> <span class='ocrx_word' id='word_1_666' title='bbox 2772 2973 3031 3028; x_wconf 87' lang='lat' dir='ltr'>omnium</span> <span class='ocrx_word' id='word_1_667' title='bbox 3055 2972 3353 3028; x_wconf 88' lang='lat' dir='ltr'>habitator</span> <span class='ocrx_word' id='word_1_668' title='bbox 3385 2972 3765 3028; x_wconf 87' lang='lat' dir='ltr'>elementorum</span> <span class='ocrx_word' id='word_1_669' title='bbox 3785 2966 3879 3019; x_wconf 77' lang='lat' dir='ltr'>inter</span> <span class='ocrx_word' id='word_1_670' title='bbox 3930 2958 3931 3043; x_wconf 49' lang='grc' dir='ltr'><strong>ἦ</strong></span> 
     </span>
    </p>
   </div>
   <div class='ocr_carea' id='block_1_93' title="bbox 2324 3054 3931 3133">
    <p class='ocr_par' dir='ltr' id='par_1_93' title="bbox 2324 3054 3931 3133">
     <span class='ocr_line' id='line_1_93' title="bbox 2324 3054 3931 3133; baseline -0.005 -19"><span class='ocrx_word' id='word_1_671' title='bbox 2324 3060 2485 3116; x_wconf 80' lang='lat' dir='ltr'>feras</span> <span class='ocrx_word' id='word_1_672' title='bbox 2514 3060 2677 3130; x_wconf 83' lang='lat' dir='ltr'>vivit,</span> <span class='ocrx_word' id='word_1_673' title='bbox 2711 3076 2846 3116; x_wconf 90' lang='lat' dir='ltr'>cum</span> <span class='ocrx_word' id='word_1_674' title='bbox 2884 3061 3156 3133; x_wconf 86' lang='lat' dir='ltr'>piscibus</span> <span class='ocrx_word' id='word_1_675' title='bbox 3192 3064 3372 3132; x_wconf 87' lang='lat' dir='ltr'>natat,</span> <span class='ocrx_word' id='word_1_676' title='bbox 3410 3076 3586 3131; x_wconf 90' lang='lat' dir='ltr'>super</span> <span class='ocrx_word' id='word_1_677' title='bbox 3611 3072 3732 3113; x_wconf 89' lang='lat' dir='ltr'>aves</span> <span class='ocrx_word' id='word_1_678' title='bbox 3765 3054 3877 3117; x_wconf 74' lang='lat' dir='ltr'>volat,</span> <span class='ocrx_word' id='word_1_679' title='bbox 3930 3054 3931 3119; x_wconf 53' lang='grc' dir='ltr'><em>ξ</em></span> 
     </span>
    </p>
   </div>
   <div class='ocr_carea' id='block_1_94' title="bbox 2325 3140 3931 3223">
    <p class='ocr_par' dir='ltr' id='par_1_94' title="bbox 2325 3140 3931 3223">
     <span class='ocr_line' id='line_1_94' title="bbox 2325 3140 3931 3223; baseline -0.007 -18"><span class='ocrx_word' id='word_1_680' title='bbox 2325 3154 2719 3206; x_wconf 82' lang='lat' dir='ltr'>conversatur</span> <span class='ocrx_word' id='word_1_681' title='bbox 2747 3167 2879 3206; x_wconf 92' lang='lat' dir='ltr'>cum</span> <span class='ocrx_word' id='word_1_682' title='bbox 2910 3150 3164 3223; x_wconf 86' lang='lat' dir='ltr'>angelis,</span> <span class='ocrx_word' id='word_1_683' title='bbox 3198 3153 3418 3206; x_wconf 89' lang='lat' dir='ltr'>terram</span> <span class='ocrx_word' id='word_1_684' title='bbox 3439 3148 3714 3210; x_wconf 88' lang='lat' dir='ltr'>inhabitat,</span> <span class='ocrx_word' id='word_1_685' title='bbox 3731 3148 3775 3199; x_wconf 85' lang='lat' dir='ltr'>et</span> <span class='ocrx_word' id='word_1_686' title='bbox 3789 3140 3878 3196; x_wconf 77' lang='lat' dir='ltr'>celo</span> <span class='ocrx_word' id='word_1_687' title='bbox 3930 3188 3931 3209; x_wconf 36' lang='grc' dir='ltr'><strong>η</strong></span> 
     </span>
    </p>
   </div>
   <div class='ocr_carea' id='block_1_95' title="bbox 2326 3231 3879 3311">
    <p class='ocr_par' dir='ltr' id='par_1_95' title="bbox 2326 3231 3879 3311">
     <span class='ocr_line' id='line_1_95' title="bbox 2326 3231 3879 3311; baseline -0.002 -18"><span class='ocrx_word' id='word_1_688' title='bbox 2326 3240 2552 3308; x_wconf 88' lang='lat' dir='ltr'>militat,</span> <span class='ocrx_word' id='word_1_689' title='bbox 2586 3239 2779 3295; x_wconf 89' lang='lat' dir='ltr'>sulcat</span> <span class='ocrx_word' id='word_1_690' title='bbox 2802 3256 2980 3309; x_wconf 89' lang='lat' dir='ltr'>mare,</span> <span class='ocrx_word' id='word_1_691' title='bbox 3002 3255 3138 3295; x_wconf 90' lang='lat' dir='ltr'>aere</span> <span class='ocrx_word' id='word_1_692' title='bbox 3159 3241 3447 3311; x_wconf 90' lang='lat' dir='ltr'>pascitur,</span> <span class='ocrx_word' id='word_1_693' title='bbox 3473 3238 3651 3294; x_wconf 91' lang='lat' dir='ltr'>cultor</span> <span class='ocrx_word' id='word_1_694' title='bbox 3675 3234 3780 3302; x_wconf 89' lang='lat' dir='ltr'>soli,</span> <span class='ocrx_word' id='word_1_695' title='bbox 3804 3231 3879 3284; x_wconf 75' lang='lat' dir='ltr'>via-</span> 
     </span>
    </p>
   </div>
   <div class='ocr_carea' id='block_1_96' title="bbox 2240 3289 2287 3348">
    <p class='ocr_par' dir='ltr' id='par_1_96' title="bbox 2240 3289 2287 3348">
     <span class='ocr_line' id='line_1_96' title="bbox 2240 3289 2287 3348; baseline 0 -7"><span class='ocrx_word' id='word_1_696' title='bbox 2240 3289 2287 3348; x_wconf 78' lang='grc' dir='ltr'><strong>Ο</strong></span> 
     </span>
    </p>
   </div>
   <div class='ocr_carea' id='block_1_97' title="bbox 2326 3507 3246 3563">
    <p class='ocr_par' dir='ltr' id='par_1_97' title="bbox 2326 3507 3246 3563">
     <span class='ocr_line' id='line_1_97' title="bbox 2326 3507 3246 3563; baseline 0.002 -2"><span class='ocrx_word' id='word_1_697' title='bbox 2326 3508 2472 3562; x_wconf 69' lang='lat' dir='ltr'>Haec</span> <span class='ocrx_word' id='word_1_698' title='bbox 2503 3508 2829 3562; x_wconf 89' lang='lat' dir='ltr'>secundum</span> <span class='ocrx_word' id='word_1_699' title='bbox 2869 3507 3246 3563; x_wconf 89' lang='lat' dir='ltr'>industriam.</span> 
     </span>
    </p>
   </div>
   <div class='ocr_carea' id='block_1_98' title="bbox 2394 3588 3931 3668">
    <p class='ocr_par' dir='ltr' id='par_1_98' title="bbox 2394 3588 3931 3668">
     <span class='ocr_line' id='line_1_98' title="bbox 2394 3588 3931 3668; baseline -0.01 -17"><span class='ocrx_word' id='word_1_700' title='bbox 2394 3598 2483 3652; x_wconf 74' lang='lat'>20.</span> <span class='ocrx_word' id='word_1_701' title='bbox 2517 3595 2737 3667; x_wconf 82' lang='lat' dir='ltr'>Accipe</span> <span class='ocrx_word' id='word_1_702' title='bbox 2767 3597 2941 3651; x_wconf 88' lang='lat' dir='ltr'>etiam</span> <span class='ocrx_word' id='word_1_703' title='bbox 2971 3597 3130 3668; x_wconf 87' lang='lat' dir='ltr'>quod</span> <span class='ocrx_word' id='word_1_704' title='bbox 3169 3612 3354 3668; x_wconf 87' lang='lat' dir='ltr'>supra</span> <span class='ocrx_word' id='word_1_705' title='bbox 3404 3593 3648 3651; x_wconf 88' lang='lat' dir='ltr'>hominis</span> <span class='ocrx_word' id='word_1_706' title='bbox 3687 3588 3881 3646; x_wconf 83' lang='lat' dir='ltr'>substan-</span> <span class='ocrx_word' id='word_1_707' title='bbox 3930 3634 3931 3637; x_wconf 44' lang='grc' dir='ltr'><strong>η</strong></span> 
     </span>
    </p>
   </div>
   <div class='ocr_carea' id='block_1_99' title="bbox 2324 3679 3879 3757">
    <p class='ocr_par' dir='ltr' id='par_1_99' title="bbox 2324 3679 3879 3757">
     <span class='ocr_line' id='line_1_99' title="bbox 2324 3679 3879 3757; baseline -0.006 -16"><span class='ocrx_word' id='word_1_708' title='bbox 2324 3687 2484 3741; x_wconf 90' lang='lat' dir='ltr'>tiam.</span> <span class='ocrx_word' id='word_1_709' title='bbox 2515 3686 2756 3757; x_wconf 75' lang='lat' dir='ltr'>Moyses</span> <span class='ocrx_word' id='word_1_710' title='bbox 2789 3686 2848 3741; x_wconf 92' lang='lat' dir='ltr'>in</span> <span class='ocrx_word' id='word_1_711' title='bbox 2879 3686 2996 3741; x_wconf 91' lang='lat' dir='ltr'>imo</span> <span class='ocrx_word' id='word_1_712' title='bbox 3039 3686 3365 3741; x_wconf 86' lang='lat' dir='ltr'>ambulavit</span> <span class='ocrx_word' id='word_1_713' title='bbox 3406 3684 3549 3739; x_wconf 85' lang='lat' dir='ltr'>mari</span> <span class='ocrx_word' id='word_1_714' title='bbox 3589 3679 3771 3753; x_wconf 77' lang='lat' dir='ltr'>(Exod.</span> <span class='ocrx_word' id='word_1_715' title='bbox 3807 3688 3879 3731; x_wconf 71' lang='lat' dir='ltr'>xiv.</span> 
     </span>
    </p>
   </div>
   <div class='ocr_carea' id='block_1_100' title="bbox 2323 3761 3881 3846">
    <p class='ocr_par' dir='ltr' id='par_1_100' title="bbox 2323 3761 3881 3846">
     <span class='ocr_line' id='line_1_100' title="bbox 2323 3761 3881 3846; baseline -0.011 -16"><span class='ocrx_word' id='word_1_716' title='bbox 2323 3773 2436 3846; x_wconf 74' lang='lat'>2&#39;2),</span> <span class='ocrx_word' id='word_1_717' title='bbox 2467 3775 2528 3829; x_wconf 89' lang='lat' dir='ltr'>in</span> <span class='ocrx_word' id='word_1_718' title='bbox 2569 3766 2713 3830; x_wconf 82' lang='grc'>976</span> <span class='ocrx_word' id='word_1_719' title='bbox 2758 3791 2989 3831; x_wconf 88' lang='lat' dir='ltr'>summo</span> <span class='ocrx_word' id='word_1_720' title='bbox 3021 3775 3275 3846; x_wconf 88' lang='lat' dir='ltr'>apostoli</span> <span class='ocrx_word' id='word_1_721' title='bbox 3309 3774 3496 3844; x_wconf 83' lang='lat' dir='ltr'>(Joan.</span> <span class='ocrx_word' id='word_1_722' title='bbox 3529 3787 3642 3840; x_wconf 68' lang='lat' dir='ltr'>xxx,</span> <span class='ocrx_word' id='word_1_723' title='bbox 3662 3768 3726 3837; x_wconf 87' lang='lat'>8).</span> <span class='ocrx_word' id='word_1_724' title='bbox 3754 3761 3881 3819; x_wconf 72' lang='lat' dir='ltr'>Haba-</span> 
     </span>
    </p>
   </div>
   <div class='ocr_carea' id='block_1_101' title="bbox 2326 3834 3931 3934">
    <p class='ocr_par' dir='ltr' id='par_1_101' title="bbox 2326 3834 3931 3934">
     <span class='ocr_line' id='line_1_101' title="bbox 2326 3834 3931 3934; baseline -0.004 -16"><span class='ocrx_word' id='word_1_725' title='bbox 2326 3834 2436 3919; x_wconf 39' lang='lat' dir='ltr'>cu&#39;c</span> <span class='ocrx_word' id='word_1_726' title='bbox 2466 3863 2596 3919; x_wconf 91' lang='lat' dir='ltr'>sine</span> <span class='ocrx_word' id='word_1_727' title='bbox 2623 3864 2836 3934; x_wconf 89' lang='lat' dir='ltr'>pennis</span> <span class='ocrx_word' id='word_1_728' title='bbox 2857 3834 3077 3920; x_wconf 71' lang='lat' dir='ltr'>volavit</span> <span class='ocrx_word' id='word_1_729' title='bbox 3092 3864 3268 3934; x_wconf 82' lang='lat' dir='ltr'>(Dan.</span> <span class='ocrx_word' id='word_1_730' title='bbox 3295 3834 3415 3932; x_wconf 62' lang='lat' dir='ltr'>silv,</span> <span class='ocrx_word' id='word_1_731' title='bbox 3434 3862 3543 3932; x_wconf 86' lang='lat'>35).</span> <span class='ocrx_word' id='word_1_732' title='bbox 3568 3834 3769 3914; x_wconf 84' lang='lat' dir='ltr'>Eliasin</span> <span class='ocrx_word' id='word_1_733' title='bbox 3787 3856 3883 3906; x_wconf 73' lang='lat' dir='ltr'>terra</span> <span class='ocrx_word' id='word_1_734' title='bbox 3930 3834 3931 3911; x_wconf 49' lang='grc' dir='ltr'><strong><em>ἓ</em></strong></span> 
     </span>
    </p>
   </div>
   <div class='ocr_carea' id='block_1_102' title="bbox 2323 3936 3881 4024">
    <p class='ocr_par' dir='ltr' id='par_1_102' title="bbox 2323 3936 3881 4024">
     <span class='ocr_line' id='line_1_102' title="bbox 2323 3936 3881 4024; baseline -0.007 -17"><span class='ocrx_word' id='word_1_735' title='bbox 2323 3953 2485 4023; x_wconf 89' lang='lat' dir='ltr'>vicit,</span> <span class='ocrx_word' id='word_1_736' title='bbox 2511 3955 2568 4007; x_wconf 93' lang='lat' dir='ltr'>et</span> <span class='ocrx_word' id='word_1_737' title='bbox 2587 3953 2648 4007; x_wconf 90' lang='lat' dir='ltr'>in</span> <span class='ocrx_word' id='word_1_738' title='bbox 2677 3952 2827 4009; x_wconf 85' lang='lat' dir='ltr'>coelo</span> <span class='ocrx_word' id='word_1_739' title='bbox 2858 3953 3242 4024; x_wconf 87' lang='lat' dir='ltr'>triumphavit</span> <span class='ocrx_word' id='word_1_740' title='bbox 3272 3952 3385 4023; x_wconf 89' lang='lat' dir='ltr'>(IV</span> <span class='ocrx_word' id='word_1_741' title='bbox 3411 3952 3553 4023; x_wconf 78' lang='lat' dir='ltr'>Reg.</span> <span class='ocrx_word' id='word_1_742' title='bbox 3582 3965 3639 4018; x_wconf 88' lang='lat' dir='ltr'>n,</span> <span class='ocrx_word' id='word_1_743' title='bbox 3669 3945 3756 4013; x_wconf 88' lang='grc'>11).</span> <span class='ocrx_word' id='word_1_744' title='bbox 3780 3936 3881 3997; x_wconf 63' lang='lat' dir='ltr'>Vah.</span> 
     </span>
    </p>
   </div>
   <div class='ocr_carea' id='block_1_103' title="bbox 2327 4040 3636 4114">
    <p class='ocr_par' dir='ltr' id='par_1_103' title="bbox 2327 4040 3636 4114">
     <span class='ocr_line' id='line_1_103' title="bbox 2327 4040 3636 4114; baseline -0.004 -17"><span class='ocrx_word' id='word_1_745' title='bbox 2327 4041 2431 4112; x_wconf 81' lang='lat' dir='ltr'>ﬁli,</span> <span class='ocrx_word' id='word_1_746' title='bbox 2462 4045 2518 4097; x_wconf 90' lang='lat' dir='ltr'>et</span> <span class='ocrx_word' id='word_1_747' title='bbox 2548 4057 2660 4097; x_wconf 90' lang='lat' dir='ltr'>nos</span> <span class='ocrx_word' id='word_1_748' title='bbox 2690 4042 2894 4114; x_wconf 82' lang='lat' dir='ltr'>dilige,</span> <span class='ocrx_word' id='word_1_749' title='bbox 2928 4042 3063 4114; x_wconf 90' lang='lat' dir='ltr'>quia</span> <span class='ocrx_word' id='word_1_750' title='bbox 3092 4057 3205 4098; x_wconf 93' lang='lat' dir='ltr'>nos</span> <span class='ocrx_word' id='word_1_751' title='bbox 3238 4045 3295 4098; x_wconf 86' lang='lat' dir='ltr'>te</span> <span class='ocrx_word' id='word_1_752' title='bbox 3324 4040 3636 4113; x_wconf 85' lang='lat' dir='ltr'>diligimus.</span> 
     </span>
    </p>
   </div>
   <div class='ocr_carea' id='block_1_104' title="bbox 2781 4145 3532 4215">
    <p class='ocr_par' dir='ltr' id='par_1_104' title="bbox 2781 4145 3532 4215">
     <span class='ocr_line' id='line_1_104' title="bbox 2781 4145 3532 4215; baseline -0.005 -11"><span class='ocrx_word' id='word_1_753' title='bbox 2781 4148 3147 4205; x_wconf 82' lang='lat' dir='ltr'>EPISTOLA</span> <span class='ocrx_word' id='word_1_754' title='bbox 3179 4148 3367 4204; x_wconf 84' lang='lat' dir='ltr'><strong>XLIV</strong></span> <span class='ocrx_word' id='word_1_755' title='bbox 3403 4145 3532 4215; x_wconf 72' lang='lat'>(22).</span> 
     </span>
    </p>
   </div>
   <div class='ocr_carea' id='block_1_105' title="bbox 2327 4244 3882 4329">
    <p class='ocr_par' dir='ltr' id='par_1_105' title="bbox 2327 4244 3882 4329">
     <span class='ocr_line' id='line_1_105' title="bbox 2327 4244 3882 4329; baseline -0.011 -18"><span class='ocrx_word' id='word_1_756' title='bbox 2327 4256 2599 4329; x_wconf 77' lang='lat' dir='ltr'>Moysen,</span> <span class='ocrx_word' id='word_1_757' title='bbox 2638 4272 2763 4329; x_wconf 71' lang='lat' dir='ltr'>qum</span> <span class='ocrx_word' id='word_1_758' title='bbox 2784 4257 2948 4311; x_wconf 82' lang='lat' dir='ltr'>inter</span> <span class='ocrx_word' id='word_1_759' title='bbox 2968 4256 3161 4329; x_wconf 69' lang='lat' dir='ltr'>Deum</span> <span class='ocrx_word' id='word_1_760' title='bbox 3176 4272 3245 4311; x_wconf 80' lang='lat' dir='ltr'>ac</span> <span class='ocrx_word' id='word_1_761' title='bbox 3269 4255 3538 4329; x_wconf 62' lang='lat' dir='ltr'>mundani</span> <span class='ocrx_word' id='word_1_762' title='bbox 3552 4244 3882 4329; x_wconf 52' lang='lat' dir='ltr'>distinguent,</span> 
     </span>
    </p>
   </div>
   <div class='ocr_carea' id='block_1_106' title="bbox 2398 4320 3884 4398">
    <p class='ocr_par' dir='ltr' id='par_1_106' title="bbox 2398 4320 3884 4398">
     <span class='ocr_line' id='line_1_106' title="bbox 2398 4320 3884 4398; baseline -0.009 -16"><span class='ocrx_word' id='word_1_763' title='bbox 2398 4320 2567 4382; x_wconf 66' lang='lat' dir='ltr'>recte</span> <span class='ocrx_word' id='word_1_764' title='bbox 2587 4320 2890 4383; x_wconf 66' lang='lat' dir='ltr'>indicasse</span> <span class='ocrx_word' id='word_1_765' title='bbox 2909 4347 2928 4393; x_wconf 84' lang='lat'><strong><em>;</em></strong></span> <span class='ocrx_word' id='word_1_766' title='bbox 2947 4344 3074 4383; x_wconf 86' lang='lat' dir='ltr'>eum</span> <span class='ocrx_word' id='word_1_767' title='bbox 3093 4327 3257 4381; x_wconf 87' lang='lat' dir='ltr'>illum</span> <span class='ocrx_word' id='word_1_768' title='bbox 3269 4320 3821 4398; x_wconf 71' lang='lat' dir='ltr'>impassibilcmatque</span> <span class='ocrx_word' id='word_1_769' title='bbox 3835 4326 3884 4398; x_wconf 57' lang='grc' dir='ltr'>[η’</span> 
     </span>
    </p>
   </div>
   <div class='ocr_carea' id='block_1_107' title="bbox 2406 4396 3882 4467">
    <p class='ocr_par' dir='ltr' id='par_1_107' title="bbox 2406 4396 3882 4467">
     <span class='ocr_line' id='line_1_107' title="bbox 2406 4396 3882 4467; baseline -0.006 -14"><span class='ocrx_word' id='word_1_770' title='bbox 2406 4399 2726 4466; x_wconf 79' lang='lat' dir='ltr'>visibilem,</span> <span class='ocrx_word' id='word_1_771' title='bbox 2753 4400 2907 4454; x_wconf 80' lang='lat' dir='ltr'>hunc</span> <span class='ocrx_word' id='word_1_772' title='bbox 2937 4396 3387 4467; x_wconf 80' lang='lat' dir='ltr'>corruptibilein</span> <span class='ocrx_word' id='word_1_773' title='bbox 3422 4396 3882 4467; x_wconf 48' lang='lat' dir='ltr'>corporeamque}?</span> 
     </span>
    </p>
   </div>
   <div class='ocr_carea' id='block_1_108' title="bbox 2397 4454 3881 4543">
    <p class='ocr_par' dir='ltr' id='par_1_108' title="bbox 2397 4454 3881 4543">
     <span class='ocr_line' id='line_1_108' title="bbox 2397 4454 3881 4543; baseline -0.004 -20"><span class='ocrx_word' id='word_1_774' title='bbox 2397 4469 2615 4543; x_wconf 78' lang='lat' dir='ltr'>gniﬁca</span> <span class='ocrx_word' id='word_1_775' title='bbox 2628 4454 3012 4543; x_wconf 26' lang='lat' dir='ltr'>vitISedoies</span> <span class='ocrx_word' id='word_1_776' title='bbox 3024 4454 3497 4543; x_wconf 53' lang='lat' dir='ltr'>oroiscreationi</span> <span class='ocrx_word' id='word_1_777' title='bbox 3507 4454 3611 4543; x_wconf 74' lang='lat' dir='ltr'>non</span> <span class='ocrx_word' id='word_1_778' title='bbox 3625 4454 3881 4543; x_wconf 48' lang='lat' dir='ltr'>eoatttiltlfi</span> 
     </span>
    </p>
   </div>
   <div class='ocr_carea' id='block_1_109' title="bbox 2401 4536 3883 4616">
    <p class='ocr_par' dir='ltr' id='par_1_109' title="bbox 2401 4536 3883 4616">
     <span class='ocr_line' id='line_1_109' title="bbox 2401 4536 3883 4616; baseline -0.006 -23"><span class='ocrx_word' id='word_1_779' title='bbox 2401 4536 2550 4616; x_wconf 65' lang='lat' dir='ltr'>Elnod</span> <span class='ocrx_word' id='word_1_780' title='bbox 2564 4549 2825 4616; x_wconf 57' lang='lat' dir='ltr'>tempore</span> <span class='ocrx_word' id='word_1_781' title='bbox 2846 4542 3007 4616; x_wconf 70' lang='lat' dir='ltr'>Deus</span> <span class='ocrx_word' id='word_1_782' title='bbox 3025 4540 3316 4613; x_wconf 79' lang='lat' dir='ltr'>indigeat,</span> <span class='ocrx_word' id='word_1_783' title='bbox 3337 4536 3883 4616; x_wconf 49' lang='lat' dir='ltr'>scd_u_t_dispositio£{°</span> 
     </span>
    </p>
   </div>
   <div class='ocr_carea' id='block_1_110' title="bbox 2234 4599 3881 4710">
    <p class='ocr_par' dir='ltr' id='par_1_110' title="bbox 2234 4599 3881 4710">
     <span class='ocr_line' id='line_1_110' title="bbox 2234 4599 3881 4710; baseline 0.002 -1"><span class='ocrx_word' id='word_1_784' title='bbox 2234 4646 2288 4710; x_wconf 81' lang='grc' dir='ltr'>ο</span> <span class='ocrx_word' id='word_1_785' title='bbox 2393 4599 2710 4710; x_wconf 56' lang='lat' dir='ltr'>trimeter.</span> <span class='ocrx_word' id='word_1_786' title='bbox 2736 4612 3093 4710; x_wconf 61' lang='grc' dir='ltr'>υᾳοιηνξευέ</span> <span class='ocrx_word' id='word_1_787' title='bbox 3120 4599 3453 4710; x_wconf 60' lang='grc' dir='ltr'>ῆὲριθέξθνξί</span> <span class='ocrx_word' id='word_1_788' title='bbox 3472 4599 3881 4710; x_wconf 49' lang='grc' dir='ltr'>ἀίθίἱὶθξλέῗξέἒῖ</span> 
     </span>
    </p>
   </div>
   <div class='ocr_carea' id='block_1_111' title="bbox 2399 4664 3885 4757">
    <p class='ocr_par' dir='ltr' id='par_1_111' title="bbox 2399 4664 3885 4757">
     <span class='ocr_line' id='line_1_111' title="bbox 2399 4664 3885 4757; baseline -0.007 -19"><span class='ocrx_word' id='word_1_789' title='bbox 2399 4664 3885 4757; x_wconf 43' lang='grc' dir='ltr'>ἦέλῑδέέδιέαῖῖάέᾱιίιέγέίωτιο,ωροτεσείεξρηογξῃεε</span> 
     </span>
    </p>
   </div>
   <div class='ocr_carea' id='block_1_112' title="bbox 2402 4737 3885 4827">
    <p class='ocr_par' dir='ltr' id='par_1_112' title="bbox 2402 4737 3885 4827">
     <span class='ocr_line' id='line_1_112' title="bbox 2402 4737 3885 4827; baseline -0.013 -17"><span class='ocrx_word' id='word_1_790' title='bbox 2402 4737 2959 4827; x_wconf 68' lang='lat' dir='ltr'>tamentinnnzerns,</span> <span class='ocrx_word' id='word_1_791' title='bbox 2969 4737 3029 4810; x_wconf 82' lang='lat' dir='ltr'>ut</span> <span class='ocrx_word' id='word_1_792' title='bbox 3042 4737 3145 4810; x_wconf 70' lang='lat' dir='ltr'>ille</span> <span class='ocrx_word' id='word_1_793' title='bbox 3163 4737 3780 4823; x_wconf 58' lang='lat' dir='ltr'>reterisﬂiponiturin</span> <span class='ocrx_word' id='word_1_794' title='bbox 3790 4737 3885 4791; x_wconf 72' lang='lat' dir='ltr'>hanc</span> 
     </span>
    </p>
   </div>
   <div class='ocr_carea' id='block_1_113' title="bbox 2330 4952 3057 5026">
    <p class='ocr_par' dir='ltr' id='par_1_113' title="bbox 2330 4952 3057 5026">
     <span class='ocr_line' id='line_1_113' title="bbox 2330 4952 3057 5026; baseline -0.004 -16"><span class='ocrx_word' id='word_1_795' title='bbox 2330 4954 2561 5010; x_wconf 87' lang='lat' dir='ltr'>scilicet</span> <span class='ocrx_word' id='word_1_796' title='bbox 2592 4952 3014 5026; x_wconf 82' lang='lat' dir='ltr'>Georgicorum</span> <span class='ocrx_word' id='word_1_797' title='bbox 3040 4972 3057 5007; x_wconf 90' lang='lat'>:</span> 
     </span>
    </p>
   </div>
   <div class='ocr_carea' id='block_1_114' title="bbox 2391 5072 3703 5191">
    <p class='ocr_par' dir='ltr' id='par_1_114' title="bbox 2391 5072 3703 5191">
     <span class='ocr_line' id='line_1_114' title="bbox 2391 5072 3703 5191; baseline -0.013 -62"><span class='ocrx_word' id='word_1_798' title='bbox 2391 5080 2653 5191; x_wconf 57' lang='lat' dir='ltr'>{Depresso</span> <span class='ocrx_word' id='word_1_799' title='bbox 2684 5077 2897 5141; x_wconf 89' lang='lat' dir='ltr'>incipiat</span> <span class='ocrx_word' id='word_1_800' title='bbox 2918 5077 3029 5140; x_wconf 85' lang='lat' dir='ltr'>jam</span> <span class='ocrx_word' id='word_1_801' title='bbox 3060 5083 3169 5127; x_wconf 88' lang='lat' dir='ltr'>tum</span> <span class='ocrx_word' id='word_1_802' title='bbox 3195 5075 3321 5125; x_wconf 87' lang='lat' dir='ltr'>mihi</span> <span class='ocrx_word' id='word_1_803' title='bbox 3349 5080 3525 5123; x_wconf 88' lang='lat' dir='ltr'>taurus</span> <span class='ocrx_word' id='word_1_804' title='bbox 3550 5072 3703 5117; x_wconf 87' lang='lat' dir='ltr'>aratro</span> 
     </span>
     <span class='ocr_line' id='line_1_115' title="bbox 2419 5156 2721 5191; baseline 0.007 -2"><span class='ocrx_word' id='word_1_805' title='bbox 2419 5156 2721 5191; x_wconf 79' lang='lat' dir='ltr'>naemere...</span> 
     </span>
    </p>
   </div>
   <div class='ocr_carea' id='block_1_115' title="bbox 2419 5156 2721 5208">
    <p class='ocr_par' dir='ltr' id='par_1_115' title="bbox 2419 5156 2721 5208">
     <span class='ocr_line' id='line_1_116' title="bbox 2419 5156 2721 5208; baseline 0.007 -19"><span class='ocrx_word' id='word_1_806' title='bbox 2419 5156 2721 5208; x_wconf 82' lang='lat' dir='ltr'>ngemere...</span> 
     </span>
    </p>
   </div>
   <div class='ocr_carea' id='block_1_116' title="bbox 2399 5221 3884 5311">
    <p class='ocr_par' dir='ltr' id='par_1_116' title="bbox 2399 5221 3884 5311">
     <span class='ocr_line' id='line_1_117' title="bbox 2399 5221 3884 5311; baseline -0.028 -1"><span class='ocrx_word' id='word_1_807' title='bbox 2399 5239 2510 5311; x_wconf 62' lang='lat'>(20)</span> <span class='ocrx_word' id='word_1_808' title='bbox 2543 5240 2613 5294; x_wconf 75' lang='grc' dir='ltr'>Ει</span> <span class='ocrx_word' id='word_1_809' title='bbox 2643 5240 2776 5308; x_wconf 80' lang='lat' dir='ltr'>hoe,</span> <span class='ocrx_word' id='word_1_810' title='bbox 2809 5239 3000 5310; x_wconf 87' lang='lat' dir='ltr'>inquit</span> <span class='ocrx_word' id='word_1_811' title='bbox 3038 5238 3193 5294; x_wconf 90' lang='lat' dir='ltr'>idem</span> <span class='ocrx_word' id='word_1_812' title='bbox 3231 5233 3514 5302; x_wconf 86' lang='lat' dir='ltr'>Nannius,</span> <span class='ocrx_word' id='word_1_813' title='bbox 3546 5221 3884 5298; x_wconf 72' lang='lat' dir='ltr'>Virgilianumi</span> 
     </span>
    </p>
   </div>
   <div class='ocr_carea' id='block_1_117' title="bbox 2393 5334 3704 5411">
    <p class='ocr_par' dir='ltr' id='par_1_117' title="bbox 2393 5334 3704 5411">
     <span class='ocr_line' id='line_1_118' title="bbox 2393 5334 3704 5411; baseline -0.011 -16"><span class='ocrx_word' id='word_1_814' title='bbox 2393 5347 2649 5396; x_wconf 88' lang='lat' dir='ltr'>Insultare</span> <span class='ocrx_word' id='word_1_815' title='bbox 2671 5346 2803 5405; x_wconf 89' lang='lat' dir='ltr'>solo,</span> <span class='ocrx_word' id='word_1_816' title='bbox 2836 5351 2885 5394; x_wconf 89' lang='lat' dir='ltr'>et</span> <span class='ocrx_word' id='word_1_817' title='bbox 2906 5360 3126 5409; x_wconf 82' lang='lat' dir='ltr'>gressus</span> <span class='ocrx_word' id='word_1_818' title='bbox 3150 5346 3432 5411; x_wconf 85' lang='lat' dir='ltr'>glomerare</span> <span class='ocrx_word' id='word_1_819' title='bbox 3455 5334 3704 5399; x_wconf 81' lang='lat' dir='ltr'>superbos.</span> 
     </span>
    </p>
   </div>
   <div class='ocr_carea' id='block_1_118' title="bbox 2330 5425 3782 5512">
    <p class='ocr_par' dir='ltr' id='par_1_118' title="bbox 2330 5425 3782 5512">
     <span class='ocr_line' id='line_1_119' title="bbox 2330 5425 3782 5512; baseline -0.014 -12"><span class='ocrx_word' id='word_1_820' title='bbox 2330 5446 2445 5500; x_wconf 91' lang='lat' dir='ltr'>Ubi</span> <span class='ocrx_word' id='word_1_821' title='bbox 2474 5445 2739 5512; x_wconf 88' lang='lat' dir='ltr'>Servius,</span> <span class='ocrx_word' id='word_1_822' title='bbox 2772 5444 2830 5498; x_wconf 92' lang='lat' dir='ltr'>id</span> <span class='ocrx_word' id='word_1_823' title='bbox 2858 5447 2950 5499; x_wconf 92' lang='lat' dir='ltr'>est</span> <span class='ocrx_word' id='word_1_824' title='bbox 2988 5446 3050 5498; x_wconf 92' lang='lat' dir='ltr'>ut</span> <span class='ocrx_word' id='word_1_825' title='bbox 3081 5460 3212 5498; x_wconf 90' lang='lat' dir='ltr'>cum</span> <span class='ocrx_word' id='word_1_826' title='bbox 3243 5439 3543 5512; x_wconf 80' lang='lat' dir='ltr'>disciplina</span> <span class='ocrx_word' id='word_1_827' title='bbox 3572 5425 3782 5512; x_wconf 43' lang='lat' dir='ltr'>incedat:</span> 
     </span>
    </p>
   </div>
   <div class='ocr_carea' id='block_1_119' title="bbox 2398 5492 3883 5603">
    <p class='ocr_par' dir='ltr' id='par_1_119' title="bbox 2398 5492 3883 5603">
     <span class='ocr_line' id='line_1_120' title="bbox 2398 5492 3883 5603; baseline 0.006 -34"><span class='ocrx_word' id='word_1_828' title='bbox 2398 5517 2511 5603; x_wconf 53' lang='lat' dir='ltr'>(2d)</span> <span class='ocrx_word' id='word_1_829' title='bbox 2540 5516 2686 5603; x_wconf 62' lang='lat' dir='ltr'>gum</span> <span class='ocrx_word' id='word_1_830' title='bbox 2717 5492 3093 5603; x_wconf 51' lang='lat' dir='ltr'>scilicet‘uno</span> <span class='ocrx_word' id='word_1_831' title='bbox 3132 5529 3282 5585; x_wconf 93' lang='lat' dir='ltr'>equo</span> <span class='ocrx_word' id='word_1_832' title='bbox 3329 5492 3413 5565; x_wconf 51' lang='lat' dir='ltr'>ad&#39;</span> 
     </span>
    </p>
   </div>
   <div class='ocr_carea' id='block_1_120' title="bbox 2371 5564 3883 5673">
    <p class='ocr_par' dir='ltr' id='par_1_120' title="bbox 2371 5564 3883 5673">
     <span class='ocr_line' id='line_1_121' title="bbox 2371 5564 3883 5673; baseline -0.007 -32"><span class='ocrx_word' id='word_1_833' title='bbox 2371 5564 2534 5673; x_wconf 61' lang='lat' dir='ltr'>uales</span> <span class='ocrx_word' id='word_1_834' title='bbox 2551 5587 2742 5643; x_wconf 86' lang='lat' dir='ltr'>Graeci</span> <span class='ocrx_word' id='word_1_835' title='bbox 2765 5589 2978 5667; x_wconf 83' lang='lat' dir='ltr'>vocant</span> <span class='ocrx_word' id='word_1_836' title='bbox 2995 5564 3222 5669; x_wconf 43' lang='lat' dir='ltr'>celerejs</span> <span class='ocrx_word' id='word_1_837' title='bbox 3243 5599 3256 5638; x_wconf 94' lang='lat'>:</span> <span class='ocrx_word' id='word_1_838' title='bbox 3290 5564 3816 5673; x_wconf 40' lang='grc' dir='ltr'>ιὶοιιιὺίιιιοεέωξίιῗξέν</span> <span class='ocrx_word' id='word_1_839' title='bbox 3840 5564 3883 5673; x_wconf 59' lang='grc' dir='ltr'>’ἐξ</span> 
     </span>
    </p>
   </div>
   <div class='ocr_carea' id='block_1_121' title="bbox 2324 5604 3867 5729">
    <p class='ocr_par' dir='ltr' id='par_1_121' title="bbox 2324 5604 3867 5729">
     <span class='ocr_line' id='line_1_122' title="bbox 2371 5604 3855 5647; baseline -0.009 -6"><span class='ocrx_word' id='word_1_840' title='bbox 2371 5604 2534 5642; x_wconf 84' lang='lat' dir='ltr'>uales</span> <span class='ocrx_word' id='word_1_841' title='bbox 2551 5604 2742 5643; x_wconf 66' lang='grc' dir='ltr'>υνωοι</span> <span class='ocrx_word' id='word_1_842' title='bbox 2765 5604 2978 5641; x_wconf 74' lang='grc' dir='ltr'>νοοιιιὶι</span> <span class='ocrx_word' id='word_1_843' title='bbox 2995 5604 3222 5641; x_wconf 73' lang='lat' dir='ltr'>CBlel&#39;BS</span> <span class='ocrx_word' id='word_1_844' title='bbox 3243 5604 3256 5638; x_wconf 74' lang='grc' dir='ltr'>Σ</span> <span class='ocrx_word' id='word_1_845' title='bbox 3290 5604 3403 5637; x_wconf 84' lang='lat' dir='ltr'>non</span> <span class='ocrx_word' id='word_1_846' title='bbox 3432 5604 3589 5633; x_wconf 73' lang='lat' dir='ltr'>uulua</span> <span class='ocrx_word' id='word_1_847' title='bbox 3610 5604 3642 5627; x_wconf 78' lang='grc' dir='ltr'>ιι</span> <span class='ocrx_word' id='word_1_848' title='bbox 3655 5604 3816 5647; x_wconf 49' lang='grc' dir='ltr'>αυξτ-1</span> <span class='ocrx_word' id='word_1_849' title='bbox 3846 5604 3855 5606; x_wconf 65' lang='lat'><strong><em>‘</em></strong></span> 
     </span>
     <span class='ocr_line' id='line_1_123' title="bbox 2324 5604 3867 5729; baseline -0.006 -15"><span class='ocrx_word' id='word_1_850' title='bbox 2324 5604 2698 5714; x_wconf 60' lang='lat' dir='ltr'>gesnltores:</span> <span class='ocrx_word' id='word_1_851' title='bbox 2752 5673 2871 5713; x_wconf 88' lang='lat' dir='ltr'>non</span> <span class='ocrx_word' id='word_1_852' title='bbox 2908 5657 3085 5729; x_wconf 83' lang='lat' dir='ltr'>jugis</span> <span class='ocrx_word' id='word_1_853' title='bbox 3128 5655 3439 5720; x_wconf 86' lang='lat' dir='ltr'>innectunt,</span> <span class='ocrx_word' id='word_1_854' title='bbox 3482 5651 3539 5702; x_wconf 90' lang='lat' dir='ltr'>ut</span> <span class='ocrx_word' id='word_1_855' title='bbox 3584 5645 3636 5697; x_wconf 90' lang='lat' dir='ltr'>in</span> <span class='ocrx_word' id='word_1_856' title='bbox 3679 5640 3805 5705; x_wconf 67' lang='lat'>1118’&quot;</span> <span class='ocrx_word' id='word_1_857' title='bbox 3844 5639 3867 5677; x_wconf 74' lang='grc' dir='ltr'><strong>θ</strong></span> 
     </span>
    </p>
   </div>
   <div class='ocr_carea' id='block_1_122' title="bbox 2328 5728 3187 5802">
    <p class='ocr_par' dir='ltr' id='par_1_122' title="bbox 2328 5728 3187 5802">
     <span class='ocr_line' id='line_1_124' title="bbox 2328 5728 3187 5802; baseline -0.003 -17"><span class='ocrx_word' id='word_1_858' title='bbox 2328 5730 2636 5802; x_wconf 79' lang='lat' dir='ltr'>quadrigis</span> <span class='ocrx_word' id='word_1_859' title='bbox 2657 5731 2749 5802; x_wconf 72' lang='lat' dir='ltr'>iit.</span> <span class='ocrx_word' id='word_1_860' title='bbox 2784 5729 2862 5802; x_wconf 76' lang='lat' dir='ltr'>Ita</span> <span class='ocrx_word' id='word_1_861' title='bbox 2897 5728 3187 5783; x_wconf 89' lang='lat' dir='ltr'>Nannius.</span> 
     </span>
    </p>
   </div>
   <div class='ocr_carea' id='block_1_123' title="bbox 2399 5794 3354 5872">
    <p class='ocr_par' dir='ltr' id='par_1_123' title="bbox 2399 5794 3354 5872">
     <span class='ocr_line' id='line_1_125' title="bbox 2399 5794 3354 5872; baseline -0.005 -16"><span class='ocrx_word' id='word_1_862' title='bbox 2399 5800 2512 5872; x_wconf 74' lang='lat'>(22)</span> <span class='ocrx_word' id='word_1_863' title='bbox 2541 5794 2771 5871; x_wconf 81' lang='lat' dir='ltr'>Scripta</span> <span class='ocrx_word' id='word_1_864' title='bbox 2802 5800 2960 5855; x_wconf 83' lang='lat' dir='ltr'>circa</span> <span class='ocrx_word' id='word_1_865' title='bbox 2990 5813 3208 5856; x_wconf 87' lang='lat' dir='ltr'>annum</span> <span class='ocrx_word' id='word_1_866' title='bbox 3233 5794 3354 5853; x_wconf 82' lang='lat'>389.</span> 
     </span>
    </p>
   </div>
  </div>
