4070 6180
151 290 316 381 1186

1382 283 2003 375 E‘Pisromnﬁm
2039 287 2379 374 omssts
2423 290 2473 375 t.

3439 316 3599 386 1186

219 528 379 577 rem,
423 510 595 569 Oscae
623 510 806 584 locus,
843 515 904 565 et
928 510 1286 584 continuata
1302 508 1569 584 ejusdem
1599 511 1818 584 ogdoa-
1845 492 1906 555 Α
1934 512 2124 567 maria
2154 512 2426 583 formata,
2465 514 2622 569 sicut
2652 516 2763 584 sol,
2792 510 2929 571 luna
2960 521 3021 573 et
3046 514 3236 574 stele
3268 536 3280 573 :
3315 520 3390 574 ita
3421 522 3597 576 etiam

224 585 323 640 dis
353 581 879 651 commendatione,
913 582 975 635 in
1006 580 1213 637 Iaudes
1250 580 1505 637 foederis
1544 580 1684 639 novi
1713 583 1820 639 de-

228 656 373 710 sinit
409 652 680 726 epistola.

582 744 925 797 Aunaosms
967 741 1374 798 Hoaox'rumo.

224 835 275 890 1.
302 833 669 888 Divisionem
694 831 1701 903 egregieadvertistipropheticam,
1727 835 1821 889 vel

148 924 350 995 potius
382 921 670 985 divinam;
706 936 823 974 non
857 920 1011 973 enim
1042 936 1150 975 sua
1181 920 1452 991 Moyses,
1489 921 1596 976 sed
1626 923 1823 977 infusa

148 1019 205 1067 et
237 1013 498 1068 revelata
532 1010 648 1064 sibi
681 1009 950 1078 scripsit,
987 1024 1054 1063 ea
1083 1010 1383 1080 praecipue
1416 1026 1549 1082 quae
1583 1016 1721 1065 sunt
1751 1012 1822 1067 de

149 1098 571 1157 constitutione
636 1098 836 1151 mundi
900 1114 912 1152 ε
975 1113 1109 1168 quas
1173 1098 1389 1153 divisio
1449 1105 1822 1169 operatorem

148 1195 324 1262 atque
372 1204 554 1259 opera
585 1187 852 1241 distinxit
898 1185 1069 1257 (Gen.
1105 1205 1144 1257 ι,
1181 1186 1207 1241 1
1263 1188 1434 1260 seq.).
1488 1189 1640 1243 Nam
1689 1207 1823 1245 cum

150 1280 310 1334 aliud
333 1277 706 1348 impassibile
727 1280 911 1345 esset,
936 1277 1094 1332 aliud
1114 1278 1418 1348 passionis
1440 1280 1818 1349 receptabile;

149 1369 311 1440 quod
339 1370 469 1424 erat
489 1365 857 1436 impossible,
883 1366 954 1419 ad
978 1366 1162 1421 Deum
1185 1370 1559 1437 operatorem
1579 1368 1779 1422 retulit
1805 1386 1817 1423 :
1856 1397 1867 1407 ι

148 1457 311 1529 quod
342 1459 537 1512 autem
566 1454 876 1525 passibile,
913 1454 1044 1509 sine
1075 1454 1287 1524 anima,
1324 1455 1453 1510 sine
1486 1460 1647 1510 motu
1677 1472 1819 1527 pro-

146 1547 311 1616 prio,
339 1548 561 1600 motum
591 1548 649 1599 et
679 1543 933 1615 figuram
964 1561 997 1598 a
1028 1548 1298 1598 creatore
1347 1545 1645 1614 accipiens
1685 1561 1814 1615 suo,

151 1635 455 1705 deputavit
484 1633 619 1688 huic
649 1633 889 1687 mundo.
939 1633 1122 1698 Quem
1155 1633 1372 1688 factum
1402 1650 1515 1689 non
1563 1637 1820 1704 oportuit

149 1724 287 1778 sine
316 1723 737 1795 gubernatore,
773 1721 1026 1793 quodam
1055 1727 1222 1792 patre
1243 1722 1618 1777 indefensum
1650 1725 1821 1778 relin-

147 1813 274 1885 qui.
307 1812 379 1866 Et
409 1812 539 1867 ideo
560 1811 921 1866 invisibilem
944 1812 1130 1866 Deum
1160 1812 1416 1867 visibilis
1449 1812 1631 1885 hujus
1660 1830 1821 1867 mun-

146 1903 211 1956 di
261 1905 559 1957 rectorem
606 1916 744 1955 esse
792 1904 849 1956 et
896 1900 1066 1971 quasi
1117 1904 1390 1970 tutorem,
1443 1903 1818 1972 apertissime

148 1991 462 2047 describit.
485 1990 815 2061 Quosergo
836 1990 1153 2059 invisibile,
1179 1991 1637 2060 sempiternum:
1661 1993 1817 2065 quod

149 2085 349 2137 autem
378 2080 635 2149 videtur,
668 2079 991 2149 temporale
1022 2078 1109 2147 (ΙΙ
1135 2078 1269 2135 Cor.
1304 2097 1384 2148 1v,
1420 2078 1530 2149 18).

223 2171 274 2225 2.
309 2169 428 2224 Sex
458 2168 654 2240 itaque
699 2168 910 2223 diebus
960 2168 1178 2224 factum
1208 2170 1489 2224 mundum
1521 2172 1813 2243 exprimit,

146 2274 267 2317 non
301 2258 456 2329 quod
488 2259 649 2313 Deus
671 2262 935 2328 tempore
957 2258 1277 2330 indignerit
1305 2260 1375 2313 ad
1408 2261 1818 2316 constitionem

149 2348 310 2419 ejus,
345 2348 441 2402 cui
472 2348 624 2402 intra
655 2352 1013 2403 momentum
1045 2348 1299 2417 suppetit
1332 2348 1530 2404 facere
1562 2365 1694 2420 qum
1725 2367 1820 2405 ve-

146 2437 222 2493 lit
265 2436 432 2508 (dixit
478 2436 632 2491 enim
662 2435 850 2504 (Psal.
883 2452 1121 2505 cnvm,
1153 2436 1228 2505 5),
1267 2460 1289 2483 ι·
1328 2441 1383 2491 et
1412 2437 1565 2492 facta
1595 2442 1762 2505 sunt;
1791 2461 1813 2489 »

147 2527 264 2582 sed
302 2526 440 2597 quia
487 2542 553 2581 ea
601 2542 736 2596 qum
784 2525 949 2593 flunt,
1000 2526 1269 2581 ordinem
1317 2532 1592 2598 quierunt
1623 2546 1635 2583 :
1672 2529 1817 2585 ordo

145 2621 348 2672 autem
395 2620 452 2670 et
500 2619 732 2685 tempus
780 2618 837 2669 et
866 2630 1178 2669 numerum
1218 2617 1565 2688 plerumque
1613 2618 1814 2690 exigit.

144 2706 307 2761 Illud
338 2721 572 2778 quoque
601 2705 920 2775 praecipue,
955 2705 1230 2776 quoniam
1259 2706 1432 2761 nobis
1461 2708 1533 2761 ad
1562 2724 1818 2777 operan-

143 2796 296 2850 dum
325 2795 576 2850 formam
598 2794 867 2865 daturus,
892 2809 1205 2849 numerum
1227 2794 1457 2849 dierum
1479 2797 1744 2851 servavit
1763 2801 1819 2852 et

146 2889 423 2954 tempora
467 2899 627 2939 :nos
675 2883 831 2938 enim
879 2887 1144 2953 tempore
1192 2884 1549 2956 indigemus,
1599 2890 1662 2939 ut
1710 2887 1817 2940 ali-

140 2973 299 3045 quid
325 2973 613 3027 maturius
646 2989 923 3044 agamus;
976 2989 1048 3028 ne
1078 2974 1520 3043 praecipitamus
1569 2976 1816 3030 consilia

142 3066 330 3134 atque
361 3078 541 3133 opera
580 3066 805 3130 nostra,
839 3077 911 3116 ne
959 3062 1227 3117 ordinem
1273 3066 1815 3133 praetermittamus.

143 3153 302 3208 Cum
334 3152 487 3207 enim
538 3151 726 3206 Deum
765 3151 1044 3223 legimus,
1095 3157 1157 3206 ut
1206 3152 1515 3224 Scriptura
1564 3155 1821 3210 ostendit

143 3241 345 3313 (Psal.
396 3257 516 3311 cur,
551 3240 662 3311 24),
699 3257 832 3295 cum
864 3241 1154 3311 sapientia
1186 3245 1242 3296 et
1272 3243 1525 3313 quodam
1573 3244 1821 3298 consilio

144 3336 210 3387 et
244 3331 638 3402 dispositione
670 3331 863 3386 omnia
893 3330 1116 3386 fecisse
1147 3335 1204 3385 et
1233 3331 1472 3398 ordine;
1505 3336 1822 3389 consenta-

144 3437 333 3475 neum
381 3423 473 3475 est
519 3419 754 3489 rationi,
807 3423 871 3473 ut
916 3420 1107 3490 primo
1153 3421 1369 3474 coelum
1415 3420 1651 3493 faceret
1686 3421 1819 3492 (23),

142 3511 312 3582 quod
362 3514 453 3565 est
507 3509 975 3582 pulcherrimum
1027 3514 1305 3580 :oportet
1346 3514 1409 3565 ut
1446 3527 1517 3566 eo
1567 3512 1823 3581 primum

1933 601 2005 655 ad
2036 601 2200 655 illum
2231 604 2634 671 septenarium
2665 605 2948 660 virtutum
2988 608 3344 678 spiritalium
3376 611 3597 665 circui-

1931 694 2055 744 tum
2085 694 2257 761 atque
2288 693 2495 745 orbem
2526 694 2887 762 operationis
2918 697 3132 752 divinae
3164 699 3374 769 vigore
3402 716 3591 769 praes-

1931 783 2168 848 tantem,
2203 782 2603 849 septenarium
2634 782 2927 852 quoddam
2956 786 3350 840 ministerium
3391 789 3594 858 planc-

1931 873 2123 923 tarum
2173 874 2438 923 creatum
2468 871 2863 939 advertimus,
2899 889 3016 943 quo
3047 873 3143 928 hic
3171 876 3425 929 mundus
3457 878 3593 932 illu-

1930 958 2205 1012 minatur.
2247 957 2507 1023 Quarum
2537 975 2899 1015 concurrere
2932 962 3125 1016 fertur
3152 964 3355 1018 militia
3387 967 3459 1019 ad
3492 983 3594 1021 ea-

1934 1063 2085 1115 rum,
2138 1063 2289 1117 quas
2339 1048 2693 1102 inerrabiles
2741 1051 2853 1120 (25)
2904 1051 3101 1106 ferunt
3150 1055 3374 1122 stellas,
3428 1060 3483 1110 et
3531 1062 3595 1112 ut

1931 1135 2126 1191 Graeci
2176 1136 2396 1205 dicunt,
2451 1143 2742 1209 ἀπλανεῖς,
2786 1138 3118 1209 Septentrio
3177 1158 3411 1214 quoque
3457 1145 3593 1201 inde

1933 1225 2138 1279 Latine
2168 1240 2381 1280 nomen
2413 1227 2656 1296 accepit,
2708 1230 2863 1299 quod
2894 1235 3120 1299 septem
3171 1232 3227 1284 in
3278 1248 3346 1287 eo
3394 1233 3596 1306 fulgor

1932 1314 2240 1369 stellarum
2271 1315 2533 1385 irradiet,
2568 1317 2623 1370 in
2656 1333 2827 1388 quem
2853 1321 3104 1374 maxime
3135 1322 3591 1393 gubernatores,

1930 1403 2104 1473 quasi
2135 1403 2364 1472 ducem,
2402 1404 2677 1460 feruntur
2707 1407 3034 1463 intendere.

2000 1509 2054 1564 4.
2088 1509 2408 1565 Descendit
2441 1510 2570 1566 haec
2620 1512 2692 1567 de
2723 1515 2873 1568 coelo
2906 1516 2964 1568 in
2997 1519 3192 1570 terras
3233 1520 3590 1591 praerogati-

1930 1615 2002 1653 va
2037 1615 2048 1652 :
2085 1615 2219 1653 nam
2267 1605 2329 1653 ut
2361 1603 2659 1655 transeam
2689 1602 3097 1672 septiformem
3147 1606 3356 1675 capitis
3400 1609 3592 1663 nostri

1930 1689 2201 1760 gratiam,
2238 1689 2295 1741 in
2325 1690 2515 1742 oculis
2548 1691 2801 1760 duobus,
2838 1693 3086 1747 auribus
3119 1698 3172 1747 ct
3220 1697 3466 1751 naribus
3496 1698 3593 1752 bi-

1928 1778 2043 1845 nis,
2080 1792 2183 1831 ore
2215 1792 2450 1847 quoque
2470 1794 2579 1847 per
2599 1779 2753 1848 quod
2778 1794 3049 1851 magnam
3081 1783 3429 1839 suavitatem
3458 1802 3592 1856 per-

1930 1867 2522 1936 cipimus;quantum
2572 1867 2731 1921 istud
2781 1869 3081 1937 miraculi,
3135 1872 3291 1941 quod
3342 1875 3593 1943 septimo

1929 1969 2135 2010 mense
2164 1954 2278 2026 (26)
2309 1956 2367 2008 in
2398 1955 2667 2026 plerique
2700 1956 2869 2027 origo
2899 1957 3159 2030 legitima
3194 1961 3503 2033 formatur,
3539 1969 3596 2022 et

1847 2042 1899 2104 B
1930 2045 2031 2116 qui
2055 2044 2234 2099 fuerit
2254 2045 2468 2111 editus,
2494 2045 2691 2098 vitalis
2716 2048 3119 2117 generationis
3143 2050 3443 2106 curricula
3467 2069 3595 2108 sor-

1929 2135 2109 2188 titur?
2137 2133 2357 2188 Octavo
2389 2138 2579 2187 autem
2612 2149 2818 2189 mense
2849 2135 3156 2191 interdicta
3184 2140 3435 2194 naturali
3459 2141 3594 2213 lege

1927 2223 2191 2293 pariendi
2226 2222 2528 2276 cernimus
2561 2225 2845 2291 tempora,
2881 2239 2947 2276 ac
2982 2225 3034 2277 si
3066 2226 3216 2280 forte
3240 2227 3473 2283 lethalis
3492 2246 3591 2285 ne-

1926 2312 2184 2367 cessitas
2215 2314 2422 2381 partus
2471 2311 2734 2365 claustra
2764 2311 3071 2381 laxaverit,
3124 2317 3454 2383 periculum
3485 2334 3593 2389 pa-

1926 2401 2074 2455 riter
2104 2400 2447 2471 generantis
2480 2404 2836 2469 properatur
2866 2405 2923 2455 et
2953 2402 3245 2474 pignoris.

1996 2508 2049 2562 5.
2083 2506 2199 2562 Sed
2231 2511 2422 2561 tamen
2448 2507 2543 2562 ille
2570 2508 2956 2578 septimanus,
2983 2509 3097 2564 etsi
3116 2511 3266 2567 bene
3288 2518 3588 2587 nascatur,

1926 2597 1998 2651 ad
2030 2596 2270 2651 labores
2305 2596 2571 2650 nascitur
2607 2613 2618 2650 :
2655 2597 2756 2668 qui
2805 2601 2999 2653 autem
3049 2605 3255 2656 octavo
3288 2602 3381 2657 die
3413 2620 3592 2676 rege-

1926 2685 2251 2740 nerationis
2283 2685 2536 2740 sortitur
2567 2686 2863 2757 mysteria,
2898 2694 3285 2745 consecratur
3313 2708 3421 2763 per
3449 2710 3591 2766 gra-

1925 2775 2086 2843 tiam,
2138 2776 2194 2828 et
2232 2773 2305 2828 ad
2344 2774 2747 2830 haereditatem
2794 2778 2965 2849 regni
3009 2778 3272 2834 ccelestis
3320 2788 3589 2840 vocatur.

1926 2863 2139 2936 Magna
2186 2864 2247 2918 in
2294 2863 2614 2918 virtutibus
2662 2864 2918 2936 Spiritus
2963 2868 3154 2922 sancti
3198 2869 3589 2928 hebdomadis

1923 2955 2133 3025 gratia,
2167 2953 2373 3007 eadem
2416 2957 2613 3008 tamen
2659 2954 3089 3011 hebdomadam
3137 2964 3327 3030 sonat,
3372 2962 3594 3034 ogdoa-

1924 3042 2056 3097 dem
2091 3047 2422 3097 consecrat.
2456 3042 2519 3097 In
2569 3043 2670 3097 Illa
2702 3060 2910 3116 sonus,
2944 3045 3004 3099 in
3038 3045 3148 3101 ista
3199 3047 3425 3105 fructus
3457 3056 3589 3118 est,

1925 3132 2175 3203 ideoque
2207 3134 2414 3186 octavo
2447 3130 2540 3186 die
2574 3133 2764 3188 soluta
2795 3134 3071 3205 paradiso
3103 3137 3356 3191 reddidit
3398 3137 3591 3211 Spiri-

1924 3223 2021 3281 tus
2050 3221 2262 3292 gratia,
2296 3237 2446 3293 quos
2478 3225 2756 3277 extorres
2787 3239 2895 3278 sua
2931 3224 3154 3279 fecerat
3185 3225 3375 3296 culpa.

1996 3325 2050 3381 6.
2085 3326 2261 3383 Novit
2292 3328 2602 3401 ogdoaden
2635 3329 2839 3400 istam,
2873 3346 3047 3402 quam
3079 3337 3346 3389 octavam
3388 3334 3595 3392 Latine

1929 3416 2204 3489 dicimus,
2238 3422 2412 3474 vetus
2457 3418 2917 3490 Testamentum,
2955 3423 3261 3493 sequidem
3293 3424 3373 3479 ait
3403 3423 3602 3481 Eccle-

1931 3506 2150 3560 siastes
2184 3521 2196 3561 :
2236 3528 2258 3553 «
2296 3506 2380 3561 Da
2408 3523 2614 3578 parem
2661 3508 2780 3563 illis
2813 3513 3074 3580 septem,
3121 3514 3178 3566 et
3207 3511 3325 3568 illis
3357 3515 3598 3586 quidem
3668 3574 3672 3578 _

146 3600 365 3654 oculos
415 3599 742 3672 erigamus,
794 3598 892 3654 illo
942 3600 1116 3654 nobis
1166 3600 1635 3656 contendendum
1684 3617 1825 3657 esse
1855 3593 1906 3657 C
1933 3599 2064 3650 octo
2097 3595 2322 3666 (EOcIe.
2356 3613 2436 3666 χι,
2470 3597 2545 3667 2).
2578 3622 2598 3644 υ»
2636 3597 2976 3653 Hebdomas
2993 3601 3218 3655 veteris
3235 3601 3598 3660 Testamenti

146 3688 539 3759 arbitremur,
575 3689 731 3744 illam
764 3689 967 3744 sedem
997 3690 1256 3745 terrenis
1304 3691 1579 3746 omnibus
1619 3691 1827 3761 praefe-

146 3778 403 3833 rendam
433 3783 729 3849 putemus.

223 3867 279 3922 3.
312 3866 429 3921 Sex
459 3868 653 3940 itaque
687 3866 898 3923 diebus
946 3867 1229 3925 mundum
1275 3870 1521 3939 creavit,
1575 3870 1827 3942 septimo

146 3956 251 4013 die
275 3957 566 4028 requievit
586 3958 658 4013 ab
681 3959 965 4029 operibus
988 3960 1118 4014 suis
1135 3959 1309 4031 (Gen.
1334 3979 1395 4030 ιι,
1420 3961 1495 4031 2).
1520 3961 1718 4017 Bonas
1740 3979 1832 4019 se-

148 4047 378 4117 ptimus
426 4063 741 4118 numerus,
790 4064 965 4119 quem
1012 4065 1128 4104 non
1172 4050 1571 4123 Pythagorico
1602 4052 1715 4121 (24)
1772 4056 1831 4107 et

150 4139 515 4191 cwterorum
538 4136 1029 4207 philosophorum
1050 4154 1216 4192 more
1240 4142 1583 4209 tractamus,
1609 4142 1715 4195 sed
1741 4157 1830 4196 se-

158 4225 426 4279 cundum
449 4225 697 4280 formam
719 4231 774 4281 et
795 4226 1124 4282 divisiones
1146 4229 1354 4299 gratim
1368 4230 1655 4298 spiritalis
1673 4248 1685 4295 ;
1703 4246 1831 4300 scp-

154 4317 282 4368 tem
303 4315 457 4368 enim
496 4315 748 4369 virtutes
785 4316 1145 4385 principales
1187 4318 1375 4371 sancti
1406 4318 1664 4387 Spiritus
1685 4335 1828 4388 pro-

161 4404 341 4472 pheta
364 4404 554 4459 Isaias
578 4405 924 4474 complexus
956 4409 1048 4459 est
1068 4405 1206 4475 (Isa.
1231 4423 1308 4477 χι,
1334 4407 1387 4476 2,
1411 4407 1485 4477 8).
1514 4407 1656 4462 Haec
1681 4408 1829 4462 heb-

158 4492 393 4561 domas,
420 4494 565 4558 977
590 4494 743 4548 sicut
773 4495 901 4565 ipsa
920 4495 1118 4551 Patris
1142 4500 1197 4551 et
1219 4497 1349 4553 Filii
1373 4502 1428 4553 et
1468 4497 1528 4553 S.
1571 4498 1829 4569 Spiritus

158 4583 524 4639 venerabilis
548 4584 826 4655 Trinitas,
843 4588 974 4642 sine
998 4592 1278 4659 tempore,
1297 4589 1425 4645 sine
1448 4592 1674 4659 ordine,
1700 4609 1832 4647 auc-

158 4674 259 4725 tor
280 4673 530 4743 numeri,
572 4690 690 4729 non
724 4677 837 4731 sub
876 4678 1110 4732 numeri
1149 4678 1283 4750 lege
1306 4679 1594 4734 devincta.
1628 4680 1829 4752 Itaque

164 4760 326 4815 sicut
363 4762 435 4816 ad
459 4766 699 4819 teternaa
739 4764 1041 4821 Trinitatis
1079 4768 1331 4839 gratiam
1369 4768 1604 4840 coelum,
1644 4773 1825 4841 terra,

244 4903 359 4975 (28)
389 4905 522 4984 _Vet.
546 4908 692 4984 edit.
728 4924 795 4963 ac
821 4910 1028 4979 plures
1061 4926 1235 4981 mss.,
1275 4932 1297 4964 α
1334 4917 1389 4968 et
1411 4911 1614 4967 ordine
1637 4916 1697 4966 ut
1718 4913 1831 4984 pri-

160 4997 264 5037 mo
293 4977 508 5031 ccelum
539 4978 783 5034 faceret.
822 4977 847 5031 ἱ

230 5047 348 5123 (24)
378 5048 638 5124 Certum_
640 5055 735 5124 est
760 5052 1214 5124 Pythogoraeos,
1240 5058 1303 5108 ut
1333 5055 1676 5111 observavit
1707 5055 1830 5110 Sto-

157 5120 357 5197 baeus,
394 5120 494 5174 lib.
528 5137 546 5174 ι
784 5120 1032 5197 Ιξὴγεῖο.
1067 5120 1315 5195 θερζυ,
1352 5128 1608 5182 omnium
1642 5127 1827 5197 philo-

155 5195 493 5265 sophqrum
526 5193 968 5265 addictissimos
1000 5193 1193 5250 fuisse
1244 5199 1508 5253 scientim
1549 5193 1827 5252 numero-

155 5263 617 5347 ru:m.Platonici
639 5280 872 5347 quoque
887 5282 1158 5347 magnam
1182 5271 1520 5323 earumdem
1547 5272 1828 5347 rationem

156 5334 454 5393 habuisse
482 5334 894 5410 reperiuntur;
928 5334 1081 5394 unde
1114 5340 1329 5394 factum
1363 5347 1483 5403 est,
1520 5347 1579 5395 ut
1612 5341 1832 5410 antiqui

156 5411 400 5475 Patres,
435 5407 536 5481 qui
565 5408 692 5463 fere
725 5414 950 5465 sectam
972 5411 1129 5466 illam
1160 5411 1555 5481 philosuplliﬂ‘
1589 5407 1833 5481 ampli-c-

156 5482 469 5553 tebantur,
505 5479 560 5532 in
592 5482 955 5550 explicandis
986 5479 1253 5538 numeris
1287 5479 1413 5539 non
1434 5479 1832 5553 perfunctorie

154 5550 399 5608 versari
452 5553 894 5610 consueverint.
949 5554 1173 5609 Multus
1220 5554 1279 5608 in
1327 5550 1543 5609 his’cst
1577 5556 1833 5608 Ambro-

159 5624 318 5693 sius,
352 5627 417 5678 ut
463 5639 536 5679 ex
565 5622 870 5697 Iudicibus
897 5626 1210 5697 utriusque
1239 5625 1381 5681 tomi
1430 5641 1578 5681 voce
1630 5642 1835 5680 nume-

155 5712 275 5769 rus
298 5710 638 5769 cognoscas
669 5696 824 5753 licet.
858 5698 988 5753 Hoc
1019 5696 1218 5755 autem
1237 5713 1419 5754 unum
1450 5698 1593 5753 libet
1622 5697 1837 5769 adjice-

159 5784 231 5831 re
262 5767 461 5846 ipsum
492 5772 549 5826 et
580 5767 691 5827 hac
724 5769 995 5847 epistola,
1047 5773 1104 5830 et
1135 5770 1267 5831 aliis
1295 5770 1445 5835 locis
1493 5783 1611 5829 non
1648 5767 1837 5853 pauca

1858 5163 1912 5223 D

1933 3686 2026 3739 est
2071 3686 2276 3740 octava
2319 3684 2477 3751 novi,
2528 3687 2760 3757 quando
2808 3686 3088 3743 Christus
3135 3693 3483 3762 resurrexit,
3542 3696 3603 3750 et

1933 3774 2062 3829 dies
2110 3773 2386 3829 omnibus
2430 3790 2601 3830 novae
2650 3774 2860 3831 salutis
2913 3778 3122 3834 illuxit.
3169 3779 3271 3836 Ille
3321 3781 3471 3850 dies,
3526 3782 3598 3838 de

1933 3879 2050 3935 quo
2082 3863 2160 3917 ait
2190 3862 2487 3934 Propheta
2520 3880 2532 3918 :
2569 3886 2592 3911 ιι
2632 3864 2743 3920 Hic
2774 3866 2903 3920 dies
2922 3883 3096 3938 quem
3119 3868 3257 3924 fecit
3288 3870 3596 3940 Dominus,

1934 3952 2267 4008 exaltemus
2312 3957 2369 4008 et
2416 3954 2687 4008 laetemur
2730 3955 2789 4010 in
2840 3972 2911 4012 eo
2960 3957 3149 4026 (Psal.
3206 3975 3384 4027 cxvu,
3416 3960 3537 4030 24);
3574 3980 3596 4011 ι

1936 4058 2052 4113 quo
2085 4043 2179 4096 die
2211 4059 2277 4097 se
2309 4041 2511 4114 fulgor
2538 4044 2727 4113 plenae
2761 4048 2934 4116 atque
2965 4047 3249 4116 perfectis
3281 4049 3600 4105 circumci—

1936 4132 2126 4186 sionis
2159 4131 2433 4186 humanis
2464 4134 2881 4203 peccatoribus
2913 4135 3142 4191 infudit.
3195 4139 3515 4209 Propterea
3547 4141 3604 4194 et

1935 4220 2131 4275 victus
2161 4221 2600 4276 Testamentum
2648 4223 2807 4278 dedit
2855 4228 3081 4294 partem
3131 4231 3357 4282 octavae
3387 4228 3445 4280 in
3479 4228 3600 4281 cir-

1937 4309 2319 4363 cumcisionis
2352 4311 2741 4366 solemnitate.
2790 4312 2905 4367 Sed
2934 4314 3031 4368 illa
3060 4315 3251 4369 adhuc
3298 4316 3356 4368 in
3387 4316 3599 4370 umbra

1936 4399 2152 4453 latebat
2184 4416 2194 4453 :
2232 4401 2388 4454 venit
2420 4401 2509 4455 sol
2538 4401 2789 4473 justitiae
2821 4402 3098 4470 (.llalaclz.
3134 4420 3213 4471 ιν,
3249 4404 3323 4472 2),
3372 4407 3428 4458 et
3460 4420 3606 4459 con-

1937 4489 2328 4544 summatione
2357 4491 2658 4561 passionis
2690 4490 2951 4560 propriae
2990 4492 3275 4546 revelavit
3314 4493 3409 4546 sui
3438 4491 3602 4547 lumi-

1937 4577 2031 4649 nis
2072 4577 2274 4633 radios
2324 4596 2335 4634 :
2389 4594 2541 4649 quos
2592 4580 2803 4634 retexit
2850 4581 3124 4634 omnibus
3172 4580 3307 4650 (2'7),
3363 4586 3419 4635 et
3468 4581 3604 4636 vitm

1939 4664 2265 4721 claritatem
2295 4668 2525 4739 aperuit
2556 4671 2816 4723 aeternae.

2014 4754 2068 4810 Ἷ.
2102 4755 2207 4812 Isti
2239 4773 2382 4830 ergo
2416 4761 2555 4812 sunt
2585 4762 2811 4827 septem
2852 4760 2908 4812 et
2955 4760 3107 4828 octo,
3159 4757 3230 4812 de
3282 4757 3499 4829 quibus
3552 4762 3608 4817 et

1937 4908 2225 4961 imitatum
2282 4919 2313 4957 e
2362 4900 2632 4974 Philonis
2677 4900 2844 4974 libro,
2881 4900 2955 4974 de
3006 4899 3217 4956 Mundi
3263 4900 3491 4974 0pi!ic.,
3546 4902 3603 4959 et

1938 4977 2041 5032 lib.
2078 4993 2094 5030 ι
2125 4974 2307 5045 Legis
2336 4972 2605 5045 Allegor,
2642 4972 2801 5026 circa
2830 4972 3080 5027 initium.

2011 5048 2124 5117 (25)
2154 5042 2433 5117 Nonnulli
2464 5042 2636 5117 mss.,
2670 5065 2698 5117 it
2739 5060 2889 5114 quas
2921 5042 3372 5117 inenarrabiles.
3412 5069 3434 5093 »ι
3470 5043 3607 5103 Non

1940 5114 2112 5188 bene,
2148 5119 2211 5172 ut
2240 5114 2509 5186 subjecta
2542 5114 2719 5169 dictio
2746 5121 2998 5187 ἀπλανεῖς
3027 5116 3186 5170 clare
3220 5116 3607 5174 demonstrat.

2015 5200 2128 5270 (26)
2160 5197 2450 5274 Agellius,
2485 5195 2585 5250 lib.
2620 5213 2703 5265 ιιι,
2728 5212 2865 5274 cap.
2901 5197 2986 5268 16,
3041 5217 3228 5274 agens
3277 5202 3348 5256 de
3379 5204 3609 5274 ιθιῃρο-

1944 5267 2033 5326 ris
2063 5267 2344 5343 varietate
2373 5267 2432 5320 in
2463 5268 2821 5343 puerperiis,
2853 5284 2927 5323 ex
2959 5267 3205 5327 medicis
3238 5290 3305 5327 ac
3336 5267 3608 5343 philoso-

1944 5345 2038 5413 pis
2089 5341 2299 5395 scribit
2369 5360 2391 5388 ι(
2446 5338 2612 5410 gigni
2658 5339 2957 5396 hominem
3008 5345 3261 5414 septimo
3309 5338 3603 5413 rarenter,

1946 5428 2243 5483 nunquam
2267 5414 2502 5485 octavo,
2537 5426 2701 5485 saepe
2731 5427 2907 5485 nono,
2934 5430 3343 5485 saepenumero
3366 5416 3557 5470 decim
3575 5431 3613 5469 ο

1942 5482 2169 5540 mense.
2208 5506 2230 5530 ι»
2265 5482 2467 5552 Ipsum
2497 5482 2763 5559 consule,
2812 5484 2969 5559 sicut
2997 5482 3054 5541 et
3084 5503 3216 5559 quae
3262 5486 3518 5539 diximus
3550 5486 3610 5540 in

1940 5557 2324 5629 psalr.hcxvi_n_,
2357 5568 2537 5609 serm.
2573 5554 2660 5623 I5,
2692 5570 2854 5612 num.
2888 5556 2975 5612 16.

2011 5627 2125 5707 (2'7)
2164 5625 2411 5692 Quidam
2439 5640 2615 5700 mss.,
2653 5647 2676 5676 α
2711 5641 2829 5701 quo
2859 5629 3071 5685 retexit
3102 5626 3399 5707 omnibus,
3456 5648 3477 5676 η
3513 5627 3606 5703 ete

1938 5700 2074 5760 Non
2103 5699 2449 5775 incongrue.
