3978 6168
115 292 278 362 1189

1307 289 1914 362 EPISTOLARUM
1945 295 2279 360 CLASSIS
2315 297 2363 358 Ῑ.

3410 294 3570 359 1190

184 499 274 554 12.
317 499 668 555 Celebratur
715 501 912 571 itaque
959 498 1308 570 hebdomas,
1360 515 1431 556 eo
1479 499 1638 572 quod
1686 482 1868 570 peri
1901 497 2086 570 hujus
2116 497 2321 553 mundi
2350 513 2510 568 esse,
2543 497 2650 553 sed
2681 513 2862 569 supra
2890 497 3193 553 mundum.
3239 497 3369 553 Jam
3411 493 3567 552 enim

118 593 348 660 septem
377 592 617 644 aetatum
649 604 867 644 cursus
897 589 1016 643 vita
1040 589 1343 644 hominum
1375 605 1568 660 usque
1600 589 1672 643 ad
1703 605 1794 644 se-

121 682 411 734 nectutem
444 678 888 747 transcurritur,
922 678 1078 732 sicut
1110 679 1501 749 Hippocrate
1533 678 1646 748 (36)
1678 693 1794 733 me-

120 767 328 822 dicinae
379 768 690 839 magister,
757 768 998 838 scriptis
1063 769 1347 838 explicuit
1393 768 1542 823 suis.
1594 769 1790 822 Prima

116 863 257 912 tetas
308 856 555 910 infantia
601 861 712 926 est,
761 858 1024 912 secunda
1070 859 1337 928 pueritia,
1383 857 1552 912 tertia
1584 858 1788 912 adole-

110 948 364 1015 scentia,
397 950 602 1018 quarta
629 946 938 1017 juventus,
971 949 1171 1018 quinta
1201 947 1392 1002 virilis
1425 950 1592 1016 aetas,
1618 952 1786 1002 sexta

108 1038 221 1090 aevi
255 1036 584 1105 maturitas,
619 1038 868 1106 septima
900 1040 1202 1092 senectus.
1248 1037 1354 1091 Est
1385 1053 1531 1109 ergo
1564 1037 1783 1105 infans,

106 1141 278 1196 puer,
314 1125 693 1193 adolescens,
721 1125 986 1197 juvenis,
1021 1127 1132 1195 vir,
1181 1129 1526 1196 veteranus,
1577 1142 1785 1181 senex.

175 1214 267 1269 13.
311 1214 496 1270 Solon
525 1218 719 1270 autem
751 1215 958 1270 decem
988 1216 1130 1270 facit
1160 1219 1396 1270 aetatum
1420 1216 1661 1271 ordines
1683 1231 1789 1286 per

109 1319 302 1359 annos
334 1306 652 1374 septenos;
683 1304 760 1358 ita
793 1308 854 1358 ut
883 1305 1071 1376 prima
1101 1309 1246 1360 aetas
1290 1304 1554 1360 infantiae
1594 1320 1786 1376 usque

109 1397 182 1447 ad
232 1393 621 1449 emissionem
673 1395 752 1448 sit
797 1394 1078 1464 dentium,
1131 1394 1349 1466 quibus
1399 1394 1672 1449 conficiat
1700 1394 1786 1448 ci-

105 1482 272 1552 bum,
308 1499 766 1554 sermonemque
797 1483 1142 1555 distinguat,
1189 1487 1253 1538 ut
1293 1484 1487 1555 possit
1530 1481 1785 1538 effabilis

106 1571 305 1626 videri
333 1571 447 1642 (37)
479 1588 492 1626 ε
527 1571 776 1642 pueritia
809 1587 1046 1643 quoque
1078 1587 1270 1644 usque
1317 1572 1390 1626 ad
1439 1589 1628 1627 annos
1673 1588 1786 1644 pu-

109 1660 365 1715 bertatis
404 1661 694 1732 procedit,
746 1664 803 1717 et
843 1662 1119 1733 genitalia
1151 1665 1502 1716 tcntamenta
1537 1678 1550 1717 :
1583 1661 1786 1718 adole-

106 1749 340 1804 scentis
372 1765 564 1822 usque
597 1750 671 1804 ad
700 1750 904 1805 barbaa
947 1749 1289 1822 lanuginem
1322 1768 1333 1805 :
1367 1749 1650 1822 juventus
1681 1766 1787 1805 us-

1901 603 2018 642 non
2046 587 2224 641 vitam
2253 590 2538 656 nostram,
2572 587 2679 641 sed
2711 587 3009 642 Christum
3042 587 3298 641 vivimus
3329 603 3343 642 :
3383 609 3406 635 α
3442 586 3568 642 No-

1899 675 1994 730 bis
2025 677 2180 731 enim
2211 677 2414 730 vivere
2444 675 2740 746 Christus,
2776 680 2832 731 et
2853 677 2998 731 mori
3022 677 3252 731 lucrum
3275 676 3561 748 (Philipp.

1902 782 1962 833 ιι,
1996 765 2107 833 20).
2144 765 2341 836 Itaque
2373 765 2486 833 (40)
2511 764 2634 836 jam
2685 781 2801 819 non
2850 766 2908 819 in
2954 780 3150 833 carne,
3202 765 3307 819 sed
3353 765 3411 818 in
3455 765 3569 819 fide

1903 853 2158 908 vivimus
2190 854 2410 908 Christi
2441 853 2661 923 (Ge/at.
2696 871 2754 923 ιι,
2786 854 2896 922 20).
2938 877 2958 902 ιι
3016 855 3335 924 Apostolus
3380 854 3519 908 dicit
3555 870 3567 909 :

1908 963 1930 992 ι
1969 943 2136 998 Unde
2169 943 2503 1014 colligimus
2537 943 2671 1014 quia
2702 943 3024 997 conclusus
3059 947 3150 997 est
3195 944 3395 997 mundi
3439 944 3568 998 dies

1905 1031 2126 1100 (Galat.
2175 1049 2256 1101 ιιι,
2307 1030 2420 1102 23).
2477 1055 2498 1080 ιι
2553 1033 2817 1103 Denique
2861 1033 3188 1086 novissima
3238 1033 3380 1087 hora
3411 1034 3569 1087 venit

1904 1120 2191 1175 Dominus
2223 1121 2403 1175 Jesus
2435 1121 2496 1190 (Ι
2521 1121 2688 1176 Joan.
2725 1137 2784 1190 ιι,
2820 1121 2929 1190 18),
2963 1125 3020 1175 et
3049 1136 3154 1191 pro
3195 1121 3369 1175 nobis
3416 1138 3572 1176 mor-

1902 1212 2040 1264 tuus
2073 1214 2184 1279 est,
2218 1212 2274 1264 et
2305 1225 2512 1264 omnes
2547 1209 2605 1263 in
2637 1210 2736 1264 illo
2768 1211 2981 1264 mortui
3021 1225 3251 1278 sumus,
3299 1211 3362 1263 ut
3401 1210 3570 1264 viva-

1901 1314 2035 1353 mus
2068 1299 2210 1354 Deo.
2248 1299 2382 1353 Non
2413 1315 2558 1370 ergo
2594 1315 2704 1353 nos
2737 1298 2839 1370 qui
2859 1314 3116 1367 eramus,
3152 1299 3441 1354 vivimus:
3465 1299 3570 1354 sed

1901 1388 2050 1442 vivit
2079 1387 2355 1442 Christus
2386 1389 2448 1442 in
2479 1387 2654 1443 nobis
2686 1388 2774 1456 (11
2805 1388 2940 1442 Cor.
2974 1404 3032 1457 v,
3066 1389 3175 1458 15).

1971 1493 2061 1549 17.
2103 1494 2262 1549 Abiit
2313 1511 2458 1567 ergo
2507 1495 2856 1564 hebdomas,
2917 1495 3076 1548 venit
3125 1498 3349 1550 octava.
3411 1495 3571 1550 Abiit

1901 1582 2049 1653 heri,
2100 1583 2260 1637 venit
2305 1583 2478 1638 hodie
2531 1599 2543 1638 :
2597 1582 2739 1637 illud
2785 1582 2958 1638 hodie
3003 1584 3158 1654 quod
3209 1584 3570 1655 promissum

1901 1676 2012 1744 est,
2062 1673 2219 1744 quod
2271 1673 2553 1728 admoniti
2604 1689 2813 1728 sumus
2845 1689 3053 1729 vocem
3088 1674 3190 1728 Dei
3221 1674 3572 1729 audiendam

1900 1765 1958 1817 et
1987 1762 2372 1834 sequendam.
2406 1761 2565 1817 Abiit
2595 1777 2741 1834 ergo
2771 1761 2868 1818 ille
2902 1762 3030 1818 dies
3065 1762 3422 1818 Testamenti
3468 1779 3570 1818 ve-

103 1854 221 1910 que
253 1839 328 1892 ad
359 1839 637 1910 perfectae
688 1841 922 1894 virtutis
968 1855 1322 1911 processum
1358 1857 1370 1894 :
1406 1840 1608 1911 quinta
1639 1843 1783 1895 aetas

1960 1851 2066 1920 ris,
2099 1852 2260 1906 venit
2291 1851 2419 1906 dies
2452 1867 2664 1922 novus,
2698 1867 2815 1922 quo
2837 1852 3274 1908 Testamentum
3294 1869 3570 1908 consum-

104 1928 303 1982 virilis
356 1932 469 1997 est,
521 1933 650 2000 apta
701 1929 932 1999 copulis
981 1928 1402 2000 conjugalibus
1452 1944 1559 1999 per
1605 1931 1786 1983 totam

108 2016 546 2073 hebdomadam
580 2035 592 2072 :
628 2021 795 2073 sexta
827 2033 1063 2089 quoque
1104 2018 1432 2072 hebdomas
1479 2017 1633 2071 virili
1679 2018 1785 2072 de-

103 2109 348 2177 putatur
397 2107 573 2176 aatati,
629 2109 686 2162 et
727 2107 800 2160 ad
839 2106 1166 2177 prudentiae
1194 2122 1548 2178 processum
1579 2106 1782 2177 habili,

105 2199 160 2250 et
185 2196 264 2250 ad
296 2196 596 2267 agendum
626 2198 886 2250 strenuae
920 2211 931 2250 :
968 2195 1219 2266 septima
1268 2211 1504 2267 quoque
1555 2196 1785 2251 hebdo-

104 2300 254 2354 mas,
291 2289 349 2339 et
380 2288 584 2340 octava
617 2284 730 2340 aevi
757 2287 1070 2353 maturum,
1124 2288 1180 2338 et
1229 2299 1416 2340 sensu
1458 2286 1782 2356 vigentem,

103 2377 156 2429 et
185 2389 534 2428 sermonem
566 2374 702 2429 item
735 2390 852 2428 non
883 2373 1152 2428 insuavis
1185 2372 1300 2443 (88)
1331 2374 1574 2446 alloquii
1595 2375 1786 2446 gratia

102 2463 422 2534 preditum
453 2462 708 2532 produnt
740 2478 752 2517 :
787 2478 940 2517 nona
970 2462 1297 2516 hebdomas
1340 2463 1626 2534 reliquias
1676 2464 1784 2518 ad-

101 2552 217 2607 huc
253 2551 437 2606 habet
467 2551 697 2622 aliquas
728 2551 962 2621 virium,
996 2550 1199 2623 lingua
1230 2567 1298 2606 ac
1330 2553 1615 2623 sapientia
1648 2553 1788 2608 mol—

98 2642 216 2696 lior
267 2657 280 2696 :
329 2641 558 2696 decima
609 2657 749 2696 vero
797 2641 1125 2695 hebdomas
1173 2656 1512 2696 mensuram
1559 2642 1782 2712 implet,

98 2731 168 2786 ad
202 2746 390 2802 quam
420 2730 472 2784 is
504 2730 605 2802 qui
633 2729 946 2800 pervenire
975 2731 1250 2800 potuerit,
1303 2747 1421 2785 non
1470 2731 1782 2788 immaturo

97 2824 443 2891 temporum
467 2835 647 2875 cursu
669 2819 929 2890 pulsabit
952 2820 1158 2875 mortis
1173 2835 1310 2875 sera
1324 2820 1620 2875 vestibula
1642 2820 1781 2891 (39).

166 2927 266 2982 14.
313 2927 474 3000 Ergo
505 2927 894 2998 Hippocrates
929 2931 984 2981 et
1015 2927 1196 2983 Solon
1228 2927 1321 2982 vel
1369 2931 1596 2999 septem
1641 2930 1784 2983 aeta-

99 3020 215 3088 tes,
271 3017 370 3071 vel
419 3017 824 3072 hebdomadas
873 3019 1106 3071 aetatum
1157 3019 1392 3072 norunt.
1444 3017 1506 3071 In
1549 3017 1669 3072 illis
1716 3033 1783 3072 se

97 3106 439 3163 hebdomas
483 3106 760 3177 praeferat
796 3121 808 3161 :
845 3109 1052 3161 octava
1103 3110 1297 3161 autem
1343 3123 1518 3161 unam
1550 3110 1606 3162 et
1637 3107 1784 3171 980

1900 1943 2118 1995 matum
2148 1943 2242 1995 est
2271 1955 2508 2010 novum,
2547 1941 2618 1996 de
2651 1956 2766 2012 quo
2799 1941 2938 1996 dicit
2971 1957 2982 1996 :
3025 1962 3046 1990 «
3083 1941 3236 1998 Ecce
3289 1943 3417 1998 dies
3463 1959 3572 1998 ve-

1900 2030 2086 2099 niunt,
2121 2029 2263 2084 dicit
2293 2029 2601 2097 Dominus,
2636 2032 2692 2084 et
2725 2029 3087 2086 confirmabo
3138 2031 3337 2086 domui
3387 2031 3571 2087 Israel

1901 2123 1956 2175 et
1973 2118 2172 2174 domui
2211 2118 2244 2172 J
2251 2118 2364 2173 uda
2381 2118 2820 2172 Testamentum
2843 2134 3088 2174 novum:
3111 2134 3227 2174 non
3241 2121 3570 2174 secundum

1900 2208 2362 2275 Testamentum,
2414 2205 2570 2277 quod
2620 2206 2733 2260 feci
2776 2207 3045 2277 patribus
3095 2207 3328 2263 illorum
3375 2208 3434 2263 in
3475 2209 3569 2264 die

1899 2312 2014 2368 qua
2043 2295 2414 2367 apprehendi.
2439 2311 2674 2348 manum
2704 2294 2969 2366 ipsorum
3003 2296 3256 2353 educere
3287 2297 3422 2353 illos
3453 2297 3567 2368 (41)

1899 2386 1971 2440 de
1999 2389 2156 2441 terra
2187 2384 2436 2457 Egypti
2466 2383 2682 2450 (Hebr.
2718 2401 2839 2454 vin,
2873 2384 2948 2455 9).
2989 2406 3010 2434 »
3067 2386 3136 2440 Et
3177 2402 3290 2458 qua
3338 2388 3564 2444 ratione

1899 2478 2181 2530 mutatum
2213 2475 2290 2530 sit
2319 2475 2760 2530 Testamentum
2789 2474 2994 2546 adjicit
3022 2473 3135 2547 (42)
3169 2490 3182 2532 :
3223 2499 3245 2524 ει
3278 2475 3566 2542 Quoniam

1897 2565 2016 2636 ipsi
2048 2580 2166 2620 non
2195 2568 2563 2633 manserunt,
2594 2587 2614 2611 ιι
2643 2564 2849 2634 inquit,
2881 2584 2903 2613 ιι
2929 2563 2990 2618 in
3021 2565 3395 2622 Testamento
3414 2583 3567 2639 meo,

1900 2657 1956 2710 et
1983 2669 2096 2727 ego
2126 2653 2367 2726 neglexi
2397 2669 2523 2722 eos,
2558 2653 2698 2708 dicit
2729 2653 3014 2709 Dominus
3045 2655 3225 2725 (Ibid.
3257 2655 3332 2727 9).
3371 2677 3393 2707 ι

1971 2760 2056 2816 18.
2101 2761 2386 2816 Abierunt
2430 2761 2774 2815 sacerdotes
2822 2760 2997 2833 legis,
3047 2761 3201 2834 legis
3248 2762 3564 2819 tribunalia

1898 2850 2013 2922 (43)
2048 2865 2061 2906 :
2096 2850 2452 2905 accedamus
2481 2850 2552 2904 ad
2585 2850 2954 2905 sacerdotem
2984 2867 3222 2922 novum,
3255 2853 3328 2908 ad
3359 2854 3564 2909 sedem

1900 2941 2108 3012 gratiae
2139 2939 2352 3008 (Hebr.
2385 2957 2464 3007 iv,
2509 2939 2618 3010 14),
2669 2939 3032 2995 visitatorem
3081 2942 3407 2997 animarum
3454 2961 3564 2999 no-

1900 3033 2177 3098 strarum,
2203 3030 2573 3084 sacerdotem
2597 3045 2715 3084 non
2737 3029 3066 3084 secundum
3093 3031 3289 3104 legem
3311 3034 3565 3089 mandati

1900 3119 2154 3173 carnalis
2201 3122 2480 3188 creatum,
2536 3119 2643 3174 sed
2692 3119 3020 3174 secundum
3063 3120 3334 3176 virtutem
3364 3122 3564 3178 infati-

95 3199 454 3299 perpetuajn
478 3198 714 3299 etatem
745 3195 988 3299 invehit.
1023 3212 1137 3299 (ιιξξι
1167 3197 1576 3299 φκξιςθξιοίξηιιξ
1608 3197 1679 3299 ίξι⁸
1698 3198 1782 3251 vi-
1817 3235 1868 3299 ο
1899 3209 2115 3282 gabilis
2148 3209 2260 3280 (44)
2293 3209 2543 3264 electum
2575 3207 2788 3279 (Hebr.
2825 3227 2923 3280 vn,
2958 3209 3068 3278 16).
3102 3210 3234 3266 Non
3257 3212 3411 3266 enim
3432 3213 3562 3283 ipse

98 3302 234 3342 rum
267 3285 619 3355 perfectum,
654 3285 714 3339 in
743 3285 1045 3356 agnitione
1077 3285 1202 3355 Dei,
1238 3285 1373 3340 fidei
1395 3285 1782 3358 plenitudine,

98 3376 157 3430 in
190 3391 314 3447 qua
349 3374 627 3446 legitimae
659 3375 848 3430 {etatis
891 3390 1171 3429 mensura
1219 3374 1494 3446 impletur
1532 3375 1780 3447 (Ephes.

99 3481 178 3535 xv,
220 3465 336 3534 13).

171 3572 271 3625 15.
315 3569 422 3626 Est
453 3570 628 3626 etiam
659 3571 719 3624 in
753 3569 1090 3625 visceribus
1123 3570 1346 3625 nostris
1395 3570 1784 3627 hebdomadis

99 3660 414 3733 explorata
450 3661 669 3732 gratia;
705 3659 900 3714 ferunt
933 3659 1088 3714 enim
1119 3662 1346 3730 septem
1377 3676 1613 3732 quoque
1645 3677 1784 3718 esse

98 3750 158 3804 in
214 3748 399 3804 nobis
453 3749 733 3804 interiora
781 3749 1036 3819 viscera,
1071 3748 1462 3821 stomachum,
1495 3766 1618 3822 cor,
1650 3750 1785 3821 pul-

99 3853 369 3907 monem,
402 3837 541 3908 lien,
577 3837 780 3908 hepar,
812 3853 990 3893 renes
1040 3838 1212 3894 duos.
1263 3838 1499 3910 Septem
1547 3855 1783 3912 quoque

100 3928 431 3997 exteriora,
482 3930 675 3998 caput,
721 3928 1072 3998 posteriora,
1125 3930 1412 4001 ventrem,
1452 3928 1625 3985 binas
1657 3946 1783 3986 ma-

99 4033 243 4087 nus,
278 4019 336 4071 et
365 4017 544 4071 binos
576 4016 784 4087 pedes.

172 4123 269 4179 16.
314 4123 820 4178 Praestantissima
868 4123 1017 4195 haec,
1084 4125 1191 4179 sed
1252 4125 1508 4181 obnoxia
1567 4126 1781 4183 dolori.

100 4212 252 4278 Quis
300 4216 496 4267 autem
546 4213 772 4268 dubitet
819 4213 1013 4284 majus
1074 4229 1212 4270 esse
1261 4218 1484 4270 octavae
1541 4233 1778 4287 munus,

103 4319 240 4374 quae
273 4305 461 4358 totum
491 4302 800 4357 renovavit
829 4301 1147 4373 hominem,
1181 4306 1243 4358 ut
1267 4303 1391 4375 jam
1423 4305 1566 4359 nihil
1591 4307 1783 4376 possit

106 4392 351 4448 dolere?
383 4392 583 4463 Itaque
615 4392 865 4462 septima
898 4391 1096 4447 mundi
1127 4396 1271 4448 aetas
1319 4394 1599 4449 conclusa
1649 4399 1780 4466 est;

100 4485 309 4536 octava
343 4481 539 4536 illuxit
568 4482 777 4554 gratia,
812 4498 946 4553 qum
981 4481 1119 4536 fecit
1151 4481 1450 4538 hominem
1490 4484 1614 4556 jam
1663 4502 1780 4540 non

1899 3298 2016 3353 sibi
2064 3298 2351 3354 honorem
2391 3298 2715 3370 praeripuit,
2765 3297 2872 3353 sed
2919 3297 3143 3355 electus
3189 3316 3222 3354 a
3269 3300 3438 3358 Patre
3469 3305 3563 3359 est

1899 3387 2113 3458 (Hebr.
2147 3405 2206 3458 v,
2238 3388 2314 3459 5),
2346 3388 2501 3443 sicut
2528 3387 2657 3458 ipse
2688 3388 2862 3443 Pater
2890 3388 2969 3442 ait
3004 3404 3016 3443 :
3056 3411 3078 3436 α
3111 3387 3199 3444 Τιι
3238 3405 3304 3446 es
3355 3406 3560 3447 sacer-

1898 3477 2009 3534 dos
2039 3478 2098 3532 in
2131 3481 2418 3533 aeternum
2449 3477 2776 3533 secundum
2809 3478 3073 3535 ordinem
3122 3477 3562 3536 Melchisedech

1899 3566 2092 3635 (Psal.
2146 3583 2262 3637 cxx,
2307 3567 2384 3640 4).
2433 3588 2459 3618 ιι
2513 3567 2721 3622 Novus
2765 3582 2910 3640 ergo
2955 3568 3241 3624 sacerdos
3289 3568 3559 3626 videmus

1898 3657 2039 3730 quid
2087 3657 2382 3712 obtulerit.
2437 3656 2554 3710 Alii
2603 3657 2946 3713 sacerdotes
2977 3674 3083 3730 pro
3116 3674 3182 3714 se
3214 3657 3558 3732 offerebant,

1899 3748 2036 3812 981
2077 3751 2133 3803 et
2160 3763 2267 3818 pro
2297 3745 2514 3818 populo
2545 3762 2656 3803 suo
2691 3762 2704 3803 :
2738 3747 2834 3802 hic
2867 3748 3003 3820 quia
3033 3764 3151 3804 non
3181 3749 3386 3805 habuit
3413 3766 3556 3821 pec-

1899 3840 2113 3909 catum,
2146 3839 2208 3892 ut
2237 3851 2344 3906 pro
2376 3851 2442 3891 se
2475 3833 2732 3907 offerret,
2765 3852 2871 3907 pro
2903 3837 3186 3894 universo
3234 3840 3452 3898 mundo
3494 3857 3560 3896 se

1899 3927 2127 3998 obtulit,
2159 3929 2215 3982 et
2245 3941 2352 3997 per
2382 3926 2735 3998 sanguinem
2766 3942 2941 3982 suum
2972 3927 3209 3983 intravit
3239 3929 3298 3984 in
3330 3935 3556 3988 sancta.

1970 4037 2058 4092 19.
2101 4036 2211 4091 Hic
2240 4039 2331 4090 est
2357 4050 2503 4106 ergo
2535 4034 2819 4090 sacerdos
2853 4051 3066 4106 novus,
3097 4040 3154 4094 et
3183 4053 3334 4094 nova
3367 4039 3562 4096 hostia

1898 4143 2015 4184 non
2060 4143 2136 4183 ex
2182 4126 2336 4198 lege,
2381 4125 2490 4180 sed
2519 4140 2698 4198 supra
2729 4125 2953 4197 legem;
2985 4127 3307 4183 advocatus
3337 4131 3558 4200 mundi,

1897 4218 1998 4273 lux
2030 4215 2257 4285 saeculi,
2291 4216 2392 4286 qui
2423 4215 2571 4269 dixit
2604 4231 2616 4270 :
2654 4214 2806 4270 Ecce
2838 4216 3031 4285 vcnio,
3065 4220 3122 4272 et
3151 4219 3312 4272 venit
3354 4219 3557 4290 (Apoc.

1897 4324 2042 4377 xxn,
2075 4306 2152 4376 '7).
2196 4305 2283 4359 Ad
2315 4320 2489 4376 quem
2521 4305 2874 4360 accedamus
2903 4306 2963 4360 in
2993 4306 3348 4361 abundantia
3399 4308 3556 4378 ﬁdei,

1897 4396 2212 4451 adorantes
2259 4398 2315 4448 et
2362 4394 2747 4450 obsecrantes
2794 4399 2850 4450 et
2908 4399 3218 4465 sperantes
3278 4395 3339 4449 in
3401 4411 3556 4466 eum,

1896 4501 2071 4557 quem
2115 4500 2232 4540 non
2278 4483 2546 4538 videmus
2596 4483 2806 4553 oculis,
2860 4483 2967 4538 sed
2997 4481 3208 4538 atl‘eetu
3240 4486 3554 4540 tenemus:

173 4624 292 4691 (36)
332 4623 583 4700 Quaado
614 4623 1094 4700 variishominis
1122 4625 1506 4700 aetatibusex
1555 4629 1782 4700 Hippo-
1808 4602 1864 4665 D
1901 4651 1922 4679 ι
1958 4629 2165 4683 mortis
2195 4642 2405 4682 severa
2434 4625 2748 4700 vestibula.
2794 4649 2816 4672 ιι

106 4700 267 4750 crate
297 4711 369 4749 ac
399 4695 618 4750 Solone
641 4695 737 4749 hic
759 4695 1158 4768 disseruntur,
1192 4713 1260 4752 ea
1277 4697 1514 4768 quidem
1538 4695 1785 4757 Ambro-

104 4769 573 4844 siu_s_mutuatus
606 4773 698 4844 est
718 4767 895 4844 _er_l_ib.
932 4767 1198 4844 Philonis
1244 4767 1317 4823 de
1349 4770 1556 4844 Mundi
1603 4773 1780 4844 Opi/1,

107 4837 216 4892 sed
247 4839 324 4892 ita
355 4839 552 4893 tamen
583 4840 646 4891 ut
664 4837 738 4892 ad
759 4837 1158 4893 Christianum
1192 4855 1437 4894 sensum
1460 4837 1778 4898 adamarat:

180 4909 296 4979 (3⁸7)
337 4908 622 4963 Nonnulli
650 4925 858 4978 msss.,
895 4932 915 4956 α
952 4908 1206 4964 affabilis
1236 4911 1444 4966 videri.
1482 4933 1504 4962 ι
1540 4908 1782 4969 Etiut‘ra

104 4979 283 5054 paulo
315 4980 540 5054 plures,
575 5003 597 5028 σι
632 4981 910 5052 genitalia
941 4984 1310 5036 testamenta.
1352 5005 1372 5030 ιι
1409 4983 1541 5038 Νοιι
1563 5001 1783 5054 porsus

105 5051 283 5121 male,
335 5051 1029 5124 siquidem’testamenta
1073 5054 1227 5107 sumi
1277 5057 1530 5124 possunt
1563 5051 1784 5112 eodem

105 5137 296 5247 settisu
325 5123 601 5247 actsigna
632 5126 806 5195 atque
838 5123 1083 5195 indicia;
1115 5123 1352 5195 recepta
1383 5129 1575 5182 tamen
1607 5128 1780 5185 lectio

107 5209 184 5247 no
215 5210 304 5247 ιοι·
334 5209 401 5247 es
435 5236 447 5247 .

149 5196 304 5248 otior
334 5196 447 5248 est.

107 5209 304 5352 pagg).
334 5209 465 5319 Ἓξ.
499 5265 637 5320 edit.
670 5281 739 5348 ac
767 5266 943 5348 pauci
971 5282 1152 5352 mss.,.
1171 5288 1193 5318 ι
1217 5283 1462 5352 sensum
1482 5270 1777 5352 vigentem

105 5338 166 5407 et
196 5351 538 5392 sermonem
569 5353 686 5392 non
713 5337 1004 5407 insuavis,
1045 5359 1066 5386 ι
1101 5341 1214 5393 etc.
1268 5341 1436 5395 Rom.
1474 5337 1610 5396 edit.
1647 5359 1781 5396 cum

107 5406 240 5484 aliis
269 5408 630 5484 quibusdam
661 5425 834 5478 mss.,
867 5431 918 5484 _«_
933 5406 1120 5484 sensu
1137 5409 1456 5482 vigentem,
1483 5429 1779 5484 sermone,

109 5479 169 5532 et
197 5479 311 5534 non
344 5480 634 5550 insuavis,
662 5503 684 5528 ιι
719 5484 831 5536 etc.
867 5479 1370 5538 Nobiscum'vero
1403 5479 1621 5539 faciunt
1653 5479 1786 5538 reli-

107 5550 436 5624 qui__tnss.,_
467 5552 584 5606 nisi
629 5551 786 5624 quod
814 5567 924 5622 pro
959 5574 981 5599 ιι
1019 5568 1354 5608 sermonem
1383 5554 1543 5624 item,
1580 5579 1600 5602 ιι
1637 5572 1782 5609 non-

109 5620 250 5693 nulli
280 5622 627 5693 praeferunt,
649 5620 687 5669 ὐ
723 5620 999 5678 εθνίιιοιιθ
1020 5625 1239 5692 mitem,
1275 5649 1296 5671 ιι
1332 5627 1389 5680 et
1418 5620 1553 5680 ante
1573 5641 1784 5681 vocem

114 5713 137 5741 ι
175 5691 441 5766 insuavis
479 5719 500 5743 ιι
533 5693 743 5749 tollunt
774 5695 1181 5766 negationem;
1215 5695 1370 5750 haud
1391 5695 1549 5752 bono
1572 5711 1782 5754 sensu.

186 5762 292 5846 (39)
332 5765 483 5824 Tres
531 5781 703 5846 mss.,
760 5788 781 5815 ιι
833 5762 1138 5831 mortifera
1171 5762 1513 5850 vestibula;
1569 5791 1590 5822 ιι
1627 5785 1783 5828 unus

1966 4700 2079 4771 (40)
2120 4701 2200 4753 lta
2229 4703 2344 4754 vet.
2379 4699 2620 4771 edit._ac
2653 4697 3152 4771 mss._non_pau_ci
3189 4712 3200 4751 :
3239 4697 3409 4754 Rom.
3455 4715 3558 4756 au-

1893 4768 2010 4828 tem
2055 4768 2216 4837 edit.,
2269 4792 2290 4820 ι
2345 4771 2494 4824 mori
2526 4769 2774 4840 lucrum.
2811 4768 2881 4822 Et
2911 4768 3050 4822 alibi
3073 4769 3296 4840 itaque,
3335 4795 3356 4818 ιι
3393 4774 3504 4827 etc.
3544 4787 3555 4827 :

1897 4861 2042 4897 mss.
2091 4858 2232 4914 vero
2276 4841 2392 4914 alii_
2423 4841 2574 4894 bene
2614 4839 2796 4909 multi,
2836 4861 2858 4887 α
2893 4840 3040 4895 mori
3070 4839 3320 4912 lucrum,
3355 4858 3388 4896 a
3416 4858 3558 4914 pec-

1896 4919 2023 4968 cato
2056 4918 2146 4966 est
2180 4913 2339 4983 fuga.
2375 4912 2596 4982 Itaque,
2636 4935 2658 4958 ιι
2690 4914 2802 4966 etc.

1964 4984 2076 5053 (tl)
2123 4982 2290 5038 item.
2323 4983 2461 5038 edit.
2499 5002 2522 5032 ι
2559 4986 2616 5037 et
2643 4982 3184 5040 consummabo.....
3236 4988 3299 5041 ut
3345 4986 3560 5043 educe-

1893 5073 2017 5111 rem
2047 5057 2204 5123 illos,
2244 5076 2265 5102 ιι
2301 5059 2413 5109 etc.

1963 5128 2075 5197 (42)
2115 5125 2354 5198 Amerb.
2408 5141 2543 5180 cum
2592 5139 2740 5180 mss.
2788 5141 2906 5181 non
2950 5127 3179 5198 paucis,
3219 5152 3239 5176 ει
3277 5132 3557 5186 mutatum

1894 5201 1971 5254 sit
2000 5203 2215 5267 tamen,
2249 5197 2472 5268 adjicit.
2519 5219 2540 5246 ι

1963 5270 2078 5341 (43)
2116 5269 2257 5324 Cod.
2292 5270 2447 5324 Prat.
2480 5271 2538 5324 et
2577 5268 2764 5341 Gem.,
2801 5292 2822 5317 ιι
2875 5269 3164 5328 Adierunt
3211 5273 3554 5329 sacerdotes

1896 5340 2081 5414 legis;
2119 5341 2363 5414 εσθαι,
2401 5364 2437 5414 gr
2457 5341 2623 5414 regis
2655 5340 2988 5414 tribunalia.
3035 5366 3057 5391 η

1963 5412 2076 5484 (44)
2123 5412 2289 5484 Rom.
2347 5413 2486 5468 edit.
2537 5412 2685 5482 sola,
2734 5413 3008 5469 virtutem
3050 5413 3472 5481 insolubilem;
3528 5437 3549 5460 η

1891 5487 2008 5566 yet.
2042 5483 2178 5539 edit.
2198 5500 2346 5566 cum
2377 5500 2524 5566 ms‘s.
2559 5484 2801 5566 aliquot,
2839 5507 2877 5566 ιΔ
2898 5487 3174 5566 virtutem
3220 5484 3556 5566 infatigabi-

1893 5556 2037 5624 lem;
2075 5577 2096 5604 ι
2129 5555 2341 5626 reliqui
2371 5555 2528 5626 cod.,
2562 5560 2625 5611 ut
2653 5555 2714 5612 in
2747 5561 3027 5612 contextu
3059 5557 3177 5610 nisi
3207 5555 3374 5626 quod
3397 5555 3551 5610 Prat.

1891 5632 1949 5680 et
1976 5625 2480 5698 Gem.iexhibent,
2513 5625 2539 5675 in
2584 5627 2860 5683 virtutem
2907 5625 3293 5698 infatigabilis
3322 5625 3495 5698 vitae;
3532 5650 3552 5674 ι.

1891 5698 1999 5754 sed
2031 5697 2091 5770 in
2120 5697 2253 5754 aliis
2285 5699 2499 5770 melius
2530 5696 3392 5770 subintelligiturtestamenti,
3424 5713 3561 5770 quin

1889 5783 2010 5831 vox
2039 5769 2100 5832 in
2131 5767 2502 5833 antecedenti
2543 5770 2808 5833 membro
2843 5767 3226 5848 exprimitur,
3273 5767 3562 5840 mandati.
