3978 6168
433 289 594 361 1191

1898 267 1963 353 ἐ.
2006 270 2453 353 nuntiasti.

3669 289 3798 366 ιιςι

438 495 533 553 οιιὶ
581 495 676 551 est
723 492 919 551 omnis
966 492 1158 551 honor
1206 493 1448 562 semper
1476 482 1535 545 et
1564 483 1774 563 gloria.
1807 489 1971 561 Vale,
2006 488 2111 560 ﬁli,
2132 472 2190 541 Α
2221 489 2321 545 alii
2343 489 2583 545 codices
2604 489 2795 545 Latini
2816 489 3052 546 hortum
3072 489 3300 560 habent,
3324 493 3415 549 atii
3431 496 3747 566 paradisum.

438 586 497 638 et.
523 599 636 638 nos
667 582 869 655 dilige,
903 582 1041 653 quia
1072 597 1183 637 nos
1214 584 1270 638 te
1301 581 1627 652 diligimus.

909 671 1277 727 EPISTOLA
1314 670 1469 724 XLV
1501 670 1616 739 (45)

440 760 667 817 Sabino
686 760 1023 816 sciscitanti
1045 776 1122 814 an
1145 759 1221 815 de
1256 758 1540 829 paradiso
1578 758 1931 829 scripsisset
1969 757 2112 812 Am-

510 833 772 902 brosius,
792 847 1001 904 quaeve
1023 831 1213 902 ipsius
1234 829 1308 886 de
1332 829 1435 904 illo
1458 836 1619 884 esset
1641 830 1943 904 sententia
1980 845 2111 904 res-

504 904 727 975 pondet
740 899 765 968 ,5
780 899 835 957 Ie
849 903 902 956 vi
908 899 1116 975 terque
1122 902 1452 975 perstricta
1466 899 1782 975 secundum
1797 901 2110 975 historiam

511 971 628 1028 loci
649 971 1078 1045 descriptione,
1104 971 1180 1028 ad
1203 974 1511 1045 mysticam
1538 972 1757 1045 transit
1788 971 2112 1045 expositio-

513 1059 668 1099 nem.
694 1042 899 1116 Itaqiie
923 1044 1023 1097 ubi
1044 1045 1242 1099 docuit
1261 1042 1324 1098 in
1361 1042 1684 1116 principali
1728 1043 1938 1116 animai
1972 1058 2111 1113 por-

516 1116 675 1188 tione
690 1113 1035 1188 paradisum
1058 1132 1213 1185 esse,
1242 1113 1381 1188 quid
1397 1130 1510 1188 per
1531 1129 1598 1188 ea
1641 1130 1767 1185 quas
1806 1113 1951 1188 illic
1973 1128 2111 1188 exs-

516 1185 785 1249 titerunt,
830 1186 1235 1258 significetur,
1251 1185 1418 1258 —quid
1430 1202 1496 1240 ve
1538 1186 1601 1258 in
1624 1191 1906 1258 serpente
1928 1185 2113 1258 homi-

517 1274 625 1312 nes
646 1254 958 1311 imitentur
980 1258 1204 1328 edocet,
1222 1254 1524 1328 Vet'quantn
1548 1257 1628 1310 sit
1652 1254 1901 1310 lin—mana
1934 1254 2111 1328 int‘ir-

513 1328 710 1401 mitas,
743 1336 953 1401 quanta
966 1345 1034 1383 ve
1054 1330 1116 1383 in
1141 1324 1270 1383 eum
1294 1324 1409 1383 Dei
1429 1328 1696 1401 charitas
1716 1342 1954 1401 semper
1985 1324 2112 1401 [ue-

515 1398 970 1473 rit,dec'1arato,
995 1416 1105 1456 nos
1123 1401 1199 1456 ad
1218 1399 1560 1473 fugiendam
1591 1414 1870 1454 sensuum
1909 1398 2111 1453 delet»

517 1472 798 1527 tationem
818 1470 1114 1527 hortatur.

976 1560 1318 1615 Ansnosws
1358 1558 1597 1615 SABINO.

519 1649 572 1706 1.
616 1651 795 1706 Lecto
846 1649 1237 1719 Hexaemero,
1282 1652 1479 1704 utrum
1524 1647 1866 1720 paradisum
1912 1647 2113 1704 subte-

446 1740 701 1808 xuerim,
732 1738 1151 1809 requirendum
1180 1738 1422 1807 putasti,
1454 1741 1512 1792 et
1541 1753 1716 1808 quam
1744 1737 1816 1792 de
1847 1752 1917 1792 eo
1939 1736 2118 1792 habe—

446 1844 574 1883 rem
604 1827 975 1897 sententiam,
1010 1826 1489 1899 significandum,
1522 1826 1697 1898 idque
1729 1825 1880 1881 velle
1912 1828 1967 1881 te
1990 1828 2113 1881 stu—
2141 1850 2194 1914 Β

448 1917 618 1973 diose
673 1930 1067 1988 cognoscere.
1114 1915 1242 1987 Ego
1289 1918 1483 1969 autem
1520 1914 1646 1986 jam
1690 1914 1909 1970 dudum
1939 1915 2011 1970 de
2042 1931 2113 1971 eo

449 2006 689 2077 scripsi,
722 2004 983 2061 nondum
1017 2005 1332 2059 veteranus
1362 2004 1667 2059 sacerdos.

519 2095 574 2150 2.
615 2094 976 2150 Sententiam
1007 2096 1202 2148 autem
1233 2093 1305 2147 de
1336 2108 1407 2148 co
1437 2093 1711 2149 diversas
1740 2109 1879 2150 esse
1926 2095 2114 2166 pluri-

452 2200 686 2243 morum
737 2182 1018 2253 comperi.
1068 2182 1217 2236 Nam
1271 2181 1574 2251 Josephus
1624 2182 1752 2251 (lib.
1803 2201 1823 2237 ι
1866 2185 2114 2258 Antiqq.

451 2291 579 2346 cap.
612 2274 687 2343 9.),
719 2274 919 2342 utpote
951 2269 1493 2342 historiographus,
1525 2270 1721 2326 locum
1750 2271 1891 2329 dicit
1932 2273 2117 2328 refer-

444 2369 568 2421 tum
600 2361 916 2417 arboribus
947 2359 1342 2431 virgultisque
1372 2360 1643 2430 plurimis
1672 2360 1909 2434 irrigari
1941 2362 2116 2418 etiam

449 2456 710 2522 flumine,
760 2450 919 2523 quod
966 2450 1259 2504 dividatur
1304 2450 1366 2504 in
1411 2453 1662 2521 quatuor
1706 2450 1942 2506 ﬂuvios.
1975 2451 2113 2507 Col-

449 2542 601 2601 lecta
629 2541 843 2598 etenim
874 2541 933 2594 in
963 2555 1146 2594 unum
1175 2538 1637 2611 congregatione
1658 2555 1964 2611 aquarum,
1996 2557 2115 2596 non

450 2650 518 2689 se
564 2633 798 2704 penitus
845 2628 1165 2684 exinanivit
1209 2631 1388 2697 terra,
1437 2630 1494 2682 et
1526 2627 1819 2684 fraudavit
1845 2629 2113 2702 irriguis,

450 2716 581 2779 suis
615 2738 627 2776 :
663 2719 771 2775 sed
801 2718 1093 2788 hodieque
1126 2717 1187 2770 in
1218 2716 1412 2771 fontes
1442 2718 1787 2788 prorumpit,
1841 2721 1898 2772 et
1935 2717 2114 2774 dedu-

449 2812 528 2867 cit
571 2812 800 2866 meatus
848 2808 1174 2877 ftuminum,
1223 2806 1441 2877 quibus
1488 2807 1738 2878 pignora
1780 2824 1908 2881 sua,
1943 2812 2117 2880 quasi

447 2901 543 2974 pia
574 2902 779 2969 mater,
812 2896 1005 2968 plenis
1036 2895 1212 2949 lactat
1233 2895 1542 2951 uberibus.

521 2989 574 3045 3.
617 2989 732 3044 Alii
764 2987 944 3057 alias;
978 3001 1187 3042 omnes
1216 2988 1409 3039 tamen
1460 2991 1799 3059 congruunt
1839 2989 1899 3042 in
1947 3006 2117 3061 para-

450 3080 582 3135 diso
614 3078 791 3148 (Gen.
826 3094 886 3148 ιι,
917 3075 993 3146 9),
1028 3078 1086 3131 et
1114 3075 1340 3147 lignum
1371 3075 1506 3130 vitm
1540 3076 1884 3149 radicatum,
1920 3083 1978 3133 et
2004 3079 2117 3152 lig-

449 3186 590 3226 num
637 3167 925 3236 scientiae,
984 3182 1117 3237 quae
1168 3164 1468 3220 discernat
1514 3164 1737 3221 bonum
1796 3170 1853 3222 et
1899 3168 2117 3224 malum

451 3262 666 3329 caetera
695 3273 931 3329 quoque
959 3255 1120 3327 ligna
1150 3255 1323 3326 plena
1357 3255 1607 3326 vigoris,
1645 3255 1816 3326 plena
1847 3258 2114 3313 vivifica-

450 3350 629 3405 tionis
662 3345 945 3418 spirantia
974 3344 1107 3416 (46),
1142 3347 1198 3398 et
1228 3343 1619 3399 rationabilia.
1654 3344 1740 3399 Ex
1762 3346 1981 3418 quibus
2000 3350 2116 3403 col-

450 3440 654 3512 ligitur
684 3436 1021 3509 paradisum
1053 3436 1250 3506 ipsum
1281 3450 1399 3489 non
1423 3436 1721 3488 terrenum
1742 3430 1950 3497 videri.
1982 3452 2117 3507 pos-

451 3546 539 3600 se,
591 3544 709 3585 non
757 3527 816 3581 in
866 3525 997 3582 solo
1042 3524 1260 3596 aliquo,
1313 3521 1419 3577 sed
1450 3522 1510 3576 in
1542 3527 1746 3578 nostro
1778 3512 2109 3597 principali,

447 3619 605 3693 quod
647 3616 937 3673 animatur
980 3618 1036 3670 et
1078 3613 1411 3669 viviﬁcatur
1441 3612 1652 3669 animae
1681 3613 2022 3686 virtutibus,
2056 3618 2115 3670 et

446 3709 539 3764 inf
539 3708 746 3764 usione
778 3705 1033 3778 Spiritus
1066 3702 1191 3759 Dei.

514 3796 569 3853 4.
613 3795 877 3868 Denique
909 3794 1186 3850 Salomon
1214 3794 1273 3848 in
1305 3794 1517 3864 spiritu
1544 3792 1886 3864 paradisum
1918 3792 1978 3848 in
2007 3792 2113 3849 ho-

444 3886 600 3942 mine
644 3900 783 3940 esse
834 3884 1139 3939 evidenter
1185 3883 1524 3937 declaravit.
1559 3882 1630 3936 Et
1660 3882 1795 3954 qnia
1828 3883 2112 3953 mysteria

443 3974 716 4047 exprimit
746 3973 838 4027 vel
869 3972 1079 4027 animae
1112 3975 1169 4026 et
1198 3972 1385 4040 verbi,
1420 3970 1513 4025 vel
1546 3971 1767 4026 Christi
1798 3974 1856 4026 et
1898 3971 2113 4027 Eccle-

445 4063 574 4133 siae,
608 4062 742 4117 ideo
772 4062 852 4115 ait
879 4061 950 4115 de
981 4061 1212 4132 virgine
1243 4060 1456 4127 anima,
1503 4058 1598 4113 vel
1633 4058 1901 4114 Ecclesia
1932 4077 2108 4132 quam

443 4152 680 4208 volebat
740 4150 1037 4223 virginem
1101 4151 1326 4203 castam
1372 4148 1686 4220 assignare
1735 4147 1972 4205 Christo
2030 4150 2118 4221 (II

446 4242 581 4298 Cor.
614 4258 696 4312 ιιι,
729 4238 800 4296 2:
843 4262 865 4287 «
898 4238 1225 4293 Paradisus
1275 4237 1537 4306 clausus,
1564 4252 1740 4292 soror
1765 4253 1895 4293 mea
1932 4254 2108 4310 spon-

443 4347 530 4401 sa,
574 4330 891 4402 paradisus
943 4328 1205 4397 clausus,
1266 4326 1402 4382 fons
1456 4326 1729 4398 signatus
1788 4326 1984 4398 (Cant.
2027 4345 2106 4400 iv,

440 4422 552 4492 ia).
585 4443 607 4471 η
1652 4482 1671 4494 ,

510 4512 563 4566 5.
610 4509 930 4566 Paradisus
953 4508 1182 4578 Graece,
1210 4506 1414 4560 Latine
1436 4504 1646 4561 hortus
1668 4505 1902 4561 dicitur.
1930 4506 2110 4561 Deni-

444 4614 558 4672 que
582 4599 855 4656 Susanna
877 4599 937 4654 in
959 4597 1236 4669 paradiso
1262 4598 1406 4665 erat,
1432 4598 1490 4650 et
1527 4595 1617 4650 sic
1651 4595 1870 4668 legitur
1906 4596 2109 4651 Latine
2126 4579 2184 4642 Β

443 4689 619 4759 (Dan.
647 4707 772 4760 xm,
795 4690 874 4759 '7).
915 4687 988 4742 Et
1009 4687 1196 4741 Adam
1219 4686 1280 4740 in
1300 4685 1577 4756 paradiso
1611 4687 1754 4755 erat,
1798 4687 1856 4739 et
1894 4685 1983 4739 sic
2022 4685 2112 4739 le-

447 4776 649 4845 gimus
687 4779 863 4847 (Gen.
888 4794 948 4847 ιι,
975 4777 1050 4846 8).
1094 4777 1242 4841 982
1283 4774 1442 4847 Ergo
1464 4790 1582 4830 non
1603 4777 1659 4829 te
1683 4776 1915 4861 moveat
1952 4773 2112 4846 quod

514 4915 627 4988 (45)
666 4917 896 4988 Scripta
923 4919 1081 4973 circa
1104 4935 1323 4974 annum
1344 4916 1467 4974 389.
1837 4932 1856 4946 ⁶

511 4987 631 5062 (46)
669 4987 843 5043 Philo
866 4990 1111 5044 .ludmus
1133 4991 1235 5045 lib.
1262 4990 1338 5045 de
1358 4991 1571 5046 Mundi
1596 4988 1800 5062 Opiﬁc.
1826 5006 1962 5061 pag.
1988 4988 2058 5044 35
2095 5007 2107 5044 :

440 5066 597 5148 Κᾳτόε
613 5059 664 5148 δέ
701 5064 760 5119 τό
802 5068 953 5148 οιιίριιΔ
972 5065 1283 5142 παράδεισον
1304 5064 1515 5143 ἔμψυχα
1545 5059 1656 5122 καὶ-
1673 5059 1853 5144 λοίγικᾶ
1872 5059 1939 5121 re":
1981 5069 2112 5142 φυτὰ

440 5139 597 5198 πάντ’
616 5139 745 5198 εἶναι
766 5139 1062 5218 συμϐέϐηκε,
1089 5154 1201 5205 etc.

513 5219 627 5299 (4:7)
669 5220 839 5299 ltom:
866 5218 1002 5299 edit.
1029 5221 1176 5299 sola,
1207 5243 1229 5272 ι
1256 5222 1594 5299 paradisum
1618 5223 1675 5299 in
1699 5222 2107 5299 nostroprin-

444 5289 637 5361 cipali,
681 5291 851 5364 quod,
883 5289 1285 5364 animatur-mf.
1350 5296 1407 5347 et
1463 5294 1770 5350 infusione
1829 5289 2106 5364 Spiritus,

443 5378 627 5489 posse
668 5362 875 5417 videri.
924 5360 1206 5433 Denique,
1257 5385 1277 5411 υ
1323 5367 1435 5418 etc.
1480 5366 1612 5420 Non
1652 5371 1745 5422 est
1771 5360 1965 5421 autem
2005 5360 2109 5419 du?-

490 5436 607 5489 ium
641 5434 783 5489 quin
822 5434 1049 5487 invecta
1096 5433 1274 5487 fuerit
1312 5434 1523 5489 isthaec
1563 5439 1825 5489 mutatio.
1850 5452 1922 5489 ne
1944 5452 2108 5489 nara-

490 5436 607 5490 ium
641 5434 783 5507 quin
822 5434 1049 5507 invecta
1096 5433 1274 5487 fuerit
1312 5434 1523 5507 isthaec
1563 5439 1825 5507 mutatio,
1850 5452 1922 5492 ne
1944 5452 2108 5507 para-

446 5507 561 5561 disi
585 5505 887 5562 terrestris
909 5505 1593 5577 veritatem‘Ambrosius
1614 5505 1835 5577 negare
1877 5505 2110 5563 videre-

445 5582 560 5634 tur.
587 5579 802 5634 Verum
827 5593 893 5633 ea
915 5576 1059 5631 nihil
1083 5592 1234 5647 opus
1258 5576 1449 5649 fuerat
1464 5576 1775 5649 jhistoriée,
1819 5580 2114 5649 siquidem

447 5651 755 5726 veritatem
776 5650 995 5726 ubique
1017 5652 1116 5726 aut
1135 5647 1429 5726 agnoscit,
1455 5647 1554 5726 aut
1568 5651 1869 5726 _supp9_nit
1892 5647 2116 5726 beatus

450 5720 705 5813 Doctor:
733 5719 1225 5809 quemadmodum
1246 5721 1350 5785 lib.
1374 5737 1435 5806 ιι,
1461 5721 1535 5782 de
1556 5719 1876 5803 Paradiso,
1905 5738 2033 5803 cap.
2058 5719 2114 5800 2,

2145 3211 2197 3281 C

2292 579 2345 634 6.
2388 579 2483 634 lbi
2503 595 2649 652 ergo
2672 581 2784 649 est,
2808 582 2972 635 casta
2994 597 3169 651 uxor,
3190 582 3287 636 ubi
3305 583 3483 656 virgo.
3504 586 3651 642 Licet
3665 591 3801 662 virgo

2223 672 2469 739 excepta
2490 669 2704 724 haheat
2725 668 2985 724 claustra
3008 672 3065 725 et
3087 672 3385 743 signacula
3405 689 3522 744 sua,
3562 677 3655 731 sed
3688 683 3803 733 utra-

2222 772 2337 829 que
2374 758 2435 812 in
2470 758 2778 828 paradiso;
2825 761 2888 812 ut
2928 759 3245 814 adversum
3284 764 3460 816 aestus
3499 767 3733 835 corporis
3762 772 3803 822 et

2223 848 2420 901 carnis
2442 847 2819 919 ﬂagrantiam
2836 846 3159 921 refrigetur
3180 850 3448 905 virtutum
3483 852 3801 911 umbraculis.

2292 935 2346 990 '7.
2390 936 2548 1008 Ergo
2584 937 2901 1007 paradisus
2940 937 3002 991 in
3041 938 3350 1010 principali
3385 939 3492 1008 (Π)
3526 945 3705 998 nostra
3721 949 3803 1013 est,

2223 1025 2559 1081 silvescens
2598 1026 2985 1095 plurimarum
3045 1027 3383 1099 opinionum
3430 1028 3721 1102 plantariis;
3766 1035 3807 1089 in

2220 1129 2338 1184 quo
2377 1115 2780 1186 principaliter
2816 1116 3048 1188 lignum
3087 1117 3225 1171 vitai
3265 1118 3555 1173 constituit
3590 1119 3739 1190 Deus,
3768 1124 3809 1177 id

2219 1206 2332 1273 est,
2357 1203 2591 1273 pietatis
2615 1205 2908 1276 radicem;
2931 1221 3000 1260 ea
3021 1208 3115 1261 est
3135 1207 3292 1261 enim
3318 1207 3450 1261 vita)
3482 1211 3679 1263 nostris
3711 1210 3810 1265 sub-

2221 1293 2456 1357 stantia,
2481 1293 2537 1348 si
2558 1293 2805 1349 Domino
2826 1296 2884 1349 et
2905 1294 3027 1349 Deo
3046 1297 3254 1349 nostra
3276 1294 3503 1350 deditos
3534 1296 3705 1351 cultas
3733 1298 3809 1354 de-

2222 1381 2507 1438 feramus.

2289 1470 2344 1528 8.
2386 1472 2704 1528 Constituit
2722 1473 2898 1528 etiam
2918 1472 3188 1528 scientiae
3207 1472 3349 1528 boni
3368 1475 3426 1528 et
3446 1471 3573 1528 mali
3614 1476 3810 1531 semina.

2220 1561 2374 1617 rium
2395 1578 2437 1632 ;ὁ
2454 1561 2631 1617 homo
2677 1561 2834 1617 enim
2881 1561 3052 1618 solus
3098 1561 3160 1617 in
3203 1563 3436 1618 caeteris
3484 1563 3811 1620 animantibus

2220 1650 2477 1706 terrenis
2506 1651 2683 1707 habet
2712 1651 3022 1706 scientiam
3050 1650 3193 1707 boni
3222 1654 3281 1706 et
3310 1652 3461 1706 mali.
3494 1652 3614 1708 Alia
3634 1668 3813 1725 quoque

2223 1740 2343 1794 illic
2386 1740 2672 1811 plantaria
2717 1740 2976 1811 diversa,
3046 1756 3299 1812 quorum
3346 1740 3566 1796 fructus
3623 1743 3813 1797 virtutes

2225 1832 2383 1885 sunt

2294 1920 2349 1975 9.
2391 1918 2507 1975 Sed
2539 1919 2676 1991 quia
2704 1919 2970 1975 scientiae
3003 1935 3190 1990 capax
3218 1919 3474 1976 hominis
3502 1919 3718 1976 affectus
3741 1936 3816 1976 ce-

2224 2009 2427 2082 gnitus
2454 2012 2548 2064 est
2575 2009 2720 2080 Deo,
2752 2008 2911 2080 quod
2941 2009 3116 2065 citius
3147 2009 3224 2064 ad
3253 2010 3522 2064 astutiam
3554 2010 3815 2080 inclinare.

2225 2103 2340 2166 tur,
2373 2114 2549 2170 quam
2578 2098 2652 2152 ad
2683 2114 2981 2153 summum
3009 2098 3342 2169 prudentiae
3363 2100 3573 2171 (neque
3599 2100 3728 2155 enim
3746 2098 3815 2170 jn-

2227 2189 2436 2258 dicem,
2471 2188 2571 2259 qui
2603 2187 2756 2243 ﬁnes
2786 2191 2985 2242 certos
3017 2188 3076 2241 in
3106 2189 3304 2241 anima
3335 2191 3532 2243 nostra
3561 2189 3813 2256 constituit,

2225 2278 2425 2348 operis
2477 2278 2571 2332 sui
2619 2277 2872 2349 qualitas
2920 2276 3102 2331 latere
3152 2278 3423 2348 poterat),
3456 2277 3725 2332 eliminare
3749 2292 3817 2330 vo-

2224 2367 2332 2422 luit
2379 2367 2655 2422 astutiam
2699 2367 2772 2420 de
2814 2366 3115 2436 paradiso,
3166 2367 3342 2438 quasi
3371 2367 3641 2437 providus
3665 2370 3817 2419 auctor

2225 2459 2449 2512 nostra:
2480 2455 2712 2526 salutis,
2743 2458 2802 2509 et
2829 2455 2966 2509 vitae
2987 2454 3271 2525 studium,
3306 2459 3363 2510 et
3383 2455 3722 2526 disciplinam
3735 2454 3820 2524 pie-

2224 2547 2362 2602 tatis
2392 2545 2734 2614 infundere;
2767 2544 3018 2616 ideoque
3048 2545 3334 2615 praecepit
3361 2544 3576 2600 homiai
3602 2545 3668 2598 ab
3706 2543 3818 2597 omni

2223 2637 2408 2709 ligno,
2461 2635 2620 2706 quod
2662 2637 2757 2688 est
2799 2635 2860 2687 in
2901 2633 3202 2703 paradiso,
3238 2649 3379 2689 esse
3409 2632 3748 2706 gustandum,
3772 2632 3819 2684 de

2224 2726 2388 2798 ligno
2432 2727 2626 2779 autem
2674 2722 2942 2778 scientia
2991 2721 3134 2777 boni
3181 2725 3242 2777 et
3269 2722 3409 2777 mali
3437 2738 3551 2778 non
3577 2737 3699 2777 esse
3721 2735 3822 2793 gus-
3918 2724 3919 2798 γ

2222 2815 2464 2870 tandum
2495 2812 2667 2882 (Gen.
2702 2828 2785 2881 ιιι,
2818 2811 2871 2880 2,
2901 2808 2979 2881 3).

2296 2904 2383 2958 10.
2425 2902 2542 2958 Sed
2584 2900 2722 2973 quia
2773 2903 3042 2956 creatura
3093 2902 3292 2956 omnis
3323 2902 3583 2972 passioni
3609 2900 3821 2965 obnoxia,

2224 2993 2356 3050 ideo
2388 2991 2695 3046 delectatio
2725 2990 2881 3046 sicut
2926 2991 3278 3060 serpentino
3329 2991 3557 3061 illapsu,
3606 2989 3819 3045 humanis

2222 3083 2464 3153 irrepsit
2502 3078 2834 3135 atfectibus.
2881 3079 3080 3150 Itaque
3128 3095 3252 3134 non
3300 3080 3586 3135 immerito
3637 3081 3825 3134 sanctus

2223 3173 2466 3244 Moyses
2495 3168 2945 3225 delectationem
2971 3169 3275 3239 serpentis
3306 3169 3579 3242 ﬁguravit
3606 3167 3823 3224 similitu-

2222 3262 2389 3332 dine;
2441 3275 2627 3331 prona
2673 3261 2766 3313 est
2808 3258 2963 3313 enim
3011 3257 3073 3312 in
3119 3261 3393 3313 ventrem
3434 3259 3585 3313 sicut
3609 3270 3823 3326 serpens,

2222 3368 2339 3407 non
2368 3348 2623 3421 pedibus
2652 3346 2958 3415 incedens,
3003 3349 3104 3401 aut
3143 3346 3288 3401 ullis
3338 3347 3561 3403 elevata
3587 3344 3823 3410 cruribus,
3918 3344 3919 3385 ἔ

2222 3440 2329 3495 sed
2359 3439 2606 3493 sinuoso
2637 3436 2798 3491 ﬂuxu
2826 3435 3007 3490 totius
3036 3435 3199 3490 velut
3221 3437 3499 3507 corporis
3524 3437 3611 3491 sui
3632 3432 3826 3489 lubrica.
3918 3426 3919 3487 ἶ

2223 3529 2290 3584 Ei
2338 3533 2495 3584 terra
2542 3526 2714 3582 cibus
2762 3528 2854 3580 est
2884 3526 3038 3580 sicut
3064 3526 3354 3595 serpenti,
3389 3526 3652 3598 quoniam
3677 3536 3825 3578 escam
3918 3522 3919 3587 ᾗ

2221 3619 2413 3675 nescit
2444 3617 2786 3686 caelestem;
2819 3613 3231 3685 corporalibus
3266 3616 3426 3673 enim
3469 3615 3726 3686 pascitur,
3764 3613 3825 3664 at-
3918 3648 3919 3665 η

2220 3725 2334 3782 que
2364 3710 2424 3764 in
2454 3707 2651 3762 varias
2680 3706 2936 3760 mutatur
2964 3703 3200 3773 species
3233 3704 3631 3775 cupiditatum,
3660 3705 3710 3758 et
3748 3703 3828 3754 tor-

2216 3798 2410 3854 tuosis
2466 3795 2780 3868 angulatur
2839 3793 2953 3865 (48)
3020 3791 3414 3849 anfractibus.
3468 3793 3742 3849 Venenum
3785 3787 3826 3840 in

2218 3887 2495 3943 dentibus
2525 3885 2722 3953 habet,
2754 3882 2972 3954 quibus
3006 3882 3425 3954 unusquisque
3474 3897 3540 3938 se
3586 3878 3823 3935 eviscerat

2219 3976 2585 4043 luxuriosus,
2619 3972 2816 4028 helluo
2847 3973 3191 4043 internecet,
3227 3971 3582 4044 abliguritor
3624 3964 3823 4040 perimit.

2218 4065 2481 4132 Quantos
2511 4064 2797 4135 ruperunt
2828 4062 2982 4131 vina,
3016 4060 3295 4115 dissolvit
3312 4061 3588 4130 ebrietas,
3608 4052 3827 4113 distendit

2222 4155 2482 4212 cruditas
2511 4150 2524 4208 ι

2292 4251 2379 4308 lt.
2420 4251 2592 4307 Nunc
2623 4248 2887 4323 intelligo
2919 4265 3033 4321 qua
3065 4265 3248 4303 causa
3280 4247 3568 4304 Dominus
3586 4245 3728 4300 Deus
3762 4240 3826 4294 in-
3918 4312 3919 4319 γ

2219 4341 2480 4399 sufflavit
2527 4340 2589 4395 in
2634 4339 2845 4394 faciem
2892 4337 3149 4393 hominis
3182 4337 3360 4409 (Gen.
3393 4355 3457 4407 ιι,
3485 4337 3569 4409 '7);
3599 4333 3689 4389 ubi
3713 4328 3826 4385 enim
3918 4350 3919 4355 η

2217 4447 2438 4488 sensus
2469 4431 2682 4501 omnis,
2714 4428 2797 4483 ibi
2828 4428 3005 4484 sedes
3036 4431 3210 4499 atque
3239 4426 3526 4483 illecebra
3551 4417 3826 4480 delectatio-
3918 4432 3919 4439 η

2215 4523 2310 4577 nis
2353 4520 2414 4575 in
2461 4519 2675 4587 oculis,
2720 4517 2986 4587 auribus,
3035 4517 3282 4571 naribus
3310 4558 3325 4585 ,
3372 4519 3545 4587 atque
3574 4514 3630 4567 in
3658 4506 3828 4575 ore,ut

2217 4626 2436 4666 sensus
2452 4611 2695 4664 nostros
2715 4606 3008 4662 adversus
3029 4604 3482 4661 delectationem
3507 4600 3759 4658 fortiores
3773 4592 3827 4647 fa-
3918 4672 3919 4687 ξ

2216 4704 2393 4756 ceret.
2416 4700 2559 4754 Haec
2577 4712 2722 4770 ergo
2752 4697 2947 4766 nobis,
2982 4696 3139 4750 sicut
3167 4710 3445 4766 serpens,
3477 4690 3733 4746 astutiam
3756 4684 3822 4736 in-

2214 4790 2393 4859 fudit;
2426 4804 2544 4844 non
2574 4788 2730 4843 enim
2760 4785 3088 4856 delectatio,
3136 4784 3245 4839 sed
3290 4783 3462 4838 labor
3502 4784 3557 4835 et
3603 4777 3828 4833 diuturna
3918 4777 3919 4821 1

2216 4948 2376 4989 num.
2404 4932 2456 5000 1,
2479 4931 2858 4987 observatum
2880 4931 2990 4984 est.
3017 4928 3176 5001 Nam,
3190 4926 3411 5001 alioqui
3432 4939 3545 4997 quo
3575 4922 3728 5001 pacto

2219 4987 2540 5060 affirmaret
2560 5017 2766 5057 omnes
2789 5015 3120 5071 congruere
3143 4999 3303 5071 ligna
3327 4987 3516 5071 Ῠυίεὲέθ
3543 5016 3563 5043 α
3579 4987 3825 5071 ἒρὶιξθιιιξεξ

2833 5052 3590 5155 Ἡδᾘξιιὶξξίἱέξςριιθιιοιιιξιο
3620 5052 3824 5155 natura];

2221 5127 2436 5216 sensu,
2452 5127 2569 5217 quo
2593 5162 2624 5217 a
2644 5127 2915 5215 pluribus
2932 5143 3078 5217 illud
3103 5127 3349 5217 intelligi
3372 5154 3499 5217 non
3525 5127 3817 5217 ἱερονθίξξξξῗ

2222 5220 2293 5273 Et
2314 5205 2675 5272 certe‘multa
2697 5218 2834 5269 sunt
2855 5215 2977 5289 sub_
2992 5214 3167 5289 tinem
3190 5213 3268 5289 hu
3270 5205 3373 5289 ius
3411 5205 3823 5289 epistolae,”qu

2219 5308 2251 5344 a
2273 5293 2478 5344 saneto
2501 5290 2741 5343 doctore
2756 5285 3083 5341 secundum
3097 5276 3403 5338 historiam
3424 5276 3536 5335 dici
3550 5276 3824 5330 obscurum

2218 5377 2337 5417 non
2361 5364 2472 5415 est.

2287 5432 2401 5503 (48)
2441 5429 2846 5501 Allusumghoc
2867 5426 3052 5503 verbo
3077 5430 3388 5503 angiitatiir
3406 5421 3474 5503 ad
3496 5420 3821 5503 etymcr'lt‘ﬂg'

2217 5482 2353 5577 suis
2378 5482 2537 5577 sed
2561 5518 2627 5577 se
2652 5498 3033 5577 circumagat.
3059 5504 3116 5553 υι
3151 5482 3815 5577 ῗνοιυιηίξιίὲωέίιξξξὲἓῗὲν

2216 5552 2352 5648 Et};
2373 5552 2416 5631 3
2426 5552 3169 5647 i’i'uden'tio'CiceVFoneque
3192 5564 3452 5625 meandri
3481 5552 3817 5636 appellantur.

2215 5648 2298 5708 Ita
2320 5646 2613 5708 Nannius.

2244 5646 2298 5707 ta
2320 5646 2613 5708 Nannius.
