  <div class='ocr_page' id='page_1' title='image "/cluster/home/n/w/nwhite01/storage/ocr_20150623/16/hvd.32044096580444/602.png"; bbox 0 0 3978 6168; ppageno 0'>
   <div class='ocr_carea' id='block_1_1' title="bbox 132 361 264 428">
    <p class='ocr_par' dir='ltr' id='par_1_1' title="bbox 132 361 264 428">
     <span class='ocr_line' id='line_1_1' title="bbox 132 361 264 428; baseline -0.008 -1"><span class='ocrx_word' id='word_1_1' title='bbox 132 361 264 428; x_wconf 82' lang='grc'><strong>1193</strong></span> 
     </span>
    </p>
   </div>
   <div class='ocr_carea' id='block_1_2' title="bbox 1299 349 2358 418">
    <p class='ocr_par' dir='ltr' id='par_1_2' title="bbox 1299 349 2358 418">
     <span class='ocr_line' id='line_1_2' title="bbox 1299 349 2358 418; baseline 0.002 -4"><span class='ocrx_word' id='word_1_2' title='bbox 1299 351 1908 418; x_wconf 72' lang='lat' dir='ltr'><strong>EPISTULARUM</strong></span> <span class='ocrx_word' id='word_1_3' title='bbox 1939 349 2278 416; x_wconf 83' lang='lat' dir='ltr'><strong>CLASSIS</strong></span> <span class='ocrx_word' id='word_1_4' title='bbox 2309 350 2358 416; x_wconf 92' lang='grc' dir='ltr'><strong>Ῑ.</strong></span> 
     </span>
    </p>
   </div>
   <div class='ocr_carea' id='block_1_3' title="bbox 3377 347 3538 422">
    <p class='ocr_par' dir='ltr' id='par_1_3' title="bbox 3377 347 3538 422">
     <span class='ocr_line' id='line_1_3' title="bbox 3377 347 3538 422; baseline 0.006 -2"><span class='ocrx_word' id='word_1_5' title='bbox 3377 347 3538 422; x_wconf 83' lang='grc'><strong>1194</strong></span> 
     </span>
    </p>
   </div>
   <div class='ocr_carea' id='block_1_4' title="bbox 136 512 3538 627">
    <p class='ocr_par' dir='ltr' id='par_1_4' title="bbox 136 512 3538 627">
     <span class='ocr_line' id='line_1_4' title="bbox 136 512 3538 627; baseline -0.002 -9"><span class='ocrx_word' id='word_1_6' title='bbox 136 559 397 620; x_wconf 73' lang='lat' dir='ltr'><strong>meditatio</strong></span> <span class='ocrx_word' id='word_1_7' title='bbox 444 571 576 612; x_wconf 86' lang='lat' dir='ltr'><strong>cum</strong></span> <span class='ocrx_word' id='word_1_8' title='bbox 621 554 725 611; x_wconf 89' lang='lat' dir='ltr'><strong>Dei</strong></span> <span class='ocrx_word' id='word_1_9' title='bbox 765 554 953 627; x_wconf 84' lang='lat' dir='ltr'><strong>gratia</strong></span> <span class='ocrx_word' id='word_1_10' title='bbox 1002 553 1102 609; x_wconf 85' lang='lat' dir='ltr'><strong>dat</strong></span> <span class='ocrx_word' id='word_1_11' title='bbox 1141 553 1464 624; x_wconf 80' lang='lat' dir='ltr'><strong>perfectam</strong></span> <span class='ocrx_word' id='word_1_12' title='bbox 1502 552 1758 624; x_wconf 86' lang='lat' dir='ltr'><strong>pruden-</strong></span> <span class='ocrx_word' id='word_1_13' title='bbox 1787 539 1844 606; x_wconf 75' lang='grc' dir='ltr'><strong>Α</strong></span> <span class='ocrx_word' id='word_1_14' title='bbox 1872 512 1968 609; x_wconf 83' lang='lat' dir='ltr'><strong>nis</strong></span> <span class='ocrx_word' id='word_1_15' title='bbox 2017 553 2201 624; x_wconf 84' lang='lat' dir='ltr'><strong>Deus,</strong></span> <span class='ocrx_word' id='word_1_16' title='bbox 2252 555 2497 625; x_wconf 87' lang='lat' dir='ltr'><strong>etquod</strong></span> <span class='ocrx_word' id='word_1_17' title='bbox 2527 555 2686 610; x_wconf 87' lang='lat' dir='ltr'><strong>Deus</strong></span> <span class='ocrx_word' id='word_1_18' title='bbox 2720 571 2896 626; x_wconf 85' lang='lat' dir='ltr'><strong>unus,</strong></span> <span class='ocrx_word' id='word_1_19' title='bbox 2920 571 3039 611; x_wconf 87' lang='lat' dir='ltr'><strong>non</strong></span> <span class='ocrx_word' id='word_1_20' title='bbox 3067 554 3235 612; x_wconf 85' lang='lat' dir='ltr'><strong>multi</strong></span> <span class='ocrx_word' id='word_1_21' title='bbox 3263 556 3345 612; x_wconf 87' lang='lat' dir='ltr'><strong>dii</strong></span> <span class='ocrx_word' id='word_1_22' title='bbox 3379 572 3391 612; x_wconf 92' lang='lat'>:</span> <span class='ocrx_word' id='word_1_23' title='bbox 3428 557 3538 612; x_wconf 90' lang='lat' dir='ltr'><strong>sed</strong></span> 
     </span>
    </p>
   </div>
   <div class='ocr_carea' id='block_1_5' title="bbox 138 654 267 709">
    <p class='ocr_par' dir='ltr' id='par_1_5' title="bbox 138 654 267 709">
     <span class='ocr_line' id='line_1_5' title="bbox 138 654 267 709; baseline -0.039 0"><span class='ocrx_word' id='word_1_24' title='bbox 138 654 267 709; x_wconf 84' lang='lat' dir='ltr'><strong>tiam.</strong></span> 
     </span>
    </p>
   </div>
   <div class='ocr_carea' id='block_1_6' title="bbox 1874 641 3524 716">
    <p class='ocr_par' dir='ltr' id='par_1_6' title="bbox 1874 641 3524 716">
     <span class='ocr_line' id='line_1_6' title="bbox 1874 641 3524 716; baseline 0.002 -18"><span class='ocrx_word' id='word_1_25' title='bbox 1874 659 2030 698; x_wconf 90' lang='lat' dir='ltr'><strong>unus</strong></span> <span class='ocrx_word' id='word_1_26' title='bbox 2061 641 2462 714; x_wconf 90' lang='lat' dir='ltr'><strong>quimundum</strong></span> <span class='ocrx_word' id='word_1_27' title='bbox 2493 647 2769 714; x_wconf 90' lang='lat' dir='ltr'><strong>operatus</strong></span> <span class='ocrx_word' id='word_1_28' title='bbox 2791 647 2916 714; x_wconf 86' lang='lat' dir='ltr'><strong>cst;</strong></span> <span class='ocrx_word' id='word_1_29' title='bbox 2951 649 3006 700; x_wconf 91' lang='lat' dir='ltr'><strong>et</strong></span> <span class='ocrx_word' id='word_1_30' title='bbox 3028 661 3228 716; x_wconf 91' lang='lat' dir='ltr'><strong>unum,</strong></span> <span class='ocrx_word' id='word_1_31' title='bbox 3263 661 3383 701; x_wconf 90' lang='lat' dir='ltr'><strong>non</strong></span> <span class='ocrx_word' id='word_1_32' title='bbox 3403 646 3524 701; x_wconf 87' lang='lat' dir='ltr'><strong>mul</strong></span> 
     </span>
    </p>
   </div>
   <div class='ocr_carea' id='block_1_7' title="bbox 195 731 2972 806">
    <p class='ocr_par' dir='ltr' id='par_1_7' title="bbox 195 731 2972 806">
     <span class='ocr_line' id='line_1_7' title="bbox 195 731 2972 806; baseline -0.002 -12"><span class='ocrx_word' id='word_1_33' title='bbox 195 740 269 794; x_wconf 72' lang='lat'><strong>12.</strong></span> <span class='ocrx_word' id='word_1_34' title='bbox 301 737 507 790; x_wconf 84' lang='lat' dir='ltr'><strong>Tamen</strong></span> <span class='ocrx_word' id='word_1_35' title='bbox 539 734 675 806; x_wconf 88' lang='lat' dir='ltr'><strong>quia</strong></span> <span class='ocrx_word' id='word_1_36' title='bbox 707 733 1002 803; x_wconf 78' lang='lat' dir='ltr'><strong>serpentis</strong></span> <span class='ocrx_word' id='word_1_37' title='bbox 1036 732 1348 787; x_wconf 77' lang='lat' dir='ltr'><strong>fraudibus</strong></span> <span class='ocrx_word' id='word_1_38' title='bbox 1378 731 1638 786; x_wconf 85' lang='lat' dir='ltr'><strong>involuta</strong></span> <span class='ocrx_word' id='word_1_39' title='bbox 1670 733 1762 784; x_wconf 90' lang='lat' dir='ltr'><strong>est</strong></span> <span class='ocrx_word' id='word_1_40' title='bbox 1875 735 1970 787; x_wconf 89' lang='lat' dir='ltr'><strong>tos</strong></span> <span class='ocrx_word' id='word_1_41' title='bbox 2004 731 2275 801; x_wconf 88' lang='lat' dir='ltr'><strong>mundos,</strong></span> <span class='ocrx_word' id='word_1_42' title='bbox 2301 735 2365 786; x_wconf 88' lang='lat' dir='ltr'><strong>ut</strong></span> <span class='ocrx_word' id='word_1_43' title='bbox 2393 733 2593 786; x_wconf 87' lang='lat' dir='ltr'><strong>dicunt</strong></span> <span class='ocrx_word' id='word_1_44' title='bbox 2614 733 2972 806; x_wconf 83' lang='lat' dir='ltr'><strong>philosophi.</strong></span> 
     </span>
    </p>
   </div>
   <div class='ocr_carea' id='block_1_8' title="bbox 137 820 1762 898">
    <p class='ocr_par' dir='ltr' id='par_1_8' title="bbox 137 820 1762 898">
     <span class='ocr_line' id='line_1_8' title="bbox 137 820 1762 898; baseline -0.007 -12"><span class='ocrx_word' id='word_1_45' title='bbox 137 826 340 886; x_wconf 86' lang='lat' dir='ltr'><strong>humani</strong></span> <span class='ocrx_word' id='word_1_46' title='bbox 367 825 602 898; x_wconf 77' lang='lat' dir='ltr'><strong>generis</strong></span> <span class='ocrx_word' id='word_1_47' title='bbox 626 823 964 893; x_wconf 83' lang='lat' dir='ltr'><strong>haereditas,</strong></span> <span class='ocrx_word' id='word_1_48' title='bbox 987 823 1046 878; x_wconf 91' lang='lat' dir='ltr'><strong>in</strong></span> <span class='ocrx_word' id='word_1_49' title='bbox 1068 838 1138 878; x_wconf 92' lang='lat' dir='ltr'><strong>eo</strong></span> <span class='ocrx_word' id='word_1_50' title='bbox 1158 823 1432 876; x_wconf 83' lang='lat' dir='ltr'><strong>astutiam</strong></span> <span class='ocrx_word' id='word_1_51' title='bbox 1465 820 1762 890; x_wconf 83' lang='lat' dir='ltr'><strong>serpentis</strong></span> 
     </span>
    </p>
   </div>
   <div class='ocr_carea' id='block_1_9' title="bbox 1948 819 3538 895">
    <p class='ocr_par' dir='ltr' id='par_1_9' title="bbox 1948 819 3538 895">
     <span class='ocr_line' id='line_1_9' title="bbox 1948 819 3538 895; baseline 0.003 -20"><span class='ocrx_word' id='word_1_52' title='bbox 1948 819 2034 876; x_wconf 88' lang='grc'><strong>16.</strong></span> <span class='ocrx_word' id='word_1_53' title='bbox 2089 821 2345 876; x_wconf 86' lang='lat' dir='ltr'><strong>Primum</strong></span> <span class='ocrx_word' id='word_1_54' title='bbox 2396 821 2579 894; x_wconf 80' lang='lat' dir='ltr'><strong>igitur</strong></span> <span class='ocrx_word' id='word_1_55' title='bbox 2607 823 2890 878; x_wconf 84' lang='lat' dir='ltr'><strong>mundum</strong></span> <span class='ocrx_word' id='word_1_56' title='bbox 2923 825 3163 895; x_wconf 85' lang='lat' dir='ltr'><strong>creavit,</strong></span> <span class='ocrx_word' id='word_1_57' title='bbox 3189 825 3399 880; x_wconf 87' lang='lat' dir='ltr'><strong>deinde</strong></span> <span class='ocrx_word' id='word_1_58' title='bbox 3432 826 3538 879; x_wconf 85' lang='lat' dir='ltr'><strong>ha-</strong></span> 
     </span>
    </p>
   </div>
   <div class='ocr_carea' id='block_1_10' title="bbox 134 909 3538 988">
    <p class='ocr_par' dir='ltr' id='par_1_10' title="bbox 134 909 3538 988">
     <span class='ocr_line' id='line_1_10' title="bbox 134 909 3538 988; baseline -0.001 -16"><span class='ocrx_word' id='word_1_59' title='bbox 134 930 420 988; x_wconf 87' lang='lat' dir='ltr'><strong>sequamur</strong></span> <span class='ocrx_word' id='word_1_60' title='bbox 443 913 593 984; x_wconf 78' lang='lat'><strong>(49);</strong></span> <span class='ocrx_word' id='word_1_61' title='bbox 627 917 691 968; x_wconf 90' lang='lat' dir='ltr'><strong>ut</strong></span> <span class='ocrx_word' id='word_1_62' title='bbox 725 915 898 982; x_wconf 87' lang='lat' dir='ltr'><strong>caput</strong></span> <span class='ocrx_word' id='word_1_63' title='bbox 928 915 1197 966; x_wconf 87' lang='lat' dir='ltr'><strong>nostrum</strong></span> <span class='ocrx_word' id='word_1_64' title='bbox 1227 927 1344 966; x_wconf 89' lang='lat' dir='ltr'><strong>non</strong></span> <span class='ocrx_word' id='word_1_65' title='bbox 1376 909 1762 981; x_wconf 84' lang='lat' dir='ltr'><strong>projiciamus</strong></span> <span class='ocrx_word' id='word_1_66' title='bbox 1875 909 2188 965; x_wconf 89' lang='lat' dir='ltr'><strong>bitatorem</strong></span> <span class='ocrx_word' id='word_1_67' title='bbox 2228 911 2461 981; x_wconf 90' lang='lat' dir='ltr'><strong>mundi,</strong></span> <span class='ocrx_word' id='word_1_68' title='bbox 2500 912 2594 966; x_wconf 89' lang='lat' dir='ltr'><strong>cui</strong></span> <span class='ocrx_word' id='word_1_69' title='bbox 2643 915 2803 966; x_wconf 89' lang='lat' dir='ltr'><strong>totus</strong></span> <span class='ocrx_word' id='word_1_70' title='bbox 2845 913 3100 968; x_wconf 87' lang='lat' dir='ltr'><strong>mundus</strong></span> <span class='ocrx_word' id='word_1_71' title='bbox 3131 915 3316 984; x_wconf 89' lang='lat' dir='ltr'><strong>patria</strong></span> <span class='ocrx_word' id='word_1_72' title='bbox 3367 915 3538 970; x_wconf 85' lang='lat' dir='ltr'><strong>foret.</strong></span> 
     </span>
    </p>
   </div>
   <div class='ocr_carea' id='block_1_11' title="bbox 129 999 1760 1077">
    <p class='ocr_par' dir='ltr' id='par_1_11' title="bbox 129 999 1760 1077">
     <span class='ocr_line' id='line_1_11' title="bbox 129 999 1760 1077; baseline -0.007 -14"><span class='ocrx_word' id='word_1_73' title='bbox 129 1010 181 1063; x_wconf 90' lang='lat' dir='ltr'><strong>in</strong></span> <span class='ocrx_word' id='word_1_74' title='bbox 199 1003 456 1077; x_wconf 73' lang='lat' dir='ltr'><strong>pericula,</strong></span> <span class='ocrx_word' id='word_1_75' title='bbox 483 1003 587 1057; x_wconf 88' lang='lat' dir='ltr'><strong>sed</strong></span> <span class='ocrx_word' id='word_1_76' title='bbox 612 1018 736 1072; x_wconf 67' lang='lat' dir='ltr'><strong>pra:</strong></span> <span class='ocrx_word' id='word_1_77' title='bbox 759 1001 992 1056; x_wconf 80' lang='lat' dir='ltr'><strong>caeteris</strong></span> <span class='ocrx_word' id='word_1_78' title='bbox 1015 1001 1310 1073; x_wconf 86' lang='lat' dir='ltr'><strong>integrum</strong></span> <span class='ocrx_word' id='word_1_79' title='bbox 1327 999 1760 1054; x_wconf 78' lang='lat' dir='ltr'><strong>custodiamus:</strong></span> 
     </span>
    </p>
   </div>
   <div class='ocr_carea' id='block_1_12' title="bbox 132 1088 1762 1164">
    <p class='ocr_par' dir='ltr' id='par_1_12' title="bbox 132 1088 1762 1164">
     <span class='ocr_line' id='line_1_12' title="bbox 132 1088 1762 1164; baseline -0.002 -20"><span class='ocrx_word' id='word_1_80' title='bbox 132 1121 150 1144; x_wconf 81' lang='grc' dir='ltr'>ι</span> <span class='ocrx_word' id='word_1_81' title='bbox 199 1094 364 1164; x_wconf 85' lang='lat' dir='ltr'><strong>Caput</strong></span> <span class='ocrx_word' id='word_1_82' title='bbox 390 1097 582 1146; x_wconf 89' lang='lat' dir='ltr'><strong>autem</strong></span> <span class='ocrx_word' id='word_1_83' title='bbox 625 1093 895 1146; x_wconf 90' lang='lat' dir='ltr'><strong>nostrum</strong></span> <span class='ocrx_word' id='word_1_84' title='bbox 944 1090 1222 1145; x_wconf 85' lang='lat' dir='ltr'><strong>Christus</strong></span> <span class='ocrx_word' id='word_1_85' title='bbox 1271 1093 1365 1144; x_wconf 89' lang='lat' dir='ltr'><strong>est</strong></span> <span class='ocrx_word' id='word_1_86' title='bbox 1394 1088 1452 1157; x_wconf 91' lang='lat' dir='ltr'><strong>(I</strong></span> <span class='ocrx_word' id='word_1_87' title='bbox 1490 1088 1626 1142; x_wconf 86' lang='lat' dir='ltr'><strong>Cor.</strong></span> <span class='ocrx_word' id='word_1_88' title='bbox 1662 1104 1762 1156; x_wconf 75' lang='grc' dir='ltr'><strong>χι,</strong></span> 
     </span>
    </p>
   </div>
   <div class='ocr_carea' id='block_1_13' title="bbox 129 1178 1766 1254">
    <p class='ocr_par' dir='ltr' id='par_1_13' title="bbox 129 1178 1766 1254">
     <span class='ocr_line' id='line_1_13' title="bbox 129 1178 1766 1254; baseline -0.007 -14"><span class='ocrx_word' id='word_1_89' title='bbox 129 1185 196 1254; x_wconf 86' lang='lat'><strong>3).</strong></span> <span class='ocrx_word' id='word_1_90' title='bbox 229 1204 249 1233; x_wconf 70' lang='grc' dir='ltr'><strong><em>ν</em></strong></span> <span class='ocrx_word' id='word_1_91' title='bbox 279 1183 398 1237; x_wconf 87' lang='lat' dir='ltr'><strong>Hoc</strong></span> <span class='ocrx_word' id='word_1_92' title='bbox 446 1183 678 1236; x_wconf 88' lang='lat' dir='ltr'><strong>maneat</strong></span> <span class='ocrx_word' id='word_1_93' title='bbox 724 1179 1040 1249; x_wconf 87' lang='lat' dir='ltr'><strong>incolume,</strong></span> <span class='ocrx_word' id='word_1_94' title='bbox 1094 1181 1156 1234; x_wconf 89' lang='lat' dir='ltr'><strong>ut</strong></span> <span class='ocrx_word' id='word_1_95' title='bbox 1198 1178 1496 1248; x_wconf 82' lang='lat' dir='ltr'><strong>serpentis</strong></span> <span class='ocrx_word' id='word_1_96' title='bbox 1539 1190 1766 1231; x_wconf 91' lang='lat' dir='ltr'><strong>venena</strong></span> 
     </span>
    </p>
   </div>
   <div class='ocr_carea' id='block_1_14' title="bbox 131 1264 1767 1339">
    <p class='ocr_par' dir='ltr' id='par_1_14' title="bbox 131 1264 1767 1339">
     <span class='ocr_line' id='line_1_14' title="bbox 131 1264 1767 1339; baseline -0.006 -12"><span class='ocrx_word' id='word_1_97' title='bbox 131 1273 255 1337; x_wconf 86' lang='lat'><strong>983</strong></span> <span class='ocrx_word' id='word_1_98' title='bbox 283 1270 446 1326; x_wconf 90' lang='lat' dir='ltr'><strong>nobis</strong></span> <span class='ocrx_word' id='word_1_99' title='bbox 475 1285 594 1325; x_wconf 89' lang='lat' dir='ltr'><strong>non</strong></span> <span class='ocrx_word' id='word_1_100' title='bbox 626 1269 862 1339; x_wconf 85' lang='lat' dir='ltr'><strong>possint</strong></span> <span class='ocrx_word' id='word_1_101' title='bbox 889 1283 1108 1324; x_wconf 88' lang='lat' dir='ltr'><strong>nocere</strong></span> <span class='ocrx_word' id='word_1_102' title='bbox 1144 1283 1155 1322; x_wconf 89' lang='lat'><em>:</em></span> <span class='ocrx_word' id='word_1_103' title='bbox 1195 1289 1216 1314; x_wconf 76' lang='grc' dir='ltr'><strong><em>α</em></strong></span> <span class='ocrx_word' id='word_1_104' title='bbox 1260 1267 1425 1321; x_wconf 91' lang='lat' dir='ltr'><strong>Bona</strong></span> <span class='ocrx_word' id='word_1_105' title='bbox 1476 1269 1569 1320; x_wconf 90' lang='lat' dir='ltr'><strong>est</strong></span> <span class='ocrx_word' id='word_1_106' title='bbox 1612 1264 1767 1319; x_wconf 88' lang='lat' dir='ltr'><strong>enim</strong></span> 
     </span>
    </p>
   </div>
   <div class='ocr_carea' id='block_1_15' title="bbox 133 1353 1772 1432">
    <p class='ocr_par' dir='ltr' id='par_1_15' title="bbox 133 1353 1772 1432">
     <span class='ocr_line' id='line_1_15' title="bbox 133 1353 1772 1432; baseline -0.007 -14"><span class='ocrx_word' id='word_1_107' title='bbox 133 1360 391 1432; x_wconf 85' lang='lat' dir='ltr'><strong>sapientia</strong></span> <span class='ocrx_word' id='word_1_108' title='bbox 421 1374 556 1416; x_wconf 89' lang='lat' dir='ltr'><strong>cum</strong></span> <span class='ocrx_word' id='word_1_109' title='bbox 586 1357 930 1413; x_wconf 63' lang='lat' dir='ltr'><strong>haereditate</strong></span> <span class='ocrx_word' id='word_1_110' title='bbox 959 1355 1173 1425; x_wconf 84' lang='lat' dir='ltr'><strong>(Eceli.</strong></span> <span class='ocrx_word' id='word_1_111' title='bbox 1214 1371 1294 1409; x_wconf 88' lang='lat' dir='ltr'><strong>vu</strong></span> <span class='ocrx_word' id='word_1_112' title='bbox 1317 1396 1332 1422; x_wconf 96' lang='lat'><strong>,</strong></span> <span class='ocrx_word' id='word_1_113' title='bbox 1366 1355 1458 1412; x_wconf 72' lang='grc'><strong>19.)</strong></span> <span class='ocrx_word' id='word_1_114' title='bbox 1481 1396 1495 1424; x_wconf 83' lang='grc'><em>,</em></span> <span class='ocrx_word' id='word_1_115' title='bbox 1533 1374 1556 1403; x_wconf 72' lang='grc' dir='ltr'><strong>ι</strong></span> <span class='ocrx_word' id='word_1_116' title='bbox 1589 1353 1647 1408; x_wconf 89' lang='lat' dir='ltr'><strong>id</strong></span> <span class='ocrx_word' id='word_1_117' title='bbox 1678 1355 1772 1408; x_wconf 89' lang='lat' dir='ltr'><strong>est</strong></span> 
     </span>
    </p>
   </div>
   <div class='ocr_carea' id='block_1_16' title="bbox 131 1440 1769 1520">
    <p class='ocr_par' dir='ltr' id='par_1_16' title="bbox 131 1440 1769 1520">
     <span class='ocr_line' id='line_1_16' title="bbox 131 1440 1769 1520; baseline -0.005 -15"><span class='ocrx_word' id='word_1_118' title='bbox 131 1466 244 1506; x_wconf 86' lang='lat' dir='ltr'><strong>cum</strong></span> <span class='ocrx_word' id='word_1_119' title='bbox 269 1449 415 1519; x_wconf 76' lang='lat' dir='ltr'><strong>ﬁde;</strong></span> <span class='ocrx_word' id='word_1_120' title='bbox 464 1447 748 1520; x_wconf 89' lang='lat' dir='ltr'><strong>quoniam</strong></span> <span class='ocrx_word' id='word_1_121' title='bbox 791 1449 886 1502; x_wconf 89' lang='lat' dir='ltr'><strong>est</strong></span> <span class='ocrx_word' id='word_1_122' title='bbox 931 1444 1251 1501; x_wconf 70' lang='lat' dir='ltr'><strong>haereditas</strong></span> <span class='ocrx_word' id='word_1_123' title='bbox 1297 1442 1677 1500; x_wconf 79' lang='lat' dir='ltr'><strong>credentibus</strong></span> <span class='ocrx_word' id='word_1_124' title='bbox 1708 1440 1769 1496; x_wconf 88' lang='lat' dir='ltr'><strong>in</strong></span> 
     </span>
    </p>
   </div>
   <div class='ocr_carea' id='block_1_17' title="bbox 131 1539 367 1594">
    <p class='ocr_par' dir='ltr' id='par_1_17' title="bbox 131 1539 367 1594">
     <span class='ocr_line' id='line_1_17' title="bbox 131 1539 367 1594; baseline -0.008 0"><span class='ocrx_word' id='word_1_125' title='bbox 131 1539 367 1594; x_wconf 90' lang='lat' dir='ltr'><strong>Domino.</strong></span> 
     </span>
    </p>
   </div>
   <div class='ocr_carea' id='block_1_18' title="bbox 189 1619 1774 1697">
    <p class='ocr_par' dir='ltr' id='par_1_18' title="bbox 189 1619 1774 1697">
     <span class='ocr_line' id='line_1_18' title="bbox 189 1619 1774 1697; baseline -0.004 -16"><span class='ocrx_word' id='word_1_126' title='bbox 189 1627 265 1682; x_wconf 85' lang='grc'><strong>13.</strong></span> <span class='ocrx_word' id='word_1_127' title='bbox 295 1625 454 1692; x_wconf 90' lang='lat' dir='ltr'><strong>Quod</strong></span> <span class='ocrx_word' id='word_1_128' title='bbox 487 1625 546 1681; x_wconf 89' lang='lat' dir='ltr'><strong>si</strong></span> <span class='ocrx_word' id='word_1_129' title='bbox 587 1623 816 1697; x_wconf 86' lang='lat' dir='ltr'><strong>primus</strong></span> <span class='ocrx_word' id='word_1_130' title='bbox 847 1623 946 1679; x_wconf 87' lang='lat' dir='ltr'><strong>ille</strong></span> <span class='ocrx_word' id='word_1_131' title='bbox 985 1622 1183 1691; x_wconf 88' lang='lat' dir='ltr'><strong>homo,</strong></span> <span class='ocrx_word' id='word_1_132' title='bbox 1236 1621 1339 1694; x_wconf 92' lang='lat' dir='ltr'><strong>qui</strong></span> <span class='ocrx_word' id='word_1_133' title='bbox 1369 1635 1504 1677; x_wconf 85' lang='lat' dir='ltr'><strong>cum</strong></span> <span class='ocrx_word' id='word_1_134' title='bbox 1535 1620 1657 1676; x_wconf 90' lang='lat' dir='ltr'><strong>Deo</strong></span> <span class='ocrx_word' id='word_1_135' title='bbox 1687 1619 1774 1676; x_wconf 89' lang='lat' dir='ltr'><strong>lo—</strong></span> 
     </span>
    </p>
   </div>
   <div class='ocr_carea' id='block_1_19' title="bbox 124 1706 1775 1788">
    <p class='ocr_par' dir='ltr' id='par_1_19' title="bbox 124 1706 1775 1788">
     <span class='ocr_line' id='line_1_19' title="bbox 124 1706 1775 1788; baseline -0.006 -15"><span class='ocrx_word' id='word_1_136' title='bbox 124 1716 386 1788; x_wconf 86' lang='lat' dir='ltr'><strong>quebatur</strong></span> <span class='ocrx_word' id='word_1_137' title='bbox 435 1715 495 1771; x_wconf 89' lang='lat' dir='ltr'><strong>in</strong></span> <span class='ocrx_word' id='word_1_138' title='bbox 545 1714 825 1786; x_wconf 84' lang='lat' dir='ltr'><strong>paradiso</strong></span> <span class='ocrx_word' id='word_1_139' title='bbox 866 1713 1101 1785; x_wconf 89' lang='lat' dir='ltr'><strong>positus</strong></span> <span class='ocrx_word' id='word_1_140' title='bbox 1139 1711 1314 1782; x_wconf 85' lang='lat' dir='ltr'><strong>(Gen.</strong></span> <span class='ocrx_word' id='word_1_141' title='bbox 1361 1728 1436 1780; x_wconf 85' lang='lat' dir='ltr'><strong>n,</strong></span> <span class='ocrx_word' id='word_1_142' title='bbox 1490 1706 1620 1780; x_wconf 82' lang='grc'><strong>15),</strong></span> <span class='ocrx_word' id='word_1_143' title='bbox 1652 1709 1775 1764; x_wconf 87' lang='lat' dir='ltr'><strong>labi</strong></span> 
     </span>
    </p>
   </div>
   <div class='ocr_carea' id='block_1_20' title="bbox 125 1798 1775 1876">
    <p class='ocr_par' dir='ltr' id='par_1_20' title="bbox 125 1798 1775 1876">
     <span class='ocr_line' id='line_1_20' title="bbox 125 1798 1775 1876; baseline -0.005 -16"><span class='ocrx_word' id='word_1_144' title='bbox 125 1809 223 1860; x_wconf 87' lang='lat' dir='ltr'><strong>tam</strong></span> <span class='ocrx_word' id='word_1_145' title='bbox 255 1804 416 1860; x_wconf 82' lang='lat' dir='ltr'><strong>facile</strong></span> <span class='ocrx_word' id='word_1_146' title='bbox 445 1803 658 1876; x_wconf 87' lang='lat' dir='ltr'><strong>potuit,</strong></span> <span class='ocrx_word' id='word_1_147' title='bbox 689 1819 765 1859; x_wconf 84' lang='lat' dir='ltr'><strong>ex</strong></span> <span class='ocrx_word' id='word_1_148' title='bbox 796 1805 954 1859; x_wconf 89' lang='lat' dir='ltr'><strong>terra</strong></span> <span class='ocrx_word' id='word_1_149' title='bbox 985 1803 1223 1858; x_wconf 85' lang='lat' dir='ltr'><strong>creatus</strong></span> <span class='ocrx_word' id='word_1_150' title='bbox 1254 1799 1509 1872; x_wconf 77' lang='lat' dir='ltr'><strong>virgine,</strong></span> <span class='ocrx_word' id='word_1_151' title='bbox 1542 1814 1678 1871; x_wconf 67' lang='lat' dir='ltr'><strong>qua:</strong></span> <span class='ocrx_word' id='word_1_152' title='bbox 1701 1798 1775 1853; x_wconf 87' lang='lat' dir='ltr'><strong>ad</strong></span> 
     </span>
    </p>
   </div>
   <div class='ocr_carea' id='block_1_21' title="bbox 1880 999 3543 1074">
    <p class='ocr_par' dir='ltr' id='par_1_21' title="bbox 1880 999 3543 1074">
     <span class='ocr_line' id='line_1_21' title="bbox 1880 999 3543 1074; baseline 0.004 -22"><span class='ocrx_word' id='word_1_153' title='bbox 1880 999 2029 1052; x_wconf 89' lang='lat' dir='ltr'><strong>Nam</strong></span> <span class='ocrx_word' id='word_1_154' title='bbox 2062 1000 2116 1053; x_wconf 90' lang='lat' dir='ltr'><strong>si</strong></span> <span class='ocrx_word' id='word_1_155' title='bbox 2149 999 2324 1054; x_wconf 80' lang='lat' dir='ltr'><strong>hodie</strong></span> <span class='ocrx_word' id='word_1_156' title='bbox 2373 1016 2728 1072; x_wconf 88' lang='lat' dir='ltr'><strong>quocunque</strong></span> <span class='ocrx_word' id='word_1_157' title='bbox 2759 1003 3085 1057; x_wconf 90' lang='lat' dir='ltr'><strong>accesserit</strong></span> <span class='ocrx_word' id='word_1_158' title='bbox 3113 1004 3375 1074; x_wconf 86' lang='lat' dir='ltr'><strong>sapiens,</strong></span> <span class='ocrx_word' id='word_1_159' title='bbox 3407 1003 3543 1058; x_wconf 89' lang='lat' dir='ltr'><strong>ubi-</strong></span> 
     </span>
    </p>
   </div>
   <div class='ocr_carea' id='block_1_22' title="bbox 1881 1089 3546 1164">
    <p class='ocr_par' dir='ltr' id='par_1_22' title="bbox 1881 1089 3546 1164">
     <span class='ocr_line' id='line_1_22' title="bbox 1881 1089 3546 1164; baseline 0.003 -22"><span class='ocrx_word' id='word_1_160' title='bbox 1881 1103 1996 1158; x_wconf 88' lang='lat' dir='ltr'><strong>que</strong></span> <span class='ocrx_word' id='word_1_161' title='bbox 2028 1089 2179 1142; x_wconf 90' lang='lat' dir='ltr'><strong>eivis</strong></span> <span class='ocrx_word' id='word_1_162' title='bbox 2210 1093 2320 1158; x_wconf 87' lang='lat' dir='ltr'><strong>est,</strong></span> <span class='ocrx_word' id='word_1_163' title='bbox 2355 1089 2576 1160; x_wconf 87' lang='lat' dir='ltr'><strong>ubique</strong></span> <span class='ocrx_word' id='word_1_164' title='bbox 2600 1105 2708 1145; x_wconf 81' lang='lat' dir='ltr'><strong>sua</strong></span> <span class='ocrx_word' id='word_1_165' title='bbox 2730 1089 3333 1163; x_wconf 88' lang='lat' dir='ltr'><strong>intelligit,nusquam</strong></span> <span class='ocrx_word' id='word_1_166' title='bbox 3354 1105 3421 1148; x_wconf 87' lang='lat' dir='ltr'><strong>se</strong></span> <span class='ocrx_word' id='word_1_167' title='bbox 3451 1109 3546 1164; x_wconf 88' lang='lat' dir='ltr'><strong>pe-</strong></span> 
     </span>
    </p>
   </div>
   <div class='ocr_carea' id='block_1_23' title="bbox 1881 1178 3547 1252">
    <p class='ocr_par' dir='ltr' id='par_1_23' title="bbox 1881 1178 3547 1252">
     <span class='ocr_line' id='line_1_23' title="bbox 1881 1178 3547 1252; baseline 0.004 -21"><span class='ocrx_word' id='word_1_168' title='bbox 1881 1178 2205 1249; x_wconf 90' lang='lat' dir='ltr'><strong>regrinum,</strong></span> <span class='ocrx_word' id='word_1_169' title='bbox 2237 1194 2531 1250; x_wconf 88' lang='lat' dir='ltr'><strong>nusquam</strong></span> <span class='ocrx_word' id='word_1_170' title='bbox 2562 1179 2852 1251; x_wconf 83' lang='lat' dir='ltr'><strong>hospitem</strong></span> <span class='ocrx_word' id='word_1_171' title='bbox 2874 1180 3100 1252; x_wconf 82' lang='lat' dir='ltr'><strong>judicat</strong></span> <span class='ocrx_word' id='word_1_172' title='bbox 3127 1197 3141 1251; x_wconf 72' lang='grc' dir='ltr'>ς</span> <span class='ocrx_word' id='word_1_173' title='bbox 3174 1185 3392 1252; x_wconf 89' lang='lat' dir='ltr'><strong>quanto</strong></span> <span class='ocrx_word' id='word_1_174' title='bbox 3425 1197 3547 1237; x_wconf 88' lang='lat' dir='ltr'><strong>ma-</strong></span> 
     </span>
    </p>
   </div>
   <div class='ocr_carea' id='block_1_24' title="bbox 1882 1267 3544 1342">
    <p class='ocr_par' dir='ltr' id='par_1_24' title="bbox 1882 1267 3544 1342">
     <span class='ocr_line' id='line_1_24' title="bbox 1882 1267 3544 1342; baseline 0.004 -22"><span class='ocrx_word' id='word_1_175' title='bbox 1882 1267 1980 1339; x_wconf 92' lang='lat' dir='ltr'><strong>gis</strong></span> <span class='ocrx_word' id='word_1_176' title='bbox 2011 1267 2107 1321; x_wconf 91' lang='lat' dir='ltr'><strong>ille</strong></span> <span class='ocrx_word' id='word_1_177' title='bbox 2139 1267 2366 1338; x_wconf 87' lang='lat' dir='ltr'><strong>primus</strong></span> <span class='ocrx_word' id='word_1_178' title='bbox 2407 1269 2582 1324; x_wconf 90' lang='lat' dir='ltr'><strong>homo</strong></span> <span class='ocrx_word' id='word_1_179' title='bbox 2610 1270 2792 1325; x_wconf 87' lang='lat' dir='ltr'><strong>totius</strong></span> <span class='ocrx_word' id='word_1_180' title='bbox 2824 1273 2950 1325; x_wconf 88' lang='lat' dir='ltr'><strong>erat</strong></span> <span class='ocrx_word' id='word_1_181' title='bbox 2978 1271 3178 1326; x_wconf 89' lang='lat' dir='ltr'><strong>mundi</strong></span> <span class='ocrx_word' id='word_1_182' title='bbox 3220 1271 3434 1342; x_wconf 86' lang='lat' dir='ltr'><strong>incola,</strong></span> <span class='ocrx_word' id='word_1_183' title='bbox 3467 1275 3544 1342; x_wconf 79' lang='lat' dir='ltr'><strong>et,</strong></span> 
     </span>
    </p>
   </div>
   <div class='ocr_carea' id='block_1_25' title="bbox 1885 1355 3546 1440">
    <p class='ocr_par' dir='ltr' id='par_1_25' title="bbox 1885 1355 3546 1440">
     <span class='ocr_line' id='line_1_25' title="bbox 1885 1355 3546 1440; baseline 0.004 -31"><span class='ocrx_word' id='word_1_184' title='bbox 1885 1358 1949 1410; x_wconf 93' lang='lat' dir='ltr'><strong>ut</strong></span> <span class='ocrx_word' id='word_1_185' title='bbox 1978 1355 2169 1410; x_wconf 68' lang='lat' dir='ltr'><strong>Graeci</strong></span> <span class='ocrx_word' id='word_1_186' title='bbox 2202 1357 2424 1428; x_wconf 89' lang='lat' dir='ltr'><strong>dicunt,</strong></span> <span class='ocrx_word' id='word_1_187' title='bbox 2455 1363 2793 1440; x_wconf 54' lang='lat' dir='ltr'><strong>zannorum;</strong></span> <span class='ocrx_word' id='word_1_188' title='bbox 2825 1359 2955 1430; x_wconf 84' lang='lat'><strong>(53),</strong></span> <span class='ocrx_word' id='word_1_189' title='bbox 2989 1375 3140 1431; x_wconf 90' lang='lat' dir='ltr'><strong>opus</strong></span> <span class='ocrx_word' id='word_1_190' title='bbox 3173 1359 3280 1415; x_wconf 88' lang='lat' dir='ltr'><strong>Dei</strong></span> <span class='ocrx_word' id='word_1_191' title='bbox 3309 1373 3546 1437; x_wconf 71' lang='lat' dir='ltr'><strong>recens,</strong></span> 
     </span>
    </p>
   </div>
   <div class='ocr_carea' id='block_1_26' title="bbox 1888 1445 3549 1520">
    <p class='ocr_par' dir='ltr' id='par_1_26' title="bbox 1888 1445 3549 1520">
     <span class='ocr_line' id='line_1_26' title="bbox 1888 1445 3549 1520; baseline 0.002 -20"><span class='ocrx_word' id='word_1_192' title='bbox 1888 1445 2296 1500; x_wconf 81' lang='lat' dir='ltr'><strong>confabulator</strong></span> <span class='ocrx_word' id='word_1_193' title='bbox 2323 1447 2629 1516; x_wconf 86' lang='lat' dir='ltr'><strong>assiduus,</strong></span> <span class='ocrx_word' id='word_1_194' title='bbox 2663 1448 2815 1503; x_wconf 81' lang='lat' dir='ltr'><strong>civis</strong></span> <span class='ocrx_word' id='word_1_195' title='bbox 2844 1451 3207 1516; x_wconf 86' lang='lat' dir='ltr'><strong>sanctorum,</strong></span> <span class='ocrx_word' id='word_1_196' title='bbox 3244 1449 3549 1520; x_wconf 82' lang='lat' dir='ltr'><strong>complan-</strong></span> 
     </span>
    </p>
   </div>
   <div class='ocr_carea' id='block_1_27' title="bbox 1885 1534 3554 1608">
    <p class='ocr_par' dir='ltr' id='par_1_27' title="bbox 1885 1534 3554 1608">
     <span class='ocr_line' id='line_1_27' title="bbox 1885 1534 3554 1608; baseline 0.004 -20"><span class='ocrx_word' id='word_1_197' title='bbox 1885 1537 2043 1589; x_wconf 85' lang='lat' dir='ltr'><strong>tatus</strong></span> <span class='ocrx_word' id='word_1_198' title='bbox 2067 1534 2408 1605; x_wconf 78' lang='lat' dir='ltr'><strong>virtutibus,</strong></span> <span class='ocrx_word' id='word_1_199' title='bbox 2431 1537 2795 1608; x_wconf 70' lang='lat' dir='ltr'><strong>praepositus</strong></span> <span class='ocrx_word' id='word_1_200' title='bbox 2826 1538 3103 1594; x_wconf 87' lang='lat' dir='ltr'><strong>omnibus</strong></span> <span class='ocrx_word' id='word_1_201' title='bbox 3132 1539 3407 1594; x_wconf 82' lang='lat' dir='ltr'><strong>terremis</strong></span> <span class='ocrx_word' id='word_1_202' title='bbox 3437 1537 3554 1594; x_wconf 54' lang='lat' dir='ltr'><strong>ani.</strong></span> 
     </span>
    </p>
   </div>
   <div class='ocr_carea' id='block_1_28' title="bbox 1885 1624 3554 1697">
    <p class='ocr_par' dir='ltr' id='par_1_28' title="bbox 1885 1624 3554 1697">
     <span class='ocr_line' id='line_1_28' title="bbox 1885 1624 3554 1697; baseline 0.004 -20"><span class='ocrx_word' id='word_1_203' title='bbox 1885 1624 2221 1692; x_wconf 79' lang='lat' dir='ltr'><strong>mentibus,</strong></span> <span class='ocrx_word' id='word_1_204' title='bbox 2267 1625 2548 1695; x_wconf 88' lang='lat' dir='ltr'><strong>marinis,</strong></span> <span class='ocrx_word' id='word_1_205' title='bbox 2600 1626 2979 1697; x_wconf 64' lang='lat' dir='ltr'><strong>volatilibus,</strong></span> <span class='ocrx_word' id='word_1_206' title='bbox 3036 1631 3224 1683; x_wconf 87' lang='lat' dir='ltr'><strong>totum</strong></span> <span class='ocrx_word' id='word_1_207' title='bbox 3268 1627 3554 1683; x_wconf 77' lang='lat' dir='ltr'><strong>mundum</strong></span> 
     </span>
    </p>
   </div>
   <div class='ocr_carea' id='block_1_29' title="bbox 1887 1713 3554 1786">
    <p class='ocr_par' dir='ltr' id='par_1_29' title="bbox 1887 1713 3554 1786">
     <span class='ocr_line' id='line_1_29' title="bbox 1887 1713 3554 1786; baseline 0.003 -19"><span class='ocrx_word' id='word_1_208' title='bbox 1887 1728 2054 1767; x_wconf 90' lang='lat' dir='ltr'><strong>suam</strong></span> <span class='ocrx_word' id='word_1_209' title='bbox 2094 1713 2547 1783; x_wconf 88' lang='lat' dir='ltr'><strong>possessionem</strong></span> <span class='ocrx_word' id='word_1_210' title='bbox 2575 1714 2819 1785; x_wconf 83' lang='lat' dir='ltr'><strong>putabat</strong></span> <span class='ocrx_word' id='word_1_211' title='bbox 2849 1731 2862 1771; x_wconf 87' lang='lat'><strong>:</strong></span> <span class='ocrx_word' id='word_1_212' title='bbox 2894 1731 3070 1786; x_wconf 89' lang='lat' dir='ltr'><strong>quem</strong></span> <span class='ocrx_word' id='word_1_213' title='bbox 3102 1716 3391 1772; x_wconf 89' lang='lat' dir='ltr'><strong>Dominus</strong></span> <span class='ocrx_word' id='word_1_214' title='bbox 3429 1719 3554 1772; x_wconf 81' lang='lat' dir='ltr'><strong>tue-</strong></span> 
     </span>
    </p>
   </div>
   <div class='ocr_carea' id='block_1_30' title="bbox 1887 1801 3558 1878">
    <p class='ocr_par' dir='ltr' id='par_1_30' title="bbox 1887 1801 3558 1878">
     <span class='ocr_line' id='line_1_30' title="bbox 1887 1801 3558 1878; baseline 0.002 -22"><span class='ocrx_word' id='word_1_215' title='bbox 1887 1801 2063 1856; x_wconf 84' lang='lat' dir='ltr'><strong>batur</strong></span> <span class='ocrx_word' id='word_1_216' title='bbox 2091 1805 2154 1855; x_wconf 88' lang='lat' dir='ltr'><strong>ut</strong></span> <span class='ocrx_word' id='word_1_217' title='bbox 2185 1817 2337 1873; x_wconf 88' lang='lat' dir='ltr'><strong>opus</strong></span> <span class='ocrx_word' id='word_1_218' title='bbox 2365 1817 2560 1871; x_wconf 89' lang='lat' dir='ltr'><strong>suum,</strong></span> <span class='ocrx_word' id='word_1_219' title='bbox 2595 1817 2787 1875; x_wconf 88' lang='lat' dir='ltr'><strong>neque</strong></span> <span class='ocrx_word' id='word_1_220' title='bbox 2817 1807 2880 1858; x_wconf 88' lang='lat' dir='ltr'><strong>ut</strong></span> <span class='ocrx_word' id='word_1_221' title='bbox 2909 1804 3106 1860; x_wconf 85' lang='lat' dir='ltr'><strong>bonus</strong></span> <span class='ocrx_word' id='word_1_222' title='bbox 3135 1819 3356 1876; x_wconf 88' lang='lat' dir='ltr'><strong>parens</strong></span> <span class='ocrx_word' id='word_1_223' title='bbox 3383 1808 3558 1878; x_wconf 85' lang='lat' dir='ltr'><strong>atque</strong></span> 
     </span>
    </p>
   </div>
   <div class='ocr_carea' id='block_1_31' title="bbox 126 1889 3556 1982">
    <p class='ocr_par' dir='ltr' id='par_1_31' title="bbox 126 1889 3556 1982">
     <span class='ocr_line' id='line_1_31' title="bbox 126 1889 3556 1982; baseline 0 -33"><span class='ocrx_word' id='word_1_224' title='bbox 126 1894 346 1950; x_wconf 87' lang='lat' dir='ltr'><strong>verbum</strong></span> <span class='ocrx_word' id='word_1_225' title='bbox 364 1893 466 1948; x_wconf 88' lang='lat' dir='ltr'><strong>Dei</strong></span> <span class='ocrx_word' id='word_1_226' title='bbox 487 1893 739 1949; x_wconf 83' lang='lat' dir='ltr'><strong>formata</strong></span> <span class='ocrx_word' id='word_1_227' title='bbox 770 1894 829 1948; x_wconf 89' lang='lat' dir='ltr'><strong>et</strong></span> <span class='ocrx_word' id='word_1_228' title='bbox 858 1894 1055 1982; x_wconf 85' lang='lat' dir='ltr'><strong>creata</strong></span> <span class='ocrx_word' id='word_1_229' title='bbox 1066 1889 1298 1982; x_wconf 86' lang='lat' dir='ltr'><strong>recenti</strong></span> <span class='ocrx_word' id='word_1_230' title='bbox 1323 1889 1516 1944; x_wconf 81' lang='lat' dir='ltr'><strong>fuerat</strong></span> <span class='ocrx_word' id='word_1_231' title='bbox 1535 1890 1768 1982; x_wconf 66' lang='lat' dir='ltr'><strong>exortu,</strong></span> <span class='ocrx_word' id='word_1_232' title='bbox 1811 1921 1859 1982; x_wconf 75' lang='grc' dir='ltr'>Β</span> <span class='ocrx_word' id='word_1_233' title='bbox 1890 1893 2098 1982; x_wconf 12' lang='lat' dir='ltr'><strong>auget-or</strong></span> <span class='ocrx_word' id='word_1_234' title='bbox 2128 1890 2446 1982; x_wconf 76' lang='lat' dir='ltr'><strong>deserebat</strong></span> <span class='ocrx_word' id='word_1_235' title='bbox 2471 1889 2483 1946; x_wconf 81' lang='grc' dir='ltr'><strong>ι</strong></span> <span class='ocrx_word' id='word_1_236' title='bbox 2511 1891 2776 1982; x_wconf 80' lang='lat' dir='ltr'><strong>Denique</strong></span> <span class='ocrx_word' id='word_1_237' title='bbox 2799 1907 2868 1948; x_wconf 92' lang='lat' dir='ltr'><strong>eo</strong></span> <span class='ocrx_word' id='word_1_238' title='bbox 2891 1909 3083 1965; x_wconf 91' lang='lat' dir='ltr'><strong>usque</strong></span> <span class='ocrx_word' id='word_1_239' title='bbox 3106 1897 3368 1950; x_wconf 87' lang='lat' dir='ltr'><strong>creatum</strong></span> <span class='ocrx_word' id='word_1_240' title='bbox 3391 1894 3556 1966; x_wconf 81' lang='lat' dir='ltr'><strong>fovit,</strong></span> 
     </span>
    </p>
   </div>
   <div class='ocr_carea' id='block_1_32' title="bbox 122 1977 1777 2053">
    <p class='ocr_par' dir='ltr' id='par_1_32' title="bbox 122 1977 1777 2053">
     <span class='ocr_line' id='line_1_32' title="bbox 122 1977 1777 2053; baseline -0.004 -15"><span class='ocrx_word' id='word_1_241' title='bbox 122 1983 354 2039; x_wconf 87' lang='lat' dir='ltr'><strong>nondum</strong></span> <span class='ocrx_word' id='word_1_242' title='bbox 425 1998 493 2038; x_wconf 86' lang='lat' dir='ltr'><strong>ea</strong></span> <span class='ocrx_word' id='word_1_243' title='bbox 539 1982 877 2053; x_wconf 84' lang='lat' dir='ltr'><strong>parricidali</strong></span> <span class='ocrx_word' id='word_1_244' title='bbox 929 1981 1299 2051; x_wconf 79' lang='lat' dir='ltr'><strong>caediumque</strong></span> <span class='ocrx_word' id='word_1_245' title='bbox 1341 1980 1615 2034; x_wconf 89' lang='lat' dir='ltr'><strong>concreta</strong></span> <span class='ocrx_word' id='word_1_246' title='bbox 1663 1977 1777 2048; x_wconf 82' lang='grc'><strong>(50)</strong></span> 
     </span>
    </p>
   </div>
   <div class='ocr_carea' id='block_1_33' title="bbox 123 2066 1774 2145">
    <p class='ocr_par' dir='ltr' id='par_1_33' title="bbox 123 2066 1774 2145">
     <span class='ocr_line' id='line_1_33' title="bbox 123 2066 1774 2145; baseline -0.005 -17"><span class='ocrx_word' id='word_1_247' title='bbox 123 2072 410 2145; x_wconf 86' lang='lat' dir='ltr'><strong>sanguine,</strong></span> <span class='ocrx_word' id='word_1_248' title='bbox 445 2071 691 2143; x_wconf 77' lang='lat' dir='ltr'><strong>flagitiis</strong></span> <span class='ocrx_word' id='word_1_249' title='bbox 705 2074 761 2126; x_wconf 89' lang='lat' dir='ltr'><strong>et</strong></span> <span class='ocrx_word' id='word_1_250' title='bbox 781 2070 1074 2126; x_wconf 81' lang='lat' dir='ltr'><strong>dedecore</strong></span> <span class='ocrx_word' id='word_1_251' title='bbox 1095 2069 1336 2140; x_wconf 90' lang='lat' dir='ltr'><strong>polluta,</strong></span> <span class='ocrx_word' id='word_1_252' title='bbox 1362 2066 1624 2123; x_wconf 89' lang='lat' dir='ltr'><strong>nondum</strong></span> <span class='ocrx_word' id='word_1_253' title='bbox 1647 2082 1774 2120; x_wconf 86' lang='lat' dir='ltr'><strong>car-</strong></span> 
     </span>
    </p>
   </div>
   <div class='ocr_carea' id='block_1_34' title="bbox 125 2155 1776 2224">
    <p class='ocr_par' dir='ltr' id='par_1_34' title="bbox 125 2155 1776 2224">
     <span class='ocr_line' id='line_1_34' title="bbox 125 2155 1776 2224; baseline -0.005 -8"><span class='ocrx_word' id='word_1_254' title='bbox 125 2177 186 2216; x_wconf 85' lang='lat' dir='ltr'><strong>ne</strong></span> <span class='ocrx_word' id='word_1_255' title='bbox 211 2164 404 2216; x_wconf 86' lang='lat' dir='ltr'><strong>nostra</strong></span> <span class='ocrx_word' id='word_1_256' title='bbox 435 2161 710 2215; x_wconf 89' lang='lat' dir='ltr'><strong>damnata</strong></span> <span class='ocrx_word' id='word_1_257' title='bbox 741 2159 1054 2214; x_wconf 89' lang='lat' dir='ltr'><strong>maledicto</strong></span> <span class='ocrx_word' id='word_1_258' title='bbox 1078 2157 1353 2214; x_wconf 65' lang='lat' dir='ltr'><strong>obnoxiae</strong></span> <span class='ocrx_word' id='word_1_259' title='bbox 1377 2155 1776 2224; x_wconf 67' lang='lat' dir='ltr'><strong>haereditatis;</strong></span> 
     </span>
    </p>
   </div>
   <div class='ocr_carea' id='block_1_35' title="bbox 126 2244 1782 2321">
    <p class='ocr_par' dir='ltr' id='par_1_35' title="bbox 126 2244 1782 2321">
     <span class='ocr_line' id='line_1_35' title="bbox 126 2244 1782 2321; baseline -0.004 -17"><span class='ocrx_word' id='word_1_260' title='bbox 126 2253 320 2321; x_wconf 86' lang='lat' dir='ltr'><strong>quanto</strong></span> <span class='ocrx_word' id='word_1_261' title='bbox 351 2249 591 2304; x_wconf 86' lang='lat' dir='ltr'><strong>facilius</strong></span> <span class='ocrx_word' id='word_1_262' title='bbox 623 2251 832 2320; x_wconf 91' lang='lat' dir='ltr'><strong>postea</strong></span> <span class='ocrx_word' id='word_1_263' title='bbox 881 2247 1108 2304; x_wconf 90' lang='lat' dir='ltr'><strong>lubrica</strong></span> <span class='ocrx_word' id='word_1_264' title='bbox 1157 2247 1231 2302; x_wconf 89' lang='lat' dir='ltr'><strong>ad</strong></span> <span class='ocrx_word' id='word_1_265' title='bbox 1277 2244 1642 2318; x_wconf 87' lang='lat' dir='ltr'><strong>peccandum</strong></span> <span class='ocrx_word' id='word_1_266' title='bbox 1685 2244 1782 2298; x_wconf 89' lang='lat' dir='ltr'><strong>via</strong></span> 
     </span>
    </p>
   </div>
   <div class='ocr_carea' id='block_1_36' title="bbox 124 2335 1780 2410">
    <p class='ocr_par' dir='ltr' id='par_1_36' title="bbox 124 2335 1780 2410">
     <span class='ocr_line' id='line_1_36' title="bbox 124 2335 1780 2410; baseline -0.005 -16"><span class='ocrx_word' id='word_1_267' title='bbox 124 2339 298 2410; x_wconf 79' lang='lat' dir='ltr'><strong>majus</strong></span> <span class='ocrx_word' id='word_1_268' title='bbox 325 2339 572 2394; x_wconf 80' lang='lat' dir='ltr'><strong>advexit</strong></span> <span class='ocrx_word' id='word_1_269' title='bbox 619 2339 879 2393; x_wconf 88' lang='lat' dir='ltr'><strong>humano</strong></span> <span class='ocrx_word' id='word_1_270' title='bbox 930 2336 1140 2410; x_wconf 80' lang='lat' dir='ltr'><strong>generi</strong></span> <span class='ocrx_word' id='word_1_271' title='bbox 1183 2335 1596 2406; x_wconf 66' lang='lat' dir='ltr'><strong>praecipitium,</strong></span> <span class='ocrx_word' id='word_1_272' title='bbox 1649 2349 1780 2388; x_wconf 88' lang='lat' dir='ltr'><strong>cum</strong></span> 
     </span>
    </p>
   </div>
   <div class='ocr_carea' id='block_1_37' title="bbox 126 2423 1785 2498">
    <p class='ocr_par' dir='ltr' id='par_1_37' title="bbox 126 2423 1785 2498">
     <span class='ocr_line' id='line_1_37' title="bbox 126 2423 1785 2498; baseline -0.003 -16"><span class='ocrx_word' id='word_1_273' title='bbox 126 2428 361 2484; x_wconf 89' lang='lat' dir='ltr'><strong>deterior</strong></span> <span class='ocrx_word' id='word_1_274' title='bbox 387 2427 783 2484; x_wconf 88' lang='lat' dir='ltr'><strong>tolerabiliori</strong></span> <span class='ocrx_word' id='word_1_275' title='bbox 800 2442 910 2498; x_wconf 90' lang='lat' dir='ltr'><strong>per</strong></span> <span class='ocrx_word' id='word_1_276' title='bbox 927 2426 1092 2482; x_wconf 87' lang='lat' dir='ltr'><strong>vices</strong></span> <span class='ocrx_word' id='word_1_277' title='bbox 1108 2423 1513 2498; x_wconf 75' lang='lat' dir='ltr'><strong>generationis</strong></span> <span class='ocrx_word' id='word_1_278' title='bbox 1545 2437 1785 2479; x_wconf 88' lang='lat' dir='ltr'><strong>succes-</strong></span> 
     </span>
    </p>
   </div>
   <div class='ocr_carea' id='block_1_38' title="bbox 126 2518 299 2572">
    <p class='ocr_par' dir='ltr' id='par_1_38' title="bbox 126 2518 299 2572">
     <span class='ocr_line' id='line_1_38' title="bbox 126 2518 299 2572; baseline 0 0"><span class='ocrx_word' id='word_1_279' title='bbox 126 2518 254 2572; x_wconf 84' lang='lat' dir='ltr'><strong>serit</strong></span> <span class='ocrx_word' id='word_1_280' title='bbox 271 2520 299 2572; x_wconf 84' lang='lat'><strong>‘?</strong></span> 
     </span>
    </p>
   </div>
   <div class='ocr_carea' id='block_1_39' title="bbox 183 2604 1784 2679">
    <p class='ocr_par' dir='ltr' id='par_1_39' title="bbox 183 2604 1784 2679">
     <span class='ocr_line' id='line_1_39' title="bbox 183 2604 1784 2679; baseline -0.003 -18"><span class='ocrx_word' id='word_1_281' title='bbox 183 2606 262 2662; x_wconf 76' lang='grc'><strong>14.</strong></span> <span class='ocrx_word' id='word_1_282' title='bbox 297 2607 531 2663; x_wconf 87' lang='lat' dir='ltr'><strong>Etenim</strong></span> <span class='ocrx_word' id='word_1_283' title='bbox 566 2607 620 2662; x_wconf 90' lang='lat' dir='ltr'><strong>si</strong></span> <span class='ocrx_word' id='word_1_284' title='bbox 650 2606 946 2679; x_wconf 88' lang='lat' dir='ltr'><strong>magnetis</strong></span> <span class='ocrx_word' id='word_1_285' title='bbox 976 2605 1130 2677; x_wconf 88' lang='lat' dir='ltr'><strong>lapis</strong></span> <span class='ocrx_word' id='word_1_286' title='bbox 1159 2604 1273 2674; x_wconf 81' lang='grc'><strong>(51)</strong></span> <span class='ocrx_word' id='word_1_287' title='bbox 1305 2604 1525 2659; x_wconf 86' lang='lat' dir='ltr'><strong>tantam</strong></span> <span class='ocrx_word' id='word_1_288' title='bbox 1557 2605 1784 2658; x_wconf 65' lang='lat' dir='ltr'><strong>natura)</strong></span> 
     </span>
    </p>
   </div>
   <div class='ocr_carea' id='block_1_40' title="bbox 121 2691 1791 2767">
    <p class='ocr_par' dir='ltr' id='par_1_40' title="bbox 121 2691 1791 2767">
     <span class='ocr_line' id='line_1_40' title="bbox 121 2691 1791 2767; baseline -0.002 -18"><span class='ocrx_word' id='word_1_289' title='bbox 121 2697 226 2750; x_wconf 91' lang='lat' dir='ltr'><strong>vim</strong></span> <span class='ocrx_word' id='word_1_290' title='bbox 255 2696 450 2767; x_wconf 89' lang='lat' dir='ltr'><strong>habet,</strong></span> <span class='ocrx_word' id='word_1_291' title='bbox 487 2700 556 2751; x_wconf 89' lang='lat' dir='ltr'><strong>ut</strong></span> <span class='ocrx_word' id='word_1_292' title='bbox 588 2696 810 2752; x_wconf 82' lang='lat' dir='ltr'><strong>ferrum</strong></span> <span class='ocrx_word' id='word_1_293' title='bbox 862 2696 936 2750; x_wconf 91' lang='lat' dir='ltr'><strong>ad</strong></span> <span class='ocrx_word' id='word_1_294' title='bbox 967 2710 1035 2750; x_wconf 91' lang='lat' dir='ltr'><strong>se</strong></span> <span class='ocrx_word' id='word_1_295' title='bbox 1081 2693 1295 2764; x_wconf 84' lang='lat' dir='ltr'><strong>trahat,</strong></span> <span class='ocrx_word' id='word_1_296' title='bbox 1329 2695 1388 2749; x_wconf 90' lang='lat' dir='ltr'><strong>et</strong></span> <span class='ocrx_word' id='word_1_297' title='bbox 1416 2691 1791 2747; x_wconf 78' lang='lat' dir='ltr'><strong>transfundat</strong></span> 
     </span>
    </p>
   </div>
   <div class='ocr_carea' id='block_1_41' title="bbox 118 2781 1780 2858">
    <p class='ocr_par' dir='ltr' id='par_1_41' title="bbox 118 2781 1780 2858">
     <span class='ocr_line' id='line_1_41' title="bbox 118 2781 1780 2858; baseline -0.002 -20"><span class='ocrx_word' id='word_1_298' title='bbox 118 2800 176 2839; x_wconf 87' lang='lat' dir='ltr'><strong>se</strong></span> <span class='ocrx_word' id='word_1_299' title='bbox 204 2786 259 2839; x_wconf 91' lang='lat' dir='ltr'><strong>in</strong></span> <span class='ocrx_word' id='word_1_300' title='bbox 286 2785 446 2842; x_wconf 90' lang='lat' dir='ltr'><strong>illius</strong></span> <span class='ocrx_word' id='word_1_301' title='bbox 479 2787 773 2858; x_wconf 87' lang='lat' dir='ltr'><strong>speciem,</strong></span> <span class='ocrx_word' id='word_1_302' title='bbox 798 2785 877 2839; x_wconf 89' lang='lat' dir='ltr'><strong>ita</strong></span> <span class='ocrx_word' id='word_1_303' title='bbox 893 2786 956 2841; x_wconf 90' lang='lat' dir='ltr'><strong>ut</strong></span> <span class='ocrx_word' id='word_1_304' title='bbox 975 2783 1279 2855; x_wconf 87' lang='lat' dir='ltr'><strong>plerisque</strong></span> <span class='ocrx_word' id='word_1_305' title='bbox 1293 2781 1550 2853; x_wconf 81' lang='lat' dir='ltr'><strong>experiri</strong></span> <span class='ocrx_word' id='word_1_306' title='bbox 1581 2781 1780 2836; x_wconf 87' lang='lat' dir='ltr'><strong>volen-</strong></span> 
     </span>
    </p>
   </div>
   <div class='ocr_carea' id='block_1_42' title="bbox 119 2870 1791 2946">
    <p class='ocr_par' dir='ltr' id='par_1_42' title="bbox 119 2870 1791 2946">
     <span class='ocr_line' id='line_1_42' title="bbox 119 2870 1791 2946; baseline -0.003 -18"><span class='ocrx_word' id='word_1_307' title='bbox 119 2873 261 2930; x_wconf 91' lang='lat' dir='ltr'><strong>tibus</strong></span> <span class='ocrx_word' id='word_1_308' title='bbox 293 2891 428 2930; x_wconf 92' lang='lat' dir='ltr'><strong>cum</strong></span> <span class='ocrx_word' id='word_1_309' title='bbox 459 2875 673 2946; x_wconf 89' lang='lat' dir='ltr'><strong>plures</strong></span> <span class='ocrx_word' id='word_1_310' title='bbox 705 2873 960 2929; x_wconf 89' lang='lat' dir='ltr'><strong>annulos</strong></span> <span class='ocrx_word' id='word_1_311' title='bbox 993 2873 1227 2928; x_wconf 86' lang='lat' dir='ltr'><strong>ferreos</strong></span> <span class='ocrx_word' id='word_1_312' title='bbox 1267 2871 1340 2926; x_wconf 89' lang='lat' dir='ltr'><strong>ad</strong></span> <span class='ocrx_word' id='word_1_313' title='bbox 1371 2887 1506 2926; x_wconf 89' lang='lat' dir='ltr'><strong>eum</strong></span> <span class='ocrx_word' id='word_1_314' title='bbox 1535 2870 1791 2941; x_wconf 91' lang='lat' dir='ltr'><strong>lapidem</strong></span> 
     </span>
    </p>
   </div>
   <div class='ocr_carea' id='block_1_43' title="bbox 116 2959 1787 3036">
    <p class='ocr_par' dir='ltr' id='par_1_43' title="bbox 116 2959 1787 3036">
     <span class='ocr_line' id='line_1_43' title="bbox 116 2959 1787 3036; baseline -0.002 -20"><span class='ocrx_word' id='word_1_315' title='bbox 116 2964 490 3036; x_wconf 88' lang='lat' dir='ltr'><strong>admoverint,</strong></span> <span class='ocrx_word' id='word_1_316' title='bbox 527 2979 742 3020; x_wconf 87' lang='lat' dir='ltr'><strong>omnes</strong></span> <span class='ocrx_word' id='word_1_317' title='bbox 769 2964 895 3034; x_wconf 89' lang='lat' dir='ltr'><strong>pari</strong></span> <span class='ocrx_word' id='word_1_318' title='bbox 925 2966 1120 3018; x_wconf 87' lang='lat' dir='ltr'><strong>teneat</strong></span> <span class='ocrx_word' id='word_1_319' title='bbox 1148 2961 1364 3030; x_wconf 87' lang='lat' dir='ltr'><strong>modo;</strong></span> <span class='ocrx_word' id='word_1_320' title='bbox 1398 2959 1608 3015; x_wconf 88' lang='lat' dir='ltr'><strong>deinde</strong></span> <span class='ocrx_word' id='word_1_321' title='bbox 1642 2959 1695 3014; x_wconf 90' lang='lat' dir='ltr'><strong>si</strong></span> <span class='ocrx_word' id='word_1_322' title='bbox 1733 2960 1787 3014; x_wconf 88' lang='lat' dir='ltr'><strong>ei</strong></span> 
     </span>
    </p>
   </div>
   <div class='ocr_carea' id='block_1_44' title="bbox 115 3050 1795 3123">
    <p class='ocr_par' dir='ltr' id='par_1_44' title="bbox 115 3050 1795 3123">
     <span class='ocr_line' id='line_1_44' title="bbox 115 3050 1795 3123; baseline -0.002 -17"><span class='ocrx_word' id='word_1_323' title='bbox 115 3054 315 3110; x_wconf 88' lang='lat' dir='ltr'><strong>annulo</strong></span> <span class='ocrx_word' id='word_1_324' title='bbox 348 3055 444 3110; x_wconf 89' lang='lat' dir='ltr'><strong>cui</strong></span> <span class='ocrx_word' id='word_1_325' title='bbox 479 3053 812 3110; x_wconf 70' lang='lat' dir='ltr'><strong>adhmserit</strong></span> <span class='ocrx_word' id='word_1_326' title='bbox 842 3052 1018 3123; x_wconf 88' lang='lat' dir='ltr'><strong>lapis,</strong></span> <span class='ocrx_word' id='word_1_327' title='bbox 1050 3051 1230 3106; x_wconf 89' lang='lat' dir='ltr'><strong>alium</strong></span> <span class='ocrx_word' id='word_1_328' title='bbox 1261 3050 1584 3105; x_wconf 89' lang='lat' dir='ltr'><strong>admoveas</strong></span> <span class='ocrx_word' id='word_1_329' title='bbox 1613 3064 1795 3103; x_wconf 87' lang='lat' dir='ltr'><strong>annu-</strong></span> 
     </span>
    </p>
   </div>
   <div class='ocr_carea' id='block_1_45' title="bbox 117 3137 1793 3214">
    <p class='ocr_par' dir='ltr' id='par_1_45' title="bbox 117 3137 1793 3214">
     <span class='ocr_line' id='line_1_45' title="bbox 117 3137 1793 3214; baseline -0.004 -18"><span class='ocrx_word' id='word_1_330' title='bbox 117 3141 242 3213; x_wconf 86' lang='lat' dir='ltr'><strong>lum,</strong></span> <span class='ocrx_word' id='word_1_331' title='bbox 273 3147 331 3198; x_wconf 91' lang='lat' dir='ltr'><strong>et</strong></span> <span class='ocrx_word' id='word_1_332' title='bbox 357 3159 586 3200; x_wconf 87' lang='lat' dir='ltr'><strong>rursus</strong></span> <span class='ocrx_word' id='word_1_333' title='bbox 621 3158 731 3214; x_wconf 90' lang='lat' dir='ltr'><strong>per</strong></span> <span class='ocrx_word' id='word_1_334' title='bbox 759 3141 998 3196; x_wconf 86' lang='lat' dir='ltr'><strong>odinem</strong></span> <span class='ocrx_word' id='word_1_335' title='bbox 1030 3139 1290 3212; x_wconf 86' lang='lat' dir='ltr'><strong>singulis</strong></span> <span class='ocrx_word' id='word_1_336' title='bbox 1323 3138 1692 3207; x_wconf 86' lang='lat' dir='ltr'><strong>substituas;</strong></span> <span class='ocrx_word' id='word_1_337' title='bbox 1724 3137 1793 3191; x_wconf 91' lang='lat' dir='ltr'><strong>li-</strong></span> 
     </span>
    </p>
   </div>
   <div class='ocr_carea' id='block_1_46' title="bbox 119 3226 1790 3303">
    <p class='ocr_par' dir='ltr' id='par_1_46' title="bbox 119 3226 1790 3303">
     <span class='ocr_line' id='line_1_46' title="bbox 119 3226 1790 3303; baseline -0.003 -18"><span class='ocrx_word' id='word_1_338' title='bbox 119 3234 200 3286; x_wconf 89' lang='lat' dir='ltr'><strong>cet</strong></span> <span class='ocrx_word' id='word_1_339' title='bbox 228 3232 286 3288; x_wconf 91' lang='lat' dir='ltr'><strong>in</strong></span> <span class='ocrx_word' id='word_1_340' title='bbox 317 3249 532 3289; x_wconf 90' lang='lat' dir='ltr'><strong>omnes</strong></span> <span class='ocrx_word' id='word_1_341' title='bbox 566 3233 838 3303; x_wconf 88' lang='lat' dir='ltr'><strong>penetret</strong></span> <span class='ocrx_word' id='word_1_342' title='bbox 883 3245 992 3302; x_wconf 88' lang='lat' dir='ltr'><strong>per</strong></span> <span class='ocrx_word' id='word_1_343' title='bbox 1023 3229 1314 3297; x_wconf 90' lang='lat' dir='ltr'><strong>ordinem,</strong></span> <span class='ocrx_word' id='word_1_344' title='bbox 1347 3243 1424 3282; x_wconf 84' lang='lat' dir='ltr'><strong>ex</strong></span> <span class='ocrx_word' id='word_1_345' title='bbox 1462 3227 1568 3282; x_wconf 93' lang='lat' dir='ltr'><strong>illo</strong></span> <span class='ocrx_word' id='word_1_346' title='bbox 1598 3226 1790 3296; x_wconf 89' lang='lat' dir='ltr'><strong>lapide</strong></span> 
     </span>
    </p>
   </div>
   <div class='ocr_carea' id='block_1_47' title="bbox 1895 1979 3560 2055">
    <p class='ocr_par' dir='ltr' id='par_1_47' title="bbox 1895 1979 3560 2055">
     <span class='ocr_line' id='line_1_47' title="bbox 1895 1979 3560 2055; baseline 0.002 -21"><span class='ocrx_word' id='word_1_347' title='bbox 1895 1979 2043 2044; x_wconf 84' lang='lat'><strong>984</strong></span> <span class='ocrx_word' id='word_1_348' title='bbox 2088 1982 2152 2034; x_wconf 87' lang='lat' dir='ltr'><strong>ut</strong></span> <span class='ocrx_word' id='word_1_349' title='bbox 2178 1979 2513 2036; x_wconf 85' lang='lat' dir='ltr'><strong>abdicatum</strong></span> <span class='ocrx_word' id='word_1_350' title='bbox 2545 1981 2881 2053; x_wconf 89' lang='lat' dir='ltr'><strong>redimeret,</strong></span> <span class='ocrx_word' id='word_1_351' title='bbox 2935 1983 3296 2038; x_wconf 84' lang='lat' dir='ltr'><strong>eliminatum</strong></span> <span class='ocrx_word' id='word_1_352' title='bbox 3329 1983 3560 2055; x_wconf 85' lang='lat' dir='ltr'><strong>recipe-</strong></span> 
     </span>
    </p>
   </div>
   <div class='ocr_carea' id='block_1_48' title="bbox 1895 2069 3560 2143">
    <p class='ocr_par' dir='ltr' id='par_1_48' title="bbox 1895 2069 3560 2143">
     <span class='ocr_line' id='line_1_48' title="bbox 1895 2069 3560 2143; baseline 0.002 -21"><span class='ocrx_word' id='word_1_353' title='bbox 1895 2071 2008 2137; x_wconf 85' lang='lat' dir='ltr'><strong>ret,</strong></span> <span class='ocrx_word' id='word_1_354' title='bbox 2039 2070 2335 2123; x_wconf 88' lang='lat' dir='ltr'><strong>mortuum</strong></span> <span class='ocrx_word' id='word_1_355' title='bbox 2371 2069 2655 2140; x_wconf 87' lang='lat' dir='ltr'><strong>passione</strong></span> <span class='ocrx_word' id='word_1_356' title='bbox 2685 2069 2815 2124; x_wconf 89' lang='lat' dir='ltr'><strong>Filii</strong></span> <span class='ocrx_word' id='word_1_357' title='bbox 2848 2070 2940 2124; x_wconf 91' lang='lat' dir='ltr'><strong>sui</strong></span> <span class='ocrx_word' id='word_1_358' title='bbox 2972 2071 3258 2143; x_wconf 86' lang='lat' dir='ltr'><strong>unigeniti</strong></span> <span class='ocrx_word' id='word_1_359' title='bbox 3292 2071 3560 2125; x_wconf 89' lang='lat' dir='ltr'><strong>resusci-</strong></span> 
     </span>
    </p>
   </div>
   <div class='ocr_carea' id='block_1_49' title="bbox 1893 2156 3555 2231">
    <p class='ocr_par' dir='ltr' id='par_1_49' title="bbox 1893 2156 3555 2231">
     <span class='ocr_line' id='line_1_49' title="bbox 1893 2156 3555 2231; baseline 0.002 -21"><span class='ocrx_word' id='word_1_360' title='bbox 1893 2159 2061 2211; x_wconf 89' lang='lat' dir='ltr'><strong>taret.</strong></span> <span class='ocrx_word' id='word_1_361' title='bbox 2098 2156 2206 2211; x_wconf 90' lang='lat' dir='ltr'><strong>Est</strong></span> <span class='ocrx_word' id='word_1_362' title='bbox 2237 2172 2382 2229; x_wconf 89' lang='lat' dir='ltr'><strong>ergo</strong></span> <span class='ocrx_word' id='word_1_363' title='bbox 2413 2157 2670 2212; x_wconf 88' lang='lat' dir='ltr'><strong>hominis</strong></span> <span class='ocrx_word' id='word_1_364' title='bbox 2687 2161 2895 2214; x_wconf 85' lang='lat' dir='ltr'><strong>auctor</strong></span> <span class='ocrx_word' id='word_1_365' title='bbox 2917 2159 3096 2225; x_wconf 86' lang='lat' dir='ltr'><strong>Deus,</strong></span> <span class='ocrx_word' id='word_1_366' title='bbox 3119 2162 3177 2214; x_wconf 91' lang='lat' dir='ltr'><strong>et</strong></span> <span class='ocrx_word' id='word_1_367' title='bbox 3195 2159 3387 2231; x_wconf 86' lang='lat' dir='ltr'><strong>diligit</strong></span> <span class='ocrx_word' id='word_1_368' title='bbox 3404 2174 3555 2230; x_wconf 77' lang='lat' dir='ltr'><strong>epes</strong></span> 
     </span>
    </p>
   </div>
   <div class='ocr_carea' id='block_1_50' title="bbox 1896 2244 3563 2320">
    <p class='ocr_par' dir='ltr' id='par_1_50' title="bbox 1896 2244 3563 2320">
     <span class='ocr_line' id='line_1_50' title="bbox 1896 2244 3563 2320; baseline 0.002 -20"><span class='ocrx_word' id='word_1_369' title='bbox 1896 2260 2072 2300; x_wconf 90' lang='lat' dir='ltr'><strong>suum</strong></span> <span class='ocrx_word' id='word_1_370' title='bbox 2103 2248 2378 2316; x_wconf 88' lang='lat' dir='ltr'><strong>operator</strong></span> <span class='ocrx_word' id='word_1_371' title='bbox 2397 2245 2612 2318; x_wconf 90' lang='lat' dir='ltr'><strong>bonus,</strong></span> <span class='ocrx_word' id='word_1_372' title='bbox 2638 2261 2748 2302; x_wconf 89' lang='lat' dir='ltr'><strong>nec</strong></span> <span class='ocrx_word' id='word_1_373' title='bbox 2769 2245 3123 2319; x_wconf 88' lang='lat' dir='ltr'><strong>derelinquit</strong></span> <span class='ocrx_word' id='word_1_374' title='bbox 3151 2247 3348 2303; x_wconf 87' lang='lat' dir='ltr'><strong>bonus</strong></span> <span class='ocrx_word' id='word_1_375' title='bbox 3366 2244 3563 2320; x_wconf 90' lang='lat' dir='ltr'><strong>Pater,</strong></span> 
     </span>
    </p>
   </div>
   <div class='ocr_carea' id='block_1_51' title="bbox 1899 2334 3566 2409">
    <p class='ocr_par' dir='ltr' id='par_1_51' title="bbox 1899 2334 3566 2409">
     <span class='ocr_line' id='line_1_51' title="bbox 1899 2334 3566 2409; baseline 0.003 -21"><span class='ocrx_word' id='word_1_376' title='bbox 1899 2349 2076 2406; x_wconf 89' lang='lat' dir='ltr'><strong>quem</strong></span> <span class='ocrx_word' id='word_1_377' title='bbox 2105 2335 2300 2404; x_wconf 88' lang='lat' dir='ltr'><strong>etiam,</strong></span> <span class='ocrx_word' id='word_1_378' title='bbox 2335 2335 2490 2390; x_wconf 88' lang='lat' dir='ltr'><strong>sicut</strong></span> <span class='ocrx_word' id='word_1_379' title='bbox 2520 2335 2690 2391; x_wconf 86' lang='lat' dir='ltr'><strong>dives</strong></span> <span class='ocrx_word' id='word_1_380' title='bbox 2728 2334 3176 2409; x_wconf 76' lang='lat' dir='ltr'><strong>paterfamilias,</strong></span> <span class='ocrx_word' id='word_1_381' title='bbox 3210 2349 3399 2392; x_wconf 85' lang='lat' dir='ltr'><strong>censu</strong></span> <span class='ocrx_word' id='word_1_382' title='bbox 3426 2351 3566 2409; x_wconf 85' lang='lat' dir='ltr'><strong>pro-</strong></span> 
     </span>
    </p>
   </div>
   <div class='ocr_carea' id='block_1_52' title="bbox 1897 2423 2735 2496">
    <p class='ocr_par' dir='ltr' id='par_1_52' title="bbox 1897 2423 2735 2496">
     <span class='ocr_line' id='line_1_52' title="bbox 1897 2423 2735 2496; baseline 0.001 -18"><span class='ocrx_word' id='word_1_383' title='bbox 1897 2423 2044 2496; x_wconf 87' lang='lat' dir='ltr'><strong>priae</strong></span> <span class='ocrx_word' id='word_1_384' title='bbox 2073 2423 2438 2480; x_wconf 83' lang='lat' dir='ltr'><strong>haereditatis</strong></span> <span class='ocrx_word' id='word_1_385' title='bbox 2467 2424 2735 2480; x_wconf 80' lang='lat' dir='ltr'><strong>redemit°</strong></span> 
     </span>
    </p>
   </div>
   <div class='ocr_carea' id='block_1_53' title="bbox 1972 2511 3573 2590">
    <p class='ocr_par' dir='ltr' id='par_1_53' title="bbox 1972 2511 3573 2590">
     <span class='ocr_line' id='line_1_53' title="bbox 1972 2511 3573 2590; baseline 0.004 -22"><span class='ocrx_word' id='word_1_386' title='bbox 1972 2513 2060 2568; x_wconf 81' lang='grc' dir='ltr'><strong>1Ἵ.</strong></span> <span class='ocrx_word' id='word_1_387' title='bbox 2100 2511 2430 2569; x_wconf 87' lang='lat' dir='ltr'><strong>Caveamus</strong></span> <span class='ocrx_word' id='word_1_388' title='bbox 2480 2529 2628 2587; x_wconf 90' lang='lat' dir='ltr'><strong>ergo</strong></span> <span class='ocrx_word' id='word_1_389' title='bbox 2676 2529 2751 2570; x_wconf 90' lang='lat' dir='ltr'><strong>ne</strong></span> <span class='ocrx_word' id='word_1_390' title='bbox 2795 2514 3093 2571; x_wconf 87' lang='lat' dir='ltr'><strong>hominem</strong></span> <span class='ocrx_word' id='word_1_391' title='bbox 3140 2516 3338 2590; x_wconf 87' lang='lat' dir='ltr'><strong>istum,</strong></span> <span class='ocrx_word' id='word_1_392' title='bbox 3387 2517 3448 2574; x_wconf 84' lang='lat' dir='ltr'><strong>id</strong></span> <span class='ocrx_word' id='word_1_393' title='bbox 3477 2521 3573 2574; x_wconf 86' lang='lat' dir='ltr'><strong>est</strong></span> 
     </span>
    </p>
   </div>
   <div class='ocr_carea' id='block_1_54' title="bbox 1898 2601 3574 2675">
    <p class='ocr_par' dir='ltr' id='par_1_54' title="bbox 1898 2601 3574 2675">
     <span class='ocr_line' id='line_1_54' title="bbox 1898 2601 3574 2675; baseline 0.004 -20"><span class='ocrx_word' id='word_1_394' title='bbox 1898 2614 2033 2672; x_wconf 68' lang='grc' dir='ltr'><strong>νοῦν,</strong></span> <span class='ocrx_word' id='word_1_395' title='bbox 2065 2601 2279 2658; x_wconf 88' lang='lat' dir='ltr'><strong>mulier</strong></span> <span class='ocrx_word' id='word_1_396' title='bbox 2305 2602 2426 2672; x_wconf 90' lang='lat' dir='ltr'><strong>illa,</strong></span> <span class='ocrx_word' id='word_1_397' title='bbox 2451 2603 2510 2658; x_wconf 90' lang='lat' dir='ltr'><strong>id</strong></span> <span class='ocrx_word' id='word_1_398' title='bbox 2542 2607 2654 2673; x_wconf 90' lang='lat' dir='ltr'><strong>est,</strong></span> <span class='ocrx_word' id='word_1_399' title='bbox 2686 2605 2893 2675; x_wconf 83' lang='lat' dir='ltr'><strong>passio</strong></span> <span class='ocrx_word' id='word_1_400' title='bbox 2915 2620 3208 2661; x_wconf 87' lang='lat' dir='ltr'><strong>sensuum</strong></span> <span class='ocrx_word' id='word_1_401' title='bbox 3228 2611 3574 2664; x_wconf 88' lang='lat' dir='ltr'><strong>nostrorum</strong></span> 
     </span>
    </p>
   </div>
   <div class='ocr_carea' id='block_1_55' title="bbox 1901 2691 3570 2765">
    <p class='ocr_par' dir='ltr' id='par_1_55' title="bbox 1901 2691 3570 2765">
     <span class='ocr_line' id='line_1_55' title="bbox 1901 2691 3570 2765; baseline 0.003 -18"><span class='ocrx_word' id='word_1_402' title='bbox 1901 2692 2291 2747; x_wconf 86' lang='lat' dir='ltr'><strong>delectatione</strong></span> <span class='ocrx_word' id='word_1_403' title='bbox 2322 2697 2378 2747; x_wconf 94' lang='lat' dir='ltr'><strong>et</strong></span> <span class='ocrx_word' id='word_1_404' title='bbox 2408 2692 2540 2763; x_wconf 88' lang='lat' dir='ltr'><strong>ipsa</strong></span> <span class='ocrx_word' id='word_1_405' title='bbox 2570 2691 2814 2762; x_wconf 88' lang='lat' dir='ltr'><strong>decepta</strong></span> <span class='ocrx_word' id='word_1_406' title='bbox 2843 2696 3020 2765; x_wconf 86' lang='lat' dir='ltr'><strong>atque</strong></span> <span class='ocrx_word' id='word_1_407' title='bbox 3051 2694 3228 2751; x_wconf 84' lang='lat' dir='ltr'><strong>illusa</strong></span> <span class='ocrx_word' id='word_1_408' title='bbox 3250 2693 3570 2758; x_wconf 75' lang='lat' dir='ltr'><strong>etl’eminet,</strong></span> 
     </span>
    </p>
   </div>
   <div class='ocr_carea' id='block_1_56' title="bbox 1903 2769 3573 2855">
    <p class='ocr_par' dir='ltr' id='par_1_56' title="bbox 1903 2769 3573 2855">
     <span class='ocr_line' id='line_1_56' title="bbox 1903 2769 3573 2855; baseline 0.002 -18"><span class='ocrx_word' id='word_1_409' title='bbox 1903 2769 1962 2837; x_wconf 84' lang='lat' dir='ltr'><strong>et</strong></span> <span class='ocrx_word' id='word_1_410' title='bbox 1992 2781 2516 2852; x_wconf 87' lang='lat' dir='ltr'><strong>circumscriptum</strong></span> <span class='ocrx_word' id='word_1_411' title='bbox 2543 2782 2606 2836; x_wconf 92' lang='lat' dir='ltr'><strong>in</strong></span> <span class='ocrx_word' id='word_1_412' title='bbox 2633 2781 2804 2855; x_wconf 85' lang='lat' dir='ltr'><strong>leges</strong></span> <span class='ocrx_word' id='word_1_413' title='bbox 2835 2799 2979 2838; x_wconf 89' lang='lat' dir='ltr'><strong>suas</strong></span> <span class='ocrx_word' id='word_1_414' title='bbox 3001 2786 3059 2839; x_wconf 85' lang='lat' dir='ltr'><strong>et</strong></span> <span class='ocrx_word' id='word_1_415' title='bbox 3083 2785 3439 2840; x_wconf 84' lang='lat' dir='ltr'><strong>sententiam</strong></span> <span class='ocrx_word' id='word_1_416' title='bbox 3455 2789 3573 2841; x_wconf 52' lang='lat' dir='ltr'><strong>tra‘</strong></span> 
     </span>
    </p>
   </div>
   <div class='ocr_carea' id='block_1_57' title="bbox 1903 2871 3563 2947">
    <p class='ocr_par' dir='ltr' id='par_1_57' title="bbox 1903 2871 3563 2947">
     <span class='ocr_line' id='line_1_57' title="bbox 1903 2871 3563 2947; baseline 0.004 -22"><span class='ocrx_word' id='word_1_417' title='bbox 1903 2871 2023 2926; x_wconf 87' lang='lat' dir='ltr'><strong>hat.</strong></span> <span class='ocrx_word' id='word_1_418' title='bbox 2075 2871 2396 2943; x_wconf 89' lang='lat' dir='ltr'><strong>Fugiamus</strong></span> <span class='ocrx_word' id='word_1_419' title='bbox 2459 2871 2909 2927; x_wconf 86' lang='lat' dir='ltr'><strong>delectationem</strong></span> <span class='ocrx_word' id='word_1_420' title='bbox 2955 2872 3113 2929; x_wconf 90' lang='lat' dir='ltr'><strong>sicut</strong></span> <span class='ocrx_word' id='word_1_421' title='bbox 3160 2879 3499 2947; x_wconf 86' lang='lat' dir='ltr'><strong>serpentem</strong></span> <span class='ocrx_word' id='word_1_422' title='bbox 3549 2886 3563 2930; x_wconf 83' lang='lat'><strong>:</strong></span> 
     </span>
    </p>
   </div>
   <div class='ocr_carea' id='block_1_58' title="bbox 1903 2959 3577 3031">
    <p class='ocr_par' dir='ltr' id='par_1_58' title="bbox 1903 2959 3577 3031">
     <span class='ocr_line' id='line_1_58' title="bbox 1903 2959 3577 3031; baseline 0.004 -18"><span class='ocrx_word' id='word_1_423' title='bbox 1903 2961 2119 3014; x_wconf 89' lang='lat' dir='ltr'><strong>multas</strong></span> <span class='ocrx_word' id='word_1_424' title='bbox 2159 2964 2318 3014; x_wconf 90' lang='lat' dir='ltr'><strong>artes</strong></span> <span class='ocrx_word' id='word_1_425' title='bbox 2351 2959 2547 3031; x_wconf 83' lang='lat' dir='ltr'><strong>habet,</strong></span> <span class='ocrx_word' id='word_1_426' title='bbox 2601 2965 2657 3016; x_wconf 89' lang='lat' dir='ltr'><strong>et</strong></span> <span class='ocrx_word' id='word_1_427' title='bbox 2701 2961 2954 3016; x_wconf 78' lang='lat' dir='ltr'><strong>maxime</strong></span> <span class='ocrx_word' id='word_1_428' title='bbox 3001 2962 3063 3017; x_wconf 88' lang='lat' dir='ltr'><strong>in</strong></span> <span class='ocrx_word' id='word_1_429' title='bbox 3115 2962 3374 3019; x_wconf 85' lang='lat' dir='ltr'><strong>homine.</strong></span> <span class='ocrx_word' id='word_1_430' title='bbox 3425 2964 3577 3020; x_wconf 78' lang='lat' dir='ltr'><strong>Nam</strong></span> 
     </span>
    </p>
   </div>
   <div class='ocr_carea' id='block_1_59' title="bbox 1906 3049 3576 3125">
    <p class='ocr_par' dir='ltr' id='par_1_59' title="bbox 1906 3049 3576 3125">
     <span class='ocr_line' id='line_1_59' title="bbox 1906 3049 3576 3125; baseline 0.002 -21"><span class='ocrx_word' id='word_1_431' title='bbox 1906 3049 2017 3104; x_wconf 88' lang='lat' dir='ltr'><strong>alia</strong></span> <span class='ocrx_word' id='word_1_432' title='bbox 2040 3049 2354 3104; x_wconf 86' lang='lat' dir='ltr'><strong>animantia</strong></span> <span class='ocrx_word' id='word_1_433' title='bbox 2377 3049 2781 3106; x_wconf 84' lang='lat' dir='ltr'><strong>cibiaviditate</strong></span> <span class='ocrx_word' id='word_1_434' title='bbox 2796 3051 3134 3122; x_wconf 85' lang='lat' dir='ltr'><strong>capiuntur;</strong></span> <span class='ocrx_word' id='word_1_435' title='bbox 3159 3052 3334 3108; x_wconf 88' lang='lat' dir='ltr'><strong>homo</strong></span> <span class='ocrx_word' id='word_1_436' title='bbox 3357 3057 3576 3125; x_wconf 89' lang='lat' dir='ltr'><strong>quanto</strong></span> 
     </span>
    </p>
   </div>
   <div class='ocr_carea' id='block_1_60' title="bbox 1905 3138 3576 3212">
    <p class='ocr_par' dir='ltr' id='par_1_60' title="bbox 1905 3138 3576 3212">
     <span class='ocr_line' id='line_1_60' title="bbox 1905 3138 3576 3212; baseline 0.002 -19"><span class='ocrx_word' id='word_1_437' title='bbox 1905 3138 2109 3210; x_wconf 90' lang='lat' dir='ltr'><strong>plures</strong></span> <span class='ocrx_word' id='word_1_438' title='bbox 2147 3154 2371 3194; x_wconf 86' lang='lat' dir='ltr'><strong>sensus</strong></span> <span class='ocrx_word' id='word_1_439' title='bbox 2425 3139 2732 3196; x_wconf 88' lang='lat' dir='ltr'><strong>oculorum</strong></span> <span class='ocrx_word' id='word_1_440' title='bbox 2775 3140 3123 3212; x_wconf 85' lang='lat' dir='ltr'><strong>auriumque</strong></span> <span class='ocrx_word' id='word_1_441' title='bbox 3164 3141 3363 3212; x_wconf 87' lang='lat' dir='ltr'><strong>habet,</strong></span> <span class='ocrx_word' id='word_1_442' title='bbox 3415 3145 3576 3198; x_wconf 88' lang='lat' dir='ltr'><strong>tanto</strong></span> 
     </span>
    </p>
   </div>
   <div class='ocr_carea' id='block_1_61' title="bbox 1908 3227 3576 3303">
    <p class='ocr_par' dir='ltr' id='par_1_61' title="bbox 1908 3227 3576 3303">
     <span class='ocr_line' id='line_1_61' title="bbox 1908 3227 3576 3303; baseline 0.002 -21"><span class='ocrx_word' id='word_1_443' title='bbox 1908 3227 2134 3299; x_wconf 80' lang='lat' dir='ltr'><strong>majora</strong></span> <span class='ocrx_word' id='word_1_444' title='bbox 2154 3228 2436 3299; x_wconf 86' lang='lat' dir='ltr'><strong>pericula.</strong></span> <span class='ocrx_word' id='word_1_445' title='bbox 2469 3228 2634 3300; x_wconf 83' lang='lat' dir='ltr'><strong>Vale,</strong></span> <span class='ocrx_word' id='word_1_446' title='bbox 2668 3232 2725 3285; x_wconf 91' lang='lat' dir='ltr'><strong>et</strong></span> <span class='ocrx_word' id='word_1_447' title='bbox 2754 3244 2866 3285; x_wconf 84' lang='lat' dir='ltr'><strong>nos</strong></span> <span class='ocrx_word' id='word_1_448' title='bbox 2895 3229 3096 3302; x_wconf 86' lang='lat' dir='ltr'><strong>dilige,</strong></span> <span class='ocrx_word' id='word_1_449' title='bbox 3120 3233 3184 3286; x_wconf 90' lang='lat' dir='ltr'><strong>ut</strong></span> <span class='ocrx_word' id='word_1_450' title='bbox 3215 3230 3365 3286; x_wconf 82' lang='lat' dir='ltr'><strong>facis</strong></span> <span class='ocrx_word' id='word_1_451' title='bbox 3390 3246 3405 3303; x_wconf 85' lang='lat'><strong>;</strong></span> <span class='ocrx_word' id='word_1_452' title='bbox 3438 3231 3576 3302; x_wconf 86' lang='lat' dir='ltr'><strong>quia</strong></span> 
     </span>
    </p>
   </div>
   <div class='ocr_carea' id='block_1_62' title="bbox 115 3288 2470 3394">
    <p class='ocr_par' dir='ltr' id='par_1_62' title="bbox 115 3288 2470 3394">
     <span class='ocr_line' id='line_1_62' title="bbox 115 3288 2470 3394; baseline -0 -20"><span class='ocrx_word' id='word_1_453' title='bbox 115 3322 197 3376; x_wconf 86' lang='lat' dir='ltr'><strong>vis</strong></span> <span class='ocrx_word' id='word_1_454' title='bbox 221 3324 469 3394; x_wconf 85' lang='lat' dir='ltr'><strong>naturae,</strong></span> <span class='ocrx_word' id='word_1_455' title='bbox 495 3325 699 3378; x_wconf 88' lang='lat' dir='ltr'><strong>tamen</strong></span> <span class='ocrx_word' id='word_1_456' title='bbox 724 3320 958 3392; x_wconf 89' lang='lat' dir='ltr'><strong>priores</strong></span> <span class='ocrx_word' id='word_1_457' title='bbox 982 3335 1141 3374; x_wconf 86' lang='lat' dir='ltr'><strong>nexu</strong></span> <span class='ocrx_word' id='word_1_458' title='bbox 1163 3316 1607 3374; x_wconf 88' lang='lat' dir='ltr'><strong>vehementiore</strong></span> <span class='ocrx_word' id='word_1_459' title='bbox 1624 3330 1794 3370; x_wconf 89' lang='lat' dir='ltr'><strong>cons-</strong></span> <span class='ocrx_word' id='word_1_460' title='bbox 1824 3288 1876 3352; x_wconf 73' lang='grc' dir='ltr'>Ο</span> <span class='ocrx_word' id='word_1_461' title='bbox 1909 3333 2021 3374; x_wconf 91' lang='lat' dir='ltr'><strong>nos</strong></span> <span class='ocrx_word' id='word_1_462' title='bbox 2059 3321 2116 3373; x_wconf 89' lang='lat' dir='ltr'><strong>te</strong></span> <span class='ocrx_word' id='word_1_463' title='bbox 2145 3317 2470 3390; x_wconf 87' lang='lat' dir='ltr'><strong>diligimus.</strong></span> 
     </span>
    </p>
   </div>
   <div class='ocr_carea' id='block_1_63' title="bbox 117 3404 1794 3484">
    <p class='ocr_par' dir='ltr' id='par_1_63' title="bbox 117 3404 1794 3484">
     <span class='ocr_line' id='line_1_63' title="bbox 117 3404 1794 3484; baseline -0.001 -22"><span class='ocrx_word' id='word_1_464' title='bbox 117 3411 325 3483; x_wconf 86' lang='lat' dir='ltr'><strong>tringit,</strong></span> <span class='ocrx_word' id='word_1_465' title='bbox 358 3411 742 3484; x_wconf 87' lang='lat' dir='ltr'><strong>posteriores</strong></span> <span class='ocrx_word' id='word_1_466' title='bbox 772 3409 1120 3464; x_wconf 88' lang='lat' dir='ltr'><strong>remissiore</strong></span> <span class='ocrx_word' id='word_1_467' title='bbox 1147 3423 1162 3479; x_wconf 86' lang='lat'><strong>;</strong></span> <span class='ocrx_word' id='word_1_468' title='bbox 1196 3411 1416 3479; x_wconf 90' lang='lat' dir='ltr'><strong>quanto</strong></span> <span class='ocrx_word' id='word_1_469' title='bbox 1453 3405 1648 3478; x_wconf 90' lang='lat' dir='ltr'><strong>magis</strong></span> <span class='ocrx_word' id='word_1_470' title='bbox 1680 3404 1794 3460; x_wconf 86' lang='lat' dir='ltr'><strong>hu-</strong></span> 
     </span>
    </p>
   </div>
   <div class='ocr_carea' id='block_1_64' title="bbox 118 3496 1796 3575">
    <p class='ocr_par' dir='ltr' id='par_1_64' title="bbox 118 3496 1796 3575">
     <span class='ocr_line' id='line_1_64' title="bbox 118 3496 1796 3575; baseline -0.003 -22"><span class='ocrx_word' id='word_1_471' title='bbox 118 3501 258 3555; x_wconf 88' lang='lat' dir='ltr'><strong>mani</strong></span> <span class='ocrx_word' id='word_1_472' title='bbox 290 3502 548 3575; x_wconf 85' lang='lat' dir='ltr'><strong>generis</strong></span> <span class='ocrx_word' id='word_1_473' title='bbox 569 3499 830 3556; x_wconf 88' lang='lat' dir='ltr'><strong>conditio</strong></span> <span class='ocrx_word' id='word_1_474' title='bbox 849 3502 1024 3571; x_wconf 89' lang='lat' dir='ltr'><strong>atque</strong></span> <span class='ocrx_word' id='word_1_475' title='bbox 1047 3499 1254 3552; x_wconf 87' lang='lat' dir='ltr'><strong>natura</strong></span> <span class='ocrx_word' id='word_1_476' title='bbox 1272 3512 1349 3550; x_wconf 82' lang='lat' dir='ltr'><strong>ex</strong></span> <span class='ocrx_word' id='word_1_477' title='bbox 1378 3496 1618 3566; x_wconf 89' lang='lat' dir='ltr'><strong>puriore</strong></span> <span class='ocrx_word' id='word_1_478' title='bbox 1640 3497 1796 3550; x_wconf 89' lang='lat' dir='ltr'><strong>statu</strong></span> 
     </span>
    </p>
   </div>
   <div class='ocr_carea' id='block_1_65' title="bbox 118 3579 1796 3662">
    <p class='ocr_par' dir='ltr' id='par_1_65' title="bbox 118 3579 1796 3662">
     <span class='ocr_line' id='line_1_65' title="bbox 118 3579 1796 3662; baseline -0.005 -18"><span class='ocrx_word' id='word_1_479' title='bbox 118 3589 171 3645; x_wconf 90' lang='lat' dir='ltr'><strong>in</strong></span> <span class='ocrx_word' id='word_1_480' title='bbox 214 3590 583 3648; x_wconf 88' lang='lat' dir='ltr'><strong>deteriorem</strong></span> <span class='ocrx_word' id='word_1_481' title='bbox 628 3588 798 3662; x_wconf 88' lang='lat' dir='ltr'><strong>lapsa</strong></span> <span class='ocrx_word' id='word_1_482' title='bbox 841 3590 955 3659; x_wconf 89' lang='lat' dir='ltr'><strong>est,</strong></span> <span class='ocrx_word' id='word_1_483' title='bbox 1007 3585 1243 3659; x_wconf 85' lang='lat' dir='ltr'><strong>quando</strong></span> <span class='ocrx_word' id='word_1_484' title='bbox 1288 3585 1634 3656; x_wconf 88' lang='lat' dir='ltr'><strong>nequiorem</strong></span> <span class='ocrx_word' id='word_1_485' title='bbox 1683 3579 1796 3654; x_wconf 64' lang='grc' dir='ltr'><strong>(δέ)</strong></span> 
     </span>
    </p>
   </div>
   <div class='ocr_carea' id='block_1_66' title="bbox 118 3680 338 3753">
    <p class='ocr_par' dir='ltr' id='par_1_66' title="bbox 118 3680 338 3753">
     <span class='ocr_line' id='line_1_66' title="bbox 118 3680 338 3753; baseline 0.023 -21"><span class='ocrx_word' id='word_1_486' title='bbox 118 3681 293 3753; x_wconf 85' lang='lat' dir='ltr'><strong>attigit</strong></span> <span class='ocrx_word' id='word_1_487' title='bbox 325 3680 338 3736; x_wconf 88' lang='lat' dir='ltr'><strong>l</strong></span> 
     </span>
    </p>
   </div>
   <div class='ocr_carea' id='block_1_67' title="bbox 183 3763 1795 3841">
    <p class='ocr_par' dir='ltr' id='par_1_67' title="bbox 183 3763 1795 3841">
     <span class='ocr_line' id='line_1_67' title="bbox 183 3763 1795 3841; baseline -0.004 -17"><span class='ocrx_word' id='word_1_488' title='bbox 183 3770 266 3826; x_wconf 88' lang='grc'><strong>15.</strong></span> <span class='ocrx_word' id='word_1_489' title='bbox 326 3770 485 3827; x_wconf 88' lang='lat' dir='ltr'><strong>Nam</strong></span> <span class='ocrx_word' id='word_1_490' title='bbox 537 3769 596 3826; x_wconf 89' lang='lat' dir='ltr'><strong>si</strong></span> <span class='ocrx_word' id='word_1_491' title='bbox 643 3784 750 3841; x_wconf 89' lang='lat' dir='ltr'><strong>per</strong></span> <span class='ocrx_word' id='word_1_492' title='bbox 795 3782 898 3824; x_wconf 89' lang='lat' dir='ltr'><strong>eas</strong></span> <span class='ocrx_word' id='word_1_493' title='bbox 942 3765 1179 3838; x_wconf 90' lang='lat' dir='ltr'><strong>species</strong></span> <span class='ocrx_word' id='word_1_494' title='bbox 1229 3763 1511 3820; x_wconf 87' lang='lat' dir='ltr'><strong>minuitur</strong></span> <span class='ocrx_word' id='word_1_495' title='bbox 1559 3767 1795 3832; x_wconf 88' lang='lat' dir='ltr'><strong>natura,</strong></span> 
     </span>
    </p>
   </div>
   <div class='ocr_carea' id='block_1_68' title="bbox 119 3851 1802 3931">
    <p class='ocr_par' dir='ltr' id='par_1_68' title="bbox 119 3851 1802 3931">
     <span class='ocr_line' id='line_1_68' title="bbox 119 3851 1802 3931; baseline -0.005 -17"><span class='ocrx_word' id='word_1_496' title='bbox 119 3875 240 3931; x_wconf 64' lang='lat' dir='ltr'><strong>qua:</strong></span> <span class='ocrx_word' id='word_1_497' title='bbox 274 3877 396 3917; x_wconf 91' lang='lat' dir='ltr'><strong>non</strong></span> <span class='ocrx_word' id='word_1_498' title='bbox 456 3862 610 3916; x_wconf 88' lang='lat' dir='ltr'><strong>sunt</strong></span> <span class='ocrx_word' id='word_1_499' title='bbox 656 3858 848 3929; x_wconf 70' lang='lat' dir='ltr'><strong>culpm</strong></span> <span class='ocrx_word' id='word_1_500' title='bbox 897 3871 1148 3928; x_wconf 88' lang='lat' dir='ltr'><strong>capaces</strong></span> <span class='ocrx_word' id='word_1_501' title='bbox 1176 3871 1190 3925; x_wconf 89' lang='lat'><strong>;</strong></span> <span class='ocrx_word' id='word_1_502' title='bbox 1224 3857 1441 3926; x_wconf 90' lang='lat' dir='ltr'><strong>quanto</strong></span> <span class='ocrx_word' id='word_1_503' title='bbox 1473 3851 1665 3924; x_wconf 90' lang='lat' dir='ltr'><strong>magis</strong></span> <span class='ocrx_word' id='word_1_504' title='bbox 1693 3867 1802 3922; x_wconf 88' lang='lat' dir='ltr'><strong>per</strong></span> 
     </span>
    </p>
   </div>
   <div class='ocr_carea' id='block_1_69' title="bbox 119 3942 1800 4022">
    <p class='ocr_par' dir='ltr' id='par_1_69' title="bbox 119 3942 1800 4022">
     <span class='ocr_line' id='line_1_69' title="bbox 119 3942 1800 4022; baseline -0.004 -22"><span class='ocrx_word' id='word_1_505' title='bbox 119 3949 334 4006; x_wconf 85' lang='lat' dir='ltr'><strong>animos</strong></span> <span class='ocrx_word' id='word_1_506' title='bbox 365 3953 556 4022; x_wconf 89' lang='lat' dir='ltr'><strong>atque</strong></span> <span class='ocrx_word' id='word_1_507' title='bbox 591 3950 759 4003; x_wconf 86' lang='lat' dir='ltr'><strong>artus</strong></span> <span class='ocrx_word' id='word_1_508' title='bbox 810 3946 943 4002; x_wconf 90' lang='lat' dir='ltr'><strong>labe</strong></span> <span class='ocrx_word' id='word_1_509' title='bbox 991 3945 1251 4016; x_wconf 90' lang='lat' dir='ltr'><strong>pollutos</strong></span> <span class='ocrx_word' id='word_1_510' title='bbox 1283 3943 1578 3998; x_wconf 82' lang='lat' dir='ltr'><strong>scelerum</strong></span> <span class='ocrx_word' id='word_1_511' title='bbox 1612 3942 1800 3996; x_wconf 87' lang='lat' dir='ltr'><strong>virtus</strong></span> 
     </span>
    </p>
   </div>
   <div class='ocr_carea' id='block_1_70' title="bbox 119 4029 1798 4110">
    <p class='ocr_par' dir='ltr' id='par_1_70' title="bbox 119 4029 1798 4110">
     <span class='ocr_line' id='line_1_70' title="bbox 119 4029 1798 4110; baseline -0.005 -18"><span class='ocrx_word' id='word_1_512' title='bbox 119 4035 604 4110; x_wconf 44' lang='lat' dir='ltr'><strong>ejué&#39;hebetatur</strong></span> <span class='ocrx_word' id='word_1_513' title='bbox 621 4039 650 4092; x_wconf 87' lang='lat'><strong>?</strong></span> <span class='ocrx_word' id='word_1_514' title='bbox 681 4035 851 4092; x_wconf 90' lang='lat' dir='ltr'><strong>Unde</strong></span> <span class='ocrx_word' id='word_1_515' title='bbox 870 4035 1008 4107; x_wconf 89' lang='lat' dir='ltr'><strong>quia</strong></span> <span class='ocrx_word' id='word_1_516' title='bbox 1027 4037 1374 4089; x_wconf 85' lang='lat' dir='ltr'><strong>excreverat</strong></span> <span class='ocrx_word' id='word_1_517' title='bbox 1396 4031 1640 4098; x_wconf 89' lang='lat' dir='ltr'><strong>malitia,</strong></span> <span class='ocrx_word' id='word_1_518' title='bbox 1657 4029 1798 4085; x_wconf 88' lang='lat' dir='ltr'><strong>abo-</strong></span> 
     </span>
    </p>
   </div>
   <div class='ocr_carea' id='block_1_71' title="bbox 123 4119 1799 4194">
    <p class='ocr_par' dir='ltr' id='par_1_71' title="bbox 123 4119 1799 4194">
     <span class='ocr_line' id='line_1_71' title="bbox 123 4119 1799 4194; baseline -0.004 -14"><span class='ocrx_word' id='word_1_519' title='bbox 123 4125 213 4181; x_wconf 85' lang='lat' dir='ltr'><strong>lita</strong></span> <span class='ocrx_word' id='word_1_520' title='bbox 241 4127 601 4186; x_wconf 86' lang='lat' dir='ltr'><strong>innocentia</strong></span> <span class='ocrx_word' id='word_1_521' title='bbox 631 4126 843 4194; x_wconf 80' lang='lat' dir='ltr'><strong>fuerat,</strong></span> <span class='ocrx_word' id='word_1_522' title='bbox 877 4138 996 4180; x_wconf 91' lang='lat' dir='ltr'><strong>non</strong></span> <span class='ocrx_word' id='word_1_523' title='bbox 1027 4126 1151 4178; x_wconf 88' lang='lat' dir='ltr'><strong>erat</strong></span> <span class='ocrx_word' id='word_1_524' title='bbox 1182 4121 1284 4192; x_wconf 89' lang='lat' dir='ltr'><strong>qui</strong></span> <span class='ocrx_word' id='word_1_525' title='bbox 1314 4121 1534 4176; x_wconf 83' lang='lat' dir='ltr'><strong>iaceret</strong></span> <span class='ocrx_word' id='word_1_526' title='bbox 1564 4119 1799 4174; x_wconf 87' lang='lat' dir='ltr'><strong>bonita-</strong></span> 
     </span>
    </p>
   </div>
   <div class='ocr_carea' id='block_1_72' title="bbox 121 4208 1803 4288">
    <p class='ocr_par' dir='ltr' id='par_1_72' title="bbox 121 4208 1803 4288">
     <span class='ocr_line' id='line_1_72' title="bbox 121 4208 1803 4288; baseline -0.006 -16"><span class='ocrx_word' id='word_1_527' title='bbox 121 4218 380 4288; x_wconf 87' lang='lat' dir='ltr'><strong>tem,non</strong></span> <span class='ocrx_word' id='word_1_528' title='bbox 415 4220 555 4274; x_wconf 89' lang='lat' dir='ltr'><strong>erat</strong></span> <span class='ocrx_word' id='word_1_529' title='bbox 585 4229 779 4286; x_wconf 88' lang='lat' dir='ltr'><strong>usque</strong></span> <span class='ocrx_word' id='word_1_530' title='bbox 807 4213 881 4268; x_wconf 88' lang='lat' dir='ltr'><strong>ad</strong></span> <span class='ocrx_word' id='word_1_531' title='bbox 911 4227 1095 4268; x_wconf 88' lang='lat' dir='ltr'><strong>unum</strong></span> <span class='ocrx_word' id='word_1_532' title='bbox 1133 4209 1324 4281; x_wconf 87' lang='lat' dir='ltr'><strong>(Psal.</strong></span> <span class='ocrx_word' id='word_1_533' title='bbox 1366 4225 1491 4280; x_wconf 78' lang='lat' dir='ltr'><strong>xm,</strong></span> <span class='ocrx_word' id='word_1_534' title='bbox 1528 4209 1580 4279; x_wconf 91' lang='grc'><strong>1)</strong></span> <span class='ocrx_word' id='word_1_535' title='bbox 1603 4224 1614 4264; x_wconf 90' lang='grc'>;</span> <span class='ocrx_word' id='word_1_536' title='bbox 1640 4208 1803 4262; x_wconf 89' lang='lat' dir='ltr'><strong>venit</strong></span> 
     </span>
    </p>
   </div>
   <div class='ocr_carea' id='block_1_73' title="bbox 122 4297 1800 4378">
    <p class='ocr_par' dir='ltr' id='par_1_73' title="bbox 122 4297 1800 4378">
     <span class='ocr_line' id='line_1_73' title="bbox 122 4297 1800 4378; baseline -0.005 -19"><span class='ocrx_word' id='word_1_537' title='bbox 122 4305 434 4377; x_wconf 88' lang='lat' dir='ltr'><strong>Dominus,</strong></span> <span class='ocrx_word' id='word_1_538' title='bbox 491 4305 606 4378; x_wconf 88' lang='lat' dir='ltr'><strong>qui</strong></span> <span class='ocrx_word' id='word_1_539' title='bbox 669 4303 1023 4358; x_wconf 82' lang='lat' dir='ltr'><strong>reformaret</strong></span> <span class='ocrx_word' id='word_1_540' title='bbox 1064 4302 1290 4354; x_wconf 61' lang='lat' dir='ltr'><strong>natura;</strong></span> <span class='ocrx_word' id='word_1_541' title='bbox 1352 4298 1632 4371; x_wconf 87' lang='lat' dir='ltr'><strong>gratiam,</strong></span> <span class='ocrx_word' id='word_1_542' title='bbox 1683 4297 1800 4352; x_wconf 92' lang='lat' dir='ltr'><strong>imo</strong></span> 
     </span>
    </p>
   </div>
   <div class='ocr_carea' id='block_1_74' title="bbox 122 4390 1800 4469">
    <p class='ocr_par' dir='ltr' id='par_1_74' title="bbox 122 4390 1800 4469">
     <span class='ocr_line' id='line_1_74' title="bbox 122 4390 1800 4469; baseline -0.004 -22"><span class='ocrx_word' id='word_1_543' title='bbox 122 4400 387 4469; x_wconf 84' lang='lat' dir='ltr'><strong>augeret;</strong></span> <span class='ocrx_word' id='word_1_544' title='bbox 421 4399 491 4451; x_wconf 87' lang='lat' dir='ltr'><strong>ut</strong></span> <span class='ocrx_word' id='word_1_545' title='bbox 519 4394 628 4450; x_wconf 90' lang='lat' dir='ltr'><strong>ubi</strong></span> <span class='ocrx_word' id='word_1_546' title='bbox 661 4390 1168 4464; x_wconf 88' lang='lat' dir='ltr'><strong>superabundavit</strong></span> <span class='ocrx_word' id='word_1_547' title='bbox 1196 4392 1523 4460; x_wconf 88' lang='lat' dir='ltr'><strong>peccatum,</strong></span> <span class='ocrx_word' id='word_1_548' title='bbox 1549 4401 1800 4458; x_wconf 86' lang='lat' dir='ltr'><strong>supera-</strong></span> 
     </span>
    </p>
   </div>
   <div class='ocr_carea' id='block_1_75' title="bbox 118 4475 1802 4559">
    <p class='ocr_par' dir='ltr' id='par_1_75' title="bbox 118 4475 1802 4559">
     <span class='ocr_line' id='line_1_75' title="bbox 118 4475 1802 4559; baseline -0.006 -21"><span class='ocrx_word' id='word_1_549' title='bbox 118 4484 399 4542; x_wconf 87' lang='lat' dir='ltr'><strong>bundaret</strong></span> <span class='ocrx_word' id='word_1_550' title='bbox 441 4483 668 4559; x_wconf 89' lang='lat' dir='ltr'><strong>gratia.</strong></span> <span class='ocrx_word' id='word_1_551' title='bbox 693 4481 855 4555; x_wconf 90' lang='lat' dir='ltr'><strong>Ergo</strong></span> <span class='ocrx_word' id='word_1_552' title='bbox 890 4481 1074 4552; x_wconf 89' lang='lat' dir='ltr'><strong>liquet</strong></span> <span class='ocrx_word' id='word_1_553' title='bbox 1103 4482 1160 4534; x_wconf 90' lang='lat' dir='ltr'><strong>et</strong></span> <span class='ocrx_word' id='word_1_554' title='bbox 1192 4477 1329 4549; x_wconf 80' lang='lat' dir='ltr'><strong>quia</strong></span> <span class='ocrx_word' id='word_1_555' title='bbox 1381 4481 1586 4532; x_wconf 89' lang='lat' dir='ltr'><strong>auctor</strong></span> <span class='ocrx_word' id='word_1_556' title='bbox 1615 4475 1802 4530; x_wconf 87' lang='lat' dir='ltr'><strong>homi-</strong></span> 
     </span>
    </p>
   </div>
   <div class='ocr_carea' id='block_1_76' title="bbox 182 4614 1799 4700">
    <p class='ocr_par' dir='ltr' id='par_1_76' title="bbox 182 4614 1799 4700">
     <span class='ocr_line' id='line_1_76' title="bbox 182 4614 1799 4700; baseline -0.008 -16"><span class='ocrx_word' id='word_1_557' title='bbox 182 4627 292 4700; x_wconf 76' lang='grc'><strong>(49)</strong></span> <span class='ocrx_word' id='word_1_558' title='bbox 322 4629 637 4686; x_wconf 86' lang='lat' dir='ltr'><strong>Germana</strong></span> <span class='ocrx_word' id='word_1_559' title='bbox 668 4625 809 4680; x_wconf 90' lang='lat' dir='ltr'><strong>huic</strong></span> <span class='ocrx_word' id='word_1_560' title='bbox 840 4623 974 4678; x_wconf 92' lang='lat' dir='ltr'><strong>loco</strong></span> <span class='ocrx_word' id='word_1_561' title='bbox 1000 4621 1278 4700; x_wconf 72' lang='lat' dir='ltr'><strong>_reperies</strong></span> <span class='ocrx_word' id='word_1_562' title='bbox 1319 4621 1380 4674; x_wconf 90' lang='lat' dir='ltr'><strong>in</strong></span> <span class='ocrx_word' id='word_1_563' title='bbox 1411 4614 1519 4674; x_wconf 83' lang='lat' dir='ltr'><strong>Ps.</strong></span> <span class='ocrx_word' id='word_1_564' title='bbox 1573 4635 1799 4688; x_wconf 81' lang='lat' dir='ltr'><strong>xxxvn,</strong></span> 
     </span>
    </p>
   </div>
   <div class='ocr_carea' id='block_1_77' title="bbox 123 4692 1266 4767">
    <p class='ocr_par' dir='ltr' id='par_1_77' title="bbox 123 4692 1266 4767">
     <span class='ocr_line' id='line_1_77' title="bbox 123 4692 1266 4767; baseline -0.005 -15"><span class='ocrx_word' id='word_1_565' title='bbox 123 4692 237 4767; x_wconf 77' lang='lat' dir='ltr'><strong>n.8,</strong></span> <span class='ocrx_word' id='word_1_566' title='bbox 269 4692 325 4756; x_wconf 80' lang='lat' dir='ltr'><strong>et</strong></span> <span class='ocrx_word' id='word_1_567' title='bbox 357 4701 422 4756; x_wconf 88' lang='lat' dir='ltr'><strong>in</strong></span> <span class='ocrx_word' id='word_1_568' title='bbox 457 4702 572 4754; x_wconf 87' lang='lat' dir='ltr'><strong>Ps.</strong></span> <span class='ocrx_word' id='word_1_569' title='bbox 609 4714 810 4765; x_wconf 80' lang='lat' dir='ltr'><strong>cxvni,</strong></span> <span class='ocrx_word' id='word_1_570' title='bbox 845 4710 964 4749; x_wconf 86' lang='lat' dir='ltr'><strong>ser.</strong></span> <span class='ocrx_word' id='word_1_571' title='bbox 995 4694 1049 4762; x_wconf 89' lang='lat'><strong>6,</strong></span> <span class='ocrx_word' id='word_1_572' title='bbox 1085 4692 1144 4747; x_wconf 88' lang='lat' dir='ltr'><strong>n.</strong></span> <span class='ocrx_word' id='word_1_573' title='bbox 1179 4692 1266 4747; x_wconf 85' lang='grc'><strong>15.</strong></span> 
     </span>
    </p>
   </div>
   <div class='ocr_carea' id='block_1_78' title="bbox 186 4760 1803 4844">
    <p class='ocr_par' dir='ltr' id='par_1_78' title="bbox 186 4760 1803 4844">
     <span class='ocr_line' id='line_1_78' title="bbox 186 4760 1803 4844; baseline -0.009 -16"><span class='ocrx_word' id='word_1_574' title='bbox 186 4760 296 4844; x_wconf 77' lang='lat'><strong>(60)</strong></span> <span class='ocrx_word' id='word_1_575' title='bbox 327 4773 412 4827; x_wconf 88' lang='lat' dir='ltr'><strong>lta</strong></span> <span class='ocrx_word' id='word_1_576' title='bbox 445 4785 668 4827; x_wconf 89' lang='lat' dir='ltr'><strong>omnes</strong></span> <span class='ocrx_word' id='word_1_577' title='bbox 700 4760 838 4824; x_wconf 82' lang='lat' dir='ltr'><strong>edit.</strong></span> <span class='ocrx_word' id='word_1_578' title='bbox 869 4782 883 4837; x_wconf 87' lang='lat'><strong>;</strong></span> <span class='ocrx_word' id='word_1_579' title='bbox 917 4760 1121 4820; x_wconf 83' lang='lat' dir='ltr'><strong>contra</strong></span> <span class='ocrx_word' id='word_1_580' title='bbox 1157 4778 1302 4844; x_wconf 83' lang='lat' dir='ltr'><strong>vero</strong></span> <span class='ocrx_word' id='word_1_581' title='bbox 1330 4778 1480 4844; x_wconf 79' lang='lat' dir='ltr'><strong>mss.</strong></span> <span class='ocrx_word' id='word_1_582' title='bbox 1518 4776 1701 4844; x_wconf 77' lang='lat' dir='ltr'><strong>prope</strong></span> <span class='ocrx_word' id='word_1_583' title='bbox 1731 4760 1803 4815; x_wconf 88' lang='lat' dir='ltr'><strong>ad</strong></span> 
     </span>
    </p>
   </div>
   <div class='ocr_carea' id='block_1_79' title="bbox 123 4859 378 4913">
    <p class='ocr_par' dir='ltr' id='par_1_79' title="bbox 123 4859 378 4913">
     <span class='ocr_line' id='line_1_79' title="bbox 123 4859 378 4913; baseline -0.012 -17"><span class='ocrx_word' id='word_1_584' title='bbox 123 4859 316 4913; x_wconf 89' lang='lat' dir='ltr'><strong>unum,</strong></span> <span class='ocrx_word' id='word_1_585' title='bbox 355 4867 378 4893; x_wconf 76' lang='grc' dir='ltr'>ι</span> 
     </span>
    </p>
   </div>
   <div class='ocr_carea' id='block_1_80' title="bbox 123 4930 450 4986">
    <p class='ocr_par' dir='ltr' id='par_1_80' title="bbox 123 4930 450 4986">
     <span class='ocr_line' id='line_1_80' title="bbox 123 4930 450 4986; baseline 0 -20"><span class='ocrx_word' id='word_1_586' title='bbox 123 4930 382 4986; x_wconf 88' lang='lat' dir='ltr'><strong>rumque.</strong></span> <span class='ocrx_word' id='word_1_587' title='bbox 425 4936 450 4966; x_wconf 67' lang='grc' dir='ltr'><strong><em>ι</em></strong></span> 
     </span>
    </p>
   </div>
   <div class='ocr_carea' id='block_1_81' title="bbox 185 4976 1802 5058">
    <p class='ocr_par' dir='ltr' id='par_1_81' title="bbox 185 4976 1802 5058">
     <span class='ocr_line' id='line_1_81' title="bbox 185 4976 1802 5058; baseline -0.009 -18"><span class='ocrx_word' id='word_1_588' title='bbox 185 4976 295 5058; x_wconf 56' lang='grc'><strong>(51)</strong></span> <span class='ocrx_word' id='word_1_589' title='bbox 322 4987 507 5042; x_wconf 82' lang='lat' dir='ltr'><strong>Rom.</strong></span> <span class='ocrx_word' id='word_1_590' title='bbox 546 4983 714 5052; x_wconf 88' lang='lat' dir='ltr'><strong>edit.,</strong></span> <span class='ocrx_word' id='word_1_591' title='bbox 754 5004 776 5058; x_wconf 53' lang='grc' dir='ltr'><strong>ξι</strong></span> <span class='ocrx_word' id='word_1_592' title='bbox 813 4980 868 5035; x_wconf 88' lang='lat' dir='ltr'><strong>si</strong></span> <span class='ocrx_word' id='word_1_593' title='bbox 898 4994 1146 5058; x_wconf 77' lang='lat' dir='ltr'><strong>magnes</strong></span> <span class='ocrx_word' id='word_1_594' title='bbox 1176 4976 1363 5058; x_wconf 58' lang='lat' dir='ltr'><strong>lapis;</strong></span> <span class='ocrx_word' id='word_1_595' title='bbox 1399 4996 1424 5027; x_wconf 71' lang='grc' dir='ltr'>ι</span> <span class='ocrx_word' id='word_1_596' title='bbox 1458 4976 1574 5029; x_wconf 89' lang='lat' dir='ltr'><strong>vet.</strong></span> <span class='ocrx_word' id='word_1_597' title='bbox 1609 4976 1802 5027; x_wconf 90' lang='lat' dir='ltr'><strong>autem</strong></span> 
     </span>
    </p>
   </div>
   <div class='ocr_carea' id='block_1_82' title="bbox 122 5048 1804 5129">
    <p class='ocr_par' dir='ltr' id='par_1_82' title="bbox 122 5048 1804 5129">
     <span class='ocr_line' id='line_1_82' title="bbox 122 5048 1804 5129; baseline -0.008 -18"><span class='ocrx_word' id='word_1_598' title='bbox 122 5067 173 5111; x_wconf 87' lang='lat' dir='ltr'><strong>et</strong></span> <span class='ocrx_word' id='word_1_599' title='bbox 193 5048 404 5112; x_wconf 77' lang='lat' dir='ltr'><strong>cuncti</strong></span> <span class='ocrx_word' id='word_1_600' title='bbox 431 5072 621 5129; x_wconf 43' lang='lat' dir='ltr'><strong>mss”</strong></span> <span class='ocrx_word' id='word_1_601' title='bbox 662 5078 682 5101; x_wconf 84' lang='lat'><strong>«</strong></span> <span class='ocrx_word' id='word_1_602' title='bbox 701 5048 772 5108; x_wconf 50' lang='lat' dir='ltr'><strong>&#39;si</strong></span> <span class='ocrx_word' id='word_1_603' title='bbox 803 5048 1098 5124; x_wconf 77' lang='lat' dir='ltr'><strong>magnétis</strong></span> <span class='ocrx_word' id='word_1_604' title='bbox 1125 5065 1153 5129; x_wconf 84' lang='lat'><strong>;_</strong></span> <span class='ocrx_word' id='word_1_605' title='bbox 1178 5072 1199 5097; x_wconf 76' lang='grc' dir='ltr'><strong>η</strong></span> <span class='ocrx_word' id='word_1_606' title='bbox 1225 5048 1484 5129; x_wconf 74' lang='lat' dir='ltr'><strong>quidam,</strong></span> <span class='ocrx_word' id='word_1_607' title='bbox 1508 5069 1529 5093; x_wconf 84' lang='lat'><strong>«</strong></span> <span class='ocrx_word' id='word_1_608' title='bbox 1557 5060 1804 5129; x_wconf 81' lang='lat' dir='ltr'><strong>magne-</strong></span> 
     </span>
    </p>
   </div>
   <div class='ocr_carea' id='block_1_83' title="bbox 121 5119 1805 5200">
    <p class='ocr_par' dir='ltr' id='par_1_83' title="bbox 121 5119 1805 5200">
     <span class='ocr_line' id='line_1_83' title="bbox 121 5119 1805 5200; baseline -0.006 -21"><span class='ocrx_word' id='word_1_609' title='bbox 121 5130 223 5196; x_wconf 88' lang='lat' dir='ltr'><strong>tes,</strong></span> <span class='ocrx_word' id='word_1_610' title='bbox 257 5129 437 5200; x_wconf 90' lang='lat' dir='ltr'><strong>lapis.</strong></span> <span class='ocrx_word' id='word_1_611' title='bbox 483 5148 509 5178; x_wconf 74' lang='grc' dir='ltr'><strong>ι</strong></span> <span class='ocrx_word' id='word_1_612' title='bbox 551 5119 681 5200; x_wconf 67' lang='lat' dir='ltr'><strong>Hoc</strong></span> <span class='ocrx_word' id='word_1_613' title='bbox 704 5139 890 5200; x_wconf 76' lang='lat' dir='ltr'><strong>porro</strong></span> <span class='ocrx_word' id='word_1_614' title='bbox 907 5119 1215 5200; x_wconf 43' lang='lat' dir='ltr'><strong>exemplo,</strong></span> <span class='ocrx_word' id='word_1_615' title='bbox 1245 5119 1404 5200; x_wconf 44' lang='lat' dir='ltr'><strong>qunod</strong></span> <span class='ocrx_word' id='word_1_616' title='bbox 1428 5119 1583 5172; x_wconf 90' lang='lat' dir='ltr'><strong>sicut</strong></span> <span class='ocrx_word' id='word_1_617' title='bbox 1605 5121 1666 5200; x_wconf 66' lang='lat' dir='ltr'><strong>et</strong></span> <span class='ocrx_word' id='word_1_618' title='bbox 1688 5132 1805 5200; x_wconf 74' lang='lat' dir='ltr'><strong>non</strong></span> 
     </span>
    </p>
   </div>
   <div class='ocr_carea' id='block_1_84' title="bbox 121 5187 1805 5269">
    <p class='ocr_par' dir='ltr' id='par_1_84' title="bbox 121 5187 1805 5269">
     <span class='ocr_line' id='line_1_84' title="bbox 121 5187 1805 5269; baseline -0.007 -16"><span class='ocrx_word' id='word_1_619' title='bbox 121 5187 448 5269; x_wconf 46' lang='lat' dir='ltr'><strong>pauca-alia</strong></span> <span class='ocrx_word' id='word_1_620' title='bbox 492 5213 578 5253; x_wconf 84' lang='lat' dir='ltr'><strong>ex</strong></span> <span class='ocrx_word' id='word_1_621' title='bbox 606 5187 876 5269; x_wconf 80' lang='lat' dir='ltr'><strong>Philonis</strong></span> <span class='ocrx_word' id='word_1_622' title='bbox 913 5193 1028 5269; x_wconf 90' lang='lat' dir='ltr'><strong>_l_ib.</strong></span> <span class='ocrx_word' id='word_1_623' title='bbox 1078 5187 1166 5246; x_wconf 86' lang='lat' dir='ltr'><strong>De</strong></span> <span class='ocrx_word' id='word_1_624' title='bbox 1202 5187 1395 5269; x_wconf 70' lang='lat' dir='ltr'><strong>opilio.</strong></span> <span class='ocrx_word' id='word_1_625' title='bbox 1434 5188 1640 5269; x_wconf 73' lang='lat' dir='ltr'><strong>mundi</strong></span> <span class='ocrx_word' id='word_1_626' title='bbox 1689 5187 1805 5241; x_wconf 89' lang='lat' dir='ltr'><strong>huc</strong></span> 
     </span>
    </p>
   </div>
   <div class='ocr_carea' id='block_1_85' title="bbox 123 5261 1808 5338">
    <p class='ocr_par' dir='ltr' id='par_1_85' title="bbox 123 5261 1808 5338">
     <span class='ocr_line' id='line_1_85' title="bbox 123 5261 1808 5338; baseline -0.007 -15"><span class='ocrx_word' id='word_1_627' title='bbox 123 5261 469 5327; x_wconf 77' lang='lat' dir='ltr'><strong>translatum</strong></span> <span class='ocrx_word' id='word_1_628' title='bbox 525 5273 642 5338; x_wconf 88' lang='lat' dir='ltr'><strong>est,</strong></span> <span class='ocrx_word' id='word_1_629' title='bbox 680 5265 989 5338; x_wconf 84' lang='lat' dir='ltr'><strong>originalis</strong></span> <span class='ocrx_word' id='word_1_630' title='bbox 1038 5261 1264 5332; x_wconf 88' lang='lat' dir='ltr'><strong>peccati</strong></span> <span class='ocrx_word' id='word_1_631' title='bbox 1314 5261 1667 5338; x_wconf 75' lang='lat' dir='ltr'><strong>contagium</strong></span> <span class='ocrx_word' id='word_1_632' title='bbox 1700 5273 1808 5328; x_wconf 87' lang='lat' dir='ltr'><strong>per</strong></span> 
     </span>
    </p>
   </div>
   <div class='ocr_carea' id='block_1_86' title="bbox 124 5331 1808 5413">
    <p class='ocr_par' dir='ltr' id='par_1_86' title="bbox 124 5331 1808 5413">
     <span class='ocr_line' id='line_1_86' title="bbox 124 5331 1808 5413; baseline -0.008 -17"><span class='ocrx_word' id='word_1_633' title='bbox 124 5331 640 5413; x_wconf 68' lang='lat' dir='ltr'><strong>concupiscentiae</strong></span> <span class='ocrx_word' id='word_1_634' title='bbox 655 5331 1143 5413; x_wconf 68' lang='lat' dir='ltr'><strong>propagationem</strong></span> <span class='ocrx_word' id='word_1_635' title='bbox 1161 5332 1492 5413; x_wconf 80' lang='lat' dir='ltr'><strong>transfundi</strong></span> <span class='ocrx_word' id='word_1_636' title='bbox 1514 5331 1672 5413; x_wconf 75' lang='lat' dir='ltr'><strong>haud</strong></span> <span class='ocrx_word' id='word_1_637' title='bbox 1692 5343 1808 5413; x_wconf 44' lang='lat' dir='ltr'><strong>anm-</strong></span> 
     </span>
    </p>
   </div>
   <div class='ocr_carea' id='block_1_87' title="bbox 121 5400 1807 5485">
    <p class='ocr_par' dir='ltr' id='par_1_87' title="bbox 121 5400 1807 5485">
     <span class='ocr_line' id='line_1_87' title="bbox 121 5400 1807 5485; baseline -0.007 -21"><span class='ocrx_word' id='word_1_638' title='bbox 121 5400 618 5485; x_wconf 49' lang='lat' dir='ltr'><strong>liigue-declarat</strong></span> <span class='ocrx_word' id='word_1_639' title='bbox 652 5400 810 5485; x_wconf 50' lang='lat' dir='ltr'><strong>{qua</strong></span> <span class='ocrx_word' id='word_1_640' title='bbox 835 5400 1009 5485; x_wconf 66' lang='lat' dir='ltr'><strong>etiam</strong></span> <span class='ocrx_word' id='word_1_641' title='bbox 1039 5403 1684 5485; x_wconf 41' lang='lat' dir='ltr'><strong>ratione_A_ugustinu-s.</strong></span> <span class='ocrx_word' id='word_1_642' title='bbox 1712 5400 1807 5454; x_wconf 76' lang='lat' dir='ltr'><strong>fu-</strong></span> 
     </span>
    </p>
   </div>
   <div class='ocr_carea' id='block_1_88' title="bbox 125 5473 1806 5542">
    <p class='ocr_par' dir='ltr' id='par_1_88' title="bbox 125 5473 1806 5542">
     <span class='ocr_line' id='line_1_88' title="bbox 125 5473 1806 5542; baseline -0.007 -6"><span class='ocrx_word' id='word_1_643' title='bbox 125 5473 340 5539; x_wconf 67' lang='lat' dir='ltr'><strong>nestam</strong></span> <span class='ocrx_word' id='word_1_644' title='bbox 371 5485 546 5539; x_wconf 87' lang='lat' dir='ltr'><strong>illam</strong></span> <span class='ocrx_word' id='word_1_645' title='bbox 580 5473 985 5536; x_wconf 75' lang='lat' dir='ltr'><strong>haeréditatem</strong></span> <span class='ocrx_word' id='word_1_646' title='bbox 1018 5480 1218 5533; x_wconf 85' lang='lat' dir='ltr'><strong>contra</strong></span> <span class='ocrx_word' id='word_1_647' title='bbox 1259 5473 1556 5530; x_wconf 73' lang='lat' dir='ltr'><strong>Julianum</strong></span> <span class='ocrx_word' id='word_1_648' title='bbox 1589 5473 1806 5542; x_wconf 86' lang='lat' dir='ltr'><strong>ubique</strong></span> 
     </span>
    </p>
   </div>
   <div class='ocr_carea' id='block_1_89' title="bbox 124 5543 1805 5627">
    <p class='ocr_par' dir='ltr' id='par_1_89' title="bbox 124 5543 1805 5627">
     <span class='ocr_line' id='line_1_89' title="bbox 124 5543 1805 5627; baseline -0.008 -18"><span class='ocrx_word' id='word_1_649' title='bbox 124 5557 390 5627; x_wconf 84' lang='lat' dir='ltr'><strong>explicat,</strong></span> <span class='ocrx_word' id='word_1_650' title='bbox 429 5556 506 5609; x_wconf 85' lang='lat' dir='ltr'><strong>ad</strong></span> <span class='ocrx_word' id='word_1_651' title='bbox 546 5555 782 5624; x_wconf 89' lang='lat' dir='ltr'><strong>pactum</strong></span> <span class='ocrx_word' id='word_1_652' title='bbox 814 5552 976 5619; x_wconf 90' lang='lat' dir='ltr'><strong>illud,</strong></span> <span class='ocrx_word' id='word_1_653' title='bbox 1012 5547 1603 5627; x_wconf 45' lang='lat' dir='ltr'><strong>quod_excogitarr\unt</strong></span> <span class='ocrx_word' id='word_1_654' title='bbox 1643 5543 1805 5627; x_wconf 76' lang='lat' dir='ltr'><strong>theo-</strong></span> 
     </span>
    </p>
   </div>
   <div class='ocr_carea' id='block_1_90' title="bbox 124 5616 1807 5699">
    <p class='ocr_par' dir='ltr' id='par_1_90' title="bbox 124 5616 1807 5699">
     <span class='ocr_line' id='line_1_90' title="bbox 124 5616 1807 5699; baseline -0.008 -19"><span class='ocrx_word' id='word_1_655' title='bbox 124 5616 234 5699; x_wconf 73' lang='lat' dir='ltr'><strong>logi</strong></span> <span class='ocrx_word' id='word_1_656' title='bbox 267 5616 1014 5699; x_wconf 40' lang='lat' dir='ltr'><strong>recentiorestnunquam</strong></span> <span class='ocrx_word' id='word_1_657' title='bbox 1031 5616 1422 5699; x_wconf 65' lang='lat' dir='ltr'><strong>confugiens.</strong></span> <span class='ocrx_word' id='word_1_658' title='bbox 1454 5616 1603 5697; x_wconf 74' lang='lat' dir='ltr'><strong>Quid</strong></span> <span class='ocrx_word' id='word_1_659' title='bbox 1633 5616 1807 5699; x_wconf 73' lang='lat' dir='ltr'><strong>etiam</strong></span> 
     </span>
    </p>
   </div>
   <div class='ocr_carea' id='block_1_91' title="bbox 127 5687 1809 5769">
    <p class='ocr_par' dir='ltr' id='par_1_91' title="bbox 127 5687 1809 5769">
     <span class='ocr_line' id='line_1_91' title="bbox 127 5687 1809 5769; baseline -0.009 -17"><span class='ocrx_word' id='word_1_660' title='bbox 127 5687 274 5769; x_wconf 71' lang='grc' dir='ltr'><strong>(ιιῖοά</strong></span> <span class='ocrx_word' id='word_1_661' title='bbox 305 5699 488 5754; x_wconf 86' lang='lat' dir='ltr'><strong>Philo</strong></span> <span class='ocrx_word' id='word_1_662' title='bbox 525 5687 799 5769; x_wconf 52' lang='lat' dir='ltr'><strong>ipse&#39;lib.</strong></span> <span class='ocrx_word' id='word_1_663' title='bbox 829 5687 950 5769; x_wconf 27' lang='lat' dir='ltr'><strong>cit.‘</strong></span> <span class='ocrx_word' id='word_1_664' title='bbox 970 5687 1809 5769; x_wconf 51' lang='lat' dir='ltr'><strong>eamdembonpupisceniiam</strong></span> 
     </span>
    </p>
   </div>
   <div class='ocr_carea' id='block_1_92' title="bbox 127 5759 1808 5843">
    <p class='ocr_par' dir='ltr' id='par_1_92' title="bbox 127 5759 1808 5843">
     <span class='ocr_line' id='line_1_92' title="bbox 127 5759 1808 5843; baseline -0.01 -14"><span class='ocrx_word' id='word_1_665' title='bbox 127 5759 382 5829; x_wconf 65' lang='lat' dir='ltr'><strong>omnium</strong></span> <span class='ocrx_word' id='word_1_666' title='bbox 433 5759 694 5826; x_wconf 78' lang='lat' dir='ltr'><strong>humani</strong></span> <span class='ocrx_word' id='word_1_667' title='bbox 747 5765 990 5840; x_wconf 88' lang='lat' dir='ltr'><strong>generis</strong></span> <span class='ocrx_word' id='word_1_668' title='bbox 1032 5763 1319 5820; x_wconf 89' lang='lat' dir='ltr'><strong>malorum</strong></span> <span class='ocrx_word' id='word_1_669' title='bbox 1366 5759 1585 5816; x_wconf 83' lang='lat' dir='ltr'><strong>fontem</strong></span> <span class='ocrx_word' id='word_1_670' title='bbox 1635 5759 1808 5843; x_wconf 77' lang='lat' dir='ltr'><strong>atque</strong></span> 
     </span>
    </p>
   </div>
   <div class='ocr_carea' id='block_1_93' title="bbox 381 5918 858 5986">
    <p class='ocr_par' dir='ltr' id='par_1_93' title="bbox 381 5918 858 5986">
     <span class='ocr_line' id='line_1_93' title="bbox 381 5918 858 5986; baseline -0.006 0"><span class='ocrx_word' id='word_1_671' title='bbox 381 5923 663 5986; x_wconf 60' lang='lat' dir='ltr'><strong>Pam-nou.</strong></span> <span class='ocrx_word' id='word_1_672' title='bbox 705 5918 858 5983; x_wconf 75' lang='lat' dir='ltr'><strong>XVI.</strong></span> 
     </span>
    </p>
   </div>
   <div class='ocr_carea' id='block_1_94' title="bbox 419 4834 1808 4911">
    <p class='ocr_par' dir='ltr' id='par_1_94' title="bbox 419 4834 1808 4911">
     <span class='ocr_line' id='line_1_94' title="bbox 419 4834 1808 4911; baseline -0.009 -13"><span class='ocrx_word' id='word_1_673' title='bbox 419 4834 910 4911; x_wconf 61' lang='lat' dir='ltr'><strong>ceterorumque</strong></span> <span class='ocrx_word' id='word_1_674' title='bbox 939 4838 1250 4905; x_wconf 86' lang='lat' dir='ltr'><strong>concreta;</strong></span> <span class='ocrx_word' id='word_1_675' title='bbox 1288 4858 1310 4883; x_wconf 69' lang='grc' dir='ltr'><strong><em>υ</em></strong></span> <span class='ocrx_word' id='word_1_676' title='bbox 1344 4834 1483 4904; x_wconf 78' lang='lat' dir='ltr'><strong>duo,</strong></span> <span class='ocrx_word' id='word_1_677' title='bbox 1520 4853 1542 4882; x_wconf 73' lang='grc' dir='ltr'><strong><em>α</em></strong></span> <span class='ocrx_word' id='word_1_678' title='bbox 1572 4837 1808 4887; x_wconf 66' lang='lat' dir='ltr'><strong>caetera-</strong></span> 
     </span>
    </p>
   </div>
   <div class='ocr_carea' id='block_1_95' title="bbox 2367 3439 3130 3518">
    <p class='ocr_par' dir='ltr' id='par_1_95' title="bbox 2367 3439 3130 3518">
     <span class='ocr_line' id='line_1_95' title="bbox 2367 3439 3130 3518; baseline 0.003 -20"><span class='ocrx_word' id='word_1_679' title='bbox 2367 3441 2735 3500; x_wconf 80' lang='lat' dir='ltr'><strong>EPISTOLA</strong></span> <span class='ocrx_word' id='word_1_680' title='bbox 2772 3442 2954 3502; x_wconf 84' lang='lat' dir='ltr'><strong>XLVI</strong></span> <span class='ocrx_word' id='word_1_681' title='bbox 2992 3439 3130 3518; x_wconf 77' lang='lat'><strong>(54).</strong></span> 
     </span>
    </p>
   </div>
   <div class='ocr_carea' id='block_1_96' title="bbox 1908 3577 3638 3654">
    <p class='ocr_par' dir='ltr' id='par_1_96' title="bbox 1908 3577 3638 3654">
     <span class='ocr_line' id='line_1_96' title="bbox 1908 3577 3638 3654; baseline 0.001 -19"><span class='ocrx_word' id='word_1_682' title='bbox 1908 3578 2516 3654; x_wconf 64' lang='lat' dir='ltr'><strong>AmbrosiusSalgino</strong></span> <span class='ocrx_word' id='word_1_683' title='bbox 2551 3578 2773 3654; x_wconf 77' lang='lat' dir='ltr'><strong>scribit</strong></span> <span class='ocrx_word' id='word_1_684' title='bbox 2809 3579 3159 3636; x_wconf 81' lang='lat' dir='ltr'><strong>maledicum</strong></span> <span class='ocrx_word' id='word_1_685' title='bbox 3178 3577 3578 3654; x_wconf 47' lang='lat' dir='ltr'><strong>Apollinaris‘</strong></span> <span class='ocrx_word' id='word_1_686' title='bbox 3635 3612 3638 3618; x_wconf 92' lang='lat'><strong><em>-</em></strong></span> 
     </span>
    </p>
   </div>
   <div class='ocr_carea' id='block_1_97' title="bbox 1983 3650 3573 3724">
    <p class='ocr_par' dir='ltr' id='par_1_97' title="bbox 1983 3650 3573 3724">
     <span class='ocr_line' id='line_1_97' title="bbox 1983 3650 3573 3724; baseline 0.003 -19"><span class='ocrx_word' id='word_1_687' title='bbox 1983 3659 2098 3706; x_wconf 85' lang='lat' dir='ltr'><strong>tam</strong></span> <span class='ocrx_word' id='word_1_688' title='bbox 2114 3651 2354 3724; x_wconf 75' lang='lat' dir='ltr'><strong>publica</strong></span> <span class='ocrx_word' id='word_1_689' title='bbox 2375 3650 2567 3724; x_wconf 69' lang='lat' dir='ltr'><strong>fuisse</strong></span> <span class='ocrx_word' id='word_1_690' title='bbox 2589 3651 2948 3724; x_wconf 77' lang='lat' dir='ltr'><strong>confutatam</strong></span> <span class='ocrx_word' id='word_1_691' title='bbox 2973 3667 2985 3707; x_wconf 87' lang='lat'><strong>:</strong></span> <span class='ocrx_word' id='word_1_692' title='bbox 3013 3667 3150 3708; x_wconf 83' lang='lat' dir='ltr'><strong>sese</strong></span> <span class='ocrx_word' id='word_1_693' title='bbox 3173 3650 3301 3708; x_wconf 69' lang='lat' dir='ltr'><strong>etim</strong></span> <span class='ocrx_word' id='word_1_694' title='bbox 3341 3669 3429 3724; x_wconf 87' lang='lat' dir='ltr'><strong>eo,</strong></span> <span class='ocrx_word' id='word_1_695' title='bbox 3454 3655 3573 3710; x_wconf 82' lang='lat' dir='ltr'><strong>etsi</strong></span> 
     </span>
    </p>
   </div>
   <div class='ocr_carea' id='block_1_98' title="bbox 1981 3721 3576 3793">
    <p class='ocr_par' dir='ltr' id='par_1_98' title="bbox 1981 3721 3576 3793">
     <span class='ocr_line' id='line_1_98' title="bbox 1981 3721 3576 3793; baseline 0.001 -16"><span class='ocrx_word' id='word_1_696' title='bbox 1981 3721 2268 3778; x_wconf 59' lang='lat' dir='ltr'><strong>sei&#39;vilem</strong></span> <span class='ocrx_word' id='word_1_697' title='bbox 2303 3723 2367 3777; x_wconf 89' lang='lat' dir='ltr'><strong>in</strong></span> <span class='ocrx_word' id='word_1_698' title='bbox 2406 3721 2709 3777; x_wconf 81' lang='lat' dir='ltr'><strong>Christum</strong></span> <span class='ocrx_word' id='word_1_699' title='bbox 2748 3721 2997 3778; x_wconf 75' lang='lat' dir='ltr'><strong>formam</strong></span> <span class='ocrx_word' id='word_1_700' title='bbox 3039 3739 3153 3780; x_wconf 84' lang='lat' dir='ltr'><strong>non</strong></span> <span class='ocrx_word' id='word_1_701' title='bbox 3206 3721 3576 3793; x_wconf 73' lang='lat' dir='ltr'><strong>admitteret,</strong></span> 
     </span>
    </p>
   </div>
   <div class='ocr_carea' id='block_1_99' title="bbox 1983 3793 3580 3867">
    <p class='ocr_par' dir='ltr' id='par_1_99' title="bbox 1983 3793 3580 3867">
     <span class='ocr_line' id='line_1_99' title="bbox 1983 3793 3580 3867; baseline 0.001 -18"><span class='ocrx_word' id='word_1_702' title='bbox 1983 3795 2329 3867; x_wconf 61' lang='lat' dir='ltr'><strong>humaniter</strong></span> <span class='ocrx_word' id='word_1_703' title='bbox 2362 3794 2684 3867; x_wconf 67' lang='lat' dir='ltr'><strong>egissemt</strong></span> <span class='ocrx_word' id='word_1_704' title='bbox 2718 3793 2820 3847; x_wconf 84' lang='lat' dir='ltr'><strong>illa</strong></span> <span class='ocrx_word' id='word_1_705' title='bbox 2871 3794 3076 3867; x_wconf 83' lang='lat' dir='ltr'><strong>verba,</strong></span> <span class='ocrx_word' id='word_1_706' title='bbox 3116 3795 3301 3851; x_wconf 84' lang='lat' dir='ltr'><strong>Deum</strong></span> <span class='ocrx_word' id='word_1_707' title='bbox 3343 3797 3580 3867; x_wconf 78' lang='lat' dir='ltr'><strong>scilicet</strong></span> 
     </span>
    </p>
   </div>
   <div class='ocr_carea' id='block_1_100' title="bbox 1981 3864 3574 3941">
    <p class='ocr_par' dir='ltr' id='par_1_100' title="bbox 1981 3864 3574 3941">
     <span class='ocr_line' id='line_1_100' title="bbox 1981 3864 3574 3941; baseline 0.001 -20"><span class='ocrx_word' id='word_1_708' title='bbox 1981 3868 2214 3941; x_wconf 83' lang='lat' dir='ltr'><strong>Patrem</strong></span> <span class='ocrx_word' id='word_1_709' title='bbox 2250 3864 2552 3941; x_wconf 64' lang='lat' dir='ltr'><strong>Eiliiesse</strong></span> <span class='ocrx_word' id='word_1_710' title='bbox 2579 3868 2648 3941; x_wconf 87' lang='lat' dir='ltr'><strong>et_</strong></span> <span class='ocrx_word' id='word_1_711' title='bbox 2670 3865 2982 3921; x_wconf 84' lang='lat' dir='ltr'><strong>Dominum</strong></span> <span class='ocrx_word' id='word_1_712' title='bbox 3013 3864 3320 3941; x_wconf 61' lang='lat' dir='ltr'><strong>creaturis,</strong></span> <span class='ocrx_word' id='word_1_713' title='bbox 3343 3884 3468 3941; x_wconf 69' lang='lat' dir='ltr'><strong>quae</strong></span> <span class='ocrx_word' id='word_1_714' title='bbox 3481 3866 3574 3941; x_wconf 84' lang='lat' dir='ltr'><strong>illi</strong></span> 
     </span>
    </p>
   </div>
   <div class='ocr_carea' id='block_1_101' title="bbox 1983 3936 3585 4008">
    <p class='ocr_par' dir='ltr' id='par_1_101' title="bbox 1983 3936 3585 4008">
     <span class='ocr_line' id='line_1_101' title="bbox 1983 3936 3585 4008; baseline -0.001 -15"><span class='ocrx_word' id='word_1_715' title='bbox 1983 3937 2326 4008; x_wconf 81' lang='lat' dir='ltr'><strong>comprimis</strong></span> <span class='ocrx_word' id='word_1_716' title='bbox 2365 3936 2802 4008; x_wconf 80' lang='lat' dir='ltr'><strong>displicebant,</strong></span> <span class='ocrx_word' id='word_1_717' title='bbox 2845 3955 2972 3993; x_wconf 88' lang='lat' dir='ltr'><strong>cum</strong></span> <span class='ocrx_word' id='word_1_718' title='bbox 3020 3938 3228 3993; x_wconf 75' lang='lat' dir='ltr'><strong>verbis</strong></span> <span class='ocrx_word' id='word_1_719' title='bbox 3265 3936 3585 3995; x_wconf 64' lang='lat' dir='ltr'><strong>Da&#39;vidicis</strong></span> 
     </span>
    </p>
   </div>
   <div class='ocr_carea' id='block_1_102' title="bbox 1987 4008 3582 4082">
    <p class='ocr_par' dir='ltr' id='par_1_102' title="bbox 1987 4008 3582 4082">
     <span class='ocr_line' id='line_1_102' title="bbox 1987 4008 3582 4082; baseline -0.002 -16"><span class='ocrx_word' id='word_1_720' title='bbox 1987 4009 2331 4082; x_wconf 76' lang='lat' dir='ltr'><strong>convenire.</strong></span> <span class='ocrx_word' id='word_1_721' title='bbox 2361 4008 2506 4082; x_wconf 75' lang='lat' dir='ltr'><strong>Post</strong></span> <span class='ocrx_word' id='word_1_722' title='bbox 2528 4025 2653 4081; x_wconf 69' lang='lat' dir='ltr'><strong>quae</strong></span> <span class='ocrx_word' id='word_1_723' title='bbox 2675 4009 2941 4082; x_wconf 81' lang='lat' dir='ltr'><strong>eamdem</strong></span> <span class='ocrx_word' id='word_1_724' title='bbox 2963 4009 3020 4066; x_wconf 84' lang='lat' dir='ltr'><em>F</em></span> <span class='ocrx_word' id='word_1_725' title='bbox 3016 4009 3183 4064; x_wconf 81' lang='lat' dir='ltr'><strong>ilium</strong></span> <span class='ocrx_word' id='word_1_726' title='bbox 3205 4011 3339 4066; x_wconf 85' lang='lat' dir='ltr'><strong>sine</strong></span> <span class='ocrx_word' id='word_1_727' title='bbox 3359 4010 3582 4082; x_wconf 72' lang='lat' dir='ltr'><strong>injuria</strong></span> 
     </span>
    </p>
   </div>
   <div class='ocr_carea' id='block_1_103' title="bbox 1984 4079 3583 4147">
    <p class='ocr_par' dir='ltr' id='par_1_103' title="bbox 1984 4079 3583 4147">
     <span class='ocr_line' id='line_1_103' title="bbox 1984 4079 3583 4147; baseline -0.003 -9"><span class='ocrx_word' id='word_1_728' title='bbox 1984 4080 2328 4138; x_wconf 78' lang='lat' dir='ltr'><strong>divinitatis</strong></span> <span class='ocrx_word' id='word_1_729' title='bbox 2348 4079 2566 4134; x_wconf 76' lang='lat' dir='ltr'><strong>factum</strong></span> <span class='ocrx_word' id='word_1_730' title='bbox 2588 4096 2701 4135; x_wconf 88' lang='lat' dir='ltr'><strong>non</strong></span> <span class='ocrx_word' id='word_1_731' title='bbox 2722 4081 2891 4136; x_wconf 88' lang='lat' dir='ltr'><strong>modo</strong></span> <span class='ocrx_word' id='word_1_732' title='bbox 2902 4097 3006 4136; x_wconf 85' lang='lat' dir='ltr'><strong>ser</strong></span> <span class='ocrx_word' id='word_1_733' title='bbox 3017 4097 3164 4147; x_wconf 81' lang='lat' dir='ltr'><strong>vum,</strong></span> <span class='ocrx_word' id='word_1_734' title='bbox 3188 4097 3390 4138; x_wconf 81' lang='lat' dir='ltr'><strong>verum</strong></span> <span class='ocrx_word' id='word_1_735' title='bbox 3405 4079 3583 4137; x_wconf 76' lang='lat' dir='ltr'><strong>etiam</strong></span> 
     </span>
    </p>
   </div>
   <div class='ocr_carea' id='block_1_104' title="bbox 1983 4151 3580 4224">
    <p class='ocr_par' dir='ltr' id='par_1_104' title="bbox 1983 4151 3580 4224">
     <span class='ocr_line' id='line_1_104' title="bbox 1983 4151 3580 4224; baseline -0.003 -15"><span class='ocrx_word' id='word_1_736' title='bbox 1983 4151 2382 4224; x_wconf 72' lang='lat' dir='ltr'><strong>maledictum,</strong></span> <span class='ocrx_word' id='word_1_737' title='bbox 2410 4151 2787 4224; x_wconf 79' lang='lat' dir='ltr'><strong>approbrium</strong></span> <span class='ocrx_word' id='word_1_738' title='bbox 2828 4158 3001 4224; x_wconf 87' lang='lat' dir='ltr'><strong>atque</strong></span> <span class='ocrx_word' id='word_1_739' title='bbox 3033 4155 3341 4224; x_wconf 84' lang='lat' dir='ltr'><strong>peccatum</strong></span> <span class='ocrx_word' id='word_1_740' title='bbox 3381 4151 3580 4207; x_wconf 84' lang='lat' dir='ltr'><strong>multi-</strong></span> 
     </span>
    </p>
   </div>
   <div class='ocr_carea' id='block_1_105' title="bbox 1978 4223 3256 4298">
    <p class='ocr_par' dir='ltr' id='par_1_105' title="bbox 1978 4223 3256 4298">
     <span class='ocr_line' id='line_1_105' title="bbox 1978 4223 3256 4298; baseline -0.001 -18"><span class='ocrx_word' id='word_1_741' title='bbox 1978 4225 2126 4298; x_wconf 82' lang='lat' dir='ltr'><strong>plici</strong></span> <span class='ocrx_word' id='word_1_742' title='bbox 2147 4223 2480 4295; x_wconf 70' lang='lat' dir='ltr'><strong>Scripturae</strong></span> <span class='ocrx_word' id='word_1_743' title='bbox 2505 4223 2843 4280; x_wconf 82' lang='lat' dir='ltr'><strong>testimonio</strong></span> <span class='ocrx_word' id='word_1_744' title='bbox 2863 4223 3256 4280; x_wconf 78' lang='lat' dir='ltr'><strong>demonstrat.</strong></span> 
     </span>
    </p>
   </div>
   <div class='ocr_carea' id='block_1_106' title="bbox 2365 4345 3117 4419">
    <p class='ocr_par' dir='ltr' id='par_1_106' title="bbox 2365 4345 3117 4419">
     <span class='ocr_line' id='line_1_106' title="bbox 2365 4345 3117 4419; baseline -0.001 -14"><span class='ocrx_word' id='word_1_745' title='bbox 2365 4350 2708 4405; x_wconf 74' lang='lat' dir='ltr'><strong>Annnosws</strong></span> <span class='ocrx_word' id='word_1_746' title='bbox 2738 4347 2954 4404; x_wconf 78' lang='lat' dir='ltr'><strong>SABINO</strong></span> <span class='ocrx_word' id='word_1_747' title='bbox 2985 4345 3117 4419; x_wconf 85' lang='lat'><strong>(55).</strong></span> 
     </span>
    </p>
   </div>
   <div class='ocr_carea' id='block_1_107' title="bbox 1986 4451 3583 4528">
    <p class='ocr_par' dir='ltr' id='par_1_107' title="bbox 1986 4451 3583 4528">
     <span class='ocr_line' id='line_1_107' title="bbox 1986 4451 3583 4528; baseline -0.006 -12"><span class='ocrx_word' id='word_1_748' title='bbox 1986 4459 2038 4516; x_wconf 89' lang='grc'><strong>1.</strong></span> <span class='ocrx_word' id='word_1_749' title='bbox 2071 4458 2258 4526; x_wconf 86' lang='lat' dir='ltr'><strong>Quem</strong></span> <span class='ocrx_word' id='word_1_750' title='bbox 2300 4457 2603 4528; x_wconf 86' lang='lat' dir='ltr'><strong>scripsisti</strong></span> <span class='ocrx_word' id='word_1_751' title='bbox 2634 4453 2904 4510; x_wconf 86' lang='lat' dir='ltr'><strong>maledici</strong></span> <span class='ocrx_word' id='word_1_752' title='bbox 2934 4451 3232 4510; x_wconf 85' lang='lat' dir='ltr'><strong>sermonis</strong></span> <span class='ocrx_word' id='word_1_753' title='bbox 3263 4452 3583 4509; x_wconf 86' lang='lat' dir='ltr'><strong>seminato-</strong></span> 
     </span>
    </p>
   </div>
   <div class='ocr_carea' id='block_1_108' title="bbox 1915 4594 3579 4676">
    <p class='ocr_par' dir='ltr' id='par_1_108' title="bbox 1915 4594 3579 4676">
     <span class='ocr_line' id='line_1_108' title="bbox 1915 4594 3579 4676; baseline -0.006 -15"><span class='ocrx_word' id='word_1_754' title='bbox 1915 4604 2207 4676; x_wconf 84' lang='lat' dir='ltr'><strong>originem</strong></span> <span class='ocrx_word' id='word_1_755' title='bbox 2237 4616 2378 4676; x_wconf 75' lang='lat' dir='ltr'><strong>esse</strong></span> <span class='ocrx_word' id='word_1_756' title='bbox 2409 4597 2728 4676; x_wconf 85' lang='lat' dir='ltr'><strong>agnoscit?</strong></span> <span class='ocrx_word' id='word_1_757' title='bbox 2776 4595 2976 4676; x_wconf 68' lang='lat' dir='ltr'><strong>ipsum</strong></span> <span class='ocrx_word' id='word_1_758' title='bbox 3004 4594 3271 4676; x_wconf 80' lang='lat' dir='ltr'><strong>consule,</strong></span> <span class='ocrx_word' id='word_1_759' title='bbox 3317 4611 3454 4669; x_wconf 88' lang='lat' dir='ltr'><strong>pag.</strong></span> <span class='ocrx_word' id='word_1_760' title='bbox 3489 4595 3579 4651; x_wconf 82' lang='lat'><strong>35.</strong></span> 
     </span>
    </p>
   </div>
   <div class='ocr_carea' id='block_1_109' title="bbox 1986 4669 3586 4747">
    <p class='ocr_par' dir='ltr' id='par_1_109' title="bbox 1986 4669 3586 4747">
     <span class='ocr_line' id='line_1_109' title="bbox 1986 4669 3586 4747; baseline -0.005 -16"><span class='ocrx_word' id='word_1_761' title='bbox 1986 4669 2099 4747; x_wconf 69' lang='lat'><strong>(52)</strong></span> <span class='ocrx_word' id='word_1_762' title='bbox 2130 4669 2545 4747; x_wconf 49' lang='lat' dir='ltr'><strong>Mss._aliqu&#39;ot.</strong></span> <span class='ocrx_word' id='word_1_763' title='bbox 2576 4693 2598 4716; x_wconf 77' lang='grc' dir='ltr'>ιι</span> <span class='ocrx_word' id='word_1_764' title='bbox 2625 4673 2842 4747; x_wconf 70' lang='lat' dir='ltr'><strong>quanto</strong></span> <span class='ocrx_word' id='word_1_765' title='bbox 2861 4669 3239 4747; x_wconf 70' lang='lat' dir='ltr'><strong>nequiorem;</strong></span> <span class='ocrx_word' id='word_1_766' title='bbox 3276 4690 3298 4716; x_wconf 74' lang='grc' dir='ltr'><strong>ιι</strong></span> <span class='ocrx_word' id='word_1_767' title='bbox 3332 4683 3586 4747; x_wconf 77' lang='lat' dir='ltr'><strong>commo-</strong></span> 
     </span>
    </p>
   </div>
   <div class='ocr_carea' id='block_1_110' title="bbox 1914 4738 3580 4812">
    <p class='ocr_par' dir='ltr' id='par_1_110' title="bbox 1914 4738 3580 4812">
     <span class='ocr_line' id='line_1_110' title="bbox 1914 4738 3580 4812; baseline -0.005 -10"><span class='ocrx_word' id='word_1_768' title='bbox 1914 4738 2050 4803; x_wconf 83' lang='lat' dir='ltr'><strong>dius</strong></span> <span class='ocrx_word' id='word_1_769' title='bbox 2073 4738 2215 4801; x_wconf 82' lang='lat' dir='ltr'><strong>vere</strong></span> <span class='ocrx_word' id='word_1_770' title='bbox 2248 4744 2366 4812; x_wconf 87' lang='lat' dir='ltr'><strong>alii,</strong></span> <span class='ocrx_word' id='word_1_771' title='bbox 2383 4738 2440 4796; x_wconf 79' lang='lat' dir='ltr'><strong>et</strong></span> <span class='ocrx_word' id='word_1_772' title='bbox 2461 4738 2668 4796; x_wconf 80' lang='lat' dir='ltr'><strong>omnes</strong></span> <span class='ocrx_word' id='word_1_773' title='bbox 2691 4740 2854 4809; x_wconf 87' lang='lat' dir='ltr'><strong>edit.,</strong></span> <span class='ocrx_word' id='word_1_774' title='bbox 2885 4760 2907 4787; x_wconf 76' lang='grc' dir='ltr'>ι</span> <span class='ocrx_word' id='word_1_775' title='bbox 2930 4738 3165 4812; x_wconf 83' lang='lat' dir='ltr'><strong>quando</strong></span> <span class='ocrx_word' id='word_1_776' title='bbox 3179 4739 3580 4812; x_wconf 67' lang='lat' dir='ltr'><strong>nequiorem.»</strong></span> 
     </span>
    </p>
   </div>
   <div class='ocr_carea' id='block_1_111' title="bbox 1986 4811 3586 4897">
    <p class='ocr_par' dir='ltr' id='par_1_111' title="bbox 1986 4811 3586 4897">
     <span class='ocr_line' id='line_1_111' title="bbox 1986 4811 3586 4897; baseline -0.013 -24"><span class='ocrx_word' id='word_1_777' title='bbox 1986 4819 2100 4889; x_wconf 83' lang='lat'><strong>(58)</strong></span> <span class='ocrx_word' id='word_1_778' title='bbox 2130 4811 2543 4897; x_wconf 57' lang='grc' dir='ltr'><strong>Κοσμοπὸλίτῃς,</strong></span> <span class='ocrx_word' id='word_1_779' title='bbox 2578 4811 2759 4897; x_wconf 70' lang='lat' dir='ltr'><strong>idest</strong></span> <span class='ocrx_word' id='word_1_780' title='bbox 2781 4811 2985 4897; x_wconf 77' lang='lat' dir='ltr'><strong>mundi</strong></span> <span class='ocrx_word' id='word_1_781' title='bbox 3013 4811 3185 4878; x_wconf 88' lang='lat' dir='ltr'><strong>civis,</strong></span> <span class='ocrx_word' id='word_1_782' title='bbox 3218 4811 3406 4897; x_wconf 79' lang='lat' dir='ltr'><strong>inquit</strong></span> <span class='ocrx_word' id='word_1_783' title='bbox 3429 4811 3586 4866; x_wconf 71' lang='lat' dir='ltr'><strong>Nan-</strong></span> 
     </span>
    </p>
   </div>
   <div class='ocr_carea' id='block_1_112' title="bbox 1915 4891 3586 4963">
    <p class='ocr_par' dir='ltr' id='par_1_112' title="bbox 1915 4891 3586 4963">
     <span class='ocr_line' id='line_1_112' title="bbox 1915 4891 3586 4963; baseline -0.005 -8"><span class='ocrx_word' id='word_1_784' title='bbox 1915 4899 2072 4956; x_wconf 89' lang='lat' dir='ltr'><strong>nius.</strong></span> <span class='ocrx_word' id='word_1_785' title='bbox 2125 4898 2209 4951; x_wconf 91' lang='lat' dir='ltr'><strong>lta</strong></span> <span class='ocrx_word' id='word_1_786' title='bbox 2241 4891 2514 4953; x_wconf 76' lang='lat' dir='ltr'><strong>nonnulli</strong></span> <span class='ocrx_word' id='word_1_787' title='bbox 2563 4891 2906 4963; x_wconf 89' lang='lat' dir='ltr'><strong>philos0phi</strong></span> <span class='ocrx_word' id='word_1_788' title='bbox 2954 4891 3026 4946; x_wconf 89' lang='lat' dir='ltr'><strong>de</strong></span> <span class='ocrx_word' id='word_1_789' title='bbox 3085 4907 3194 4946; x_wconf 91' lang='lat' dir='ltr'><strong>sua</strong></span> <span class='ocrx_word' id='word_1_790' title='bbox 3233 4891 3421 4963; x_wconf 87' lang='lat' dir='ltr'><strong>patria</strong></span> <span class='ocrx_word' id='word_1_791' title='bbox 3459 4909 3586 4947; x_wconf 89' lang='lat' dir='ltr'><strong>res-</strong></span> 
     </span>
    </p>
   </div>
   <div class='ocr_carea' id='block_1_113' title="bbox 1914 4962 3588 5042">
    <p class='ocr_par' dir='ltr' id='par_1_113' title="bbox 1914 4962 3588 5042">
     <span class='ocr_line' id='line_1_113' title="bbox 1914 4962 3588 5042; baseline -0.004 -17"><span class='ocrx_word' id='word_1_792' title='bbox 1914 4962 2629 5042; x_wconf 85' lang='lat' dir='ltr'><strong>ponderunt,interrogati</strong></span> <span class='ocrx_word' id='word_1_793' title='bbox 2661 4962 2890 5035; x_wconf 84' lang='lat' dir='ltr'><strong>cujates</strong></span> <span class='ocrx_word' id='word_1_794' title='bbox 2912 4967 3154 5042; x_wconf 82' lang='lat' dir='ltr'><strong>essent;</strong></span> <span class='ocrx_word' id='word_1_795' title='bbox 3189 4962 3343 5018; x_wconf 86' lang='lat' dir='ltr'><strong>unde</strong></span> <span class='ocrx_word' id='word_1_796' title='bbox 3376 4963 3588 5020; x_wconf 89' lang='lat' dir='ltr'><strong>ctillud</strong></span> 
     </span>
    </p>
   </div>
   <div class='ocr_carea' id='block_1_114' title="bbox 1915 5039 3064 5116">
    <p class='ocr_par' dir='ltr' id='par_1_114' title="bbox 1915 5039 3064 5116">
     <span class='ocr_line' id='line_1_114' title="bbox 1915 5039 3064 5116; baseline -0.014 -18"><span class='ocrx_word' id='word_1_797' title='bbox 1915 5039 2104 5116; x_wconf 74' lang='lat' dir='ltr'><strong>poetae</strong></span> <span class='ocrx_word' id='word_1_798' title='bbox 2134 5044 2334 5095; x_wconf 91' lang='lat' dir='ltr'><strong>natum</strong></span> <span class='ocrx_word' id='word_1_799' title='bbox 2363 5039 2456 5092; x_wconf 89' lang='lat' dir='ltr'><strong>est</strong></span> <span class='ocrx_word' id='word_1_800' title='bbox 2490 5053 2501 5091; x_wconf 92' lang='lat'>:</span> <span class='ocrx_word' id='word_1_801' title='bbox 3055 5040 3064 5048; x_wconf 90' lang='lat'><strong>&#39;</strong></span> 
     </span>
    </p>
   </div>
   <div class='ocr_carea' id='block_1_115' title="bbox 2012 5142 3428 5207">
    <p class='ocr_par' dir='ltr' id='par_1_115' title="bbox 2012 5142 3428 5207">
     <span class='ocr_line' id='line_1_115' title="bbox 2012 5142 3428 5207; baseline -0.004 -9"><span class='ocrx_word' id='word_1_802' title='bbox 2012 5149 2174 5199; x_wconf 90' lang='lat' dir='ltr'><strong>Omne</strong></span> <span class='ocrx_word' id='word_1_803' title='bbox 2205 5142 2378 5195; x_wconf 85' lang='lat' dir='ltr'><strong>solum</strong></span> <span class='ocrx_word' id='word_1_804' title='bbox 2411 5143 2531 5193; x_wconf 83' lang='lat' dir='ltr'><strong>forti</strong></span> <span class='ocrx_word' id='word_1_805' title='bbox 2553 5143 2719 5206; x_wconf 85' lang='lat' dir='ltr'><strong>patria</strong></span> <span class='ocrx_word' id='word_1_806' title='bbox 2748 5147 2845 5202; x_wconf 86' lang='lat' dir='ltr'><strong>cst,</strong></span> <span class='ocrx_word' id='word_1_807' title='bbox 2878 5148 2936 5191; x_wconf 88' lang='lat' dir='ltr'><strong>ut</strong></span> <span class='ocrx_word' id='word_1_808' title='bbox 2965 5143 3210 5205; x_wconf 86' lang='lat' dir='ltr'><strong>piscibus</strong></span> <span class='ocrx_word' id='word_1_809' title='bbox 3229 5155 3428 5207; x_wconf 59' lang='lat' dir='ltr'><strong>aequor.</strong></span> 
     </span>
    </p>
   </div>
   <div class='ocr_carea' id='block_1_116' title="bbox 1923 5241 3588 5317">
    <p class='ocr_par' dir='ltr' id='par_1_116' title="bbox 1923 5241 3588 5317">
     <span class='ocr_line' id='line_1_116' title="bbox 1923 5241 3588 5317; baseline -0.008 -9"><span class='ocrx_word' id='word_1_810' title='bbox 1923 5253 2105 5307; x_wconf 86' lang='lat' dir='ltr'><strong>Porro</strong></span> <span class='ocrx_word' id='word_1_811' title='bbox 2137 5241 3103 5317; x_wconf 31' lang='lat' dir='ltr'><strong>superiorisresponsignon‘alium</strong></span> <span class='ocrx_word' id='word_1_812' title='bbox 3126 5245 3422 5317; x_wconf 64' lang='lat' dir='ltr'><strong>auctorem</strong></span> <span class='ocrx_word' id='word_1_813' title='bbox 3440 5242 3588 5317; x_wconf 69' lang='lat' dir='ltr'><strong>indi-</strong></span> 
     </span>
    </p>
   </div>
   <div class='ocr_carea' id='block_1_117' title="bbox 1917 5311 3581 5386">
    <p class='ocr_par' dir='ltr' id='par_1_117' title="bbox 1917 5311 3581 5386">
     <span class='ocr_line' id='line_1_117' title="bbox 1917 5311 3581 5386; baseline -0.006 -8"><span class='ocrx_word' id='word_1_814' title='bbox 1917 5327 2008 5379; x_wconf 87' lang='lat' dir='ltr'><strong>cat</strong></span> <span class='ocrx_word' id='word_1_815' title='bbox 2042 5311 2330 5385; x_wconf 85' lang='lat' dir='ltr'><strong>Nannius,</strong></span> <span class='ocrx_word' id='word_1_816' title='bbox 2371 5315 2506 5370; x_wconf 89' lang='lat' dir='ltr'><strong>nisi.</strong></span> <span class='ocrx_word' id='word_1_817' title='bbox 2539 5311 2863 5386; x_wconf 74' lang='lat' dir='ltr'><strong>Sdcratcm,</strong></span> <span class='ocrx_word' id='word_1_818' title='bbox 2901 5313 2971 5369; x_wconf 89' lang='lat' dir='ltr'><strong>de</strong></span> <span class='ocrx_word' id='word_1_819' title='bbox 3002 5329 3119 5384; x_wconf 91' lang='lat' dir='ltr'><strong>quo</strong></span> <span class='ocrx_word' id='word_1_820' title='bbox 3154 5313 3324 5368; x_wconf 83' lang='lat' dir='ltr'><strong>Erus.</strong></span> <span class='ocrx_word' id='word_1_821' title='bbox 3359 5311 3495 5368; x_wconf 88' lang='lat' dir='ltr'><strong>chil.</strong></span> <span class='ocrx_word' id='word_1_822' title='bbox 3529 5314 3581 5382; x_wconf 75' lang='lat'><strong>2,</strong></span> 
     </span>
    </p>
   </div>
   <div class='ocr_carea' id='block_1_118' title="bbox 1917 5387 3238 5460">
    <p class='ocr_par' dir='ltr' id='par_1_118' title="bbox 1917 5387 3238 5460">
     <span class='ocr_line' id='line_1_118' title="bbox 1917 5387 3238 5460; baseline -0.009 -10"><span class='ocrx_word' id='word_1_823' title='bbox 1917 5397 2070 5450; x_wconf 90' lang='lat' dir='ltr'><strong>cent.</strong></span> <span class='ocrx_word' id='word_1_824' title='bbox 2105 5393 2158 5460; x_wconf 76' lang='lat'><strong>2,</strong></span> <span class='ocrx_word' id='word_1_825' title='bbox 2194 5389 2364 5460; x_wconf 86' lang='lat' dir='ltr'><strong>adag.</strong></span> <span class='ocrx_word' id='word_1_826' title='bbox 2395 5387 2486 5460; x_wconf 86' lang='lat'><strong>93.</strong></span> <span class='ocrx_word' id='word_1_827' title='bbox 2761 5455 2850 5460; x_wconf 82' lang='lat'>___</span> <span class='ocrx_word' id='word_1_828' title='bbox 3235 5413 3238 5416; x_wconf 84' lang='lat'><strong>~</strong></span> 
     </span>
    </p>
   </div>
   <div class='ocr_carea' id='block_1_119' title="bbox 1993 5455 2878 5531">
    <p class='ocr_par' dir='ltr' id='par_1_119' title="bbox 1993 5455 2878 5531">
     <span class='ocr_line' id='line_1_119' title="bbox 1993 5455 2878 5531; baseline -0.009 -12"><span class='ocrx_word' id='word_1_829' title='bbox 1993 5465 2106 5531; x_wconf 84' lang='grc'><strong>(51)</strong></span> <span class='ocrx_word' id='word_1_830' title='bbox 2136 5455 2364 5531; x_wconf 75' lang='lat' dir='ltr'><strong>Scripta</strong></span> <span class='ocrx_word' id='word_1_831' title='bbox 2397 5459 2564 5531; x_wconf 84' lang='lat' dir='ltr'><strong>circa</strong></span> <span class='ocrx_word' id='word_1_832' title='bbox 2585 5473 2720 5531; x_wconf 82' lang='lat' dir='ltr'><strong>ann.</strong></span> <span class='ocrx_word' id='word_1_833' title='bbox 2753 5455 2878 5512; x_wconf 84' lang='lat'><strong>389.</strong></span> 
     </span>
    </p>
   </div>
   <div class='ocr_carea' id='block_1_120' title="bbox 1989 5525 3586 5607">
    <p class='ocr_par' dir='ltr' id='par_1_120' title="bbox 1989 5525 3586 5607">
     <span class='ocr_line' id='line_1_120' title="bbox 1989 5525 3586 5607; baseline -0.008 -16"><span class='ocrx_word' id='word_1_834' title='bbox 1989 5525 2101 5606; x_wconf 72' lang='grc'>(55)</span> <span class='ocrx_word' id='word_1_835' title='bbox 2146 5525 2289 5607; x_wconf 63' lang='grc' dir='ltr'><strong>νειξ</strong></span> <span class='ocrx_word' id='word_1_836' title='bbox 2317 5531 2478 5607; x_wconf 84' lang='lat' dir='ltr'><strong>cdit.,</strong></span> <span class='ocrx_word' id='word_1_837' title='bbox 2516 5529 2884 5607; x_wconf 58' lang='grc' dir='ltr'><strong>ριῃρινοείιζε</strong></span> <span class='ocrx_word' id='word_1_838' title='bbox 2919 5527 3186 5607; x_wconf 43' lang='grc' dir='ltr'><strong>Ιιοοηωρς.</strong></span> <span class='ocrx_word' id='word_1_839' title='bbox 3231 5525 3402 5607; x_wconf 80' lang='lat' dir='ltr'><strong>Rom.</strong></span> <span class='ocrx_word' id='word_1_840' title='bbox 3451 5541 3586 5607; x_wconf 79' lang='lat' dir='ltr'><strong>cum</strong></span> 
     </span>
    </p>
   </div>
   <div class='ocr_carea' id='block_1_121' title="bbox 1918 5596 3584 5676">
    <p class='ocr_par' dir='ltr' id='par_1_121' title="bbox 1918 5596 3584 5676">
     <span class='ocr_line' id='line_1_121' title="bbox 1918 5596 3584 5676; baseline -0.008 -13"><span class='ocrx_word' id='word_1_841' title='bbox 1918 5596 2094 5676; x_wconf 69' lang='lat' dir='ltr'><strong>mss,</strong></span> <span class='ocrx_word' id='word_1_842' title='bbox 2123 5596 2480 5676; x_wconf 74' lang='lat' dir='ltr'><strong>Ambrosius</strong></span> <span class='ocrx_word' id='word_1_843' title='bbox 2505 5601 2732 5655; x_wconf 83' lang='lat' dir='ltr'><strong>Sabino</strong></span> <span class='ocrx_word' id='word_1_844' title='bbox 2752 5601 3050 5676; x_wconf 72' lang='lat' dir='ltr'><strong>episcopo,</strong></span> <span class='ocrx_word' id='word_1_845' title='bbox 3072 5598 3186 5651; x_wconf 91' lang='lat' dir='ltr'><strong>nisi</strong></span> <span class='ocrx_word' id='word_1_846' title='bbox 3211 5596 3365 5676; x_wconf 75' lang='lat' dir='ltr'><strong>quod</strong></span> <span class='ocrx_word' id='word_1_847' title='bbox 3391 5611 3466 5649; x_wconf 76' lang='lat' dir='ltr'><strong>ex</strong></span> <span class='ocrx_word' id='word_1_848' title='bbox 3490 5596 3584 5676; x_wconf 80' lang='lat' dir='ltr'><strong>his</strong></span> 
     </span>
    </p>
   </div>
   <div class='ocr_carea' id='block_1_122' title="bbox 1917 5667 3586 5748">
    <p class='ocr_par' dir='ltr' id='par_1_122' title="bbox 1917 5667 3586 5748">
     <span class='ocr_line' id='line_1_122' title="bbox 1917 5667 3586 5748; baseline -0.008 -12"><span class='ocrx_word' id='word_1_849' title='bbox 1917 5667 2098 5736; x_wconf 84' lang='lat' dir='ltr'><strong>multo</strong></span> <span class='ocrx_word' id='word_1_850' title='bbox 2131 5677 2332 5748; x_wconf 87' lang='lat' dir='ltr'><strong>plures</strong></span> <span class='ocrx_word' id='word_1_851' title='bbox 2366 5674 2636 5748; x_wconf 62' lang='lat' dir='ltr'><strong>omittunt</strong></span> <span class='ocrx_word' id='word_1_852' title='bbox 2667 5667 2965 5748; x_wconf 37' lang='lat' dir='ltr'><strong>opis—90120;</strong></span> <span class='ocrx_word' id='word_1_853' title='bbox 3000 5667 3208 5748; x_wconf 80' lang='lat' dir='ltr'><strong>Neque</strong></span> <span class='ocrx_word' id='word_1_854' title='bbox 3247 5670 3442 5748; x_wconf 76' lang='lat' dir='ltr'><strong>tamen</strong></span> <span class='ocrx_word' id='word_1_855' title='bbox 3476 5671 3586 5722; x_wconf 48' lang='lat' dir='ltr'><strong>mi‘</strong></span> 
     </span>
    </p>
   </div>
   <div class='ocr_carea' id='block_1_123' title="bbox 1919 5739 3594 5820">
    <p class='ocr_par' dir='ltr' id='par_1_123' title="bbox 1919 5739 3594 5820">
     <span class='ocr_line' id='line_1_123' title="bbox 1919 5739 3594 5820; baseline -0.007 -12"><span class='ocrx_word' id='word_1_856' title='bbox 1919 5768 2032 5809; x_wconf 90' lang='lat' dir='ltr'><strong>nus</strong></span> <span class='ocrx_word' id='word_1_857' title='bbox 2065 5739 2290 5806; x_wconf 63' lang='lat' dir='ltr'><strong>certum</strong></span> <span class='ocrx_word' id='word_1_858' title='bbox 2321 5749 2412 5802; x_wconf 85' lang='lat' dir='ltr'><strong>est</strong></span> <span class='ocrx_word' id='word_1_859' title='bbox 2442 5739 2724 5802; x_wconf 81' lang='lat' dir='ltr'><strong>Sabinum</strong></span> <span class='ocrx_word' id='word_1_860' title='bbox 2770 5739 2936 5796; x_wconf 82' lang='lat' dir='ltr'><strong>illum</strong></span> <span class='ocrx_word' id='word_1_861' title='bbox 2989 5753 3059 5795; x_wconf 86' lang='lat' dir='ltr'><strong>ea</strong></span> <span class='ocrx_word' id='word_1_862' title='bbox 3099 5739 3383 5812; x_wconf 77' lang='lat' dir='ltr'><strong>dignitate</strong></span> <span class='ocrx_word' id='word_1_863' title='bbox 3416 5755 3594 5820; x_wconf 50' lang='lat' dir='ltr'><strong>ornaf</strong></span> 
     </span>
    </p>
   </div>
   <div class='ocr_carea' id='block_1_124' title="bbox 3145 5891 3236 5963">
    <p class='ocr_par' dir='ltr' id='par_1_124' title="bbox 3145 5891 3236 5963">
     <span class='ocr_line' id='line_1_124' title="bbox 3145 5891 3236 5963; baseline -0.055 -8"><span class='ocrx_word' id='word_1_864' title='bbox 3145 5891 3236 5963; x_wconf 77' lang='lat'><strong>38,</strong></span> 
     </span>
    </p>
   </div>
  </div>
