3978 6168
215 337 351 403 1197

1336 323 1956 396 EPISTOLARUM
2002 327 2340 394 CLASSIS
2384 329 2432 394 Ι.

3478 326 3637 396 1198

215 538 373 594 dicit:
408 557 429 582 ει
463 533 792 605 Speciosus
822 532 1013 589 forma
1033 549 1159 605 prae
1183 533 1322 588 (iliis
1343 532 1645 588 hominum
1669 531 1854 604 (PsaI.
1878 516 1933 579 Α
1972 531 2164 603 (PsaI.
2189 550 2408 603 Lxxxv,
2435 531 2527 603 2);
2567 555 2586 582 η
2616 534 2672 588 et
2695 532 2845 587 int'ra
2866 534 2926 588 in
2961 533 3170 588 eodem
3199 530 3462 603 psalmo:
3503 553 3524 581 α
3551 531 3636 587 Da

215 641 353 694 κων,
384 623 457 692 3).
496 642 519 674 ι

1972 625 2322 692 potestatem
2345 636 2530 692 puero
2561 625 2683 692 tuo,
2718 626 2775 676 et
2803 622 3034 677 salvum
3064 622 3155 676 fac
3187 621 3371 676 tilium
3404 620 3638 676 ancillae

276 713 323 768 7.
360 712 741 767 Concluditur
771 711 1214 782 Apollinarista,
1263 727 1372 766 nec
1422 728 1538 783 quo
1571 728 1636 766 se
1671 713 1860 766 vertat
1975 714 2092 766 tuae
2125 711 2301 781 (Ibid.
2340 710 2450 781 16).
2492 735 2512 758 ιι
2547 709 2845 783 Congessi
2878 711 3032 765 enim
3064 711 3257 765 Patris
3287 714 3344 765 et
3372 708 3504 765 Filii
3538 726 3641 766 vo-

213 804 390 871 habet,
421 802 551 856 suis
581 801 874 857 clauditur
919 802 1168 856 retibus.
1223 802 1354 872 Ipse
1387 802 1542 856 enim
1592 801 1856 856 dixerat:

215 893 468 948 Formam
497 891 660 945 servi
686 891 932 961 accepit,
968 906 1086 945 non
1117 905 1332 945 servus
1364 891 1554 945 lectus
1605 892 1696 944 est
1726 891 1858 960 (61).

214 983 411 1037 Iterum
455 995 603 1052 ergo
652 980 978 1052 interrogo,
1032 980 1171 1050 quid
1222 983 1313 1034 est
1361 980 1418 1033 in
1468 979 1656 1033 forma
1709 979 1883 1033 Dei?

215 1069 570 1140 Respondet:
597 1068 663 1122 In
685 1072 890 1123 natura
914 1069 1040 1136 Dei,
1063 1067 1210 1122 Sunt
1226 1068 1403 1137 enim,
1424 1068 1501 1122 ait
1517 1067 1862 1137 Apostolus,

214 1180 234 1211 ι
264 1159 359 1231 qui
403 1174 524 1213 non
553 1161 692 1213 sunt
734 1161 942 1212 natura
995 1157 1076 1211 dii
1115 1156 1335 1226 (Galat.
1369 1173 1448 1226 xv,
1480 1157 1560 1227 8).
1594 1177 1620 1207 »
1653 1155 1865 1222 Quaero

209 1247 335 1320 quid
351 1247 446 1314 sit,
473 1269 501 1296 ι
525 1246 776 1302 formam
797 1247 958 1301 servi
984 1247 1285 1316 accipiens
1305 1245 1592 1317 (Philipp.
1626 1263 1685 1314 ιι,
1719 1246 1797 1315 'l).
1839 1268 1861 1294 ιι

208 1337 336 1392 Sine
357 1336 539 1391 dubio
573 1335 1000 1407 perfectionem
1039 1339 1267 1390 naturae
1308 1338 1367 1390 et
1394 1334 1774 1403 conditionis,
1809 1336 1873 1388 ut

207 1425 338 1495 dixi,
374 1425 670 1493 humanis,
711 1427 776 1480 ut
805 1426 971 1480 esset
1023 1424 1083 1478 in
1112 1423 1416 1480 hominum
1464 1422 1866 1477 similitudine.

204 1513 268 1568 Et
286 1513 534 1585 pulchre
555 1530 674 1570 non
695 1514 916 1583 carnis,
942 1514 1049 1568 sed
1067 1513 1373 1570 hominum
1405 1512 1553 1567 dixit
1584 1512 1870 1567 similitu-

205 1603 422 1673 dinem;
461 1603 598 1675 quia
622 1603 681 1657 in
703 1618 884 1658 carne
903 1603 1127 1658 eadem.
1153 1601 1271 1658 Sed
1287 1603 1423 1674 quia
1466 1602 1597 1657 sine
1619 1603 1861 1672 peccato

206 1694 323 1748 erat
341 1693 535 1762 solus,
559 1691 754 1747 omnis
776 1694 972 1747 autem
989 1691 1166 1746 homo
1206 1691 1265 1744 in
1286 1693 1550 1762 peccato,
1577 1691 1636 1745 in
1673 1689 1874 1760 specie

209 1781 463 1836 hominis
493 1780 822 1835 videbatur.
860 1779 1030 1834 Unde
1059 1781 1117 1834 et
1145 1779 1434 1850 propheta
1464 1779 1578 1834 ait:
1616 1798 1638 1828 ‹
1675 1777 1747 1832 Et
1778 1777 1878 1833 ho-

1979 818 2101 870 ces,
2136 805 2198 854 ut
2227 800 2281 854 ei
2312 817 2428 855 non
2459 803 2806 872 argumenta
2845 800 3120 870 humana,
3154 799 3260 855 sed
3292 799 3490 854 divina
3514 816 3641 855 res-

1978 891 2305 962 ponderent
2336 889 2593 944 oracula.

2053 979 2140 1034 10.
2177 978 2332 1033 Alibi
2362 979 2583 1050 inquit:
2624 1001 2644 1025 ιι
2682 978 2742 1032 In
2765 994 2974 1033 manus
2997 981 3128 1032 tuas
3161 977 3507 1034 commendo
3529 978 3645 1050 spi-

1981 1069 2156 1124 ritum
2186 1084 2380 1122 meum
2413 1067 2601 1138 (PsaI.
2635 1085 2779 1138 xxx,
2803 1066 2857 1138 6)
2883 1083 2897 1138 ;
2927 1089 2948 1118 ι
2985 1071 3072 1122 et:
3111 1089 3132 1115 ιι
3157 1065 3642 1124 Statuistiinloco

1982 1158 2248 1229 spatioso
2270 1156 2454 1227 pedes
2472 1173 2639 1212 meos
2663 1157 2838 1227 (Ibid.
2862 1157 2953 1226 9);
2991 1181 3012 1205 n
3040 1159 3096 1210 et
3120 1172 3132 1212 :
3169 1179 3190 1204 α
3225 1156 3416 1227 Super
3436 1172 3643 1213 omnes

1983 1247 2257 1301 inimicos
2284 1261 2448 1300 meos
2468 1245 2661 1301 factus
2679 1261 2812 1301 sum
2848 1245 3234 1317 opprobrium
3255 1245 3433 1316 (Ibid.
3471 1245 3580 1316 12).
3619 1264 3642 1297 υ

1983 1335 2055 1389 Et
2076 1336 2134 1389 in
2157 1335 2363 1390 eodem
2384 1334 2614 1405 psalmo
2641 1350 2653 1390 :
2691 1357 2714 1386 ι
2750 1334 2984 1390 Illustra
3015 1333 3228 1388 faciem
3258 1337 3418 1390 tuam
3461 1350 3646 1406 super

1985 1440 2227 1479 servum
2263 1427 2425 1478 tuum
2446 1423 2624 1494 (Ibid.
2664 1423 2773 1495 17).
2796 1445 2822 1475 ι»
2857 1423 2972 1478 Per
2998 1423 3212 1478 Isaiam
3242 1439 3479 1496 quoque
3509 1423 3651 1479 dicit

1984 1513 2113 1584 ipse
2144 1513 2330 1568 Filius
2377 1511 2518 1568 Dei:
2557 1536 2579 1560 ιι
2632 1512 2722 1568 Ex
2770 1515 2937 1568 utero
2986 1512 3190 1567 matris
3235 1527 3384 1568 meae
3417 1513 3652 1569 vocavit

1985 1602 2272 1657 Dominus
2311 1609 2525 1656 nomen
2548 1617 2762 1672 meum,
2788 1605 2845 1656 et
2865 1601 3066 1672 posuit
3099 1617 3168 1657 os
3211 1617 3405 1657 meum
3426 1604 3490 1657 ut
3518 1602 3650 1674 gla-

1985 1691 2148 1746 dium
2179 1692 2435 1759 acutum,
2486 1692 2544 1746 et
2573 1689 2686 1744 sub
2733 1693 3072 1761 tegumento
3118 1705 3329 1745 manus
3359 1706 3486 1746 sum
3517 1706 3652 1762 pro-

1984 1779 2132 1836 texit
2177 1794 2292 1834 me.
2344 1779 2555 1834 Posuit
2599 1794 2691 1834 me
2736 1778 2894 1834 sicut
2941 1779 3217 1851 sagittam
3275 1779 3543 1851 electam,
3598 1783 3655 1836 et

207 1886 297 1926 mo
329 1873 441 1938 est,
480 1873 537 1924 et
565 1869 701 1940 quis
732 1871 1060 1940 cognoscet
1089 1884 1223 1923 eum
1251 1867 1498 1938 (Jerem.
1532 1884 1679 1938 xvu,
1711 1867 1817 1938 9)?
1849 1889 1869 1914 ιι
1902 1897 1955 1962 Β
1985 1869 2261 1940 pharetra
2285 1884 2392 1923 sua
2410 1867 2556 1923 texit
2577 1883 2705 1923 me:
2740 1869 2798 1923 et
2827 1867 2977 1923 dixit
3010 1867 3153 1922 mihi
3179 1882 3192 1923 :
3227 1866 3454 1924 Servus
3483 1883 3655 1926 meus

205 1958 390 2014 Homo
411 1957 748 2014 secundum
772 1972 1031 2025 carnem,
1049 1956 1158 2012 sed
1179 1956 1331 2012 ultra
1353 1957 1652 2012 hominem
1669 1971 1878 2011 secun-

209 2047 340 2103 dum
362 2047 628 2102 divinam
651 2047 1071 2117 operationem.
1096 2046 1362 2118 Denique
1404 2061 1540 2101 cum
1571 2046 1879 2116 leprosum

215 2139 510 2208 tangeret,
571 2135 746 2190 homo
795 2134 1143 2191 videbatur:
1195 2135 1301 2190 sed
1360 2135 1513 2189 ultra
1559 2135 1878 2203 hominem,

217 2241 346 2280 cum
375 2225 723 2280 emendaret
753 2224 992 2294 (Matth.
1023 2240 1146 2293 vm,
1179 2224 1256 2294 3).
1305 2223 1378 2278 Et
1425 2239 1559 2279 cum
1587 2224 1877 2278 Lazarum

204 2316 367 2370 fleret
401 2317 705 2369 mortuum
733 2312 925 2385 (Joan.
959 2331 1043 2384 χι,
1074 2313 1186 2384 35),
1221 2313 1393 2384 quasi
1443 2313 1620 2369 homo
1664 2313 1878 2367 flebat:

205 2405 308 2459 sed
367 2419 559 2475 supra
589 2402 888 2457 hominem
937 2404 1082 2472 erat,
1135 2418 1269 2457 cum
1313 2404 1609 2457 mortuum
1642 2401 1887 2473 juberet

203 2493 420 2548 vinctis
434 2491 697 2564 pedibus
715 2490 879 2546 exire
893 2489 1070 2562 (Ibid.
1089 2489 1197 2560 44).
1215 2489 1404 2546 Homo
1427 2491 1738 2546 videbatur
1751 2507 1885 2545 cum

204 2583 496 2654 penderet
515 2581 574 2635 in
593 2595 800 2635 cruce:
828 2579 935 2634 sed
958 2595 1138 2649 supra
1160 2579 1458 2634 hominem
1474 2597 1628 2650 cum,
1646 2596 1886 2635 resera-

202 2671 276 2727 tis
299 2671 576 2740 tumuIis,
601 2672 868 2724 mortuos
887 2669 1277 2723 resuscitaret
1302 2669 1537 2739 (Matth.
1564 2686 1749 2739 xxvn,
1773 2670 1885 2738 52).

270 2761 324 2815 8.
347 2761 486 2815 Nec
504 2759 621 2815 sibi
651 2758 988 2814 blandiatur
1020 2758 1187 2813 virus
1217 2757 1608 2830 Apollinaris,
1644 2759 1783 2830 quia
1813 2759 1890 2813 ita

203 2849 423 2922 legitur
479 2847 634 2920 (62):
690 2868 712 2899 ε
765 2848 837 2903 Ει
885 2847 1086 2918 specie
1133 2847 1410 2903 inventus
1462 2852 1555 2902 est
1595 2851 1658 2903 ut
1711 2849 1887 2903 homo

202 2940 503 3012 (Philipp.
527 2954 590 3009 ιι,
609 2937 666 3009 7)
691 2953 706 3008 ;
734 2961 756 2986 η
784 2953 902 2992 non
919 2937 1076 2992 enim
1099 2940 1353 3010 negatus
1371 2941 1465 2992 est
1486 2938 1662 2992 homo
1685 2937 1888 3004 Jesus,

206 3045 337 3084 cum
368 3028 522 3083 alibi
555 3028 684 3098 ipse
716 3027 939 3081 Paulus
971 3027 1042 3081 de
1075 3041 1146 3082 eo
1177 3027 1370 3082 dicat:
1408 3048 1430 3077 α
1467 3027 1755 3081 Mediator
1785 3026 1891 3082 Dei

204 3123 258 3174 et
299 3119 622 3174 hominum
666 3116 844 3172 homo
892 3115 1169 3171 Christus
1218 3116 1400 3171 Jesus
1451 3116 1507 3188 (I
1541 3116 1685 3170 Tim.
1721 3134 1780 3186 ιι,
1813 3117 1889 3186 5),

205 3209 312 3263 sed
365 3207 766 3263 continuatus
813 3207 923 3260 est.
970 3204 1035 3259 Id
1074 3205 1230 3260 enim
1280 3207 1372 3260 est
1420 3221 1571 3260 usus
1622 3208 1679 3260 et
1709 3205 1894 3259 moris

203 3297 547 3368 Scripturae
570 3296 660 3350 sic
678 3295 1043 3367 significare,
1064 3295 1223 3349 sicut
1244 3297 1301 3350 et
1319 3295 1380 3349 in
1409 3293 1735 3366 Evangelio
1753 3294 1895 3367 legi-

205 3403 380 3442 mus:
423 3407 448 3438 ι
511 3385 585 3440 Et
630 3384 890 3439 vidimus
935 3383 1188 3456 gloriam
1235 3383 1391 3456 ejus,
1441 3384 1690 3456 gloriam
1722 3383 1894 3454 quasi

199 3475 510 3549 unigeniti
557 3491 591 3529 a
639 3474 812 3528 Patre
861 3472 1052 3544 (Joan.
1098 3489 1138 3542 ι,
1192 3473 1268 3542 4).
1313 3471 1478 3529 Sicut
1525 3489 1672 3544 ergo
1722 3473 1894 3545 quasi

198 3567 566 3639 unigenitus
587 3558 824 3633 dicitur,
862 3565 919 3618 et
948 3577 1066 3618 non
1107 3562 1386 3617 abnuitur
1415 3562 1758 3635 unigenitus
1792 3562 1898 3617 Dei

204 3654 436 3725 Filius;
471 3655 558 3709 ita
605 3656 670 3708 ut
697 3653 874 3708 homo
918 3651 1154 3724 dicitur,
1189 3654 1248 3708 et
1293 3651 1581 3723 perfectio
1614 3651 1804 3708 fuisse
1838 3653 1896 3706 in

207 3761 284 3801 eo
313 3743 595 3800 hominis
626 3758 744 3797 non
774 3743 1043 3814 negatur.

285 3825 444 3891 987
479 3832 542 3888 9.
565 3832 712 3888 Cum
734 3834 900 3887 esset
919 3831 1104 3903 igitur
1125 3831 1186 3886 in
1205 3829 1395 3886 forma
1417 3831 1598 3901 servi,
1632 3830 1900 3886 humilia-

205 3927 306 3980 tus
337 3938 553 3996 usque
583 3921 656 3976 ad
698 3923 967 3989 mortem,
1019 3923 1144 3976 erat
1189 3923 1381 3976 tamen
1431 3922 1493 3975 in
1541 3920 1647 3976 Dei
1688 3920 1898 3993 gloria.

210 4011 364 4079 Quid
384 4013 447 4068 ei
473 4011 663 4084 igitur
686 4009 876 4066 obfuit
898 4009 1159 4065 servitus
1179 4011 1208 4064 ?
1238 4009 1462 4065 Servus
1485 4012 1680 4064 autem
1710 4009 1902 4064 factus

211 4103 470 4176 legitur,
513 4100 651 4172 quia
683 4099 900 4172 legitur
929 4099 1122 4154 factus
1153 4113 1229 4153 ex
1259 4097 1529 4170 Virgine,
1581 4101 1638 4153 et
1666 4101 1901 4153 creatus

218 4191 281 4247 in
303 4207 508 4246 carne
532 4205 548 4261 ;
581 4190 776 4246 omnis
813 4189 968 4244 enim
993 4191 1260 4243 creatura
1283 4187 1485 4257 servit,
1509 4187 1739 4243 dicente
1762 4187 1903 4242 Pro-

211 4281 440 4352 pheta:
487 4302 512 4327 ε
547 4278 701 4344 Quia
732 4278 1014 4333 universa
1045 4277 1318 4332 serviunt
1346 4277 1452 4332 tibi
1477 4275 1666 4348 (Psal.
1699 4293 1900 4348 cxvm,

205 4371 325 4439 91).
357 4391 382 4420 ι
415 4369 598 4424 Unde
627 4371 685 4422 et
714 4367 875 4422 Deus
908 4368 1080 4422 Pater
1105 4367 1216 4422 ait:
1273 4389 1295 4414 σε
1331 4366 1536 4420 Inveni
1568 4365 1750 4420 David
1780 4380 1906 4420 ser-

205 4476 356 4514 vum
393 4474 630 4527 meum,
663 4457 725 4511 in
754 4456 888 4512 oleo
919 4459 1124 4511 sancto
1155 4456 1298 4510 unxi
1321 4471 1474 4512 eum.
1508 4456 1642 4527 Ipse
1673 4455 1908 4509 vecabit

205 4564 342 4605 me:
384 4549 577 4602 Pater
606 4561 775 4601 meus
805 4561 872 4600 es
903 4548 983 4613 tu,
1021 4545 1182 4601 Deus
1215 4545 1424 4601 salutis
1471 4561 1638 4600 meae.
1675 4545 1744 4600 Et
1793 4560 1906 4618 ego

1987 1974 2054 2014 es
2103 1962 2184 2028 tu,
2238 1957 2423 2011 Israel
2469 1956 2609 2026 (Isa.
2661 1973 2820 2026 xux,
2854 1955 2993 2029 1-3).
3028 1980 3050 2006 υ
3109 1956 3334 2012 Dicitur
3363 1957 3520 2013 enim
3549 1958 3655 2014 Dei

1989 2047 2176 2102 Filius
2208 2050 2264 2101 et
2295 2045 2502 2116 Israel,
2537 2046 2694 2100 sicut
2741 2045 2915 2101 alibi:
2971 2068 2992 2094 ιι
3028 2045 3215 2103 Jacob
3265 2061 3414 2118 puer
3459 2062 3653 2117 meus,

1991 2135 2176 2190 Israel
2207 2135 2460 2190 dilectus
2482 2149 2651 2189 meus
2681 2133 2822 2204 (Isa.
2847 2151 3001 2203 κων,
3030 2135 3296 2205 i).Solus
3325 2137 3483 2192 enim
3513 2151 3657 2191 vere

1993 2225 2179 2280 Deum
2208 2225 2440 2279 Patrem
2456 2239 2571 2278 non
2598 2222 2793 2277 solum
2813 2222 2977 2294 vidit,
3022 2223 3129 2278 sed
3153 2225 3326 2279 etiam
3362 2225 3659 2280 enarravit

1992 2313 2183 2384 (Joan.
2217 2330 2255 2383 ι,
2291 2312 2400 2383 18).

2065 2400 2153 2457 11.
2201 2401 2274 2456 Et
2321 2401 2629 2473 sequitur:
2686 2423 2707 2452 ε
2762 2403 2826 2457 In
2874 2405 2930 2458 te
2973 2401 3375 2475 glorificabor.
3425 2402 3498 2460 Et
3543 2417 3658 2477 ego

1995 2492 2118 2547 dixi
2143 2507 2156 2547 :
2180 2491 2244 2546 In
2277 2507 2531 2546 vacuum
2567 2491 2854 2563 laboravi,
2878 2495 2935 2546 et
2963 2493 3024 2546 in
3055 2492 3303 2548 nihilum
3332 2492 3464 2549 dedi
3495 2493 3659 2548 vires

1995 2596 2160 2635 meas
2186 2597 2200 2636 :
2233 2579 2669 2652 ideojudicium
2693 2597 2887 2637 meum
2909 2585 3042 2637 ante
3060 2582 3395 2654 Dominum,
3419 2585 3476 2638 et
3493 2582 3663 2638 dolor

1997 2686 2168 2726 meus
2189 2673 2322 2725 ante
2364 2670 2551 2726 Deum
2593 2686 2788 2726 meum
2809 2670 2950 2742 (Isa.
2981 2688 3141 2743 χιιι,
3163 2671 3219 2744 3,
3239 2669 3320 2744 4).
3349 2695 3371 2720 »ι
3399 2670 3472 2726 Et
3501 2687 3661 2727 nunc

1991 2759 2090 2814 sic
2113 2759 2254 2814 dicit
2276 2759 2585 2832 Dominus,
2614 2783 2635 2807 α
2663 2760 2766 2832 qui
2795 2759 2965 2815 ﬁnxit
2991 2777 3083 2816 me
3115 2777 3357 2817 servum
3397 2777 3474 2818 ex
3491 2764 3662 2817 utero

2001 2849 2118 2903 sibi
2151 2848 2223 2903 ad
2253 2849 2740 2921 congregandum
2778 2849 2963 2906 Jacob
2994 2854 3052 2906 et
3091 2850 3276 2906 Israel
3308 2851 3487 2922 (Ibid.
3520 2852 3596 2920 5).
3636 2874 3659 2900 ιι

1999 2937 2144 3004 Quis
2169 2940 2556 3011 congregavit
2578 2938 2683 2994 Dei
2706 2938 3009 3011 populum,
3033 2941 3153 2996 nisi
3181 2940 3500 2996 Christus?
3519 2939 3666 3006 Quis

1999 3027 2371 3100 gloriﬁcatus
2395 3032 2488 3082 est
2507 3032 2641 3084 ante
2666 3029 2976 3084 Dominum
2993 3045 3023 3099 ε,
3043 3029 3189 3095 Quis
3211 3033 3305 3084 est
3317 3029 3424 3084 Dei
3435 3030 3668 3084 virtus?

2001 3117 2108 3171 Cui
2167 3117 2313 3171 dixit
2373 3117 2578 3172 Pater:
2646 3141 2668 3166 ε
2733 3118 3012 3191 Magnum
3068 3117 3174 3172 tibi
3229 3121 3323 3173 est
3369 3118 3571 3173 vocari
3610 3121 3667 3173 te

2002 3221 2250 3276 puerum
2296 3222 2488 3260 meum
2529 3206 2706 3276 (Ibid.
2757 3206 2814 3277 6)
2849 3208 2877 3262 ?
2931 3229 2952 3254 ιο
3002 3205 3074 3260 Et
3115 3204 3210 3280 cui
3239 3206 3416 3262 dicit:
3457 3228 3478 3255 α
3512 3205 3667 3262 Ecce

2003 3296 2178 3366 posui
2224 3298 2280 3349 te
2330 3296 2390 3349 in
2435 3298 2851 3352 testamentum
2895 3295 3137 3369 generis
3181 3296 3318 3367 mei,
3367 3295 3429 3351 in
3474 3295 3668 3351 lucem

2005 3385 2307 3458 gentium;
2357 3388 2419 3439 ut
2463 3385 2551 3440 sis
2599 3386 2657 3440 in
2703 3385 2952 3441 salutem
2999 3401 3192 3458 usque
3235 3387 3309 3442 ad
3339 3387 3671 3442 extremum

2004 3477 2180 3529 terrae
2211 3473 2389 3546 (Ibid.
2419 3472 2496 3544 5).
2528 3497 2550 3522 ιι
2580 3473 2661 3529 De
2692 3490 2809 3546 quo
2839 3477 3012 3530 etiam
3044 3491 3151 3547 per
3179 3491 3249 3531 es
3280 3475 3553 3532 Ezechiel
3585 3475 3670 3530 lo-

2007 3567 2179 3618 cutus
2205 3565 2314 3633 est,
2341 3562 2570 3617 dicens.
2608 3583 2631 3614 ι
2665 3564 2979 3620 Suscitabo
3011 3581 3195 3636 super
3233 3580 3339 3621 eos
3369 3568 3670 3637 pastorem

2008 3668 2209 3722 unum,
2259 3655 2316 3707 et
2362 3655 2530 3724 reget
2559 3667 2666 3708 eos
2712 3669 2928 3709 servus
2980 3671 3147 3710 meus
3199 3655 3407 3728 David,
3457 3657 3514 3710 et
3561 3654 3674 3709 erit

2009 3757 2213 3797 eorum
2275 3743 2531 3812 pastor;
2599 3745 2657 3797 et
2723 3757 2836 3816 ego
2904 3743 3190 3800 Dominus
3259 3760 3360 3801 ero
3427 3744 3548 3798 illis
3613 3744 3674 3800 in

2010 3831 2216 3901 Deum,
2253 3834 2310 3885 et
2331 3827 2514 3884 David
2547 3831 2606 3884 in
2638 3831 2831 3886 medio
2863 3849 3070 3888 eorum
3101 3833 3383 3906 princeps
3412 3833 3664 3903 (Ezccb.

2009 3935 2215 3990 xxxxv,
2255 3918 2345 3990 23,
2385 3919 2496 3990 24).
2541 3945 2563 3968 ι
2617 3921 2802 3976 David
2831 3922 3030 3994 utique
3062 3939 3170 3978 rex
3199 3921 3328 3995 jam
3358 3922 3674 3978 defunctus

2009 4012 2153 4080 erat,
2205 4013 2262 4065 et
2305 4010 2437 4066 ideo
2484 4025 2663 4066 verus
2715 4011 2922 4083 David,
2973 4028 3154 4068 verus
3199 4012 3462 4082 humilis,
3492 4026 3675 4067 verus

2009 4102 2380 4170 mansuetus,
2416 4115 2598 4156 verus
2634 4117 2810 4156 manu
2843 4102 3014 4158 fortis
3055 4103 3158 4157 Dei
3183 4102 3391 4173 Filius,
3423 4102 3536 4157 hoc
3567 4117 3676 4155 an-

2012 4189 2312 4244 nuntiatur
2329 4190 2604 4261 nomine;
2638 4191 2738 4262 qui
2759 4192 3009 4246 etiamin
3050 4191 3350 4246 Zachariae
3371 4189 3676 4262 prephetae

2013 4277 2166 4333 libro
2207 4278 2601 4350 significatur,
2637 4281 2868 4335 dicente
2909 4281 3030 4335 Deo
3070 4281 3280 4335 Patre:
3320 4302 3342 4327 α
3377 4277 3532 4332 Ecce
3562 4293 3677 4349 ego

2014 4366 2236 4421 mittam
2254 4383 2496 4423 servum
2530 4384 2745 4439 meum,
2777 4369 2990 4424 Oriens
3016 4384 3231 4424 nomen
3266 4370 3359 4422 est
3387 4367 3437 4422 ei
3469 4366 3675 4436 (Zacb.

2015 4473 2098 4527 ιιι,
2123 4456 2198 4526 8).
2223 4480 2245 4504 ιι
2268 4457 2568 4529 Numquid
2603 4459 2739 4529 quia
2779 4457 3033 4512 habebat
3059 4457 3408 4511 vestimenta
3440 4455 3680 4510 sordida

2015 4544 2147 4600 ideo
2175 4545 2469 4618 fulgorem
2499 4547 2819 4602 divinitatis
2851 4562 2978 4602 suae
3011 4547 3110 4602 Sol
3151 4545 3401 4618 justitiaa
3424 4560 3542 4600 non
3572 4545 3680 4600 ha-

197 4637 695 4709 primogenitum
728 4651 944 4706 ponam
996 4650 1129 4689 eum
1157 4634 1348 4706 (Psal.
1383 4652 1644 4704 Lxxxvu,
1694 4634 1782 4702 24,
1817 4635 1904 4704 2Ἶ,
1935 4623 1990 4690 D
2020 4634 2240 4689 hebat‘?

205 4727 303 4798 28)
332 4744 349 4797 ;
392 4752 416 4775 υ
461 4729 526 4781 et
555 4725 614 4778 in
645 4725 763 4780 alio
792 4725 1058 4796 psalmo:
1097 4746 1118 4773 ι
1154 4723 1394 4780 Custodi
1418 4725 1670 4779 animam
1690 4740 1908 4795 meam;

205 4816 523 4889 quoniam
555 4817 803 4870 sanctus
833 4829 1002 4870 sum:
1057 4813 1290 4869 salvum
1338 4813 1430 4868 fac
1475 4831 1716 4870 servum
1749 4819 1910 4868 tuum

285 4957 415 5030 (61)
433 4958 667 5030 Leonis
690 4957 958 5028 epistola,
985 4980 1006 5007 α
1024 4973 1141 5030 non
1155 4972 1372 5030 servus
1385 4955 1618 5030 locutus
1634 4959 1746 5026 est;
1767 4978 1787 5007 ι
1807 4958 1914 5012 sed

212 5026 454 5086 melius
482 5029 624 5084 edit.
650 5026 900 5084 ac_mss.
947 5026 1352 5097 Ambrosiam,
1392 5052 1485 5084 α...
1519 5026 1708 5083 lectus
1739 5033 1849 5084 est.
1889 5053 1909 5077 »

210 5103 352 5157 Hoc
379 5105 594 5156 autem
617 5101 980 5171 praecipuum
1003 5100 1195 5154 fuisse
1220 5104 1451 5171 constat
1472 5101 1694 5156 erroris
1731 5101 1913 5171 Apol-

207 5170 649 5229 linaristarum
672 5173 1122 5242 firmamentum,
1147 5171 1305 5243 quod
1330 5170 1426 5226 hic
1450 5170 1815 5227 validissime
1842 5173 1915 5226 ab

211 5243 573 5300 Ambrosio
609 5247 816 5298 nostro
848 5245 1153 5299 evertitur.
1191 5245 1314 5298 Nec
1346 5247 1538 5298 tamen
1571 5244 1918 5298 existiman-

212 5317 366 5371 dum
404 5316 516 5370 est
555 5314 871 5370 Ambrosio
922 5315 1214 5369 contraria
1266 5315 1546 5370 docuisse
1595 5315 1920 5369 Adrianum

207 5399 449 5460 papam
488 5386 552 5439 in
580 5402 702 5460 sua
745 5387 819 5441 ad
849 5384 1164 5460 concilium
1212 5386 1598 5460 Francoford,
1645 5387 1916 5456 epistola,

211 5457 364 5514 cum
403 5458 735 5511 Dominum
789 5459 950 5512 servi
980 5457 1217 5512 nomine
1263 5458 1676 5527 appellandum
1723 5461 1918 5528 negat,

209 5531 312 5584 vel
342 5530 524 5583 idem
550 5529 882 5593 concilium,
923 5530 1022 5583 ubi
1057 5529 1134 5582 ait
1158 5545 1231 5582 ex
1264 5530 1637 5600 Augustino:
1679 5551 1699 5576 «
1736 5529 1927 5581 Domi-

209 5618 340 5658 nus
366 5601 598 5657 noster
617 5600 793 5656 etiam
815 5601 872 5655 in
896 5600 1094 5658 forma
1123 5601 1284 5656 servi
1307 5615 1423 5654 non
1456 5616 1691 5668 servus,
1727 5600 1831 5653 sed
1867 5600 1926 5652 in

212 5674 434 5732 forma
476 5671 655 5731 etiam
689 5672 852 5733 servi
885 5673 1172 5732 Dominus
1205 5672 1332 5732 fuit.
1377 5691 1399 5723 ι
1446 5670 1675 5729 Etenim
1707 5671 1796 5728 sic
1828 5668 1927 5728 illa

2094 4723 2179 4778 12.
2214 4724 2285 4779 Et
2314 4724 2453 4796 quid
2482 4723 2691 4795 plura?
2724 4727 2815 4780 An
2843 4725 3136 4781 inﬁrmius
3179 4727 3455 4796 putamus
3487 4723 3682 4780 servi-

2023 4813 2165 4867 tium
2186 4828 2323 4868 esse
2346 4829 2521 4885 quam
2549 4817 2874 4886 peccatum,
2900 4831 3073 4886 quam
3106 4815 3501 4886 maledictum,
3539 4805 3686 4870 988

2028 4953 2410 5029 intelligenda
2440 4960 2598 5027 sunt,
2641 4961 2703 5012 ut
2749 4962 3119 5029 opponantur
3147 4958 3368 5014 haeresi
3417 4955 3687 5029 Elipandi

2031 5032 2203 5101 atque
2227 5028 2495 5098 aliorum,
2515 5030 2816 5084 Christum
2837 5028 3166 5101 adoptione
3199 5035 3420 5086 tantum
3452 5029 3557 5083 Dei
3589 5028 3688 5081 Fi-

2027 5100 2190 5167 lium,
2215 5115 2284 5152 ac
2314 5101 2558 5172 proinde
2590 5117 2707 5156 non
2731 5103 2921 5157 aliena
2951 5100 3008 5157 et
3039 5102 3225 5158 libere
3259 5107 3540 5172 suscepta
3572 5114 3693 5172 ser-

2028 5172 2230 5238 vitute,
2255 5171 2362 5224 sed
2381 5172 2616 5242 propria
2639 5177 2696 5227 et
2719 5173 2969 5230 naturali
2991 5189 3232 5228 servum
3253 5189 3392 5229 esse
3423 5170 3693 5239 blasphe-

2031 5242 2329 5367 nLalptiunI.
2374 5244 2541 5307 Quod
2581 5247 2700 5300 toto
2749 5246 2897 5301 coelo
2942 5245 3016 5299 ab
3066 5246 3458 5301 Ambrosiana
3497 5246 3692 5296 mente

2031 5329 2062 5367 a
2151 5328 2284 5366 orre
2315 5354 2329 5367 .

2029 5328 2329 5367 abhorret.

2103 5383 2216 5453 (62)
2251 5385 2416 5440 Hanc
2445 5385 2635 5462 ipsam
2683 5389 3082 5462 objectionem
3111 5405 3254 5462 cum
3287 5384 3493 5462 eodem
3523 5382 3695 5454 plane

2035 5471 2328 5524 responso
2360 5460 2624 5526 reperire
2673 5457 2775 5516 est
2815 5477 2996 5519 serm.
3031 5461 3098 5514 18
3130 5462 3186 5513 in
3226 5457 3438 5510 I‘salm.
3473 5468 3652 5508 cxvm
3681 5469 3696 5526 ;

2035 5543 2241 5654 verum
2269 5525 2622 5602 adversarii,
2655 5548 2829 5605 quem
2863 5533 3079 5612 ibidem
3116 5529 3438 5601 impugnat,
3477 5525 3700 5600 nomini

2035 5615 2240 5654 parci.
2819 5635 2824 5642 ι
2871 5619 2914 5638 -ι
2959 5616 2962 5620 ·
3031 5611 3036 5619 ‘

2035 5611 2240 5673 percu.
2819 5635 2824 5642 ι
2871 5619 2914 5638 -ι
2959 5611 2980 5620 ·⁷
3031 5611 3036 5619 ‘
