4070 6180
372 323 532 391 1199

1809 319 1875 382 S.
1908 313 2350 381 AMBROSII.

3646 311 3786 376 1200

375 542 554 600 quam
578 523 986 603 opprobrium,
1007 538 1182 595 quam
1217 521 1610 593 inﬁrmitates,
1641 535 1792 594 quas
1817 535 1925 590 pro
1952 533 2050 573 no-
2084 498 2142 557 Α
2235 515 2290 570 2.
2320 513 2513 570 Nobis
2541 515 2739 603 autem
2767 511 2990 603 quibus
3019 525 3179 566 curm
3201 510 3305 603 est
3322 508 3566 603 senilem
3591 525 3788 567 sermo-

376 615 472 671 bis
503 615 791 685 suscepit,
825 616 888 669 ut
916 630 949 668 a
981 612 1156 668 nobis
1201 611 1659 666 averterentur?
1708 607 1927 663 Factus
1959 608 2051 661 est

375 705 532 760 enim
566 704 695 759 haec
727 702 944 773 omnia,
977 705 1040 756 ut
1082 701 1364 757 universa
1411 701 1712 754 vacuaret.
1767 698 1886 753 Sed
1915 698 2046 754 haec

375 795 509 850 ideo
530 809 649 850 non
673 792 984 863 recipiunt,
1009 791 1168 863 quod
1187 805 1424 860 servus,
1466 789 1869 861 opprobrium,
1902 804 2045 859 pec-

378 887 592 954 catum,
617 882 968 937 maledictus
987 880 1183 935 factus
1216 881 1294 934 sit
1320 896 1334 950 ;
1364 880 1502 950 quia
1533 879 1792 933 Verbum
1825 880 1881 932 et
1912 893 2046 932 car-

376 989 512 1029 nem
532 973 710 1028 unius
733 973 1014 1026 asserunt
1035 985 1174 1025 esse
1196 969 1550 1024 substantiae
1573 965 1706 1039 (63),
1731 968 1788 1021 et
1805 967 2006 1021 dicunt
2030 983 2041 1020 :

377 1063 539 1134 Ergo
563 1061 700 1134 quia
729 1077 842 1116 nos
888 1059 1157 1129 redemit,
1192 1074 1409 1114 servus
1441 1058 1635 1113 dictus
1675 1060 1784 1128 est,
1820 1059 1876 1110 et
1905 1071 2047 1127 pec-

385 1150 805 1224 cutumdebuit
829 1149 964 1204 dici.
989 1149 1116 1204 Nec
1137 1148 1450 1202 advertunt
1485 1145 1643 1218 quod
1667 1145 1797 1200 haec
1827 1143 2048 1198 Christi

377 1240 570 1312 gloria
590 1241 687 1311 sit,
708 1238 881 1310 quasi
918 1237 1264 1292 servitutem
1287 1235 1556 1306 suscepit
1575 1235 1635 1289 in
1658 1249 1907 1305 corpore
1931 1248 2044 1288 suo

377 1331 442 1384 ut
495 1329 824 1394 libertatem
869 1327 1145 1382 omnibus
1194 1325 1505 1380 redderet:
1559 1326 1804 1395 peccata
1845 1324 2049 1379 nostra

375 1418 649 1490 portavit,
684 1421 746 1472 ut
775 1415 978 1472 mundi
1007 1416 1318 1486 peccatum
1347 1413 1600 1468 tolleret.

449 1523 537 1581 13.
561 1524 805 1590 Servus,
840 1526 1166 1594 peccatum,
1207 1521 1558 1576 maledictus
1600 1518 1795 1574 factus
1839 1521 1955 1589 est,
1987 1519 2052 1573 ut

368 1619 438 1675 tu
457 1614 686 1686 peccati
706 1629 922 1668 servus
945 1628 1084 1668 esse
1107 1611 1458 1681 desisteres,
1490 1612 1550 1665 et
1576 1612 1633 1664 te
1664 1607 1880 1663 divinae
1910 1622 2047 1663 sen—

375 1704 576 1758 tentias
608 1702 920 1757 maledicto
961 1699 1319 1755 absolveret.
1353 1698 1455 1753 Ille
1499 1713 1645 1769 ergo
1674 1695 2048 1751 maledictum

375 1791 647 1862 suscepit
673 1794 878 1846 tuum:
918 1812 940 1838 α
977 1788 1328 1844 Maledictus
1361 1787 1519 1843 enim
1541 1785 1737 1844 omnis
1767 1785 1869 1857 qui
1906 1799 2048 1856 pen-

2161 621 2299 660 nem
2329 601 2602 657 familiari
2632 618 2748 656 usu
2779 601 2851 655 ad
2901 615 3165 673 unguem
3189 599 3302 670 (67)
3349 598 3717 671 distinguere,
3744 603 3792 656 et

2157 694 2315 748 lento
2338 692 2591 764 quodam
2613 691 2799 762 ﬁgere
2821 690 3032 763 gradu,
3057 689 3251 759 aptius
3272 687 3506 743 videtur
3523 688 3794 758 preprium

2160 797 2395 837 manum
2413 784 2617 836 nostro
2639 781 2885 853 afﬁgere
2905 779 3060 851 style
3083 795 3097 850 ;
3127 781 3190 834 ut
3205 794 3323 834 non
3338 782 3455 832 tam
3476 777 3680 833 deﬁare
3699 777 3793 848 (68)

2162 871 2385 943 aliquid
2413 870 2740 940 videamur,
2789 885 2965 940 quam
3015 867 3392 924 abscondere
3418 882 3431 922 :
3462 882 3644 937 neque
3673 867 3797 921 alte-

2163 977 2292 1015 rum
2351 959 2717 1014 scribentem
2769 957 3226 1027 erubescamus,
3299 955 3413 1011 sed
3475 955 3590 1026 ipsi
3648 954 3798 1011 nobis

2161 1047 2390 1104 conscii
2421 1048 2552 1103 sine
2581 1047 2701 1103 ullo
2747 1047 2993 1118 arbitro,
3029 1062 3151 1102 non
3199 1045 3399 1101 solum
3428 1044 3684 1114 auribus,
3713 1045 3802 1100 sed

2161 1139 2336 1194 etiam
2365 1137 2556 1192 oculis
2605 1153 2673 1192 ea
2705 1136 3109 1208 ponderemus
3155 1151 3287 1206 qua
3339 1133 3678 1189 scribimus.
3710 1133 3804 1189 Ve-

2159 1224 2348 1281 locior
2389 1228 2482 1281 est
2510 1225 2668 1281 enim
2703 1224 2909 1297 lingua
2940 1240 3118 1296 quam
3149 1216 3294 1280 989
3325 1239 3561 1293 manus,
3604 1223 3803 1278 dicente

2162 1313 2466 1386 Scriptura
2490 1330 2507 1386 ;
2546 1337 2570 1363 α
2603 1313 2836 1386 Lingua
2863 1329 2996 1369 mea
3026 1313 3293 1369 calamus
3315 1312 3538 1369 scribae
3557 1310 3808 1368 velociter

2163 1404 2486 1460 scribentis
2515 1402 2706 1475 (Psal.
2740 1418 2896 1474 xmv,
2929 1401 3006 1474 2).
3043 1425 3066 1452 ι

2233 1528 2288 1584 3.
2320 1527 2438 1584 Sed
2468 1528 2618 1584 forte
2649 1529 2833 1596 dicas,
2877 1527 3016 1600 quia
3046 1525 3427 1583 velocitatem
3465 1524 3540 1581 ad
3569 1525 3807 1582 scriben-

2163 1621 2282 1674 tem
2338 1617 2556 1674 retulit.
2617 1617 2751 1673 Non
2806 1619 2863 1672 te
2919 1615 3070 1671 fallit
3123 1618 3320 1672 tamen
3376 1615 3439 1671 id
3491 1614 3806 1689 signiﬁcari,

2163 1707 2322 1780 quod
2378 1707 2597 1762 scribae
2651 1706 2939 1762 velociter
2993 1704 3319 1761 scribentis
3379 1703 3652 1760 celeritas
3703 1702 3810 1759 sola

2161 1795 2357 1868 possit
2419 1795 2643 1869 linguis
2707 1794 3074 1867 propheticae
3151 1793 3436 1866 excipere
3503 1807 3807 1848 sermones.

376 1876 1210 1952 detinligno(Ga1at.111,13).
1241 1873 2050 1931 nlllemaledictumincruce
2091 1875 2489 1957 ΒΑροειοιιιε
2545 1901 2782 1958 quoque
2836 1883 3060 1939 paulus
3114 1899 3226 1940 sua
3278 1882 3590 1940 scribebat
3643 1896 3809 1952 manu,

375 1969 573 2034 factus
596 1971 706 2039 est,
732 1970 795 2023 ut
819 1970 881 2022 tu
918 1966 1270 2022 benedictus
1294 1980 1467 2020 esses
1488 1964 1550 2019 in
1588 1963 1695 2019 Dei
1717 1978 1923 2035 regno.
1947 1961 2050 2017 Ille

379 2058 810 2113 dehonestatus
842 2060 898 2111 et
927 2055 1290 2126 depretiatus
1325 2056 1438 2125 est,
1488 2068 1598 2109 nec
1628 2053 1850 2124 aliquid
1881 2051 2048 2106 aesti-

377 2150 594 2203 matus.
630 2147 734 2201 Ille
783 2145 1048 2201 dicebat:
1105 2167 1126 2193 α
1183 2143 1246 2198 In
1296 2159 1548 2198 vacuum
1593 2140 1860 2198 laboravi
1906 2139 2046 2212 (Isa.

376 2253 537 2307 xux,
567 2237 624 2307 4)
649 2252 662 2293 :
705 2257 726 2286 ι
760 2251 869 2306 per
899 2250 1076 2306 quem
1107 2233 1320 2288 meruit
1341 2232 1560 2288 Paulus
1584 2231 1816 2290 dicere:
1855 2251 1878 2282 α
1913 2223 2049 2287 Non

374 2327 440 2381 in
461 2341 714 2381 vacuum
734 2325 1000 2380 laboravi
1022 2323 1306 2395 (PbiIIpp.
1327 2339 1386 2388 11,
1414 2321 1502 2392 16)
1529 2338 1544 2394 ;
1580 2345 1602 2371 ι»
1635 2325 1702 2378 ut
1728 2323 1870 2379 boni
1902 2341 2050 2396 ope-

373 2417 467 2472 ris
491 2415 768 2485 fructum,
801 2417 860 2468 et
899 2412 1279 2485 Evangelicae
1324 2412 1766 2482 praedicationis
1798 2412 2052 2486 gloriam

379 2505 510 2560 suis
544 2503 846 2560 conferret
873 2502 1156 2574 servulis,
1189 2517 1296 2573 per
1324 2517 1500 2574 quam
1529 2501 1798 2558 universi
1815 2505 2052 2560 sarcina

378 2593 604 2650 laboris
637 2592 1114 2649 absolverentur.

377 2733 380 2736 -
454 2701 544 2756 14.
577 2700 688 2755 His
718 2699 904 2772 igitur
930 2699 1170 2770 auditis,
1223 2699 1548 2755 derelictus
1596 2702 1690 2755 est
1718 2699 1780 2755 in
1809 2699 2052 2757 dimidio

375 2789 609 2846 dierum
631 2805 879 2845 suorum
896 2789 1128 2861 perdix,
1155 2790 1253 2860 qui
1287 2789 1560 2844 clamavit
1575 2791 1640 2844 ut
1661 2792 2056 2862 congregaret

380 2897 515 2953 quae
564 2896 683 2936 non
725 2879 955 2951 peperit
1000 2878 1245 2949 (Jerem.
1293 2895 1435 2949 xvu,
1476 2878 1585 2950 11),
1620 2881 1677 2934 et
1723 2894 2053 2950 oppressus

384 2974 478 3027 est
499 2984 648 3026 voce
665 2969 900 3024 Domini
917 2969 949 3023 ,Ι
955 2983 1083 3024 esu.
1110 2968 1374 3040 Denique
1398 2967 1644 3023 adornat
1673 2968 1877 3041 fugam
1912 2969 2050 3042 (64).

385 3060 548 3132 Vale,
581 3061 638 3114 et
665 3074 778 3115 nos
809 3058 990 3130 dilige
1015 3073 1030 3129 ;
1060 3057 1197 3130 quia
1228 3073 1340 3113 nos
1369 3060 1427 3112 te
1457 3057 1786 3130 diligimus.

827 3187 1196 3244 EPISTULA
1225 3188 1437 3244 XLVII
1468 3188 1603 3259 (65).

385 3299 602 3355 SABINO
635 3313 741 3354 cur
769 3296 986 3352 libram
1009 3296 1288 3368 apertius
1300 3297 1705 3368 perscriptum
1737 3297 1856 3368 ipsi
1886 3297 2062 3354 mise-

457 3372 562 3439 rit,
596 3386 829 3424 causam
850 3367 1146 3442 reddens,
1183 3367 1559 3442 quamobrem
1589 3367 1869 3442 scribere
1888 3385 2057 3442 quam

460 3437 698 3498 dictare
741 3438 929 3510 malit,
979 3437 1258 3510 explicat.
1293 3439 1446 3494 Hinc
1472 3439 1638 3493 illum
1686 3440 1763 3495 ad
1800 3437 2058 3495 mutuum

354 3554 355 3557 η
461 3511 844 3585 epistolamm
888 3525 1051 3585 usum
1098 3511 1339 3583 invitat,
1397 3515 1611 3581 quanta
1659 3511 1803 3568 inde
1843 3511 2059 3568 redeat

463 3581 598 3642 a'tili
609 3588 724 3655 tas,
747 3581 1144 3656 patefaciens.

925 3707 1266 3764 Auaaosws
1297 3707 1535 3765 SABINO.

467 3834 520 3890 1.
541 3833 873 3890 Transmisi
901 3834 1146 3905 petitum
1176 3833 1443 3890 codicem
1473 3834 1762 3906 scriptum
1799 3835 2064 3908 apertius

398 3925 572 3996 atque
601 3923 934 3995 enodatius,
968 3938 1146 3996 quam
1173 3939 1243 3979 ea
1282 3923 1579 3994 scriptura
1609 3927 1722 3996 est,
1758 3940 1936 3997 quam
1956 3926 2068 3980 du-

399 4013 540 4068 dum
560 4013 748 4068 direxi
776 4029 791 4084 ;
823 4015 884 4067 ut
901 4011 1140 4084 legendi
1163 4011 1441 4066 facilitate
1465 4013 1692 4068 nullum
1721 4013 1950 4086 judicio
1970 4017 2071 4072 tuo

401 4101 678 4158 efferatur
691 4101 1195 4173 impedimentum.
1222 4100 1373 4156 Nam
1393 4104 1750 4174 exemplaris
1768 4104 1922 4159 liber
1948 4120 2071 4160 non

405 4193 477 4247 ad
509 4193 788 4262 speciem,
822 4192 930 4246 sed
962 4192 1034 4245 ad
1065 4193 1482 4246 necessitatem
1509 4194 1770 4263 scriptus
1794 4198 1919 4261 est;
1955 4211 2071 4250 non

405 4282 562 4338 enim
592 4283 880 4337 dictamus
911 4281 1126 4352 omnia,
1159 4283 1216 4335 et
1245 4281 1497 4337 maxime
1529 4283 1826 4356 noctibus,
1851 4285 2072 4357 quibus

407 4373 683 4428 nolumus
705 4371 837 4426 aliis
858 4387 1077 4443 graves
1109 4386 1248 4426 esse
1276 4386 1347 4425 ac
1376 4371 1609 4427 molesti
1633 4389 1650 4443 ;
1679 4375 1803 4429 tum
1833 4375 1973 4446 quia
2003 4391 2073 4430 ea

2099 3236 2152 3304 Ο

2165 1975 2322 2031 sicut
2357 1975 2488 2046 ipse
2526 1975 2638 2031 ait:
2686 1994 2710 2024 ι
2750 1973 2880 2028 Mea
2918 1989 3097 2028 manu
3136 1972 3360 2044 scripsi
3404 1971 3582 2029 vobis
3619 1969 3808 2043 (Galat.

2165 2080 2243 2134 vx,
2278 2064 2407 2136 it);
2442 2088 2464 2113 ιι
2498 2063 2597 2120 ille
2628 2065 2870 2136 propter
2897 2061 3438 2133 honoriﬁcentiam,
3472 2075 3586 2117 nos
3606 2062 3814 2132 propter

2164 2153 2604 2210 verecundiam.

2235 2260 2290 2316 4.
2324 2261 2546 2316 Tamen
2575 2259 2716 2316 dum
2745 2261 2940 2317 adhuc
2983 2260 3174 2316 habes
3207 2258 3278 2314 de
3328 2255 3508 2313 libris
3548 2254 3812 2329 judicium

2163 2349 2592 2404 interludamus
2614 2349 2907 2422 epistolis,
2933 2365 3186 2422 quarum
3216 2346 3526 2420 ejusmodi
3558 2361 3701 2401 usus
3722 2346 3812 2410 est,

2163 2442 2228 2494 ut
2256 2437 2368 2510 disj
2382 2438 2546 2494 uncti
2575 2438 2843 2494 locorum
2885 2437 3236 2509 intervallis,
3288 2435 3512 2492 affectu
3547 2435 3815 2489 adhaerea-

2165 2543 2299 2583 mus
2325 2544 2340 2600 ;
2370 2527 2432 2583 in
2462 2528 2682 2600 quibus
2712 2527 2867 2584 inter
2895 2529 3179 2584 absentes
3197 2527 3402 2600 imago
3420 2524 3673 2596 refulget
3691 2537 3816 2594 prae-

2166 2617 2398 2688 sentiae,
2431 2621 2489 2672 et
2519 2617 2832 2674 collocutio
2864 2617 3088 2689 scripta
3129 2619 3446 2688 separatos
3480 2613 3743 2686 cepulat;
3769 2610 3816 2664 in

2168 2707 2387 2779 quibus
2430 2707 2607 2762 etiam
2653 2721 2790 2762 cum
2837 2707 3027 2761 amico
3076 2707 3408 2761 miscemus
3457 2703 3728 2774 animum,
3755 2701 3818 2772 .et

2167 2798 2424 2852 mentem
2453 2795 2508 2850 ei
2539 2798 2805 2851 nostram
2832 2794 3224 2851 infundimus.

2237 2922 2297 2977 5.
2336 2921 2466 2977 Jam
2497 2921 2571 2992 si,
2621 2923 2686 2976 ut
2727 2920 3010 2992 hortaris,
3053 2919 3278 2992 aliquid
3319 2922 3384 2976 et
3425 2919 3500 2976 de
3544 2913 3818 2974 veteribus

2168 3010 2484 3082 scripturis
2531 3009 2794 3065 redoleat
2831 3009 2894 3064 in
2939 3008 3232 3082 epistolis,
3268 3025 3397 3068 non
3442 3008 3638 3065 solum
3664 3001 3819 3060 animi

2169 3099 2564 3172 conglutinari
2576 3099 2850 3154 videntur
2864 3114 2971 3171 per
2981 3115 3176 3154 versa:
3191 3099 3485 3155 doctrinm
3497 3096 3815 3170 perfectum,

2169 3190 2278 3245 sed
2309 3191 2486 3244 etiam
2512 3189 2799 3260 plenioris
2831 3188 3111 3261 colloquii
3143 3187 3387 3259 species
3437 3191 3496 3243 et
3525 3186 3705 3242 forma
3743 3197 3820 3238 ex-

2169 3278 2368 3351 primi,
2399 3281 2464 3334 ut
2504 3279 2658 3334 inter
2703 3278 3009 3350 quaerendi
3055 3280 3114 3333 et
3161 3275 3574 3348 respondendi
3614 3275 3819 3328 mutuas

2169 3369 2336 3424 vices
2365 3370 2674 3440 assumpta
2701 3366 3062 3424 concertatio
3095 3366 3157 3422 in
3186 3383 3375 3423 unum
3396 3366 3742 3434 conducere,
3775 3361 3820 3415 et

2173 3474 2373 3516 coram
2395 3458 2664 3514 videatur
2691 3457 2918 3513 amicos
2950 3456 3170 3529 locare,
3195 3456 3296 3528 qui
3318 3457 3426 3512 tali
3447 3471 3516 3513 se
3543 3451 3822 3512 lacessunt

2173 3550 2232 3605 et
2262 3547 2733 3619 complectuntur
2759 3562 3028 3603 munere.

2243 3655 2298 3712 6.
2321 3654 2474 3721 Quid
2492 3657 2690 3711 autem
2707 3654 3002 3727 majorum
3030 3656 3378 3710 nostrorum
3409 3651 3675 3724 exempla
3700 3661 3820 3721 pro.

2175 3745 2384 3817 feram,
2403 3744 2505 3817 qui
2539 3744 2812 3816 epistolis
2851 3744 2982 3800 suis
3021 3745 3197 3799 ﬁdem
3218 3743 3568 3799 infuderunt
3595 3737 3818 3812 populo—

2175 3830 2308 3891 rum
2363 3834 2681 3905 mentibus,
2739 3836 2915 3906 atque
2962 3833 3038 3889 ad
3091 3834 3365 3906 integros
3426 3835 3485 3888 et
3541 3829 3816 3887 confertos

2176 3924 2550 3995 scripserunt
2593 3922 2888 3994 populos;
2928 3925 2988 3978 et
3021 3926 3358 3994 praesentes
3401 3937 3472 3978 se
3511 3935 3666 3989 esse,
3706 3928 3818 3971 cum

2177 4014 2461 4069 absentes
2489 4014 2845 4083 scriberent,
2895 4013 3334 4084 signiﬁcarunt,
3377 4012 3611 4068 dicente
3639 4007 3818 4063 sancto

2177 4103 2464 4175 Apostolo
2496 4102 2555 4174 (Ι
2583 4103 2719 4159 Cor.
2751 4119 2807 4169 v,
2841 4101 2919 4174 3),
2953 4104 3092 4174 quia
3120 4102 3346 4157 absens
3401 4103 3532 4157 erat
3576 4107 3817 4168 corpore,

2179 4194 2286 4249 sed
2306 4209 2580 4265 praesens
2598 4192 2813 4263 spiritu
2835 4207 2850 4263 ;
2881 4207 3000 4248 non
3030 4191 3226 4247 solum
3249 4207 3383 4247 cum
3401 4190 3704 4255 scriberet,
3729 4181 3817 4239 sed

2179 4284 2355 4339 etiam
2387 4298 2520 4338 cum
2543 4281 2840 4353 judicaret
2863 4283 2894 4337 ?
2922 4281 3189 4352 Denique
3219 4281 3446 4336 absens
3475 4294 3584 4350 per
3619 4275 3817 4347 episto-

2179 4373 2296 4427 lam
2322 4371 2769 4442 condemnabat,
2804 4374 2860 4426 et
2887 4371 3045 4426 idem
3081 4370 3434 4426 absolvebat
3481 4384 3588 4441 per
3614 4365 3815 4437 episto-

409 4479 543 4535 quae
564 4462 876 4532 dictantur,
900 4461 1123 4532 impetu
1149 4461 1402 4534 quodam
1422 4466 1730 4536 proruunt,
1769 4469 1827 4520 et
1845 4467 2076 4535 proﬁuo
2181 4463 2333 4533 lam;
2363 4461 2614 4532 epistola
2643 4461 2808 4516 enim
2831 4460 3001 4516 Pauli
3022 4460 3296 4533 quadam
3317 4459 3555 4534 efﬁgies
3575 4457 3693 4514 erat
3707 4451 3821 4524 ejus

412 4568 594 4608 cursu
614 4550 883 4607 feruntur
911 4551 1048 4623 (66).

486 4693 599 4768 (63)
649 4693 963 4768 Refejlitu_r
1009 4693 1315 4768 hic_error
1341 4695 1414 4768 ab
1445 4695 1771 4753 Athanasio
1803 4697 1976 4768 epist.
2007 4699 2082 4754 ad

416 4762 604 4839 Epict.
631 4767 750 4839 ;__ab
774 4765 1102 4839 Epiphanio
1121 4766 1338 4839 hgaeres.
1359 4767 1427 4821 '77
1452 4784 1466 4838 ;
1500 4769 1573 4823 ab
1593 4771 1725 4839 ipso
1749 4762 1922 4824 etiam
1940 4772 2079 4825 Am-

414 4836 746 4916 b_rosi_o_lib.
773 4837 844 4890 dc
871 4837 1361 4916 1ncarp_._Domia.
1383 4836 1581 4916 Sacr.)
1605 4836 1738 4916 cap:
1758 4842 1812 4911 6,
1836 4857 1946 4897 nec
1963 4858 2082 4898 non

421 4906 496 4960 ab
547 4906 1016 4982 a_liis,__quorum_
1054 4908 1295 4982 ibidem,
1332 4914 1515 4982 atque
1548 4913 1608 4966 in
1653 4906 1952 4970 Admonit.
2011 4915 2085 4969 ad

419 4977 689 5034 eumdem
720 4977 936 5032 librum
966 4978 1199 5034 abunde
1229 4977 1482 5037 fecimus
1511 4985 1889 5042 mentionem.

489 5048 605 5134 (ῳ)
636 5049 1191 5134 Hunchmretic‘um.
1230 5057 1544 5134 postquam
1589 5055 1918 5134 Mediolano
1951 5056 2080 5110 Pla-

420 5121 671 5201 centiam
693 5121 978 5201 venisset,
995 5137 1033 5201 ει
1057 5121 1610 5201 Sabinacujusdam
1641 5127 1834 5196 ipsum
1858 5142 2081 5182 consu-

419 5191 598 5272 lentis
631 5196 842 5272 rogatu
874 5191 1236 5272 confutatum
1265 5191 1476 5272 fuisse,
1499 5191 1681 5272 atque
1705 5213 1834 5252 eam
1862 5214 1988 5253 rem
2008 5200 2082 5254 ad

421 5263 804 5338 ambrosium
841 5262 915 5317 ab
973 5264 1181 5338 eodem
1235 5262 1516 5338 episcopo
1571 5262 1824 5324 delatum
1879 5273 2085 5326 censet

424 5336 1032 5412 Hermannus.__Atqui
1053 5337 1258 5412 series
1287 5336 1558 5412 epistolae
1590 5340 1851 5395 indicare
1884 5343 2082 5412 potius

419 5407 655 5462 videtur
686 5406 1162 5476 Apollinari-istam
1198 5406 1490 5464 Placentia
1521 5412 1763 5466 venisse
1804 5406 2084 5468 Mediola-

422 5495 568 5555 nu_m_
587 5494 611 5555 ;_
633 5481 690 5534 et
717 5479 1099 5555 Ambrosium
1135 5495 1340 5555 eorum
1361 5498 1507 5555 quae
1533 5481 1711 5555 isthic
1742 5490 2082 5555 evenerant,

420 5565 454 5627 ει
475 5550 694 5627 Sabino
725 5551 936 5605 litteris
964 5550 1398 5627 praemunitum,
1419 5553 1610 5627 eidem
1638 5553 1929 5626 vicissim,
1951 5550 2085 5627 quae

420 5625 482 5700 in
512 5623 720 5700 eadeﬁm
751 5638 950 5700 causa_
974 5624 1293 5700 Mediolani
1325 5624 1476 5680 facta
1504 5624 1776 5700 fuerant,
1823 5623 2084 5700 rescrip-

421 5691 605 5770 sisse.
637 5692 822 5770 Quam
854 5695 1091 5766 quidem
1137 5696 1474 5770 opinionem
1504 5696 1635 5756 haec
1667 5691 1869 5755 ultima
1900 5691 2084 5758 verba

421 5760 596 5838 plane
627 5760 993 5829 conﬁrmant.

2107 4601 2166 4668 Β
2181 4551 2539 4624 praesentiae,
2575 4553 2633 4606 et
2656 4549 2846 4607 forma
2874 4551 3096 4623 operis.

2255 4695 2368 4766 (65)
2401 4695 2622 4766 scripta
2651 4694 2810 4750 circa
2839 4710 2975 4751 ann.
3010 4694 3137 4750 380.
3370 4764 3408 4766 _
3494 4763 3531 4766 __
3581 4761 3592 4766 _
3705 4755 3754 4766 Η

2256 4756 2369 4838 (66)
2388 4756 2700 4822 Haecsatis
2719 4767 3078 4822 conveniunt
3090 4781 3224 4822 cum
3237 4763 3355 4838 illis
3370 4761 3595 4838 Paulini
3607 4756 3810 4815 verbis:

2188 4863 2210 4890 α
2247 4833 2374 4895 Nec
2404 4855 2644 4909 operam
2673 4839 3006 4893 declinabat
3054 4837 3354 4893 scribendi
3396 4833 3627 4905 propria
3659 4839 3814 4909 manu

2185 4911 2396 4979 libros,
2422 4903 2539 4966 nisi
2573 4925 2705 4964 cum
2735 4909 2932 4980 aliqua
2979 4909 3311 4980 inﬁrmitate
3360 4903 3753 4980 atten’uaretut‘.
3786 4917 3804 4941 ι’

2186 4983 2353 5048 Quod
2385 4969 2590 5037 'autem
2631 4969 2853 5051 printer
2891 4997 3092 5034 curam
3136 4978 3442 5035 excolendi
3485 4975 3634 5051 styli,
3666 4969 3813 5051 alien}

2191 5037 2428 5109 causam
2462 5069 2568 5107 cur
2599 5037 2727 5122 ipse
2759 5053 3069 5121 scriberet,
3103 5051 3434 5121 subjungit,
3479 5037 3734 5122 nimirum
3753 5037 3812 5118 .υὲ

2189 5126 2398 5180 alienae
2420 5117 2746 5196 fatigationi
2771 5117 3079 5196 parceret;
3112 5123 3169 5196 id
3188 5117 3427 5196 quidem
3441 5117 3695 5196 eximiam
3714 5117 3807 5196 Vir}

2191 5197 2381 5252 sancti
2403 5190 2822 5251 hum'anitatefn
2851 5190 3098 5266 pulchre
3129 5190 3405 5249 declarat.
3453 5190 3808 5266 Hieronymgs

2191 5251 2382 5323 autem
2399 5271 2577 5322 noctu
2600 5282 2665 5320 se
2685 5251 2905 5321 dictare
2929 5266 3168 5321 solitum
3201 5280 3318 5320 non
3349 5278 3462 5318 uno
3509 5261 3631 5314 loco
3660 5251 3804 5308 testi-

2191 5340 2418 5394 ﬁcatur.
2464 5339 2670 5411 Neque
2720 5339 2921 5411 ignota
2965 5353 3067 5393 res
3111 5340 3223 5411 est,
3277 5336 3524 5411 dictante
3563 5328 3801 5411 Origeljtfp

2189 5413 2394 5484 plures
2427 5404 2603 5484 simul
2635 5404 3020 5484 antiquarios,
3055 5404 3276 5484 quibus
3307 5404 3804 5484 sumptumsupl’e‘

2191 5472 2411 5539 ditabat
2440 5481 2593 5536 alius
2625 5472 3017 5551 Ambrosius,
3041 5472 3318 5551 excipere
3349 5472 3727 5551 consuevisse.

2260 5553 2374 5627 (δἿ)
2396 5555 2560 5608 ΒθῙν-
2585 5553 2795 5627 οοᾴθκ,
2823 5575 2846 5604 ι
2874 5540 3226 5609 familiarius
3265 5551 3339 5607 ad
3361 5561 3622 5622 unguem,
3652 5540 3744 5592 etc.
3776 5549 3797 5581 ι

2189 5623 2387 5683 Minus
2420 5623 2749 5697 commode.
2783 5623 2788 5625 ⁷
3467 5690 3484 5697 _
3510 5689 3543 5697 .,
3617 5684 3627 5697 .

2262 5678 2796 5770 (6§)Deiiara,hoc
2815 5698 2948 5754 loco
2970 5697 3126 5753 idem
3148 5699 3257 5770 est,
3297 5711 3369 5770 ac
3397 5689 3579 5750 subito
3613 5678 3795 5756 impetu

2188 5768 2476 5851 quidquid
2497 5771 2558 5831 in
2587 5770 2839 5830 buccam
2867 5771 3116 5846 venerit,
3148 5768 3464 5832 effundere.
