4070 6180
324 350 476 420 1201

1484 347 2104 416 EPISTOLARUM
2148 351 2488 416 CLASSIS
2530 351 2579 415 Ῑ.

3629 352 3785 420 1202

389 554 446 609 7.
481 553 615 608 Non
646 553 802 609 enim
831 553 894 608 ut
937 552 1189 609 aliorum
1230 553 1520 625 epistolae.
1559 573 1582 604 ι
1617 569 1858 627 graves,
1892 553 1987 608 in-
2010 537 2067 602 Α
2099 569 2204 625 pro
2226 556 2435 609 nostra
2451 553 2737 609 debemus
2753 553 3282 627 magis,quampro
3296 553 3486 610 aliena
3501 554 3780 628 opinione

324 642 468 716 quit,
503 645 562 697 et
610 640 816 713 fortes,
850 643 1166 713 praesentia
1209 647 1401 698 autem
1434 643 1704 714 corporis
1734 643 1985 714 infirma,

323 735 380 788 et
427 746 627 787 sermo
675 731 1135 802 contemptibilis
1167 732 1252 801 (II
1279 732 1415 788 Cor.
1449 749 1508 803 x,
1543 731 1671 802 10);
1711 755 1732 780 »ι
1769 731 1904 786 talis
1936 735 1993 787 et

323 820 628 892 Apostoli:
681 821 792 876 sed
829 821 964 875 talis
1002 820 1187 893 hujus
1233 821 1502 892 epistola,
1544 824 1608 876 ut
1652 821 1788 876 talis
1828 823 1992 876 esset

323 909 512 965 forma
527 909 828 982 praecepti,
849 909 1042 980 qualis
1066 913 1230 965 esset
1252 911 1614 981 Operationis
1627 910 1955 966 substantia
1975 925 1990 982 ;

330 1020 352 1050 ι
388 999 524 1072 quia
553 999 762 1071 quales
802 1014 1034 1070 sumus,
1076 999 1284 1071 inquit,
1315 999 1501 1054 verbo
1537 1015 1645 1070 per
1682 999 1994 1070 epistolam

323 1088 629 1157 absentes,
661 1087 810 1144 tales
839 1090 896 1143 et
926 1092 1257 1159 praesentes
1278 1103 1487 1144 sumus
1519 1089 1579 1143 in
1599 1103 1778 1160 opere
1809 1088 1990 1158 (Ibid.

325 1178 435 1248 11).
473 1200 496 1226 ιι
533 1177 857 1250 Imaginem
900 1179 1240 1248 praesentiae
1288 1192 1416 1233 suae
1460 1177 1519 1232 in
1565 1177 1837 1250 epistolis
1884 1193 1992 1232 ex-

319 1266 564 1340 pressit,
596 1266 852 1322 fructum
883 1269 940 1321 et
967 1266 1372 1322 testimonium
1418 1264 1536 1338 (69)
1574 1266 1635 1322 in
1679 1281 1858 1337 opere
1905 1266 1994 1321 si-

320 1355 646 1428 gnificavit.
678 1354 842 1428 Vale,
876 1357 934 1411 et
959 1371 1072 1411 nos
1102 1355 1304 1429 dilige,
1329 1358 1393 1411 ut
1412 1355 1562 1411 facis
1587 1371 1603 1424 ς
1634 1358 1773 1428 quia
1801 1370 1914 1412 nos
1935 1358 2000 1412 et

322 1447 382 1501 te
419 1445 748 1518 diligimus.

652 1543 801 1608 990
845 1551 1212 1608 EPISTOLA
1251 1551 1486 1607 XLVIII
1526 1551 1661 1623 (70).

326 1639 608 1714 ΒΑΒιΝωί,
646 1645 707 1696 ιιι
735 1640 927 1697 libros
953 1657 1092 1696 suos
1119 1656 1338 1714 severo
1369 1641 1663 1714 expendat
1694 1642 1987 1708 examine,

393 1711 692 1785 obsecrat,
727 1718 788 1768 et
806 1729 930 1785 quae
951 1713 1247 1785 commoda
1269 1713 1410 1768 hinc
1420 1711 1686 1785 oriatur,
1703 1714 1993 1785 exponit.-

393 1783 768 1856 subjungens
782 1783 974 1840 tamen
989 1784 1272 1856 duritiem
1297 1784 1614 1839 verborum
1627 1783 1997 1840 tolerandam

396 1870 552 1928 esse,
578 1855 711 1928 dum
731 1855 876 1928 fidei
897 1855 1201 1928 professio
1228 1856 1468 1928 integra
1501 1856 1601 1928 sit,
1627 1871 1769 1911 suas
1794 1856 1997 1928 variis

393 1926 731 1982 liairesibus
751 1925 1324 1999 ﬁdeiprofessiones
1353 1925 1590 1998 opponit
1616 1947 1632 1981 :
1666 1943 1737 1999 ac,
1765 1927 1994 1983 demum

395 2013 465 2052 se
485 1999 548 2051 in
570 2004 877 2072 posterum
907 1998 1254 2072 Scripendis
1277 1999 1549 2070 epistolis
1576 1998 1832 2055 maxime
1857 2013 1996 2072 ape-

395 2085 524 2124 ram

599 2075 831 2124 aturum
862 2070 1132 2141 spondet.

849 2159 1197 2214 Auenosws
1226 2157 1464 2214 SABINO.

397 2249 448 2302 1.
486 2247 796 2304 Remisisti
827 2247 971 2302 mihi
1001 2247 1260 2319 libellos,
1295 2264 1448 2320 quos
1475 2250 1577 2303 tuo
1603 2247 1830 2320 judicio
1861 2263 1996 2319 pro-

314 2338 587 2394 batiores
617 2337 874 2393 habebo.
909 2337 1047 2392 Ideo
1079 2337 1217 2392 misi
1246 2338 1398 2393 alios
1428 2337 1770 2410 nonjudicii
1793 2337 1997 2394 favore

319 2427 674 2497 delectatus,
700 2427 807 2482 sed
830 2427 1129 2498 promissa
1154 2429 1286 2498 ate,
1311 2430 1367 2482 et
1387 2427 1564 2498 petita
1584 2443 1618 2482 a
1637 2442 1731 2483 me
1751 2427 1996 2483 veritate

312 2516 596 2585 illectus;
629 2515 778 2582 male
809 2515 966 2571 enim
995 2518 1097 2571 tuo
1127 2516 1465 2588 corrigatur
1488 2516 1738 2588 judicio,
1770 2516 1825 2571 si
1853 2516 1996 2588 quid

312 2609 538 2675 movet,
552 2605 897 2678 priusquam
911 2604 1075 2661 foras
1092 2606 1356 2676 prodeat,
1373 2605 1660 2678 undejam
1672 2605 1994 2661 revocandi

311 2695 481 2751 nulla
509 2694 759 2750 facultas
790 2695 908 2765 sit;
939 2711 1116 2766 quam
1145 2694 1372 2750 laudari
1403 2711 1437 2749 a
1466 2698 1543 2765 te,
1568 2695 1725 2767 quod
1755 2696 1828 2750 ab
1859 2695 1992 2750 aliis

311 2783 807 2855 reprehendatur.
841 2783 1043 2855 Itaque
1073 2783 1358 2839 arbitrum
1379 2787 1435 2840 te
1467 2799 1671 2840 eorum
1700 2800 1835 2856 qum
1862 2798 1997 2855 pos-

310 2873 478 2928 tulas
505 2873 713 2945 rogavi
741 2887 756 2942 ;
788 2887 983 2945 neque
1011 2875 1168 2927 enim
1199 2872 1319 2946 legi
1352 2888 1385 2927 a
1414 2875 1472 2927 te
1503 2888 1653 2944 mea,
1687 2889 1822 2944 quae
1855 2888 1995 2928 non-

311 2978 622 3034 nunquam
664 2961 860 3017 tribuo
905 2961 965 3016 in
1013 2961 1254 3034 vulgus,
1299 2963 1405 3017 sed
1445 2962 1505 3017 in
1542 2965 1658 3017 tua:
1700 2962 1992 3017 calculum

309 3053 525 3108 venire
561 3051 871 3106 sententiae
910 3051 1270 3106 desideravi.
1312 3051 1446 3107 Non
1487 3051 1599 3106 erit
1645 3049 1808 3124 longi
1849 3049 1992 3106 sub-

315 3140 480 3198 sellii
510 3140 624 3196 ista
649 3139 937 3213 judicatio
969 3143 1027 3195 et
1054 3155 1218 3195 mora
1248 3140 1386 3212 (71),
1420 3143 1482 3195 ut
1510 3141 1730 3196 dictum
1762 3143 1855 3196 est
1882 3155 1990 3194 an-

311 3230 590 3302 tiquitus.
624 3229 821 3286 Facile
850 3233 943 3286 est
970 3228 1077 3285 tibi
1107 3229 1179 3285 de
1210 3230 1436 3286 nostris
1461 3229 1752 3302 judicare.

2097 634 2406 715 lrutinare,
2453 645 2510 698 et
2567 644 2866 700 discutere
2905 659 3113 700 omnes
3163 645 3483 716 scrupulos
3521 645 3784 704 malevo-

2102 731 2319 788 lentiae.

2175 821 2230 876 3.
2263 823 2527 878 Assumo
2566 823 2749 896 igitur
2779 823 3162 879 benevolenti
3192 823 3388 879 animo
3419 839 3621 881 aurem
3651 840 3792 882 ver-

2117 911 2311 982 sutiae,
2348 914 2406 966 et
2434 915 2727 984 pertracta
2760 901 2976 984 omnia,
2997 929 3310 968 sermones
3327 913 3539 969 vellica
3560 915 3708 987 ('73);
3737 918 3793 972 si

2119 999 2178 1055 in
2209 1001 2284 1054 iis
2303 1016 2419 1056 non
2444 1001 2720 1058 forenses
2737 1001 3061 1074 blanditiae,
3088 1006 3144 1059 et
3161 1003 3435 1059 suasoria
3457 1004 3660 1075 verba,
3681 1005 3791 1062 sed

2105 1089 2243 1145 tldei
2275 1091 2590 1146 sinceritas
2621 1095 2732 1162 est,
2764 1095 2822 1147 et
2853 1092 3256 1148 confessionis
3301 1093 3617 1149 sobrietas.
3653 1095 3779 1150 No-

2104 1181 2221 1234 tam
2252 1195 2480 1252 appone
2511 1180 2584 1235 ad
2615 1182 2865 1238 verbum
2903 1182 3067 1237 dubii
3109 1183 3414 1254 ponderis,
3450 1186 3507 1238 et
3546 1183 3778 1240 fallacis

2106 1270 2343 1325 staterae
2373 1270 2486 1341 ('14)
2508 1285 2522 1341 ;
2555 1286 2630 1325 ne
2651 1270 2792 1342 quid
2813 1287 2921 1342 pro
2942 1287 3010 1327 se
3029 1286 3167 1327 esse
3191 1271 3574 1327 adversarius
3595 1273 3776 1329 inter-

2102 1360 2383 1429 pretetur.
2419 1359 2561 1415 Esto
2591 1363 2653 1415 ut
2684 1360 3042 1432 revincatur,
3077 1362 3130 1416 si
3161 1361 3452 1433 congredi
3485 1362 3733 1431 cmperit
3758 1379 3772 1432 ;

2103 1447 2255 1503 male
2285 1448 2460 1503 habet
2488 1449 2659 1520 liber,
2679 1450 2779 1522 qui
2801 1450 2932 1504 sine
2955 1452 3256 1505 assertore
3275 1449 3388 1522 (75)
3411 1465 3529 1506 non
3561 1450 3771 1506 defen-

2106 1535 2283 1592 ditur.
2330 1537 2464 1608 Ipse
2522 1538 2704 1610 igitur
2748 1554 2856 1610 pro
2891 1554 2972 1616 se
3021 1539 3308 1611 loquitur,
3363 1540 3463 1611 qui
3507 1541 3778 1610 procedit

2106 1625 2238 1680 sine
2267 1625 2586 1697 interprete
2618 1625 2765 1698 (’76):
2817 1631 3023 1683 noster
3068 1628 3166 1684 hic
3212 1632 3410 1684 tamen
3439 1645 3557 1685 non
3597 1645 3775 1702 egre-

2104 1713 2300 1769 dietur
2344 1731 2377 1769 a
2426 1714 2622 1786 nobis,
2674 1715 2790 1770 nisi
2835 1731 2869 1770 a
2908 1718 2965 1771 te
3012 1717 3307 1788 acceperit
3349 1720 3776 1775 auctoritatem.

2103 1802 2304 1876 Itaque
2337 1819 2471 1858 cum
2503 1818 2636 1859 eum
2667 1803 2781 1858 ﬁde
2813 1806 2910 1859 tua
2939 1805 3177 1876 prodire
3205 1804 3490 1878 jusseris,
3513 1807 3780 1864 commit-

2028 1917 2080 1981 Β
2105 1894 2260 1948 tetur
2280 1892 2418 1948 sibi.

2172 1982 2227 2038 4.
2259 1983 2479 2038 Tamen
2507 1983 2786 2054 quoniam
2822 2005 2844 2030 ιι
2877 1998 2997 2038 non
3018 1982 3079 2038 in
3105 1999 3384 2040 sermone
3401 1987 3496 2040 est
3523 2001 3777 2059 regnum

2107 2071 2215 2127 Dei
2237 2071 2297 2142 (Ι
2314 2070 2450 2127 Cor.
2476 2088 2555 2143 IV,
2577 2071 2690 2143 20),
2718 2095 2740 2120 n
2769 2072 2878 2126 sed
2898 2072 2959 2126 in
2980 2073 3226 2145 virtute;
3244 2074 3493 2129 verbum
3515 2075 3568 2129 si
3589 2074 3777 2131 offen-

2103 2161 2273 2231 derit,
2303 2161 2579 2215 virtutem
2611 2161 3013 2232 professionis
3045 2162 3428 2235 interrogato.
3469 2163 3774 2220 Professio

2100 2253 2296 2305 autem
2325 2249 2462 2304 fidei
2493 2251 2784 2305 sententia
2815 2253 2924 2321 est,
2946 2266 3121 2322 quam
3142 2251 3458 2306 adversum
3483 2251 3772 2306 Sabellis-

2099 2353 2212 2394 nos
2269 2341 2327 2394 et
2373 2339 2629 2393 Arianos
2686 2339 2765 2394 ita
2812 2355 2846 2394 a
2893 2339 3226 2412 majoribus
3279 2341 3551 2395 traditam
3601 2343 3771 2397 tene-

2099 2442 2233 2482 mus
2274 2425 2406 2497 (77),
2451 2419 2588 2482 991
2639 2430 2702 2482 ut
2738 2428 2974 2483 Patrem
3022 2429 3238 2500 Deum,
3281 2431 3338 2484 et
3376 2429 3590 2485 Filium
3636 2431 3772 2503 ejus

2101 2515 2490 2588 unigenitum,
2570 2517 2628 2570 et
2701 2515 2983 2588 Spiritum
3041 2521 3312 2572 sanctum
3373 2533 3768 2592 veneremur;

2102 2604 2254 2660 hanc
2286 2605 2627 2660 Trinitatem
2658 2606 2834 2661 unius
2855 2621 2995 2662 esse
3017 2606 3389 2678 substantiae,
3415 2607 3769 2680 majestatis,

2104 2693 2457 2750 divinitatis:
2493 2695 2550 2749 in
2569 2695 2682 2750 hoc
2704 2695 2940 2750 nomine
2959 2695 3175 2767 Patris,
3201 2699 3256 2751 et
3278 2696 3410 2752 Filii
3442 2701 3499 2752 et
3514 2696 3770 2767 Spiritus

2105 2785 2294 2838 sancti
2324 2784 2622 2855 baptizare
2653 2800 2785 2851 nos,
2821 2785 3314 2856 quemadmodum
3354 2786 3641 2856 scriptum
3679 2788 3774 2841 est

2104 2871 2342 2944 (Matth.
2375 2891 2583 2945 xxxm,
2619 2874 2744 2945 19):
2778 2874 2993 2930 Filium
3022 2875 3218 2948 itaque
3237 2878 3595 2932 coeeternum
3611 2875 3772 2930 Patri

2101 2963 2450 3034 suscepisse
2506 2979 2764 3032 carnem,
2811 2967 3012 3018 natum
3061 2964 3134 3020 de
3188 2964 3410 3036 Spiritu
3460 2967 3667 3020 sancto
3714 2966 3773 3020 et

2100 3050 2344 3124 Virgine
2368 3053 2570 3124 Maria,
2587 3053 2874 3125 aequalem
2893 3053 3045 3108 Patri
3063 3055 3391 3109 secundum
3403 3053 3768 3110 divinitatem

2103 3141 2163 3195 in
2195 3141 2304 3197 Dei
2323 3141 2531 3213 forma,
2560 3142 2617 3196 id
2640 3144 2752 3212 est,
2777 3142 2836 3197 in
2868 3143 3027 3198 omni
3053 3142 3415 3214 plenitudine
3448 3142 3770 3198 divinitatis

2024 3278 2076 3343 C
2102 3247 2236 3303 quae
2267 3232 2327 3286 in
2357 3232 2458 3287 illo
2489 3232 2730 3300 habitat,
2757 3233 2820 3286 ut
2841 3231 2989 3286 dixit
3007 3232 3362 3303 Apostolus;
3384 3231 3770 3303 corporaliter

393 3320 448 3375 Ω.
482 3319 644 3393 Ergo
676 3321 836 3375 certe
866 3318 983 3374 huc
1011 3318 1258 3374 invitatu
1296 3322 1395 3374 tuo
1440 3319 1848 3391 prodeundum
1876 3335 1990 3390 pu-
2024 3318 2076 3343 ν
2102 3321 2357 3392 (Coloss.
2408 3339 2470 3392 ιι,
2511 3321 2604 3392 9);
2656 3321 2759 3394 qui
2800 3321 2860 3376 in
2909 3335 3168 3392 persona
3211 3320 3469 3376 hominis
3519 3319 3770 3376 formam

315 3409 470 3465 tavi:
503 3411 668 3464 tuum
698 3411 793 3464 est
811 3408 1037 3480 liquido
1059 3409 1402 3478 decernere,
1426 3411 1484 3465 et
1505 3411 1840 3464 scrutanter
1869 3408 1990 3464 dis-

319 3500 547 3568 cutere,
578 3513 712 3570 quae
743 3498 1013 3570 corrigas
1038 3513 1053 3568 ;
1089 3513 1162 3553 ne
1191 3496 1300 3552 tibi
1325 3498 1469 3553 vitio
1498 3499 1730 3553 vertant
1758 3513 1826 3553 ea
1855 3514 1990 3570 quae

319 3586 501 3643 nobis
529 3589 844 3658 potuerunt
881 3587 1190 3658 obrepere.
1227 3586 1449 3643 Nescio
1479 3587 1635 3642 enim
1665 3603 1782 3659 quo
1813 3588 1990 3644 modo

316 3679 540 3748 prater
567 3675 978 3748 imprudentiae
1009 3675 1343 3748 caliginem,
1377 3691 1512 3748 qum
1534 3692 1626 3732 me
1649 3676 1990 3732 circunfun-

319 3766 429 3837 dit,
463 3781 942 3838 unumquemque
989 3764 1198 3820 fallunt
1238 3780 1348 3820 sua
1395 3765 1634 3836 scripta,
1684 3768 1742 3820 et
1786 3781 1989 3821 aurem

315 3857 681 3927 praetereunt
709 3853 858 3925 ('72);
898 3856 1074 3925 atque
1105 3856 1167 3908 ut
1195 3854 1300 3909 filii
1329 3855 1502 3910 etiam
1551 3854 1849 3910 deformes
1881 3855 1989 3911 de-

315 3945 558 4014 lectant,
593 3943 684 3999 sic
716 3942 891 3998 etiam
921 3942 1275 4014 scriptorem
1315 3944 1631 4000 indecores
1676 3959 1988 4000 sermones

319 4033 418 4088 sui
450 4033 708 4104 palpent.
734 4033 1035 4087 Incautius
1065 4032 1412 4104 plerumque
1443 4032 1661 4105 aliquid
1680 4034 1986 4106 promitur,

319 4122 546 4194 aliquid
577 4122 866 4194 accipitur
895 4121 1367 4191 malevolentius,
1399 4121 1621 4194 aliquid
1650 4123 1771 4179 exit
1799 4123 1990 4178 ambi-

320 4227 546 4285 guum:
588 4213 713 4267 tum
751 4211 887 4284 quia
926 4210 1118 4266 alieno
1159 4211 1548 4267 examinanda
1581 4211 1830 4284 judicio,
1873 4227 1992 4269 non

395 4355 510 4426 (69)
541 4354 623 4427 Ita
644 4353 912 4427 plerique
933 4369 1116 4424 mss.;
1151 4354 1421 4427 nonnulli
1451 4357 1665 4426 tamen,
1699 4358 1756 4412 et
1785 4372 1992 4413 omnes

323 4425 496 4492 edit.,
525 4450 546 4474 «
580 4425 840 4481 fructum
868 4426 1211 4496 testimonii,
1250 4451 1271 4474 ι»
1307 4429 1418 4481 etc.

396 4499 510 4567 (70)
540 4499 767 4568 Scripta
792 4497 948 4552 circa
980 4514 1197 4551 annum
1226 4497 1350 4553 390.

395 4568 509 4642 (71)
542 4570 686 4642 Haec
715 4570 894 4623 verba
927 4570 1052 4642 huc
1073 4570 1355 4642 translata
1379 4573 1517 4624 sunt
1539 4585 1612 4624 ex
1641 4571 1814 4642 epist.
1833 4571 1868 4626 9
1888 4571 1992 4627 lib.

2102 3410 2263 3466 servi
2292 3411 2539 3483 accepit,
2573 3413 2630 3467 et
2667 3426 2736 3467 se
2781 3409 3112 3466 humiliavit
3159 3424 3352 3483 usque
3396 3410 3473 3466 ad
3519 3412 3769 3466 mortem

2103 3500 2392 3573 (Philipp.
2428 3517 2488 3572 ιι,
2521 3501 2577 3571 7,
2610 3500 2686 3569 8).

2173 3590 2228 3645 5.
2263 3589 2423 3662 Ergo
2455 3591 2512 3644 et
2539 3589 2832 3644 adversus
2851 3588 3167 3645 Photinum
3188 3589 3318 3645 hec
3339 3589 3516 3645 nobis
3534 3589 3770 3644 senten-

2101 3680 2182 3736 tia
2213 3682 2332 3735 est:
2367 3679 2660 3734 adversus
2689 3678 3131 3750 Appollinarem
3160 3681 3353 3733 autem
3371 3677 3633 3751 legitima
3647 3679 3768 3733 cir-

2105 3768 2500 3840 cumspectio;
2529 3770 2592 3823 ut
2622 3768 3006 3824 confiteamur
3025 3768 3181 3823 sicut
3197 3768 3256 3822 in
3281 3768 3386 3824 Dei
3408 3767 3596 3823 forma
3617 3766 3766 3822 nihil

2105 3859 2160 3914 ei
2189 3858 2374 3913 defuit
2403 3857 2619 3912 divinae
2650 3861 2875 3913 natura
2907 3860 2963 3913 et
2993 3857 3396 3929 plenitudinis,
3431 3857 3522 3912 sic
3559 3857 3621 3912 in
3667 3856 3767 3910 illa

2105 3947 2295 4004 forma
2324 3947 2583 4002 hominis
2613 3946 2758 4002 nihil
2801 3948 2858 4002 ei
2899 3947 3169 4003 defuisse
3211 3948 3346 4018 ('18),
3380 3961 3498 4019 quo
3547 3947 3769 4016 imper-

2102 4037 2296 4092 fectus
2326 4036 2504 4092 homo
2530 4035 2935 4108 judicaretur:
2983 4038 3084 4108 qui
3116 4037 3248 4092 ideo
3280 4037 3460 4106 venit,
3494 4038 3557 4090 ut
3585 4037 3769 4090 totum

2105 4127 2404 4182 hominem
2444 4126 2676 4180 salvum
2708 4126 2944 4182 faceret.
2980 4127 3187 4198 Neque
3236 4127 3393 4182 enim
3433 4125 3680 4180 decebat
3710 4126 3774 4178 ut

2105 4217 2205 4288 qui
2237 4215 2566 4287 perfectum
2603 4231 2755 4287 opus
2795 4217 2856 4271 in
2895 4216 3028 4272 aliis
3077 4216 3612 4284 consummaverat,
3656 4212 3770 4268 hoc

2177 4359 2292 4431 (75)
2319 4359 2548 4414 Thuan.
2582 4358 2790 4430 codex,
2827 4381 2850 4411 ι
2887 4360 2988 4431 qui
3036 4375 3146 4414 suo
3189 4361 3509 4414 assertore.
3555 4375 3578 4405 ι
3634 4355 3767 4410 Non

2108 4432 2254 4486 satis
2288 4431 2614 4486 commode.

2179 4503 2291 4573 (76)
2324 4503 2622 4573 Interpres
2639 4502 2736 4556 hic
2757 4505 2868 4575 est,
2893 4517 3066 4572 quem
3082 4501 3262 4575 vulgo
3281 4500 3661 4575 mediatorem
3681 4498 3766 4553 di-

2110 4571 2321 4644 cimus,
2353 4575 2468 4628 hoc
2485 4571 2591 4628 est
2629 4571 3088 4628 conciliaturam.
3122 4571 3330 4626 Cicero
3379 4571 3439 4625 in
3487 4571 3764 4644 Verrem;

324 4658 387 4716 ιιι
402 4641 603 4716 Epist.
635 4641 851 4716 (licet,
882 4641 981 4716 ubi
1006 4640 1094 4694 sic
1117 4640 1452 4716 habetu‘rrgt
1484 4640 1992 4716 Longi—subsellii,
2025 4643 2080 4705 D
2113 4668 2136 4699 α
2171 4649 2289 4701 Aut
2308 4640 2418 4716 qui
2447 4647 2947 4716 εθᾳυθειιυθεηειιιι
2976 4644 3327 4716 interpretes
3355 4641 3770 4716 corrumpendi

325 4715 390 4767 ut
421 4711 628 4784 noster
656 4712 1288 4784 Pompeiusappellat,
1314 4711 1602 4784 judicatio
1623 4711 1700 4768 'et
1738 4731 1922 4770 mora.
1969 4737 1991 4764 ι

397 4782 510 4852 (72)
542 4784 676 4838 Non
709 4782 839 4837 sine
871 4782 1042 4836 laude
1082 4799 1113 4835 a
1145 4782 1446 4854 plerisque
1491 4788 1810 4839 memorata
1859 4789 2000 4841 sunt

327 4854 512 4909 verba
538 4854 670 4909 haec
694 4854 1104 4922 Ambrosiana,
1139 4855 1245 4908 sed
1276 4855 1334 4908 in
1365 4855 1572 4924 primis
1595 4871 1628 4908 a
1657 4857 1910 4913 Baronio
1941 4858 2000 4912 in

325 4926 798 4998 MarterRom”
828 4925 930 4980 ubi
961 4926 1033 4979 de
1067 4929 1273 4981 sancto
1313 4925 1532 4980 Sabino
1563 4927 1779 4998 agitur.

397 4996 512 5065 (73)
540 4997 670 5050 Vet.
704 4997 866 5065 edit.,
905 5018 926 5045 σι
965 5011 1276 5052 sermones
1295 4998 1556 5064 ventila;
1595 4996 1628 5046 »⁷
1656 4999 1825 5053 Rom.
1863 5015 1996 5054 cum

327 5068 570 5137 scriptis
605 5068 757 5136 cod.,
797 5090 819 5118 α
857 5083 1169 5122 sermones
1198 5069 1428 5123 vellica.
1459 5088 1481 5116 ι
1519 5069 1624 5123 Est
1642 5072 1836 5124 autem
1867 5069 1996 5124 vel-

324 5139 506 5193 licare
537 5155 710 5193 manu
745 5143 967 5194 tentare
1000 5143 1195 5193 utrum
1225 5140 1447 5210 aliquid
1478 5140 1654 5195 alicui
1675 5141 1868 5196 valide
1901 5157 1998 5196 co-

330 5210 572 5277 haereat,
619 5213 716 5264 aut
764 5210 937 5265 facile
981 5211 1175 5280 possit
1221 5213 1415 5265 avelli.
1469 5211 1636 5268 Unde
1685 5213 1884 5267 clarus
1933 5213 1999 5268 fit

329 5281 768 5353 metaphpricus
800 5297 1042 5350 sensus,
1077 5298 1194 5353 quo
1224 5283 1318 5336 hic
1349 5283 1605 5352 ponitur.

398 5351 510 5422 (74)
550 5351 683 5407 Fuit
719 5353 978 5426 antiquis
1019 5351 1524 5426 ea'consuetudo,
1569 5357 1629 5408 ut
1669 5355 1768 5426 qui
1806 5355 1996 5410 libros

327 5425 576 5498 aliorum
609 5425 1036 5479 examinandos
1068 5424 1424 5498 acciperent,
1445 5426 1585 5498 quid
1609 5424 1752 5494 tolli,
1777 5427 1993 5498 quidve

329 5497 536 5550 mutari
568 5498 884 5566 oporteret,
918 5496 1207 5566 appositis
1240 5497 1595 5566 quibusdam
1635 5496 1814 5553 notis
1840 5498 1997 5552 indi-

331 5569 548 5622 carent.
587 5567 868 5622 Horatius
899 5568 987 5622 De
1016 5572 1148 5621 arte
1176 5571 1332 5638 poet.
1360 5588 1376 5620 .-

514 5763 530 5778 .
566 5763 580 5778 .
618 5763 634 5779 .
666 5763 680 5778 .
717 5764 728 5776 .
766 5765 777 5776 .
817 5765 827 5776 .
864 5729 1152 5791 Incomptis
1175 5729 1363 5778 alienat
1390 5734 1560 5776 atrum

516 5791 844 5841 Transverso
876 5792 1075 5841 calamo
1116 5792 1348 5856 signum.
1391 5825 1404 5840 .
1441 5813 1510 5840 .=.
1550 5826 1561 5840 .

2105 4717 2314 4788 judicii
2337 4712 2485 4772 esse
2517 4712 2728 4788 solent.
2769 4712 2806 4764 »ἱ
2828 4715 2987 4788 Idem
3019 4715 3413 4788 in‘epistolis:
3453 4737 3473 4761 α
3501 4712 3626 4778 Quo
3658 4729 3770 4788 ego

2111 4785 2428 4858 interprete
2461 4787 2786 4842 novissime
2817 4787 2888 4841 ad
2918 4785 3203 4858 Lepidum
3242 4802 3392 4841 usus
3433 4801 3586 4840 sum.
3625 4806 3646 4834 υ
3690 4785 3774 4838 Ita

2112 4860 2403 4914 Nannius.

2185 4929 2298 4999 (77)
2327 4929 2537 4994 Quanti
2567 4929 2785 4983 faceret
2816 4927 3172 4984 Ambrosius
3201 4931 3433 4984 veteres
3484 4928 3773 4984 Ecclesiae

2115 5001 2460 5055 traditiones
2491 5016 2523 5053 a
2554 4999 2728 5054 nobis
2753 5000 2878 5070 jam
2908 5000 3222 5072 aliquoties
3248 5001 3628 5056 observatum
3651 5003 3771 5068 est;

2117 5073 2226 5144 sed
2256 5072 2414 5144 hunc
2447 5072 2617 5125 etiam
2668 5072 2863 5126 locum
2903 5072 3170 5144 indicare
3207 5089 3325 5127 non
3372 5073 3774 5144 gravabimur.

2117 5143 2283 5207 Quod
2331 5146 2523 5197 autem
2569 5146 2797 5214 spectat
2837 5144 2908 5198 ad
2959 5143 3350 5214 Sabellianos,
3387 5143 3666 5209 Arianos,
3708 5157 3777 5195 ac

2119 5215 2526 5286 Photinianos,
2561 5214 2632 5286 de
2663 5216 3014 5270 commentis
3041 5218 3215 5286 atque
3246 5217 3550 5270 erroribus
3572 5227 3776 5270 eorum

2113 5287 2186 5341 ad
2217 5286 2320 5340 lib.
2354 5285 2443 5339 De
2472 5285 2623 5340 Fide
2645 5303 2711 5341 ac
2741 5287 2816 5342 de
2835 5287 3072 5342 Inoarn.
3105 5285 3252 5341 satis
3283 5287 3562 5342 diximus.

2186 5357 2298 5431 (78)
2340 5356 2892 5431 Apollinaristarum
2923 5358 3287 5431 praecipuum
3307 5359 3486 5431 hunc
3515 5368 3779 5431 errorem

2114 5428 2324 5497 fuisse,
2361 5426 2518 5499 quod
2548 5445 2581 5482 a
2610 5427 2849 5485 Christo
2881 5426 3192 5485 humanam
3223 5430 3477 5483 animam
3507 5426 3600 5480 vel
3631 5440 3776 5480 sus-

2113 5503 2342 5570 ceptam
2373 5504 2678 5572 negarent,
2713 5502 2806 5555 vel
2837 5503 2972 5557 sine
3005 5503 3197 5556 mente
3227 5516 3297 5572 ac
3319 5501 3778 5572 rationesusce-

2113 5568 2269 5642 ptam
2295 5568 2741 5639 contenderent,
2767 5573 3219 5628 observavimus
3233 5571 3306 5624 ad
3329 5570 3520 5642 libiDe
3542 5568 3779 5642 Incarn.

2114 5639 2298 5709 saeta,
2349 5659 2476 5714 cap.
2528 5644 2581 5712 σὲ,
2633 5660 2793 5698 num.
2841 5643 2927 5698 11.
2977 5642 3326 5714 Ουονθιὶοιιι
3378 5641 3517 5714 lib._,_
3548 5656 3675 5714 cap.
3726 5639 3781 5708 7,

2115 5711 2472 5768 Ambrosius
2504 5711 2645 5769 illud
2677 5716 2894 5786 ipsum,
2928 5729 3045 5786 quo
3077 5713 3172 5766 hic
3195 5713 3394 5781 utitur,
3429 5711 3668 5766 adhibet
3696 5727 3788 5766 ar-

2114 5787 2478 5857 gumentum.
