4070 6180
277 301 430 368 1205

1469 301 2084 368 EPISTOLARUM
2128 303 2468 368 CLASSIS
2510 302 2558 368 Ι.

3569 305 3723 372 1206

303 557 306 560 _
344 503 459 576 Dei
494 507 689 576 tamen
719 518 863 576 esse
886 503 1122 575 aliquod
1152 503 1468 572 infirmum,
1503 503 1793 576 sedquod
1817 503 1943 576 lor-
1976 489 2033 552 Α
2053 504 2368 559 dicendum
2397 505 2613 576 popqu
2645 504 2827 561 Israel
2856 522 2871 576 ;
2903 509 2959 561 et
2987 505 3110 576 ivit,
3145 508 3200 562 et
3231 505 3488 563 occurrit
3518 507 3570 562 ei
3613 523 3721 562 an-

349 575 468 629 tius
497 574 579 628 sit
612 574 1238 639 liominibus,’erucein
1271 576 1569 630 nimirum.
1603 574 1766 640 Quod
1787 575 1948 630 Deus

342 645 716 718 prophetiam
757 646 998 699 Balaam
1038 646 1331 701 infuderit
1373 649 1585 700 mirum
1618 663 1730 700 non
1769 662 1904 701 esse
1929 666 1947 711 ;

349 716 476 772 cum
508 716 658 770 illud
691 732 799 770 nec
819 719 1125 772 sacerdoti
1148 734 1294 788 nega
1310 720 1461 772 verit
1487 719 1790 772 Christum
1807 734 1948 789 per-

347 789 622 858 sequenti
645 807 662 850 ,-
697 794 756 840 ut
780 803 985 860 nempe
1015 789 1138 842 sibi
1169 805 1246 860 ex
1275 790 1538 843 inimicis
1577 790 1947 860 exprimeret

350 861 769 932 testimonium.
811 858 1036 919 Quanta
1073 859 1432 932 inﬁdelitate
1472 858 1944 932 atqueiavaritia

343 931 692 1002 prophetiae
711 946 850 1003 suas
885 932 1224 1003 corruperit
1247 931 1488 986 Balaam
1514 931 1674 995 {sed
1703 932 1948 1003 potissi-

346 1000 501 1084 mum
529 1000 895 1084 'qute'fuerit
936 1000 1099 1084 {ilius
1139 1000 1947 1084 inapersuadendo'seelere

344 1071 620 1144 perﬁdia.
672 1071 839 1127 Uade
890 1073 1154 1129 efﬁcitur
1200 1071 1384 1128 Deum
1434 1073 1776 1128 mutabilem
1833 1090 1947 1128 non

350 1144 541 1198 fuisse
581 1159 724 1216 erga
766 1159 894 1199 eum
919 1187 933 1214 ,
980 1151 1175 1218 utpote
1216 1145 1380 1217 cuius
1420 1146 1740 1218 nequitiam
1773 1160 1948 1218 pers-

341 1221 618 1287 pexerat.

738 1305 1082 1360 Aunnosius
1111 1305 1480 1361 CHROIIATIO.

347 1428 398 1483 1.
431 1428 870 1501 Numquidnam
900 1430 1180 1484 mentitur
1210 1431 1369 1485 Deus
1390 1432 1418 1484 ?
1467 1429 1581 1486 Sed
1629 1446 1746 1485 non
1779 1445 1945 1484 men-

276 1517 436 1588 titur,
471 1517 608 1589 quia
641 1518 1012 1589 impossibile
1047 1523 1137 1574 est
1165 1519 1400 1574 mentiri
1429 1520 1615 1574 Deum
1647 1520 1780 1589 (85).
1831 1520 1947 1574 Im-

278 1607 566 1678 possibile
589 1623 824 1680 quoque
846 1608 1004 1662 istud
1022 1609 1423 1680 nunquidnam
1442 1609 1798 1663 infirmitatis
1817 1610 1949 1664 est?

276 1697 411 1751 Non
456 1697 696 1769 utique;
747 1713 881 1751 nam
929 1698 1224 1768 quomodo
1271 1699 1467 1752 omnia
1508 1701 1724 1769 potest,
1757 1697 1808 1752 si
1838 1697 1948 1752 ali-

276 1786 421 1857 quid
452 1785 690 1841 et‘iicere
713 1801 831 1842 non
848 1789 1043 1857 potest
1063 1787 1090 1840 ‘2
1119 1785 1268 1852 Quid
1291 1801 1435 1858 ergo
1459 1786 1513 1840 ei
1530 1785 1900 1857 impossibile
1923 1788 1951 1841 ?

275 1875 414 1930 Non
445 1874 602 1947 quod
651 1875 851 1929 virtuti
901 1875 1147 1929 arduum
1196 1874 1329 1945 (86),
1382 1875 1488 1929 sed
1534 1875 1692 1946 quod
1724 1878 1949 1930 natura)
1987 1867 2034 1928 Β

274 1964 415 2036 ejus
450 1964 828 2019 contrarium.
862 1963 1258 2036 Impossibile,
1292 1963 1500 2034 inquit,
1550 1966 1642 2018 est
1689 1963 1742 2018 ei
1788 1979 1948 2018 men-

273 2054 394 2108 tiri.
428 2053 824 2124 Impossibile,
859 2053 1018 2108 istud
1048 2069 1165 2108 non
1198 2053 1554 2108 infirmitatis
1573 2055 1685 2123 est,
1707 2053 1814 2108 sed
1832 2053 1947 2107 vir-

273 2144 422 2197 tutis
466 2144 523 2197 et
572 2142 942 2214 majestatis;
975 2143 1110 2214 quia
1142 2142 1362 2196 veritas
1394 2157 1513 2196 non
1544 2141 1751 2212 recipit
1779 2158 1948 2198 men-

275 2232 536 2302 dacium,
572 2247 679 2286 nec
730 2231 835 2287 Dei
869 2232 1057 2286 virtus
1088 2231 1344 2286 levitatis
1376 2245 1658 2285 errorem.
1693 2231 1948 2304 Ideoque

273 2322 357 2375 sit
410 2345 430 2368 ι.
482 2321 642 2376 Deus
689 2337 902 2392 verax,
962 2322 1154 2377 omnis
1212 2323 1405 2374 autem
1462 2319 1638 2375 homo
1697 2321 1950 2376 mendax

275 2411 472 2481 (Rom.
507 2428 589 2481 ιιι,
622 2411 696 2481 4).
737 2431 759 2461 ι

349 2501 404 2555 2.
451 2500 685 2555 Veritas
728 2500 923 2571 itaque
971 2499 1087 2571 (87)
1135 2515 1373 2570 semper
1419 2499 1480 2554 in
1510 2515 1580 2555 eo
1611 2503 1722 2571 est,
1756 2499 1949 2555 Iichis

271 2594 494 2657 manet,
546 2593 770 2644 mutare
822 2605 889 2643 se
940 2593 996 2643 ct
1045 2604 1265 2662 negare
1307 2604 1424 2644 non
1455 2591 1669 2660 potest.
1704 2587 1767 2644 Si
1795 2591 1950 2644 enim

272 2695 486 2733 verum
532 2694 598 2733 se
650 2681 844 2751 negat,
897 2679 1176 2733 mentitur
1227 2693 1240 2733 :
1292 2678 1524 2733 mentiri
1581 2681 1775 2732 autem
1832 2695 1949 2734 non

271 2769 540 2838 vittatis,
576 2769 681 2823 sed
715 2768 1070 2822 inﬁrmitatis
1094 2772 1206 2822 est.
1231 2768 1356 2822 Nec
1377 2771 1603 2822 mutare
1634 2783 1701 2822 se
1732 2772 1946 2837 potest,

273 2859 420 2930 quia
449 2862 654 2912 natura
686 2857 821 2928 ejus
850 2874 969 2912 non
1000 2857 1207 2928 recipit
1238 2857 1653 2912 infirmitatem.
1687 2857 1815 2911 Hoc
1848 2857 1954 2930 igi-

271 2955 375 3003 tur
407 2947 778 3019 impossibile
811 2946 946 3018 ejus
979 2946 1364 3018 plenitudinis
1386 2950 1496 3014 est,
1522 2963 1655 3018 quae
1685 2945 1950 3002 minuere

275 3053 348 3092 se
382 3042 438 3093 et
468 3053 689 3110 augere
722 3053 838 3091 non
870 3039 1067 3107 potest
1101 3051 1114 3091 :
1149 3052 1267 3091 non
1295 3035 1684 3106 infirmitatis,
1727 3052 1860 3108 quin
1889 3035 1950 3090 in

275 3143 350 3183 eo
382 3128 538 3199 quod
571 3143 637 3181 se
669 3130 866 3198 auget,
901 3126 1195 3180 imbecilla
1227 3129 1338 3180 est.
1375 3125 1464 3179 Ex
1495 3141 1612 3197 quo
1653 3125 1952 3198 colligitur

274 3217 655 3288 impossibile
698 3216 803 3271 Dei
851 3215 1329 3286 potentissimum
1377 3230 1538 3270 esse.
1597 3213 1747 3279 Quid
1795 3216 1949 3270 enim
1981 3235 2033 3298 ο

274 3307 600 3378 potentius,
631 3321 806 3378 quam
838 3306 1072 3360 nescire
1103 3304 1388 3376 quidquid
1420 3303 1775 3359 infirmitatis
1803 3307 1895 3360 est
1923 3306 1952 3359 εν

349 3396 403 3452 3.
455 3396 563 3451 Est
609 3399 802 3450 tamen
846 3398 902 3450 et
949 3395 1105 3449 aliud
1142 3394 1438 3448 infirmum
1471 3393 1597 3463 Dei,
1633 3393 1790 3464 quod
1825 3393 1950 3448 for-

275 3489 400 3542 tius
445 3489 538 3541 est
585 3484 963 3553 hominibus;
1000 3488 1056 3539 et
1088 3484 1330 3538 stultum
1363 3481 1487 3552 Dei,
1521 3482 1678 3554 quod
1711 3483 1951 3553 sapien-

275 3578 400 3630 tius
429 3579 523 3630 est
552 3575 892 3630 hominibus
923 3572 980 3644 (Ι
1016 3573 1151 3628 Cor.
1186 3590 1224 3641 ι,
1258 3573 1349 3640 25)
1383 3587 1396 3626 :
1433 3572 1540 3626 sed
1571 3571 1684 3626 hoc
1729 3571 1946 3639 crucis,

273 3665 424 3721 illud
454 3664 800 3718 divinitatis.
851 3662 914 3718 Si
959 3677 1104 3735 ergo
1147 3663 1305 3733 quod
1346 3661 1641 3716 infirmum
1670 3664 1762 3716 est
1792 3660 1949 3732 ejus,

274 3754 539 3827 potentia
585 3755 722 3808 est:
777 3751 933 3823 quod
982 3751 1280 3822 potentiae,
1325 3751 1622 3822 quomodo
1654 3751 1952 3805 infirmum

276 3845 422 3900 est?
470 3842 558 3899 Sit
605 3842 784 3914 igitur
832 3840 1007 3896 nobis
1047 3841 1326 3912 positum,
1362 3841 1498 3912 quia
1528 3856 1646 3896 non
1676 3840 1952 3896 mentitur

279 3935 465 3990 Deus.

357 4025 408 4078 4.
443 4021 560 4078 Sed
582 4037 689 4076 nec
714 4022 1035 4091 augurator
1055 4019 1289 4092 augurii
1312 4019 1371 4073 in
1393 4018 1597 4088 Israel,
1623 4018 1951 4074 secundum

278 4113 478 4184 legem
509 4111 615 4166 Dei
646 4110 843 4181 (Deut.
871 4127 1035 4177 xvm,
1071 4110 1178 4178 10).
1203 4107 1506 4174 Quomodo
1539 4123 1684 4179 ergo
1717 4107 1951 4162 Balaam

280 4201 645 4275 prohibitum
678 4215 744 4254 se
775 4199 1014 4254 oraculo
1045 4198 1152 4253 Dei
1183 4197 1342 4266 dicit,
1377 4199 1440 4251 ut
1468 4196 1640 4251 vadat
1671 4197 1744 4250 ad
1774 4197 1952 4252 male-

354 4364 466 4433 (85)
502 4364 672 4418 Rom.
706 4361 843 4416 edit.
878 4376 1009 4430 quae
1042 4359 1252 4433 tomogl
1283 4359 1435 4413 hanc
1480 4357 1822 4433 epistolam,
1846 4374 1947 4412 as-

283 4428 470 4504 cripto
520 4435 575 4488 ei
623 4434 790 4488 titulo
837 4428 1478 4504 Adnotationisgsuper
1505 4428 1740 4504 cap.“23
1773 4429 1946 4504 Num.

281 4500 542 4568 exhibet,
577 4506 768 4558 eidem
801 4504 928 4558 hzec
961 4505 1133 4556 etiam
1164 4503 1345 4556 verba
1377 4500 1682 4571 praemittit
1716 4517 1727 4554 :
1784 4522 1806 4551 ι
1845 4501 1949 4555 Di-

279 4583 436 4633 ctum
470 4581 580 4631 est.
617 4577 748 4630 Non
780 4581 839 4630 ut
871 4577 1045 4629 homo
1079 4575 1258 4640 Deus,
1285 4578 1346 4626 ut
1374 4573 1720 4626 mentiatur:
1758 4587 1949 4642 neque

279 4654 342 4704 ut
375 4650 533 4703 tilius
584 4647 862 4714 hominis,
913 4651 972 4700 ut
1015 4649 1288 4700 mutetur.
1329 4664 1350 4692 ι
1402 4643 1722 4698 Fatendum
1758 4649 1950 4698 tamen

277 4724 372 4776 est
405 4721 718 4790 abruptum
748 4719 806 4772 id
838 4718 1044 4786 videri,
1078 4719 1702 4790 qqusanctusnoster
1746 4717 1947 4790 utitur,

281 4785 593 4846 exordium
627 4807 640 4845 :
691 4790 797 4844 sed
847 4805 977 4843 cum
1027 4785 1140 4842 sub
1181 4787 1355 4840 tinem
1394 4785 1662 4854 epistolae
1692 4785 1765 4838 ad
1796 4788 1947 4840 trac-

279 4864 455 4917 tanda
487 4861 831 4932 hujusmodi
862 4863 1207 4930 argumenta
1242 4860 1488 4932 testatur
1519 4872 1585 4910 se
1626 4855 1948 4932 Chromatii

279 4938 495 5005 rogatu
539 4927 796 4987 animum
829 4927 1180 5005 appulisse,
1243 4927 1674 5005 credibilehest
1730 4927 1948 5005 aliquid

280 4997 475 5060 fuisse
507 5005 565 5057 in
597 5005 780 5076 hujus
828 4997 1059 5076 litteris,
1111 5001 1270 5076 quod
1315 4999 1413 5052 tali
1461 4998 1628 5053 initio
1672 4997 1949 5068 responsi

282 5077 661 5131 Ambrosiani
687 5074 895 5128 ansam
931 5074 1176 5127 dederit.

351 5147 467 5217 (86)
499 5147 715 5201 Eadem
745 5148 882 5201 edit.
922 5147 1114 5212 Rom.,
1147 5167 1168 5193 α
1196 5143 1340 5196 Illud
1366 5140 1762 5217 utiquequod
1793 5142 1951 5194 natu-

281 5213 369 5272 rae
396 5219 531 5287 ejus
561 5219 917 5271 contrarium
951 5221 1061 5278 est,
1090 5233 1203 5270 non
1226 5214 1383 5287 quod
1408 5213 1892 5287 virtutiarduum.
1924 5232 1946 5261 ι

281 5290 396 5343 Sed
430 5284 715 5360 quorsum
748 5289 1091 5357 hujusmodi
1123 5284 1390 5357 trajectio
1423 5290 1478 5338 et
1511 5284 1747 5360 mutatio
1782 5298 1950 5360 spec-

283 5365 382 5428 tet,
433 5357 551 5414 non
600 5361 891 5414 videmus.
945 5360 1202 5412 Adverte
1247 5361 1439 5428 autem
1485 5357 1676 5409 obiter
1733 5358 1950 5425 quanto

284 5433 564 5502 sagacius
596 5432 1042 5501 sapientiusque
1075 5427 1430 5502 Ambrosius
1462 5428 1573 5481 hoc
1605 5429 1734 5480 loco
1769 5442 1950 5502 argu-

283 5495 593 5568 mentatur,
629 5495 803 5572 quam
834 5495 1062 5556 Plinius
1095 5501 1197 5554 lib.
1230 5517 1269 5552 ιι
1301 5497 1456 5552 Hist.
1506 5504 1701 5572 natur.
1733 5495 1859 5567 cap.
1896 5495 1949 5572 7,

284 5575 384 5627 ubi
430 5567 614 5627 Deum
647 5567 780 5627 'non
824 5574 1016 5626 omnia
1065 5587 1246 5643 posse
1297 5585 1370 5623 ex
1403 5585 1472 5623 eo
1503 5569 1748 5640 colligit,
1795 5567 1951 5638 quod

286 5646 401 5698 sibi
433 5649 679 5699 mortem
711 5661 829 5699 non
860 5645 1053 5713 possit
1083 5643 1484 5698 consciscere.

354 5717 466 5784 (87)
499 5716 645 5770 Mss.
679 5732 796 5770 non
831 5715 1022 5786 pauci,
1061 5739 1080 5761 ιι
1111 5715 1303 5768 Verax
1331 5713 1562 5782 itaque;
1602 5734 1621 5758 ιι

287 5789 522 5860 utique;
567 5789 766 5843 caeteri
797 5804 863 5842 ac
898 5788 1034 5842 edit.
1072 5790 1131 5841 ut
1161 5787 1220 5840 in
1251 5787 1430 5840 textu.

1659 5710 1945 5779 nonnuﬂh

2055 594 2228 665 gelus
2262 594 2513 661 Domini,
2548 595 2649 665 qui
2681 611 2814 650 eum
2845 596 3226 666 prohibuerat
3256 612 3528 669 pergere,
3563 597 3640 651 ita
3662 601 3726 652 ut

2055 683 2374 737 obsisteret
2422 682 2608 738 asinae
2656 683 2812 755 ejus,
2865 702 2998 756 quae
3047 685 3299 740 vehebat
3342 701 3476 740 eum
3523 687 3721 756 (Num.

2053 788 2198 842 XXII,
2246 770 2311 824 31
2368 773 2559 844 seq.);
2607 776 2662 827 et
2712 774 3095 828 nihilominus
3143 779 3197 829 et
3244 777 3375 846 ipse
3405 776 3551 830 dixit
3581 777 3634 831 ei
3665 780 3728 832 ut

2056 861 2167 914 iret
2202 859 2350 924 994
2379 861 2487 915 sed
2518 862 2628 916 hoc
2661 863 2902 933 diceret,
2936 865 3090 935 quod
3123 865 3241 918 sibi
3270 865 3728 922 infunderetur‘?

2057 949 2120 1003 Si
2151 954 2472 1021 augurator
2503 966 2618 1005 non
2651 955 2741 1006 est
2769 952 2882 1022 (88)
2932 953 2991 1007 in
3043 953 3246 1023 Israel,
3287 955 3440 1009 unde
3474 956 3572 1010 isti
3605 972 3729 1011 ora-

2059 1037 2254 1092 culum
2303 1039 2428 1107 Dei,
2483 1040 2638 1111 quod
2688 1041 2883 1096 futura
2931 1043 3348 1116 manifestavit,
3386 1044 3487 1116 qui
3536 1061 3728 1119 augur

2058 1128 2226 1182 erat?
2255 1126 2317 1182 Si
2348 1129 2653 1183 oraculum
2700 1130 2806 1185 Dei
2855 1131 3225 1204 loquebatur,
3268 1133 3421 1188 unde
3453 1136 3727 1191 meritum

2059 1216 2275 1271 divinae
2306 1218 2685 1288 aspirationis
2717 1223 3170 1290 assumpserat‘?

2129 1305 2183 1359 5.
2235 1305 2352 1360 Sed
2395 1323 2513 1361 non
2564 1307 2798 1363 mireris
2840 1309 3104 1365 infusum
3149 1313 3424 1384 auguria
3453 1313 3722 1384 Domino,

2060 1394 2216 1465 quod
2248 1393 2627 1466 loqueretur;
2674 1399 2908 1469 quando
2959 1399 3222 1455 infusum
3263 1402 3416 1473 legis
3445 1402 3505 1456 in
3536 1402 3726 1458 Evan-

2059 1483 2216 1554 gelio
2251 1485 2423 1538 etiam
2453 1485 2701 1556 principi
2734 1486 3069 1560 Synagogze
3117 1488 3228 1560 (89)
3280 1491 3379 1544 uni
3411 1507 3486 1550 ex
3515 1507 3728 1563 perse-

2059 1573 2378 1642 quentibus
2408 1573 2728 1645 Christum,
2781 1577 2917 1648 quia
2961 1582 3190 1648 oportet
3219 1596 3400 1634 unum
3430 1581 3729 1637 hominem

2059 1661 2210 1715 mori
2258 1677 2364 1732 pro
2414 1663 2631 1733 populo
2678 1665 2868 1734 (Joan.
2921 1684 3001 1735 xi,
3052 1668 3164 1736 50).
3206 1669 3268 1723 In
3299 1686 3414 1741 quo
3447 1686 3565 1726 non
3595 1687 3728 1742 pro-

2059 1749 2274 1820 phetiae
2306 1751 2597 1821 meritum,
2649 1753 2756 1808 sed
2805 1755 3060 1810 assertio
3090 1757 3354 1812 veritatis
3388 1762 3514 1830 est;
3545 1763 3608 1814 ut
3638 1761 3732 1815 ad-

2061 1839 2462 1894 versariorum
2493 1841 2832 1896 testimonio
2865 1843 3360 1917 manifestaretur,
3404 1863 3519 1918 quo
3548 1849 3734 1920 perii~

2063 1928 2156 1982 dia
2187 1943 2304 1982 non
2336 1930 2700 1984 credentium
2747 1932 3001 1986 vocibus
3049 1949 3293 1988 suorum
3325 1952 3618 2008 augurum
3647 1954 3734 1994 re-

2062 2017 2472 2089 dargueretur.
2532 2019 2668 2074 Ideo
2730 2019 3029 2075 Abraham
3085 2023 3183 2077 ille
3238 2022 3553 2081 Chaldaeus
3613 2025 3735 2097 (90)

2061 2107 2287 2161 ascitur
2314 2109 2386 2160 ad
2417 2107 2611 2178 ﬁdem,
2646 2111 2709 2163 ut
2736 2108 3148 2165 Chaldaeorum
3179 2115 3522 2184 superstitio
3557 2116 3737 2170 conti-

2063 2199 2349 2251 cesceret.
2403 2197 2537 2251 Non
2581 2198 2761 2269 igitur
2791 2199 3125 2254 conﬁtentis
3157 2202 3451 2273 meritum,
3487 2205 3594 2259 sed
3623 2220 3733 2260 vo—

2062 2285 2251 2368 cantis
2283 2285 2586 2340 oraculum
2617 2289 2728 2357 est,
2763 2288 3086 2343 revelantis
3118 2289 3224 2345 Dei
3255 2291 3443 2363 gratia
3474 2293 3608 2363 (91).

2131 2401 2185 2456 6.
2209 2400 2357 2466 Quid
2381 2402 2562 2474 igitur
2583 2402 2822 2456 Balaam
2845 2405 3140 2460 contraxit
3162 2405 3512 2463 offensionis
3535 2409 3732 2478 (Num.

2062 2507 2206 2559 XXII,
2242 2490 2352 2560 12),
2386 2492 2504 2545 nisi
2533 2491 2669 2562 quia
2700 2492 2858 2546 aliud
2887 2492 3259 2566 loquebatur,
3310 2497 3468 2552 aliud
3510 2500 3734 2554 machi-

2063 2579 2354 2635 nabatur?
2399 2580 2559 2634 Deus
2608 2581 2765 2634 enim
2815 2598 2922 2636 vas
2971 2585 3254 2640 mundum
3302 2587 3569 2658 requirit,
3617 2605 3736 2644 non

2063 2669 2429 2724 immunditia
2475 2669 2844 2741 inquinatum
2898 2674 2954 2725 et
3022 2673 3326 2729 sordibus.
3378 2675 3738 2732 Tentabatur

2062 2758 2245 2830 igitur
2289 2758 2546 2828 Balaam,
2599 2751 2716 2813 non
2749 2759 3148 2832 probabatur;
3183 2766 3307 2818 erat
3337 2764 3493 2819 enim
3523 2766 3736 2835 plenus

2064 2846 2312 2902 fallaciae
2345 2863 2413 2901 ac
2445 2847 2584 2902 doli.
2620 2848 2885 2920 Denique
2928 2867 3061 2904 cum
3109 2851 3296 2922 primo
3331 2855 3738 2910 consuluisset

2064 2939 2256 2991 utrum
2287 2937 2359 2990 ad
2390 2936 2553 2991 illum
2584 2938 2858 2992 vanitatis
2890 2940 3169 3009 p0pulum
3200 2941 3442 2998 deberet
3462 2961 3734 3018 pergere,

2062 3029 2120 3080 et
2148 3025 2482 3096 prohibitus
2514 3029 2696 3097 esset,
2730 3029 3038 3083 excusavit
3064 3045 3076 3084 :
3100 3035 3307 3100 postea
3331 3033 3536 3088 missis
3571 3035 3735 3106 lega-

2061 3114 2139 3169 tis
2172 3115 2675 3186 honoratioribus,
2701 3117 3021 3187 promissis
3043 3119 3445 3187 uberioribus,
3482 3126 3735 3180 muneri-

2060 3203 2176 3258 bus
2219 3204 2714 3260 cumulatioribus
2763 3206 2996 3261 illectus
3041 3207 3241 3276 (Num.
3289 3227 3434 3280 xxii,
3483 3211 3592 3281 19),
3635 3214 3734 3284 qui

2062 3293 2400 3348 renuntiare
2431 3294 2734 3360 debuerat,
2774 3294 2984 3350 iterum
3017 3298 3448 3354 consulendum
3472 3303 3734 3372 putavit;

2063 3382 2235 3455 quasi
2258 3383 2417 3438 Deus
2440 3387 2539 3438 aut
2558 3385 2748 3454 pretio
2770 3387 2868 3440 aut
2889 3387 3236 3442 muneribus
3259 3389 3677 3446 inﬂecteretur.

2133 3481 2187 3537 7.
2225 3482 2607 3553 Responsum
2637 3485 2730 3539 est
2760 3485 2931 3556 quasi
2965 3501 3164 3556 avaro,
3201 3503 3321 3542 non
3353 3488 3528 3560 quasi
3559 3489 3614 3545 ei
3634 3490 3736 3562 qui

2062 3587 2269 3626 verum
2293 3575 2586 3642 quaereret
2612 3589 2626 3643 ;
2673 3577 2733 3627 ut
2763 3573 3107 3630 illuderetur
3126 3577 3324 3646 potius
3346 3594 3522 3649 quam
3545 3579 3733 3634 infor-

2062 3663 2338 3716 maretur.
2365 3660 2553 3732 Coepit
2586 3663 2692 3732 ire,
2726 3663 2986 3718 occurrit
3019 3665 3072 3718 ei
3100 3666 3353 3738 angelus
3387 3667 3446 3722 in
3477 3671 3733 3741 angusto

2061 3748 2238 3818 (Ibid.
2265 3748 2375 3819 24),
2403 3749 2830 3806 demonstravit
2854 3768 2922 3807 se
2945 3753 3151 3824 asinae,
3170 3771 3286 3809 non
3310 3755 3736 3812 demonstravit

2062 3838 2293 3911 auguri.
2331 3837 2418 3892 Illi
2451 3855 2518 3893 se
2552 3840 2859 3910 revelavit,
2900 3841 3080 3896 istum
3122 3843 3396 3914 obtrivit;
3438 3847 3634 3902 tamen
3672 3849 3735 3900 ut

2061 3927 2378 3999 aliquando
2402 3930 2457 3981 et
2480 3927 2608 3998 ipse
2632 3933 3046 4002 cognosceret,
3081 3933 3309 4003 aperuit
3330 3934 3536 3990 oculos
3558 3934 3692 4006 ejus
3719 3951 3730 3990 :

2062 4018 2226 4085 vidit,
2252 4021 2308 4072 et
2329 4017 2521 4071 adhuc
2547 4021 2740 4073 tamen
2762 4035 2880 4074 non
2904 4022 3150 4075 credidit
3174 4022 3429 4077 evidenti
3453 4024 3692 4079 oraculo
3717 4041 3730 4094 ;

2064 4111 2120 4162 et
2140 4107 2239 4178 qui
2263 4107 2356 4161 vel
2381 4107 2572 4161 oculis
2596 4108 2839 4165 credere
2876 4110 3206 4181 debuisset,
3243 4112 3504 4168 involuta
3526 4118 3583 4167 et
3603 4130 3730 4168 am-

2062 4195 2243 4268 bigua
2264 4197 2592 4267 respondit.

2135 4357 2248 4430 (88)
2273 4358 2442 4430 Brom.
2469 4358 2607 4412 edit.
2635 4359 2784 4427 sola,
2815 4381 2836 4407 α
2871 4358 2930 4414 Si
2969 4361 3248 4416 divinatio
3281 4377 3400 4416 non
3423 4365 3534 4430 est,
3561 4364 3672 4416 etc.
3702 4385 3724 4409 η

2133 4429 2245 4498 (89)
2291 4429 2508 4484 Eadem
2547 4430 2684 4501 edit.
2735 4431 2902 4484 Rom.
2947 4448 3080 4485 cum
3114 4448 3230 4486 uno
3262 4429 3526 4486 alterove
3554 4448 3727 4501 mss.,

2068 4523 2089 4547 ιι
2117 4501 2366 4571 principi
2404 4500 2800 4555 sacerdotum.
2831 4523 2852 4551 ι
2899 4503 3041 4566 Quae
3080 4507 3273 4556 autem
3313 4504 3384 4557 de
3424 4503 3731 4572 prophetia

2063 4572 2158 4626 hic
2198 4573 2372 4625 tradit
2410 4572 2787 4641 Ambrosius,
2831 4588 2901 4627 eo
2943 4577 3269 4643 vertuntur,
3314 4574 3472 4643 quod
3514 4574 3610 4628 illa
3653 4576 3732 4628 sit

2062 4659 2093 4696 e
2136 4659 2355 4713 genere
2395 4643 2684 4697 donorum
2742 4660 2875 4713 quae
2933 4646 3118 4714 gratis
3179 4646 3309 4698 data
3372 4649 3657 4699 vocantur
3697 4663 3732 4699 a

2062 4713 2358 4787 theologis
2384 4729 2396 4768 :
2439 4730 2690 4784 quaeque
2713 4730 2830 4787 non
2854 4715 2925 4768 ad
2949 4716 3475 4770 sanctiﬁcationem
3499 4732 3727 4787 eorum,

2061 4786 2280 4858 quibus
2303 4787 2524 4858 insunt,
2550 4785 2972 4858 conceduntur,
3001 4787 3105 4840 sed
3129 4787 3200 4840 ad
3223 4787 3477 4858 proximi
3517 4785 3729 4843 utilita-

2064 4860 2197 4929 tem.
2226 4856 2392 4929 Unde
2433 4856 2580 4908 scite
2621 4856 2693 4929 de
2735 4856 2852 4909 illis
2887 4857 3201 4929 Facundus
3225 4856 3325 4912 lib.
3352 4876 3472 4925 vui,
3498 4876 3626 4929 cap.
3654 4860 3687 4914 7
3714 4877 3725 4915 :

2067 4950 2087 4973 α
2113 4927 2356 5003 Quoties
2379 4942 2485 5003 per
2502 4927 2840 5003 nescientes
2874 4928 3134 4983 scienter
3154 4933 3430 5000 operatur
3451 4927 3602 5001 ipse,
3628 4933 3730 5003 qui

2060 5001 2256 5068 potest
2279 4998 2472 5051 omnia
2496 4997 2690 5051 facere
2712 5000 2740 5052 ‘?
2766 5019 2788 5047 ι

2133 5067 2280 5142 (90)
2321 5068 2722 5142 Omnes_edit.,
2767 5093 2786 5116 ι·
2820 5070 3054 5125 Balaam
3077 5073 3173 5126 ille
3195 5072 3548 5142 Chaldaeus;
3578 5096 3600 5124 ι
3627 5074 3730 5129 ubi

2062 5139 2630 5216 Nannius,__allus_io,
2670 5141 2878 5216 inquit,
2923 5143 2994 5216 ad
3037 5145 3094 5197 id
3129 5145 3288 5215 quod
3316 5164 3345 5198 ει
3369 5139 3566 5216 gentis
3589 5146 3729 5199 vitio

2061 5211 2454 5286 mathematici
2498 5214 2554 5264 et
2603 5213 2958 5282 genethliaci
3018 5211 3278 5271 Chaldaei
3336 5211 3725 5286 appellantur.

2062 5284 2329 5357 Attamen
2353 5298 2490 5357 cum
2511 5285 2930 5357 propemodum
2954 5303 3160 5341 omnes
3201 5305 3348 5342 mss.
3376 5284 3724 5357 praeferant,

2067 5376 2086 5401 α
2117 5353 2410 5406 Abraham
2435 5354 2530 5408 ille
2553 5354 2887 5424 Chaldaeus,
2920 5382 2940 5404 υ
2968 5360 3350 5412 verisimilius
3375 5353 3466 5412 est
3510 5353 3728 5410 donum

2062 5425 2194 5478 fidei
2221 5424 2474 5479 Abrahae
2518 5441 2592 5478 ex
2632 5426 2760 5495 ipsa
2791 5428 3065 5483 Chaldaeo
3089 5431 3336 5484 oriundo
3362 5429 3634 5482 collatum
3655 5427 3730 5481 ad

2062 5496 2430 5570 probandum
2468 5497 2628 5570 quod
2669 5498 2760 5551 hic.
2795 5499 3012 5554 dicitur
3030 5501 3100 5555 de
3124 5500 3428 5570 prophetia
3453 5499 3726 5553 Balaamo

2063 5582 2373 5640 concessa,
2401 5568 2459 5620 in
2481 5568 2736 5622 medium
2758 5571 3031 5640 proferri.

2133 5641 2149 5700 (
2173 5637 2234 5690 91
2259 5639 2278 5706 )
2321 5639 2398 5692 Ita
2430 5656 2576 5693 mss.
2603 5637 2818 5708 praeter
2839 5659 3016 5695 unum
3038 5647 3135 5696 aut
3156 5642 3400 5694 alterum
3425 5655 3441 5689 :
3468 5639 3526 5692 hi
3552 5655 3716 5708 vero,

2063 5712 2120 5762 et
2149 5725 2356 5790 omnes
2389 5711 2549 5790 edit.
2590 5731 2611 5759 ι
2649 5713 2947 5768 revelanto
2983 5713 3084 5768 Dei
3117 5711 3324 5783 gratia.
3359 5710 3509 5775 Quid
3546 5710 3728 5783 igitur

2067 5784 2379 5849 contraxit,
2407 5784 2516 5836 etc.
2549 5807 2568 5828 ιο
