4070 6180
211 328 370 394 Ιωθ

1347 325 1958 390 EPISTOLARUM
2003 325 2344 390 CLASSIS
2389 329 2436 390 Ι.

3500 324 3658 391 1210

284 529 368 584 15.
403 526 565 602 Ergo
596 543 707 584 nec
739 528 898 583 Deus
928 524 1192 599 injustas
1237 539 1347 583 nec
1391 525 1693 582 mutabilis
1739 526 1875 598 ejus
1907 507 1963 570 Α
1994 531 2105 599 est,
2139 531 2196 584 et
2239 528 2688 600 beneficiorum,
2723 545 2856 602 quas
2895 529 3126 586 crebris
3172 529 3322 584 meis
3364 529 3653 584 interces-

209 617 501 674 sententia
535 634 547 672 :
596 613 982 688 deprehendit
1021 616 1176 672 enim
1210 619 1464 672 mentem
1508 616 1642 688 ejus
1675 619 1731 671 et
1772 631 1875 671 oc-

212 707 366 763 culta
397 707 630 778 cordis;
677 710 733 762 et
762 707 894 762 ideo
945 707 1188 761 tentavit
1220 721 1353 761 eum
1385 707 1557 778 quasi
1588 706 1874 778 divinum,

209 812 327 852 neu
356 796 536 869 elegit
563 795 1118 869 quasiprophetam.
1144 795 1216 850 Et
1233 797 1436 866 utique
1459 795 1550 849 vel
1585 797 1876 850 tantorum

211 886 590 942 oraculorum
619 885 809 958 gratia
840 885 1339 940 ctrevelationum
1355 883 1714 939 sublimitate
1737 899 1877 939 cen-

209 975 367 1030 verti
399 974 600 1030 debuit
649 991 662 1029 :
714 974 824 1030 sed
864 974 1096 1029 animus
1143 973 1422 1045 nequitia
1452 973 1664 1044 plenus
1695 973 1877 1030 verba

209 1064 533 1137 prompsit,
581 1079 700 1119 non
747 1063 923 1119 fidem
965 1063 1205 1132 detulit,
1258 1062 1530 1118 consiliis
1578 1061 1878 1119 inﬁrmare

211 1153 484 1224 cupiens,
517 1152 674 1224 quod
703 1152 1076 1207 annuntiarat
1103 1151 1387 1207 futurum.
1440 1152 1512 1206 Et
1558 1151 1695 1224 quia
1743 1167 1879 1205 ora-

210 1241 349 1297 cula
396 1241 669 1296 fraudare
729 1257 848 1295 non
911 1244 1181 1312 poterat,
1234 1240 1484 1296 consilia
1545 1240 1880 1296 frudulenta

213 1329 728 1400 subministrabat,
770 1329 992 1401 quibus
1040 1330 1191 1384 levis
1238 1329 1493 1401 populus
1537 1329 1880 1384 Judaeerum

213 1419 420 1474 tentati
449 1419 527 1490 (1)
559 1418 796 1489 quidem
827 1421 996 1488 sunt,
1030 1418 1139 1474 sed
1169 1434 1286 1474 non
1318 1419 1667 1491 expugnati;
1701 1418 1879 1472 unius

212 1509 373 1564 enim
405 1507 519 1561 viri
549 1507 880 1562 sacerdotis
909 1506 1144 1578 justitia
1174 1506 1434 1562 solutum
1465 1510 1557 1562 est
1587 1523 1758 1562 omne
1789 1505 1879 1560 fa-

215 1594 477 1650 cinerosi
510 1595 767 1650 hominis
813 1595 1130 1650 consilium
1181 1596 1372 1663 (Num.
1405 1612 1546 1665 xxv,
1579 1595 1690 1667 ti),
1722 1595 1880 1650 mul-

218 1686 397 1755 teque
425 1683 756 1739 mirabilius
787 1700 895 1756 per
924 1701 1108 1740 unum
1154 1684 1451 1740 hominem
1490 1685 1757 1756 potuisse
1806 1683 1880 1738 li-

211 1772 414 1827 berari
444 1773 766 1828 exercitum
795 1777 1044 1845 patrum,
1079 1790 1254 1846 quam
1283 1773 1551 1845 potuisse
1581 1773 1794 1845 decipi.

290 1861 378 1916 16.
412 1862 540 1917 Hoc
570 1863 989 1918 munusculum
1019 1866 1242 1918 sancta:
1287 1863 1464 1918 menti
1521 1866 1636 1918 tuae
1681 1866 1880 1918 trans-

210 1950 377 2020 misi,
410 1951 548 2023 quia
574 1951 668 2006 vis
716 1968 809 2007 me
856 1951 1075 2024 aliquid
1123 1952 1197 2008 de
1228 1956 1493 2007 veterum
1525 1952 1882 2023 scriptorum

1991 619 2263 674 sionibus
2296 634 2524 673 summa
2557 619 2743 691 gratia
2791 619 2848 672 in
2880 619 3029 674 alios
3061 618 3390 689 contulisti,
3445 617 3652 691 gratim

1989 709 2249 764 memini.
2286 709 2454 764 Unde
2486 709 2687 782 colligi
2717 711 2887 780 potes
2919 709 3077 780 quod
3115 724 3232 763 non
3263 709 3494 780 ingrato
3543 708 3648 763 ali-

1989 814 2105 869 quo
2145 797 2357 854 affectu
2389 799 2704 854 adventum
2754 803 2874 853 tum
2923 814 3163 870 semper
3206 798 3350 852 mihi
3403 798 3651 853 antehac

1987 888 2500 959 exeptatissimum
2529 888 2825 944 declinare
2856 888 3167 959 potuerim.
3213 886 3328 942 Sed
3359 903 3474 960 qua
3505 903 3653 944 cau-

1987 994 2056 1033 sa
2089 979 2202 1033 hoc
2231 978 2496 1049 fecerim,
2529 978 2790 1034 breviter
2809 977 3138 1051 expediam.

2057 1067 2110 1124 2.
2145 1067 2269 1123 Soli
2298 1069 2442 1122 mihi
2471 1069 2530 1122 in
2560 1070 2660 1123 tuo
2695 1069 2970 1123 comitatu
2995 1066 3100 1138 jus
3131 1069 3356 1122 naturae
3385 1070 3653 1138 ereptum

1988 1157 2259 1214 videbam
2292 1157 2566 1226 audiendi
2597 1157 2692 1228 (6),
2726 1160 2788 1213 ut
2818 1160 2874 1212 et
2909 1157 3190 1229 loquendi
3218 1156 3493 1228 privarer
3522 1171 3648 1210 mu-

1989 1262 2160 1313 nere;
2195 1250 2389 1302 motus
2433 1247 2588 1302 enim
2616 1247 2959 1319 frequenter
2988 1261 3055 1301 es
3086 1245 3242 1317 qned
3272 1244 3346 1300 ad
3389 1259 3481 1299 me
3511 1259 3650 1314 per-

1988 1338 2297 1392 venissent
2336 1337 2549 1409 aliqua,
2601 1352 2732 1408 quas
2781 1337 2840 1391 in
2887 1335 3248 1391 consistorio
3295 1338 3394 1388 tuo
3425 1335 3643 1388 statuta

1990 1425 2201 1482 forent.
2236 1426 2361 1500 Ego
2383 1442 2528 1500 ergo
2560 1441 2780 1497 expers
2803 1424 3132 1480 communis
3155 1439 3304 1480 usus
3327 1437 3481 1491 sum,
3515 1437 3649 1476 cum

1990 1515 2145 1570 dicat
2174 1516 2457 1570 Dominus
2505 1516 2688 1571 Jesus
2721 1538 2743 1562 α
2778 1514 2923 1570 nihil
2971 1529 3108 1569 esse
3142 1512 3458 1580 occultum,
3493 1509 3651 1582 quod

1991 1622 2108 1661 non
2129 1606 2542 1660 manifestetur
2576 1606 2738 1674 (Luc.
2782 1622 2904 1674 vui,
2932 1603 3040 1673 17).
3071 1626 3092 1652 ι
3137 1600 3505 1658 Verecundia
3543 1599 3652 1672 igi-

1990 1698 2104 1765 tur,
2129 1711 2244 1767 qua
2282 1693 2465 1765 potui,
2491 1694 2757 1748 satisfeci
2780 1693 3066 1764 imperiali
3090 1691 3352 1759 arbitrio,
3395 1693 3452 1746 et
3471 1704 3650 1760 pros—

1990 1785 2123 1856 pexi
2147 1799 2220 1839 ne
2241 1785 2339 1839 aut
2365 1784 2494 1854 ipse
2517 1799 2758 1838 causam
2781 1781 3194 1837 commotionis
3229 1780 3474 1848 habeas,
3518 1792 3653 1832 cum

1992 1875 2050 1928 id
2074 1874 2320 1946 egerim,
2345 1889 2418 1928 ne
2440 1873 2580 1945 quid
2620 1872 2690 1926 ad
2716 1887 2808 1927 me
2831 1871 2903 1926 de
2925 1869 3332 1941 imperialibus
3354 1866 3655 1922 deferatur

1994 1962 2268 2018 statutis:
2311 1965 2409 2017 aut
2447 1977 2560 2034 ego
2583 1978 2716 2016 cum
2739 1961 2910 2017 fuero
2944 1974 3246 2030 praesens,
3289 1960 3388 2012 aut
3409 1971 3527 2011 non
3549 1970 3656 2009 au-

207 2041 801 2111 interpretationibus
843 2042 1145 2114 paginare.
1180 2042 1308 2114 Ego
1338 2044 1531 2096 autem
1579 2040 1882 2111 assumpsi

2012 2053 2150 2108 liam
2189 2070 2297 2125 per
2341 2056 2562 2107 metum
2599 2051 2880 2120 omnium,
2941 2052 2998 2104 et
3051 2048 3223 2120 quasi
3283 2043 3656 2102 conniventis

210 2129 504 2200 epistolas
550 2129 825 2185 familiori
869 2145 1145 2186 sermone
1189 2135 1480 2202 attexere,
1543 2130 1881 2186 redolentes

212 2216 442 2291 aliquid
471 2219 543 2274 de
597 2223 828 2290 patrum
883 2221 1190 2292 moribus;
1247 2237 1498 2292 quarum
1556 2222 1800 2291 gustum
1829 2219 1883 2273 si

211 2307 592 2380 probaveris,
624 2311 760 2379 post
791 2308 921 2364 haec
946 2308 1298 2382 hujusmodi
1325 2311 1554 2365 mittere
1576 2325 1694 2364 non
1723 2324 1886 2363 vere-

213 2396 544 2453 cundabor.
578 2397 730 2453 Malo
761 2398 918 2453 enim
946 2399 1238 2455 senilibus
1268 2399 1470 2455 verbis
1502 2399 1574 2454 de
1607 2398 1886 2470 supernis

212 2487 405 2542 rebus
437 2485 788 2542 hallucinari
817 2491 1042 2554 tecum;
1078 2491 1224 2554 997
1261 2489 1420 2561 quod
1450 2487 1655 2543 Greece
1686 2488 1888 2541 dicunt

211 2581 572 2660 ἀδολεσχῆσαι
596 2600 610 2642 ε
642 2587 871 2653 Ἐξῆλθεν
893 2580 976 2662 (2)
1001 2587 1083 2664 ἄρ’
1111 2588 1292 2642 Ἰσαὰκ
1313 2585 1383 2650 εἰς
1401 2585 1461 2641 τὸ
1481 2582 1651 2641 πεδίον
1672 2579 1886 2640 ἀδολεσ-

209 2681 411 2750 χῆσαι,
443 2670 718 2725 veniente
751 2671 1025 2726 Rebecca
1056 2670 1133 2741 (8)
1178 2671 1392 2725 futurae
1436 2668 1726 2723 Ecclesiae
1757 2667 1888 2723 ani-

210 2773 321 2812 mo
367 2757 577 2814 videns
627 2761 953 2830 mysteria:
1001 2759 1175 2829 male,
1223 2761 1482 2830 inquam,
1535 2757 1890 2812 hallucinari

211 2851 419 2904 tecum
465 2848 670 2904 verbis
715 2847 1028 2919 senilibus,
1077 2864 1151 2904 ne
1197 2848 1403 2904 videar
1457 2850 1644 2903 artem
1704 2847 1885 2901 dese-

211 2936 426 2992 ruisse
481 2937 583 3008 (4),
641 2954 816 3010 quam
876 2937 1358 2993 concitatioribus
1415 2937 1632 2992 deﬂere
1662 2935 1886 3008 aliquid

201 3024 346 3097 jam
375 3042 484 3081 nec
515 3027 728 3082 studiis
759 3028 984 3084 nostris
1028 3031 1226 3100 aptum
1274 3042 1384 3082 nec
1427 3026 1677 3082 viribus.
1713 3025 1888 3096 Vale,

212 3117 282 3170 et
310 3129 422 3170 nos
451 3115 663 3188 dilige;
697 3117 834 3189 quia
863 3133 977 3190 ego
1007 3120 1064 3172 te
1096 3117 1300 3190 diligo.

758 3205 1130 3262 EPISTOLA
1169 3207 1243 3262 LI
1276 3207 1378 3277 (5).

213 3293 566 3350 Adventum
581 3295 708 3369 ejus
730 3311 843 3352 non
863 3297 1102 3369 ingrato
1123 3295 1418 3369 alfectuse
1438 3293 1763 3364 declinare,
1787 3291 1896 3348 sed

297 3385 374 3441 ne
397 3367 957 3441 tacere'cogeretur,
984 3377 1082 3424 aut
1104 3367 1455 3441 offenszonis
1490 3382 1724 3441 causam
1740 3381 1895 3437 prae-

293 3439 490 3495 berct.
534 3438 885 3496 Iracundum
917 3438 1054 3496 esse
1101 3440 1519 3505 Theodosium,
1563 3439 1674 3494 sed
1713 3455 1791 3492 ex
1827 3453 1895 3493 se

289 3510 644 3583 placabilem
670 3532 687 3566 .·
709 3529 785 3567 ne
806 3512 994 3584 igitur
1007 3528 1134 3568 eum
1159 3528 1376 3567 comma
1389 3516 1574 3579 verat,
1609 3510 1892 3584 valetudi-

299 3599 431 3655 nem
488 3582 843 3638 excusassei
873 3583 1246 3655 Ingemuisse
1307 3582 1892 3655 episcoposuczedem

306 3654 916 3725 Thessalonicensem,
943 3633 1895 3726 35583in'SiJéi‘éé‘il/é‘éébéi
1926 3633 1978 3696 (ἶ

297 3736 492 3782 torum
514 3727 860 3808 imitandam
877 3727 1320 3808 pmnitentiam,
1362 3728 1496 3808 sine
1541 3741 1649 3808 qua
1684 3740 1896 3808 pecca-

297 3806 421 3854 tum
445 3815 557 3870 non
590 3798 840 3870 tollitur.
865 3796 1174 3870 Diabolum
1196 3799 1296 3870 qui
1324 3798 1383 3853 ei
1424 3796 1739 3870 inviderit,
1771 3797 1897 3851 vin-

293 3869 567 3941 cendum.
592 3869 726 3925 Non
748 3870 971 3925 audere
992 3885 1077 3941 se,
1105 3867 1541 3941 illo'praasente,
1568 3867 1775 3941 oll'ere
1797 3883 1897 3922 sn-

296 3939 613 4011 criﬁcium,
640 3957 671 3996 a
687 3956 794 4014 quo
816 3941 993 3996 etiam
1017 3939 1312 4014 divinitus
1332 3939 1518 3996 fuerit
1540 3939 1894 4014 deterritus:

297 4019 363 4069 at
383 4014 571 4085 ipsam
588 4010 999 4085 paenitentiam
1022 4012 1382 4085 sacrificium
1406 4027 1561 4067 esse.
1593 4010 1756 4085 Quod
1775 4010 1900 4085 fac-1

302 4082 426 4139 tum
449 4082 1157 4157 ejus'nonprwverterit,
1181 4083 1388 4140 dolere
1425 4098 1494 4140 se
1513 4125 1527 4153 ,
1553 4084 1763 4157 quippe
1803 4082 1902 4156 qui

297 4171 431 4212 eum
459 4155 602 4211 vere
621 4155 857 4228 diligat.

299 4244 754 4319 Augustissimo
803 4243 1142 4315 imperatori
1189 4244 1518 4302 Tusoueslo
1557 4244 1902 4300 Ausaesws

911 4349 1252 4405 episcOpus.

302 4423 357 4480 1.
403 4423 474 4480 Et
519 4425 744 4480 veteris
796 4422 1069 4480 amicitiae
1113 4423 1305 4480 dulcis
1369 4423 1514 4478 mihi
1562 4422 1901 4480 recordatio

329 4569 385 4635 1)
416 4567 569 4624 Edit.
603 4583 737 4622 cum
760 4583 907 4640 mss.
941 4567 1182 4640 aliquot,
1223 4590 1246 4618 ι
1278 4567 1495 4640 quibus
1527 4567 1694 4623 leves
1723 4582 1904 4638 popu-

224 4641 270 4697 li
305 4639 653 4695 Judaaorum
700 4639 922 4693 tentati.
963 4662 984 4687 ιι
1020 4640 1135 4694 Alii
1165 4639 1314 4694 mss.
1346 4639 1553 4708 plures
1584 4655 1652 4693 ac
1681 4640 1904 4708 proba-

219 4713 420 4768 tiores
457 4727 470 4765 :
507 4733 531 4761 α
565 4710 785 4781 quibus
809 4710 960 4764 levis
981 4711 1236 4782 populus
1267 4710 1612 4766 Judaaorum
1641 4711 1899 4776 tentatip

226 4783 476 4838 minime
508 4783 678 4836 male.
1297 4841 1300 4844 η

306 4854 386 4922 (2)
417 4852 563 4908 Cum
579 4853 848 4923 imperite
871 4855 926 4906 et
946 4869 1155 4924 parum
1195 4851 1470 4908 distincte
1491 4851 1698 4924 Graaea
1717 4851 1906 4924 verba

224 4921 582 4981 scribantur
612 4921 678 4978 in?
701 4924 831 4978 cod.
865 4921 1042 4978 manu
1096 4925 1378 4994 exaratis,
1421 4939 1552 4978 eam
1591 4921 1905 4994 lectionem

225 5013 309 5052 ex
340 4996 460 5050 illis
507 4998 893 5066 expresserat
939 4993 1374 5066 Amerbachus,
1413 5011 1545 5066 quae
1578 5009 1696 5050 non
1728 4993 1902 5047 modo

223 5066 519 5135 barbara,
587 5065 697 5121 sed
747 5065 919 5120 etiam
969 5067 1124 5121 omni
1173 5065 1364 5122 sensu
1392 5065 1669 5121 destituta
1718 5067 1901 5120 esset.

224 5139 609 5208 Quapropter
636 5141 700 5191 ut
747 5137 1058 5208 manifeste
1093 5138 1280 5192 ulceri
1326 5138 1680 5193 medicinam
1717 5136 1904 5190 Eras-

224 5198 384 5281 n'ius'
405 5198 743 5281 exhiberet,
778 5207 928 5281 hanc
961 5210 1310 5263 sententiam
1342 5209 1516 5281 quasi
1561 5222 1905 5281 germanam
1933 5198 1991 5262 D

225 5280 568 5347 substituit,
606 5279 814 5334 Graece
845 5279 1048 5334 dicunt
1086 5279 1430 5360 ἀδολεσχὶαὶς-
1455 5279 1773 5361 γηράλαιαις-
1791 5287 1908 5361 περὶ

222 5374 338 5424 τῶν
361 5367 463 5422 ἄνω
504 5364 916 5440 ἀδοὶισχείσθαι.
960 5361 1176 5415 Verum
1208 5377 1326 5416 non
1358 5361 1648 5416 satisfecit
1677 5362 1908 5440 .Roma-

229 5445 338 5500 nis
384 5439 745 5508 editoribus;
796 5440 834 5492 ii
885 5440 1199 5512 siquidem,
1258 5456 1376 5494 non
1408 5441 1614 5510 paucis
1656 5439 1908 5512 vocibus

228 5515 571 5579 trucidatis,
607 5512 719 5566 has
757 5510 981 5567 tantum
1016 5513 1190 5566 nobis
1239 5513 1656 5578 exhibuerunt,
1715 5510 1912 5566 Graeci

231 5589 449 5642 dicunt
496 5587 864 5664 ἀδολεσχῇσαι.
911 5586 1203 5640 Caeterum
1261 5583 1561 5637 curiosius
1611 5583 1911 5636 characte-

234 5683 348 5721 res
395 5667 565 5736 queis
596 5662 892 5736 hic’locus
923 5667 980 5719 in
1012 5681 1124 5719 ms.
1163 5664 1312 5736 Reg.
1345 5668 1658 5736 exaratur,
1684 5662 1910 5736 exami-

231 5733 525 5795 nantibus
555 5751 696 5790 vera
726 5735 900 5791 lectio
931 5733 1470 5807 detegiturfquam
1517 5733 1908 5807 restituimus.

234 5811 437 5867 Porro
483 5808 554 5864 de
599 5821 744 5863 voce
794 5804 1139 5889 ἀδολεσχῆσᾶι
1188 5811 1244 5862 et
1289 5804 1422 5880 e]us
1479 5804 1912 5877 signiﬁcatione

1996 2143 2211 2197 famam
2232 2143 2446 2197 subibo
2491 2157 2502 2196 :
2545 2143 2643 2196 aut
2681 2141 2758 2194 ita
2799 2139 3050 2207 audiam,
3092 2140 3155 2192 ut
3194 2135 3336 2189 mihi
3357 2148 3533 2188 aures
3555 2147 3656 2202 pa-

1997 2235 2153 2286 teant
2171 2247 2289 2286 vox
2326 2229 2784 2293 intercludatur;
2809 2232 2872 2282 ut
2893 2227 3088 2282 audita
3111 2240 3228 2280 non
3266 2223 3498 2295 possim
3528 2220 3655 2276 elo-

1995 2323 2115 2393 qui,
2141 2336 2214 2376 ne
2253 2335 2360 2376 eos
2397 2320 2497 2391 qui
2537 2319 2596 2373 in
2632 2317 3038 2388 suspicionem
3068 2312 3426 2387 proditionis
3467 2325 3650 2366 vene-
3711 2325 3714 2328 '

1995 2412 2132 2481 rint,
2155 2411 2366 2466 laedam
2388 2409 2446 2464 in
2470 2407 2753 2480 periculo.

2066 2521 2118 2574 3.
2143 2518 2292 2584 Quid
2315 2517 2501 2591 igitur
2523 2514 2822 2570 facerem?
2845 2514 2976 2567 Non
2997 2511 3302 2566 audirem?
3337 2509 3454 2564 Sed
3476 2523 3659 2562 aures

1995 2625 2112 2664 non
2151 2623 2394 2679 possem
2444 2621 2582 2662 cera
2639 2607 2907 2660 veterum
2966 2600 3297 2656 fabularum
3359 2597 3658 2653 claudere.

1994 2699 2358 2754 Proderem?
2379 2695 2494 2752 Sed
2507 2695 2664 2767 quod
2687 2694 2744 2748 in
2764 2693 2882 2748 tuis
2897 2692 3093 2764 jussis
3116 2691 3406 2759 timerem,
3430 2687 3489 2742 in
3508 2686 3662 2742 meis

1996 2788 2200 2844 verbis
2240 2787 2520 2842 deberem
2566 2799 2806 2848 cavere;
2858 2799 2930 2838 ne
2986 2781 3133 2847 998
3171 2779 3311 2851 quid
3355 2779 3662 2833 cruentum

1997 2877 2480 2934 committeretur.
2521 2874 2842 2929 Tacerem?
2881 2872 3031 2941 Sed,
3057 2870 3214 2943 quod
3253 2867 3659 2924 miserrimum

1997 2969 2153 3025 foret
2177 2967 2438 3023 omnium
2461 2965 2558 3036 (Ἴ),
2603 2963 2946 3036 alligaretur
2985 2961 3372 3028 conscientia,
3398 2974 3516 3014 vox
3547 2957 3662 3012 eri-

1998 3062 2258 3131 peretur.
2284 3055 2354 3110 Et
2377 3055 2475 3110 ubi
2509 3053 2689 3110 illud?
2728 3053 2845 3108 Sed
2879 3051 2932 3106 si
2955 3050 3243 3106 sacerdos
3282 3063 3401 3104 non
3442 3047 3662 3104 dixerit

1999 3147 2242 3215 erranti,
2281 3147 2334 3201 is
2357 3145 2458 3217 qui
2497 3143 2788 3198 erraverit
2811 3143 2870 3196 in
2909 3157 3018 3196 sua
3059 3139 3229 3210 culpa
3271 3139 3575 3206 morietur,
3601 3139 3658 3191 et

2001 3237 2287 3293 sacerdos
2310 3251 2451 3291 reus
2474 3235 2584 3290 erit
2606 3248 2817 3303 poenae,
2843 3231 2979 3303 quia
3002 3243 3120 3284 non
3141 3227 3440 3284 admonuit
3462 3241 3662 3281 erran-

2003 3332 2118 3384 tem
2138 3327 2384 3399 (Ezecli.
2409 3342 2490 3395 Ill,
2517 3323 2644 3394 l9)?

2073 3438 2128 3493 4.
2152 3437 2370 3506 Accipe
2401 3433 2565 3502 illud,
2613 3432 2933 3502 imperator
2955 3430 3228 3500 auguste.
3251 3422 3418 3489 Quod
3442 3423 3666 3478 habeas

2006 3527 2141 3582 fidei
2164 3526 2443 3592 studium,
2469 3538 2586 3578 non
2607 3536 2856 3592 possum
2880 3533 3134 3589 negare;
3167 3515 3324 3588 quod
3371 3514 3477 3568 Dei
3499 3514 3664 3567 timo-

2006 3633 2152 3687 rem,
2193 3631 2314 3671 non
2353 3613 2613 3668 difﬁteor
2656 3627 2668 3666 :
2711 3610 2820 3666 sed
2859 3609 3046 3664 habes
3088 3609 3312 3661 naturae
3360 3605 3660 3674 impetum,

2007 3722 2182 3778 quem
2203 3705 2256 3760 si
2279 3704 2414 3775 quis
2437 3701 2622 3756 lenire
2645 3700 2803 3768 velit,
2850 3699 2962 3753 cito
2985 3701 3186 3753 vertes
3208 3695 3280 3750 ad
3313 3693 3664 3749 misericor-

2007 3797 2162 3852 diam
2206 3811 2217 3849 :
2261 3795 2315 3849 si
2355 3793 2492 3864 quis
2535 3789 2814 3858 stimulet,
2857 3789 2916 3843 in
2957 3787 3152 3860 majus
3195 3784 3564 3851 exsuscitas,
3607 3783 3672 3836 ut

2007 3901 2141 3942 eum
2163 3899 2446 3940 revocare
2470 3881 2569 3936 vix
2607 3880 2832 3952 possis.
2878 3878 3115 3934 Utinam
3137 3877 3188 3931 si
3212 3889 3384 3930 nemo
3407 3872 3667 3944 mitigat,

2004 3974 2204 4032 nullus
2245 3966 2564 4029 accendat!
2617 3970 2901 4026 Libenter
2949 3983 3086 4025 eum
3139 3965 3438 4022 committo
3496 3962 3602 4018 tibi
3651 3978 3663 4016 :

2003 4065 2135 4136 ipse
2156 4068 2212 4120 te
2233 4077 2505 4132 revocas,
2547 4062 2604 4115 et
2635 4058 2870 4131 pietatis
2911 4056 3110 4113 studio
3150 4053 3344 4110 vincis
3386 4053 3669 4124 impetum

2006 4157 2232 4212 naturae
2244 4194 2257 4208 .

2077 4264 2131 4318 5.
2157 4261 2330 4316 Hune
2351 4273 2465 4334 ego
2488 4259 2770 4330 impetum
2808 4255 2988 4310 malui
3009 4253 3511 4326 cengitationibus
3553 4250 3672 4305 tuis

2007 4353 2244 4410 secreto
2268 4349 2654 4418 committere,
2669 4361 2847 4418 quam
2856 4345 3008 4400 meis
3022 4343 3194 4399 factis
3207 4341 3442 4414 publice
3464 4340 3674 4394 fortas-

2007 4443 2095 4500 sis
2117 4456 2378 4498 movere.
2393 4439 2594 4511 Itaque
2615 4435 2792 4492 malui
2815 4435 3012 4490 ofﬁcio
3035 4447 3167 4488 meo
3189 4429 3411 4502 aliquid
3431 4428 3668 4497 deesse,

2005 4587 2283 4643 tractavit
2305 4582 2661 4640 Ambrosius
2684 4579 2788 4635 lib.
2815 4577 2906 4634 De
2946 4576 3114 4652 Isaac
3127 4580 3186 4652 et
3209 4573 3431 4652 anima,
3457 4569 3666 4652 σερε-1.,

2008 4642 2167 4715 num.
2195 4659 2243 4726 1,
2273 4661 2329 4712 et
2355 4656 2414 4709 in
2434 4653 2596 4710 Psal.
2628 4669 2792 4726 xvm,
2818 4666 2982 4726 num.
3020 4647 3094 4726 13
3109 4651 3172 4726 _et
3201 4646 3288 4714 ‘14,
3313 4647 3488 4726 atque
3509 4642 3670 4726 alibi:

2081 4731 2156 4798 (3)
2181 4716 2309 4783 vet.
2335 4727 2496 4795 edit.,
2544 4747 2568 4773 α
2610 4728 2674 4779 ιιι
2697 4716 3331 4798 d_ehiten_te_Rebeccah:
3363 4739 3396 4798 υ.
3422 4716 3675 4798 ῌοηιερι

2009 4783 2257 4860 ιιοίἱίιυιὶ
2278 4814 2449 4863 mss.,
2480 4783 2502 4844 ίι
2528 4798 2590 4849 ut
2611 4794 2885 4849 veniente
2911 4791 3204 4847 Rebecca.
3237 4811 3258 4835 π
3283 4786 3402 4842 Sed
3440 4786 3502 4840 in
3539 4783 3673 4838 aliis

2009 4889 2158 4930 mss.
2185 4870 2536 4926 concinnius
2561 4872 2620 4921 ut
2641 4864 2944 4920 omittitur.

2082 4945 2158 5013 (4)
2180 4942 2398 4997 Omnes
2423 4939 2560 4994 edit.
2587 4941 2641 4992 et
2663 4935 2835 5013 pauci
2857 4949 3032 5004 mss.,
3080 4933 3317 5013 «artem
3339 4929 3578 5013 desisse
3606 4944 3618 4991 ;
3649 4951 3669 4974 η

2011 5002 2191 5086 aliqui
2214 5013 2332 5080 alii,
2379 5013 2615 5086 gartem
2650 5002 2922 5086 dedisse;
2965 5002 3232 5086 rimelius
3270 5002 3491 5086 c‘mteri‘,
3522 5019 3544 5050 ι
3571 5014 3672 5052 ar-

2012 5073 2130 5142 tem
2153 5073 2520 5148 deseruisse,
2541 5104 2563 5129 ιν
2581 5077 3005 5149 interpretendi
3039 5090 3247 5147 nempe
3285 5073 3673 5144 Scripturam,

2016 5161 2079 5213 ut
2097 5155 2318 5223 aliquid
2339 5153 2582 5223 proprio
2607 5155 2792 5206 marte
2814 5149 3174 5223 lucubraret.

2088 5230 2165 5297 (5)
2187 5220 2418 5295 Scripta
2438 5220 2597 5279 circa
2618 5237 2834 5297 annum
2855 5220 2979 5297 390.
3046 5290 3061 5297 _
3276 5291 3286 5297 Δ
3413 5285 3482 5297 Α-

2086 5284 2165 5367 (63
2202 5284 2528 5353 Comitatus
2551 5337 2564 5363 ,
2616 5299 2678 5350 ut
2717 5293 2988 5367 Nannius
3010 5290 3311 5367 observat,
3337 5288 3430 5367 est
3455 5284 3675 5340 familia

2015 5361 2422 5442 imperatoris,
2463 5361 2597 5420 cum
2638 5365 2946 5421 ofﬁciariis
2985 5367 3042 5418 et
3087 5361 3502 5433 stipatoribus,
3547 5369 3679 5425 quae

2015 5443 2154 5497 olim
2176 5441 2394 5495 cohors
2417 5438 2740 5493 dicebatur.
3665 5496 3669 5497 ν

2078 5460 2154 5496 ιω
2176 5454 2394 5495 ΟΟΠΟΓΒ
2417 5454 2740 5493 dicebatur.

2015 5461 2154 5500 Ollm
2176 5461 2394 5495 ΟΟΠΟΓΒ
2417 5461 2740 5493 αιυυυδιιιιιτ.

2087 5511 2504 5584 ('l)Vet.edit.,
2555 5533 2574 5556 υ
2623 5511 2773 5584 forte
2797 5506 3088 5584 omnium;
3130 5528 3159 5584 ¹ιι
3206 5505 3406 5581 Rom,
3456 5521 3477 5545 «
3525 5496 3678 5584 foret

2015 5578 2274 5642 omnium
2292 5627 2306 5652 ,
2335 5605 2357 5632 ι
2383 5583 2564 5637 multo
2585 5582 2822 5636 melius.
2846 5578 3368 5652 Quapropter_cum
3393 5578 3450 5623 in
3476 5582 3679 5652 omen:

2236 5637 2344 5709 hac
2367 5654 2617 5724 epistola
2657 5637 3306 5725 destituamurauxilio
3338 5657 3510 5725 mss.”
3537 5637 3682 5725 nihil

2014 5711 2211 5800 potius
2233 5711 2678 5800 nobisvidetur,
2723 5737 2898 5794 quam
2931 5721 2995 5800 ut
3015 5711 3676 5800 ejus.editi‘onis‘leetio-

2017 5782 2148 5857 hem
2174 5798 2559 5866 retineamus,
2585 5782 2760 5870 quam
2773 5782 3065 5866 praestare
3086 5786 3220 5844 aliis
3234 5782 3673 5841 arbitrabimur.
