4070 6180
503 294 656 360 1211

1935 304 2001 369 S.
2047 305 2490 370 AMBROSII.

3769 316 3890 384 1212

514 512 690 570 quam
719 496 1030 556 humilitati
1065 518 1078 557 ε
1112 505 1169 558 et
1197 504 1421 578 requiri
1439 505 1502 561 in
1520 521 1610 562 me
1641 506 1714 562 ab
1744 507 1877 562 aliis
1898 508 2178 564 sacerdo-
2205 521 2266 586 Α
2301 507 2406 564 luit
2436 507 2596 564 scire
2623 524 2936 565 numerum
2963 509 3144 566 totius
3175 510 3365 582 plebis
3391 527 3522 584 qum
3551 529 3737 570 secum
3762 524 3886 573 erat:

509 587 588 642 tis
621 589 1046 662 auctoritatem,
1080 607 1256 664 quam
1277 597 1382 650 ate
1403 595 1731 652 desiderari
1762 597 1822 652 in
1853 612 1946 652 me
1979 613 2176 652 aman-

511 675 746 732 tissime
775 677 855 750 (8)
885 679 1434 755 honoriticentiam;
1468 689 1549 756 ut,
1601 701 1884 758 represso
1933 687 2175 759 impetu,

514 764 746 838 integra
775 771 940 824 esset
983 771 1219 826 consilii
1265 773 1524 846 eligendi
1571 774 1842 831 facultas.
1882 776 2182 832 Praetendi

514 855 930 926 aegritudinem
947 861 1216 930 corporis
1234 877 1440 918 revera
1464 880 1726 936 gravem,
1747 867 1804 920 et
1820 865 1937 921 nisi
1968 881 2002 920 a
2030 865 2180 921 viris

513 943 846 1002 milioribus
877 947 978 1002 vix
1005 947 1312 1006 levandam
1345 967 1358 1008 :
1392 953 1486 1008 vel
1507 953 1690 1009 emori
1713 955 1908 1009 tamen
1940 955 2181 1010 maluis-

515 1048 645 1089 sem
669 1075 684 1104 ,
734 1051 910 1107 quam
948 1038 1263 1095 adventum
1300 1045 1465 1096 tuum
1500 1043 1680 1099 biduo
1710 1046 1808 1099 aut
1837 1045 2034 1101 triduo
2064 1060 2182 1101 non

515 1128 946 1195 exspectarem.
977 1127 1095 1184 Sed
1125 1130 1266 1202 quid
1296 1132 1576 1202 facerem,
1601 1149 1718 1188 non
1747 1137 1893 1188 erat.

585 1210 640 1269 6.
673 1211 916 1270 Factum
946 1221 1038 1274 est
1066 1218 1127 1272 in
1156 1221 1304 1276 urbe
1341 1221 1968 1280 Thessalonicensium
2025 1223 2182 1296 quod

517 1303 678 1358 nulla
705 1307 991 1362 memoria
1021 1307 1215 1378 habet,
1249 1312 1406 1382 quod
1437 1327 1724 1368 revocare
1756 1329 1873 1368 non
1902 1315 2085 1384 potui,
2108 1329 2182 1368 ne

519 1391 688 1448 fieret
715 1391 832 1465 (9);
874 1395 992 1452 imo
1031 1397 1186 1468 quod
1223 1404 1357 1455 ante
1398 1402 1839 1457 atrocissimum
1877 1403 2008 1459 fore
2037 1403 2180 1472 dixi,

518 1497 651 1536 cum
682 1483 857 1538 toties
889 1500 1204 1558 rogarem:
1239 1493 1296 1544 et
1327 1490 1483 1561 quod
1513 1491 1642 1561 ipse
1675 1507 1814 1548 sero
1845 1492 2182 1548 revocando

518 1586 704 1643 grave
734 1572 953 1629 factum
982 1577 1220 1647 putasti,
1272 1578 1385 1634 hoc
1435 1579 1655 1636 factum
1705 1585 2026 1637 extenuare
2065 1598 2183 1638 non

515 1664 802 1730 poteram.
823 1662 1066 1728 Quando
1089 1667 1343 1737 primum
1364 1669 1626 1724 auditum
1647 1673 1760 1739 est,
1793 1674 2039 1740 propter
2068 1671 2184 1744 (10)

517 1749 832 1805 adventum
861 1752 1163 1808 Gallorum
1211 1757 1628 1827 episcoporum
1663 1759 1928 1830 synodus
1960 1776 2183 1816 conve-

2301 612 2455 669 quos
2487 597 2643 654 scire
2673 597 2795 654 Deo
2827 599 2944 654 soli
2973 599 3174 654 debuit
3204 615 3536 657 reservare.

2370 685 2424 742 9.
2458 685 2530 742 Et
2561 702 2716 756 cum,
2749 687 2956 758 inquit,
2989 703 3156 744 mors
3186 688 3354 744 fieret
3381 690 3440 744 in
3467 692 3648 761 plebe,
3677 694 3788 762 ipso
3811 697 3890 764 pri-

2299 789 2393 830 mo
2427 775 2523 830 die
2553 776 2627 830 ad
2655 775 2863 832 horam
2891 778 3124 847 prandii
3154 793 3288 832 cum
3327 779 3580 834 vidisset
3613 779 3774 835 David
3804 799 3892 852 per

2298 865 2615 920 cutientem
2661 867 2938 938 angelum
2988 867 3048 920 in
3094 867 3348 938 plebem,
3393 869 3472 922 ait
3510 869 3722 924 David:
3755 889 3775 921 ι
3803 871 3890 942 Ego

2296 954 2560 1023 peccavi,
2597 958 2654 1009 et
2683 969 2796 1026 ego
2825 957 3034 1025 pastor
3063 956 3389 1028 malignum
3429 957 3572 1028 feci,
3603 963 3658 1014 et
3682 958 3764 1014 hic
3789 976 3892 1032 grex

2297 1041 2438 1114 quid
2488 1041 2676 1099 fecit?
2716 1042 2845 1098 Fiat
2894 1058 3105 1098 manus
3154 1047 3255 1100 tua
3301 1046 3362 1100 in
3403 1061 3520 1116 me,
3559 1047 3695 1102 etin
3718 1047 3892 1105 domum

2295 1131 2486 1202 patris
2517 1133 2632 1187 mei
2663 1131 2841 1202 (Ibid.
2874 1131 2986 1204 17).
3024 1153 3047 1182 ι
3084 1133 3286 1206 Itaque
3316 1135 3586 1206 paenituit
3627 1135 3886 1205 Dominum,

2297 1225 2354 1275 et
2381 1219 2568 1291 jussit
2597 1221 2809 1294 angelo
2840 1225 2905 1276 ut
2934 1227 3210 1292 parceret
3237 1223 3426 1294 plebi,
3461 1223 3791 1280 sacriﬁcium
3825 1243 3890 1281 au-

2296 1312 2414 1366 tem
2461 1308 2726 1365 auferret
2776 1309 2999 1376 David;
3051 1314 3220 1366 erant
3266 1311 3425 1366 enim
3479 1315 3616 1368 tunc
3667 1314 3887 1368 sacriﬁcii

2293 1413 2405 1470 pro
2436 1398 2692 1468 delictis,
2726 1398 2856 1454 haec
2887 1414 3043 1454 nunc
3075 1405 3214 1456 sunt
3244 1401 3548 1456 sacriﬁcia
3593 1403 3890 1472 paenitentia.

2297 1487 2498 1558 Itaque
2530 1503 2602 1542 ea
2629 1487 2957 1543 humilitate
2985 1489 3285 1560 acceptior
3316 1489 3443 1546 Deo
3475 1490 3663 1547 factus
3689 1496 3795 1547 est:
3819 1507 3892 1544 non

2297 1575 2454 1630 enim
2483 1576 2818 1631 mirandum
2846 1591 3099 1647 peccare
3130 1577 3431 1634 hominem
3466 1595 3478 1635 ε
3532 1579 3638 1635 sed
3681 1579 3802 1634 illud
3831 1595 3892 1634 re-

2297 1665 2722 1735 prehensibile,
2779 1666 2833 1720 si
2881 1681 2999 1722 non
3050 1681 3117 1722 se
3167 1670 3499 1741 cognoscat
3545 1683 3783 1736 errasse,
3820 1683 3894 1723 non

2300 1753 2566 1809 humiliet
2595 1754 2739 1810 Deo.

517 1843 721 1904 uerat;
754 1855 927 1896 nemo
955 1857 1073 1897 non
1101 1843 1405 1915 ingemuit,
1441 1847 1639 1901 nullus
1669 1849 2051 1904 mediocriter
2079 1865 2182 1905 ac-
2216 1847 2266 1908 B
2372 1842 2459 1898 1ο.
2511 1842 2625 1899 Job
2673 1846 2918 1899 sanctus
2967 1847 3024 1900 et
3071 1845 3202 1915 ipse
3235 1848 3452 1916 potens
3483 1845 3542 1900 in
3573 1845 3788 1917 saecula,
3813 1847 3893 1901 ait:

521 1927 675 1997 cepit
723 1945 735 1982 :
786 1945 903 1984 non
947 1936 1076 1986 erat
1125 1932 1262 1986 facti
1309 1934 1392 1988 tui
1441 1935 1734 1990 absolutio
1782 1937 1840 1990 in
1878 1939 2182 1994 Ambrosii

519 2018 948 2088 communione,
980 2020 1039 2074 in
1068 2036 1161 2076 me
1191 2023 1364 2077 etiam
1394 2025 1644 2093 amplius
1675 2027 1983 2082 commissi
2004 2043 2182 2100 exag-

520 2109 838 2178 geraretur
885 2107 1122 2178 invidia,
1173 2111 1225 2165 si
1265 2128 1438 2167 nemo
1469 2115 1694 2170 diceret
1725 2115 1829 2170 Dei
1860 2116 2052 2172 nostri
2083 2133 2184 2172 re-

519 2195 989 2253 conciliationem
1019 2199 1149 2254 fore
1177 2203 1605 2258 necessariam.

587 2284 643 2340 'l.
674 2285 767 2340 An
796 2287 974 2356 pudet
1003 2292 1089 2358 te,
1124 2290 1475 2362 imperator,
1520 2293 1632 2348 hoc
1666 2293 1865 2349 facere
1895 2295 2051 2366 quod
2084 2311 2191 2351 rex

515 2374 824 2446 propheta,
859 2381 1063 2432 auctor
1091 2377 1316 2434 Christi
1348 2381 1675 2436 secundum
1709 2398 1951 2439 carnem
1981 2400 2188 2454 prosa-

517 2463 630 2533 pim
662 2463 800 2520 fecit
832 2464 1014 2520 David
1037 2468 1064 2522 ‘2
1096 2467 1183 2522 Illi
1215 2469 1435 2524 dictum
1466 2473 1578 2540 est,
1613 2471 1750 2542 quia
1779 2472 1948 2528 dives
1971 2473 2072 2544 qui
2093 2472 2190 2528 ha-

516 2551 687 2608 beret
715 2553 1004 2623 plurimos
1035 2571 1280 2628 greges,
1315 2573 1488 2612 unam
1513 2561 1794 2630 pauperis
1819 2576 1990 2616 ovem
2011 2577 2187 2632 prop-

516 2643 606 2695 ter
637 2641 951 2697 adventum
981 2643 1235 2715 hospitis
1259 2647 1473 2716 eripuit
1495 2652 1554 2702 et
1575 2649 1829 2716 occidit;
1863 2655 1919 2705 et
1949 2651 2186 2723 cognito

517 2729 674 2799 quod
723 2730 782 2784 in
831 2731 942 2785 hoc
991 2731 1120 2802 ipse
1168 2739 1546 2806 argueretur,
1589 2737 1727 2808 quia
1756 2737 1886 2808 ipse
1918 2739 2182 2808 fecisset,

447 2839 452 2843 Α
517 2817 595 2872 ait
627 2833 640 2873 :
678 2840 701 2867 ιι
738 2818 987 2875 Peccavi
1019 2821 1266 2878 Domino
1287 2823 1374 2893 (Il
1391 2824 1538 2897 Reg.
1565 2843 1668 2894 xu,
1694 2826 1803 2897 13).
1829 2851 1850 2876 ιι
1880 2827 2014 2883 Noli
2037 2844 2185 2901 ergo

516 2905 888 2977 impatienter
935 2909 1118 2979 ferre,
1172 2912 1519 2983 imperator,
1562 2917 1615 2970 si
1652 2905 1884 2972 dicatur
1914 2917 2020 2972 tibi
2051 2933 2063 2973 :
2097 2918 2185 2974 Tu

515 2994 711 3051 fecisti
735 2997 1080 3072 istud,quod
1102 3000 1286 3056 David
1309 3003 1440 3076 regi
1459 3003 1680 3059 dictum
1703 3008 1796 3060 est
1821 3021 1855 3060 a
1874 3005 2180 3076 propheta.

511 3084 576 3140 Si
605 3086 763 3142 enim
791 3087 906 3144 hoc
934 3089 1144 3145 sedqu
1175 3091 1458 3162 audieris,
1486 3096 1542 3148 et
1563 3093 1788 3149 dixeris
1822 3110 1835 3149 :
1874 3115 1896 3144 ι
1932 3095 2184 3151 Peccavi

2307 1953 2329 1979 ι
2365 1931 2682 1986 Peccatum
2709 1947 2905 1988 meum
2934 1947 3052 1988 non
3083 1933 3407 2003 abscondi,
3442 1934 3550 1989 sed
3578 1950 3760 1990 coram
3783 1935 3894 2006 plebe

2303 2019 2460 2075 omni
2507 2021 2846 2076 annuntiavi
2883 2020 3030 2089 (Job.
3065 2039 3227 2091 xxxx,
3257 2022 3351 2092 83,
3383 2023 3500 2096 84).
3537 2045 3560 2074 ι
3596 2023 3708 2096 Ipsi
3731 2024 3895 2078 immani

2302 2109 2435 2181 regi
2482 2106 2622 2164 Saul
2671 2109 2817 2164 dixit
2865 2109 3151 2166 Jonathas
3189 2111 3355 2168 ﬁlius
3385 2128 3540 2168 suus
3575 2129 3588 2167 :
3623 2135 3645 2162 ι
3676 2113 3789 2168 Noli
3811 2127 3895 2184 pec-

2303 2213 2442 2254 care
2469 2199 2530 2253 in
2562 2213 2808 2254 servum
2839 2202 3004 2256 tuum
3034 2199 3222 2255 David
3251 2199 3311 2271 (Ι
3337 2201 3493 2274 Reg.
3527 2219 3644 2271 xix,
3673 2203 3758 2272 4);
3789 2225 3806 2249 ι
3830 2205 3893 2256 et:

2307 2309 2330 2336 ι
2363 2286 2440 2342 Ut
2470 2287 2612 2358 quid
2640 2304 2856 2359 peccas
2905 2289 2966 2342 in
3013 2290 3376 2362 sanguinem
3422 2291 3774 2346 innocentem
3797 2290 3896 2345 occi-

2301 2375 2446 2432 dere
2474 2375 2661 2431 David
2692 2375 2822 2431 sine
2851 2391 3036 2432 causa
3075 2377 3281 2448 (Ibid.,
3323 2379 3437 2448 5)?
3483 2401 3507 2427 ιι
3547 2377 3688 2446 Quia
3717 2379 3812 2435 etsi
3832 2394 3897 2432 rex

2301 2468 2450 2534 erat,
2508 2465 2792 2535 peccabat
2839 2469 3064 2534 tamen,
3115 2465 3169 2520 si
3223 2467 3533 2522 occideret
3588 2468 3895 2523 innocentem.

2302 2553 2568 2625 Denique
2599 2554 2775 2608 etiam
2806 2553 2993 2608 David
3024 2569 3158 2608 eum
3183 2552 3308 2626 jam
3340 2571 3534 2629 regno
3553 2557 3833 2628 potiretur,
3864 2561 3897 2609 et

2301 2643 2570 2698 audisset
2607 2641 2808 2698 Abner
2855 2642 3227 2698 innocentem
3275 2645 3551 2700 occisum
3581 2662 3613 2701 a
3639 2645 3774 2701 Joab
3801 2643 3898 2699 duce

2300 2731 2523 2788 militias
2570 2747 2718 2800 suae,
2773 2731 2898 2787 ait:
2949 2731 3240 2788 Innocens
3295 2749 3436 2788 sum
3475 2750 3590 2808 ego
3629 2739 3684 2814 et
3717 2748 3897 2805 regnum

2300 2836 2496 2876 meum
2547 2821 2758 2876 amodo
2808 2823 2866 2876 et
2909 2836 3104 2893 usque
3151 2822 3212 2877 in
3259 2826 3557 2878 aeternum
3602 2840 3634 2878 a
3684 2822 3899 2894 sanguine

2298 2910 2501 2964 Abner
2531 2909 2634 2965 filii
2664 2909 2787 2966 Ner
2825 2907 2921 2980 (II
2954 2909 3104 2983 Reg.
3147 2927 3228 2981 ιιι,
3265 2911 3411 2982 28);
3449 2935 3472 2961 ι
3516 2916 3574 2969 et
3591 2909 3898 2985 jejunavitin

2297 2997 2633 3143 ᾶοέἳῗθῐίίωο
2661 3087 2793 3144 ideo
2822 3088 3063 3160 scripsi,
3097 3104 3215 3144 non
3245 3093 3309 3145 ut
3337 3092 3398 3146 te
3431 3089 3791 3159 confundam,
3831 3086 3898 3142 sed

513 3173 800 3242 Domino;
835 3197 858 3226 ι
912 3178 966 3233 si
1014 3179 1240 3234 dixeris
1288 3161 1492 3254 regale
1530 3182 1688 3237 istud
1719 3183 2131 3254 propheticum
2165 3201 2178 3240 :
2213 3161 2266 3224 ο
2295 3181 2360 3232 ut
2417 3193 2630 3250 regum
2676 3178 2944 3248 exempla
2970 3183 3313 3249 provocent,
3339 3182 3408 3236 ut
3436 3179 3610 3236 tollas
3629 3179 3732 3234 hoc
3747 3191 3900 3250 pecca-

513 3285 536 3315 ι
563 3265 789 3336 Venite,
815 3266 1154 3339 adoremus,
1189 3269 1332 3335 999
1368 3275 1424 3326 et
1447 3271 1827 3340 procidamus
1852 3277 1984 3328 ante
2005 3289 2137 3329 cum
2162 3292 2177 3341 ;

509 3356 566 3409 et
594 3354 899 3424 ploremus
931 3361 1064 3412 ante
1095 3357 1407 3414 Dominum
1435 3364 1738 3432 nostrum,
1770 3362 1870 3432 qui
1899 3361 2038 3417 fecit
2067 3378 2180 3418 nos

507 3441 698 3512 (Psal.
732 3461 891 3515 χειν,
925 3445 1000 3516 6),
1041 3466 1064 3496 »
1099 3447 1330 3504 dicetur
1359 3453 1415 3504 et
1445 3449 1588 3504 tibi:
1623 3448 1910 3514 Quoniam
1939 3451 2182 3522 poenitet

505 3534 582 3601 te,
635 3532 868 3590 dimittit
917 3536 1021 3591 tibi
1066 3536 1353 3594 Dominus
1393 3542 1700 3610 peccatum
1741 3541 1923 3610 tuum,
1967 3545 2024 3595 et
2064 3556 2181 3596 non

505 3621 784 3678 morieris
815 3623 904 3696 (II
927 3625 1074 3699 Reg.
1107 3643 1210 3697 xu,
1245 3625 1354 3699 13).

573 3708 629 3766 8.
662 3711 880 3769 Iterum
909 3729 1044 3770 cum
1072 3717 1308 3786 plebem
1335 3716 1948 3789 numerarijussisset
1969 3717 2176 3789 David,

506 3814 840 3868 percussus
869 3807 962 3858 est
993 3804 1193 3876 corde,
1229 3809 1287 3862 et
1315 3805 1462 3861 dixit
1493 3807 1564 3862 ad
1595 3807 1907 3862 Dominum
1934 3825 1946 3863 :
1985 3829 2008 3857 ι
2037 3809 2182 3864 Pec-

507 3888 636 3942 cavi
683 3889 1086 3962 vehementer,
1138 3895 1296 3966 quod
1344 3894 1590 3953 fecerim
1640 3897 1752 3952 hoc
1803 3897 2088 3964 verbum;
2124 3901 2180 3952 et

505 3991 680 4045 nunc,
733 3977 997 4050 Domine,
1051 3984 1222 4038 aufer
1271 3984 1634 4056 iniquitatem
1678 3986 1842 4041 servi
1881 3987 1985 4056 tui,
2021 3987 2178 4058 quod

503 4063 726 4136 deliqui
756 4068 1140 4126 vehementer
1169 4072 1257 4141 (ΙΙ
1288 4072 1436 4145 Reg.
1462 4091 1626 4143 xxiv,
1662 4075 1771 4145 10).
1799 4098 1820 4123 η
1860 4074 1928 4130 Et
1950 4075 2177 4130 missus

501 4157 595 4208 est
623 4154 837 4211 iterum
876 4158 948 4213 ad
989 4174 1122 4214 eum
1161 4161 1393 4216 Nathan
1431 4163 1746 4233 pmpheta,
1784 4165 1884 4235 qui
1917 4164 1968 4218 ei
2000 4163 2178 4218 trium

503 4243 799 4314 cptionem
829 4247 1228 4305 conditionum
1251 4249 1514 4321 offerret,
1551 4257 1614 4306 ut
1642 4269 1817 4324 quam
1849 4253 2045 4323 vellet,
2073 4253 2177 4308 eli-

502 4337 702 4406 geret:
729 4335 944 4391 famem
974 4339 1168 4394 tribus
1198 4340 1368 4395 annis
1400 4341 1459 4394 in
1481 4345 1662 4407 terra,
1689 4345 1787 4396 aut
1806 4342 2002 4396 tribus
2023 4357 2179 4398 men-

503 4423 674 4479 sibus
708 4425 918 4498 fugere
949 4443 983 4482 a
1014 4427 1164 4483 facie
1204 4429 1576 4485 inimicorum
1618 4445 1886 4498 suorum,
1931 4435 2028 4485 aut
2068 4432 2177 4486 tri-

502 4512 618 4570 duo
648 4521 899 4572 mortem
937 4517 997 4572 in
1039 4521 1216 4573 terra.
1259 4518 1329 4574 Et
1369 4519 1678 4589 respondit
1721 4519 1908 4573 David
1941 4536 1952 4574 :
1992 4540 2015 4572 α
2052 4523 2177 4575 An-

501 4604 719 4673 gustias
769 4610 906 4661 sunt
957 4607 1070 4662 tria
1119 4607 1248 4662 haec
1296 4606 1718 4674 vehementer;
1773 4612 2178 4664 verumtamen

501 4690 753 4749 incidam
783 4695 843 4750 in
875 4712 1048 4751 manu
1089 4697 1339 4766 Domini,
1382 4697 1661 4770 quoniam
1701 4697 1902 4752 multm
1943 4697 2178 4752 miseri-

502 4781 722 4838 cordia)
755 4784 889 4855 ejus
934 4787 1152 4841 nimis:
1200 4791 1256 4842 et
1296 4789 1354 4842 in
1394 4803 1608 4841 manus
1651 4786 1909 4842 hominis
1939 4801 2058 4840 non
2087 4785 2179 4839 in-

504 4868 693 4925 cidam
722 4871 900 4943 (Ibid.
936 4872 1044 4944 14).
1085 4896 1106 4926 ι
1143 4875 1327 4947 Culpa
1359 4881 1553 4932 autem
1585 4879 1735 4945 erat,
1778 4875 2055 4948 quoniam
2084 4889 2182 4930 vo-

576 5013 653 5084 (8)
685 5014 768 5086 Ita
798 5031 1004 5073 omnes
1037 5019 1200 5086 edit.;
1227 5019 1333 5075 sed
1357 5020 1527 5074 locus
1551 5018 1724 5074 nobis
1748 5018 2010 5073 nonnihil
2035 5033 2177 5072 sus-

503 5090 718 5159 pectus
737 5091 828 5142 est
850 5091 1250 5159 corruptionis
1277 5109 1290 5157 ;
1334 5091 1483 5146 forte
1509 5095 1701 5146 tamen
1723 5106 1838 5144 non
1861 5087 2178 5144 difficulter

505 5158 827 5232 sanandus,
855 5160 908 5213 si
929 5158 1044 5229 pro,
1071 5181 1093 5212 ι
1120 5162 1544 5232 amantissime,
1577 5186 1599 5210 »ι
1635 5161 2034 5216 substituatur
2068 5183 2090 5207 α
2117 5175 2178 5214 a-

503 5229 898 5285 mantissimo.
923 5254 946 5279 ι»

575 5301 668 5372 (9)
709 5303 1073 5357 Promiserat
1121 5303 1435 5358 Ambrosio
1475 5304 1850 5359 Theodosius
1899 5301 2177 5372 injuriam

505 5391 676 5430 suam
705 5373 1352 5430 Thessalonicensibus
1384 5391 1450 5430 se
1482 5375 1852 5443 donaturum,
1891 5374 1996 5428 sed
2038 5389 2175 5444 pur-

503 5450 1124 5526 puratorum_suorum
1149 5446 1432 5526 instinctu
1462 5462 1677 5526 rursus
1709 5446 1788 5526 ad_
1813 5445 2094 5526 ultionem
2124 5459 2178 5526 at

504 5517 726 5574 nimum
770 5518 1100 5587 reflexerat,
1144 5522 1206 5573 ut
1247 5517 1418 5572 docet
1462 5517 1742 5571 Paulinus
1773 5517 1832 5570 in
1873 5517 2176 5571 Ambrosii

505 5589 658 5644 Vita.

575 5661 688 5729 (10)
715 5661 884 5717 Rom.
911 5661 1048 5716 edit.
1075 5661 1204 5717 sola
1228 5685 1248 5708 ιι
1279 5677 1410 5716 cum
1434 5663 1694 5732 propter,
1719 5662 1830 5714 etc.
1859 5678 1886 5709 ››
1908 5657 2023 5713 Sed
2047 5657 2176 5712 sine

389 5741 400 5748 ·
507 5730 786 5788 adverbio
820 5749 947 5790 cum
977 5733 1160 5790 nihilo
1193 5731 1368 5808 pejus
1397 5730 1619 5790 sensus
1651 5734 1927 5788 constare
1958 5732 2172 5803 potest.

2208 4475 2262 4537 D

2296 3270 2419 3321 tum
2466 3265 2539 3322 de
2585 3281 2772 3338 regno
2820 3269 2922 3321 tuo
2956 3283 2969 3322 :
3013 3265 3189 3323 tolles
3228 3270 3431 3324 autem
3460 3265 3898 3328 bumiliandoDeo

2295 3356 2547 3410 animam
2576 3358 2756 3410 tuam.
2781 3354 2971 3410 Homo
2993 3369 3083 3424 es,
3107 3359 3164 3411 et
3187 3355 3290 3411 tibi
3319 3357 3488 3412 venit
3507 3359 3754 3426 tentatio,
3781 3355 3897 3407 vince

2293 3459 2444 3500 eam.
2475 3444 2792 3499 Peccatum
2827 3459 2945 3498 non
2983 3444 3208 3500 tollitur
3235 3444 3354 3500 nisi
3397 3445 3674 3518 lacrymis
3700 3448 3750 3500 et
3771 3439 3898 3515 peni-

2292 3533 2492 3589 tentia.
2527 3532 2650 3588 Nec
2681 3533 2934 3606 angelus
2961 3536 3188 3604 potest,
3220 3549 3330 3589 nec
3374 3533 3761 3608 archangelus
3780 3549 3793 3598 ;
3826 3528 3898 3583 Do-

2293 3623 2490 3678 minus
2520 3621 2670 3692 ipse,
2705 3622 2808 3694 qui
2839 3621 3008 3678 solus
3039 3626 3236 3694 potest
3265 3623 3470 3680 dicere
3504 3641 3517 3679 :
3557 3647 3580 3672 α
3604 3623 3724 3696 Ego
3752 3617 3896 3676 vobis-

2293 3727 2429 3767 cum
2451 3727 2584 3766 sum
2607 3710 2847 3782 (Matth.
2871 3727 3076 3780 xxvm,
3099 3711 3190 3782 20)
3217 3733 3240 3761 ο
3268 3712 3322 3766 si
3347 3712 3798 3784 peccaverimus,
3821 3705 3898 3762 nisi

2291 3800 2698 3872 paenitentiam
2719 3799 3124 3856 deferentibus
3145 3816 3264 3856 non
3281 3801 3535 3858 relaxat.

2363 3889 2452 3944 12.
2486 3888 2740 3960 Suadeo,
2774 3905 2945 3962 rogo,
2982 3889 3216 3960 hortor,
3243 3891 3574 3958 admoneo;
3607 3889 3733 3963 quia
3764 3879 3896 3942 dolori

2292 3983 2386 4034 est
2405 3977 2570 4048 mihi,
2594 3982 2658 4034 ut
2677 3981 2741 4034 tu
2763 3979 2865 4050 qui
2885 3978 3120 4049 pietatis
3141 3979 3423 4038 inaudita
3459 3978 3771 4050 exemplum
3787 3986 3894 4034 eras.

2291 4068 2394 4140 qui
2415 4067 2644 4139 apicem
2667 4067 2994 4122 clementia
3015 4068 3280 4138 tenebas,
3307 4070 3412 4141 qui
3443 4069 3710 4142 singulos
3736 4076 3894 4120 noeen-

2293 4161 2391 4212 tes
2430 4171 2546 4212 non
2586 4155 2910 4227 patiebaris
2948 4156 3308 4226 periclitari,
3357 4159 3554 4222 1000
3591 4161 3670 4211 tot
3704 4152 3894 4226 periisse

2291 4261 2408 4302 non
2451 4244 2656 4300 doleas
2697 4244 3063 4300 innocentes.
3110 4244 3240 4299 Etsi
3269 4245 3330 4298 in
3359 4246 3586 4316 prmliis
3616 4239 3892 4299 felicissime

2293 4335 2513 4408 egeris,
2547 4333 2662 4389 etsi
2693 4333 2752 4388 in
2783 4332 2916 4388 aliis
2948 4348 3184 4406 quoque
3215 4333 3554 4404 laudabilis,
3590 4338 3766 4388 tamen
3793 4338 3892 4396 apex

2295 4429 2530 4480 tuorum
2561 4437 2807 4494 operum
2842 4422 3036 4492 pietas
3078 4438 3318 4493 semper
3355 4423 3486 4478 fuit.
3532 4423 3595 4477 Id
3621 4422 3718 4476 tibi
3744 4411 3892 4471 invidit

2293 4511 2566 4569 diabolus
2590 4553 2604 4581 ,
2647 4512 2806 4584 quod
2845 4510 3112 4566 habebas
3157 4512 3728 4583 praestantissimum.
3764 4504 3891 4558 Vince

3971 4161 3973 4286 i

2293 4619 2449 4672 eum,
2481 4601 2621 4656 dum
2652 4600 2840 4656 habes
2873 4599 3064 4654 adhuc
3094 4600 3249 4654 unde
3290 4604 3496 4671 possis
3536 4601 3771 4654 vincere.
3799 4587 3890 4695 Nulli
3970 4625 3971 4695 ἔ

2292 4693 2534 4763 peccato
2555 4693 2655 4745 tuo
2677 4689 2836 4744 aliud
2855 4692 3162 4760 peccatum
3183 4689 3423 4761 addere,
3439 4693 3502 4746 ut
3523 4701 3760 4757 usurpes
3779 4675 3889 4754 quod

2293 4795 2624 4860 usurpasse
2645 4779 2845 4834 multis
2869 4777 3072 4833 officit.
3865 4852 3886 4860 γ’

2301 4857 2328 4866 ”
2363 4867 2450 4925 13.
2476 4867 2603 4942 Ego
2625 4871 2783 4924 certe
2804 4867 2863 4922 in
2885 4867 3163 4923 omnibus
3185 4867 3320 4922 aliis
3341 4867 3480 4925 licet
3502 4865 3718 4922 debitor
3741 4857 3887 4932 pietati

2291 5013 2376 5069 De
2397 5028 2513 5084 qua
2533 5026 2713 5082 porro
2737 5011 2975 5084 synodo,
2987 5010 3368 5083 intelligenda
3390 5010 3508 5065 sint
3527 5006 3770 5084 subjecta
3787 5012 3886 5084 τθξς

2289 5085 2384 5152 ba,
2415 5079 2900 5156 controvertitur.
2931 5081 3074 5137 Eam
3103 5079 3243 5137 esse
3273 5079 3884 5156 autumat_Baroni.u5,}I“

2332 5141 2404 5211 ua
2426 5155 2775 5210 Jevinianus
2797 5153 3048 5225 ejusque
3072 5157 3400 5225 sectatores
3415 5146 3753 5225 condemnati
3765 5141 3880 5225 gilii?-

2292 5215 2670 5281 Hermannus
2693 5215 2890 5280 autem
2913 5215 3048 5278 licet
3079 5225 3137 5278 in
3163 5223 3652 5278 Elucidationibus
3671 5215 3880 5288 profitea-

2288 5303 2387 5354 tur
2408 5297 2642 5373 se_nihil
2665 5313 2780 5368 quo
2802 5297 2900 5373 illa
2923 5296 3117 5366 opinio
3142 5295 3232 5350 vel
3255 5292 3657 5373 astruaturxel
3676 5289 3880 5373 dc‘stt'lLlf'

2291 5351 2388 5424 tur
2426 5351 2770 5433 advertere;
2813 5367 2914 5421 lib.
2958 5351 3151 5422 tamen
3181 5383 3282 5434 vn,
3319 5383 3444 5435 cap.
3479 5381 3516 5434 ι,
3562 5351 3876 5435 Vitae/11.1.1.1"-

2291 5421 2496 5517 censet
2525 5421 3146 5517 episcoporumjllum
3163 5421 3519 5517 c_on'ven‘tum:
3540 5421 3878 5517 propter}???

2291 5513 2516 5580 cianos,
2541 5504 2598 5565 et
2621 5504 2877 5566 Felicem
2903 5509 3148 5564 diceeesi
3171 5506 3523 5580 Treverensi
3549 5505 3616 5558 ab
3643 5504 3720 5556 eis
3732 5504 3875 5580 “imp?

2293 5585 2470 5638 situm
2494 5567 2756 5636 coivisse
2779 5597 2792 5636 :
2818 5581 2924 5636 sed
2947 5595 3055 5634 nec
3076 5580 3259 5634 ullum
3281 5577 3577 5634 sententiae
3597 5587 3710 5627 suae
3729 5567 3873 5638 ﬁrme-

2291 5629 2558 5709 sane;
2569 5629 3197 5723 ἰρἔζιῐιὸῐιῖιῖοῗὲιῖιῗῦἑ
3205 5629 3483 5706 naevo};
3493 5629 3683 5702 ultima
3702 5629 3873 5708 synodo

2291 5727 2504 5782 iterum
2527 5742 2560 5780 a
2583 5722 2754 5780 nobis
2776 5723 3090 5778 dicendum
3114 5722 3243 5776 erit.
