4070 6180
143 349 299 419 1213

1369 353 1978 421 EPISTOLARUM
2011 353 2352 422 CLASSIS
2381 353 2430 419 Ῑ.

3435 358 3594 424 1214

147 560 276 627 tuac,
323 555 416 612 cui
449 556 719 629 ingratus
769 572 907 612 esse
955 573 1073 614 non
1112 572 1380 628 possum,
1415 574 1588 629 quam
1619 558 1805 628 pieta-
1831 546 1888 613 Ᾱ
1919 557 2020 612 ﬁat
2062 557 2398 613 mandatum
2447 559 2601 630 ejus,
2652 575 2824 631 quam
2870 559 3167 616 deferatur
3205 559 3584 616 sacriﬁcium.

150 649 260 703 tem
304 645 504 702 multis
553 646 1010 716 imperatoribus
1060 646 1471 718 praeferebam,
1515 648 1613 701 uni
1645 648 1805 702 adae-

149 736 392 807 quabam
427 752 438 791 :
474 751 608 808 ego,
645 737 901 808 inquam,
937 752 1178 792 causam
1224 737 1283 791 in
1323 740 1376 792 te
1423 739 1806 792 contumacia)

145 825 357 881 nullam
389 825 602 895 habeo,
635 826 742 880 sed
776 827 963 881 habeo
997 827 1226 882 timoris
1261 844 1272 882 :
1309 825 1523 882 offerre
1557 841 1675 882 non
1706 842 1807 880 au-

145 914 252 969 deo
283 914 640 969 sacriﬁcium
665 914 796 985 (11),
831 915 884 970 si
906 915 1168 970 volueris
1191 915 1502 972 assistere.
1538 917 1629 972 An
1650 916 1808 986 quod

137 1003 197 1060 in
227 1005 402 1058 unius
432 1004 766 1059 innocentis
795 1004 1087 1077 sanguine
1119 1021 1237 1060 non
1267 1005 1422 1076 licet,
1478 1005 1540 1061 in
1587 1005 1806 1060 multo-

141 1109 273 1148 rum
303 1093 480 1148 licet?
509 1093 643 1148 Non
673 1097 835 1164 puto.

210 1201 294 1256 14.
336 1201 643 1256 Postremo
676 1201 877 1257 scribo
909 1217 1084 1257 manu
1114 1218 1265 1270 mea,
1299 1204 1458 1276 quod
1505 1205 1673 1260 solus
1715 1205 1804 1260 le-

140 1306 269 1362 gas.
314 1290 394 1344 Ita
442 1306 534 1345 me
583 1291 870 1346 Dominus
908 1292 982 1348 ab
1012 1294 1289 1348 omnibus
1319 1293 1802 1349 tribulationibus

139 1379 365 1447 liberet,
401 1380 539 1451 quia
568 1396 688 1436 non
719 1381 791 1435 ab
822 1381 1081 1452 homine,
1116 1397 1307 1453 neque
1347 1399 1454 1453 per
1482 1382 1800 1453 hominem,

139 1469 248 1522 scd
275 1473 470 1540 aperte
503 1469 645 1524 mihi
677 1469 1050 1527 interdictum
1081 1471 1326 1528 adverti.
1361 1470 1505 1526 Cum
1530 1472 1686 1526 enim
1709 1488 1804 1527 cs-

138 1573 267 1614 sem
310 1559 622 1629 sollicitus,
667 1560 796 1630 ipsa
845 1564 1015 1616 nocte
1049 1576 1163 1632 qua
1193 1560 1494 1630 proﬁcisci
1525 1561 1804 1631 parabam

134 1643 273 1716 (12),
304 1649 544 1703 venisse
575 1649 812 1719 quidem
841 1649 1010 1704 visus
1045 1653 1135 1704 est
1165 1649 1236 1705 ad
1286 1649 1603 1705 ecclesiam
1630 1667 1644 1720 ;
1696 1650 1803 1707 sed

134 1736 281 1791 mihi
309 1737 665 1793 sacriﬁcium
698 1736 908 1794 offerre
941 1755 1058 1794 non
1091 1738 1274 1794 licuit.
1326 1739 1456 1794 Alia
1486 1742 1798 1810 praetereo,

134 1827 199 1880 ut
241 1827 402 1896 potui
451 1842 660 1882 cavere
699 1843 711 1882 :
748 1828 854 1883 sed
900 1829 1112 1900 pertuli
1155 1845 1355 1884 amore
1394 1831 1513 1899 tuo,
1548 1832 1609 1884 ut
1639 1829 1801 1883 arbi-

1915 645 2138 705 Clamat
2170 648 2326 702 istud
2359 648 2538 718 Deus,
2571 649 2642 702 ad
2673 649 2952 720 populum
2985 651 3229 720 Moyses
3258 650 3583 718 annuntiat,

1914 737 1984 790 ad
2016 737 2266 807 populos
2297 737 2517 793 Paulus
2550 739 2848 808 przedicat.
2886 740 2946 792 Id
2987 739 3183 808 facito,
3218 739 3375 810 quod
3407 739 3585 794 intel-

1915 825 2056 898 ligis
2087 827 2145 880 in
2173 829 2435 897 tempore
2467 827 2601 899 plus
2631 828 2845 882 facere.
2884 851 2905 874 ιι
2956 828 3446 895 Misericordiam,
3486 829 3579 882 in-

1914 916 2038 986 quit
2083 915 2256 985 malo,
2307 932 2481 987 quam
2531 917 2891 972 sacriﬁcium
2942 917 3183 985 (Matth.
3238 934 3316 986 ix,
3380 915 3487 985 13).
3555 939 3576 968 ι

1913 1004 2103 1069 Quare
2135 1021 2252 1060 non
2283 1006 2366 1060 illi
2396 1006 2587 1078 magis
2620 1006 2739 1060 sint
2769 1005 3108 1075 Christiani,
3145 1006 3242 1077 qui
3276 1010 3585 1076 peccatum

1865 1137 1869 1141 .
1916 1095 2310 1149 condemnant
2358 1111 2552 1166 suum,
2587 1111 2760 1166 quam
2793 1095 2894 1166 qui
2925 1094 3242 1150 defendere
3272 1097 3520 1166 putant?
3558 1119 3578 1143 υ

1915 1183 2124 1238 Justus
2159 1184 2314 1238 enim
2347 1183 2404 1238 in
2436 1185 2680 1239 exordio
2713 1184 3009 1238 sermonis
3037 1186 3352 1238 accusator
3375 1187 3467 1238 est
3490 1186 3585 1240 sui

1913 1272 2129 1341 (Prov.
2168 1290 2338 1343 xvm,
2371 1272 2479 1343 17,-.
2517 1297 2538 1322 η
2573 1273 2682 1340 Qui
2713 1289 2780 1328 se
2811 1277 3054 1328 accusat
3074 1289 3208 1328 cum
3230 1274 3584 1344 peccaverit,

1906 1359 2111 1432 justus
2145 1365 2264 1431 est;
2298 1378 2415 1417 non
2448 1361 2544 1417 ille
2574 1363 2675 1434 qui
2706 1378 2772 1417 se
2804 1361 3149 1417 laudaverit.

1985 1449 2070 1504 16.
2117 1450 2370 1517 Utinam,
2421 1452 2760 1522 imperator,
2809 1451 2980 1506 etiam
3023 1453 3157 1505 ante
3211 1451 3354 1505 mihi
3385 1451 3582 1521 potius

1911 1539 2322 1609 credidissem,
2377 1556 2554 1612 quam
2604 1540 3021 1596 consuetudini
3068 1543 3203 1595 tuas.
3253 1539 3398 1596 Cum
3443 1544 3583 1611 puto

1911 1627 2067 1698 quod
2101 1629 2213 1682 cito
2245 1629 2537 1700 ignoscis,
2572 1630 2686 1685 cito
2718 1645 2989 1699 revocas,
3025 1632 3086 1683 ut
3132 1645 3297 1700 saepe
3343 1629 3580 1699 fecisti;

1910 1719 1966 1772 et
1997 1719 2055 1769 tu
2085 1720 2424 1786 praeventus
2454 1734 2542 1786 es,
2577 1721 2633 1772 et
2666 1733 2778 1790 ego
2813 1734 2930 1773 non
2961 1718 3273 1788 declinavi,
3306 1719 3464 1790 quod
3488 1734 3582 1773 ca-

1909 1820 2048 1860 vere
2079 1821 2196 1860 non
2228 1807 2566 1861 debueram.
2617 1807 2732 1861 Sed
2767 1807 2988 1878 gratias
3021 1807 3290 1877 Domino,
3325 1808 3426 1879 qui
3456 1809 3582 1862 vult

130 1894 275 1970 tror.
323 1915 606 1973 Dominus
656 1916 829 1972 faciat
877 1894 938 1972 ut
980 1919 1172 1974 omnia
1219 1935 1352 1974 cum
1386 1894 1797 1991 tranquillitate

1915 1894 2187 1950 servulos
2234 1910 2380 1949 suos
2429 1896 2747 1968 castigare,
2799 1910 2872 1950 ne
2908 1896 3092 1958 1001
3149 1897 3373 1966 perdat.
3422 1897 3585 1952 Istud

135 1999 360 2059 cedant.
416 2005 729 2062 Multifarie
775 2007 935 2062 Deus
984 2011 1187 2063 noster
1235 2009 1509 2063 admonet
1553 2024 1565 2064 :
1603 2009 1799 2080 signis

136 2093 502 2164 cmlestibus,
551 2096 971 2166 prophetarum
1033 2098 1348 2168 praeceptis
1401 2114 1412 2152 :
1462 2098 1798 2152 visionibus

133 2182 308 2238 etiam
348 2187 725 2254 peccatorum
769 2186 892 2241 vult
922 2202 1034 2242 nos
1064 2187 1397 2259 intelligere
1424 2203 1436 2242 :
1471 2203 1587 2258 quo
1618 2203 1800 2259 roge-

133 2287 269 2328 mus
299 2287 451 2341 eum,
485 2277 547 2329 ut
577 2275 1051 2345 perturbationes
1080 2276 1332 2345 auferat,
1375 2292 1580 2346 pacem
1625 2277 1798 2332 vobis

135 2362 559 2434 imperantibus
591 2367 808 2434 servet,
842 2364 991 2420 fides
1023 2366 1311 2421 Ecclesiae
1333 2367 1798 2438 ettranquillitas

134 2455 496 2522 perseveret,
549 2454 642 2508 cui
690 2454 932 2526 prodest
979 2453 1351 2512 Christianos
1399 2459 1456 2510 et
1493 2456 1625 2526 pios
1658 2472 1796 2512 esse

136 2544 541 2612 imperatores.

209 2650 294 2704 15.
334 2649 504 2706 Certe
552 2653 644 2707 vis
694 2653 933 2724 probari
980 2654 1123 2709 Deo.
1173 2654 1377 2710 Omnis
1425 2655 1512 2710 rei
1541 2659 1794 2727 tempus,

131 2740 361 2806 (Eccle.
395 2759 477 2809 ιιι,
511 2741 589 2813 3),
621 2745 682 2796 ut
715 2743 1002 2814 scriptum
1033 2746 1143 2800 est.
1174 2767 1195 2792 α
1221 2744 1500 2815 Tempus,
1531 2770 1552 2794 ιι
1588 2746 1795 2818 inquit,

135 2828 406 2900 faciendi,
442 2831 687 2888 Domine
718 2832 906 2902 (Psal.
943 2850 1142 2904 cxvm,
1177 2833 1336 2906 196);
1364 2859 1384 2884 ιι
1424 2839 1480 2890 et
1514 2851 1525 2891 :
1567 2859 1586 2882 ιι
1622 2835 1798 2890 Tem-

131 2937 248 2992 pus
278 2921 630 2992 beneplaciti
660 2922 820 2978 Deus
851 2922 1038 2994 (Psal.
1072 2941 1271 2994 vaui,
1308 2924 1416 2994 14).
1456 2950 1476 2973 η
1513 2925 1678 2982 Tunc
1710 2927 1796 2982 of-

132 3011 314 3082 feres,
348 3027 481 3067 cum
511 3012 886 3069 sacriﬁcandi
906 3015 1210 3085 acceperis
1235 3014 1588 3086 facultatem,
1615 3033 1800 3089 quan-

131 3105 210 3159 do
240 3103 430 3159 hostia
459 3106 556 3159 tua
586 3107 822 3176 accepta
854 3105 931 3160 sit
955 3105 1095 3161 Deo.
1131 3106 1340 3161 Nonne
1363 3122 1455 3162 me
1478 3107 1800 3163 delectaret

129 3194 350 3250 habere
399 3195 648 3267 gratiam
697 3195 1090 3266 imperatoris,
1133 3198 1194 3250 ut
1224 3197 1553 3252 secundum
1583 3197 1795 3252 volun-

128 3289 306 3340 tatem
335 3288 492 3341 tuam
523 3300 784 3357 agerem,
819 3285 872 3338 si
915 3300 1096 3340 causa
1139 3287 1481 3356 pateretur?
1529 3285 1600 3340 Et
1650 3287 1795 3341 sim-
1831 3287 1885 3354 ο

130 3375 270 3446 plex
299 3375 484 3431 oratio
517 3375 876 3430 sacriﬁcium
909 3378 1030 3443 est;
1064 3375 1194 3430 haec
1216 3376 1447 3430 veniam
1477 3376 1677 3446 refert,
1700 3377 1797 3432 illa

131 3463 559 3534 offensionem;
626 3465 761 3538 quia
825 3466 954 3521 haec
1017 3466 1193 3520 habet
1243 3466 1648 3534 humilitatem,
1700 3467 1797 3521 illa

129 3557 528 3626 contemptum
578 3571 590 3610 :
643 3555 747 3612 Dei
792 3557 948 3610 enim
995 3571 1110 3611 vox
1159 3559 1268 3626 est,
1323 3556 1480 3628 quod
1526 3557 1686 3611 malit
1735 3560 1798 3612 ut

207 3681 317 3749 (11)
357 3681 468 3734 Hic
514 3681 909 3751 episcopalem
961 3682 1364 3736 auctoritatem
1401 3683 1670 3737 ofﬁciosa
1703 3684 1796 3738 in-

128 3753 433 3824 dulgentia
481 3755 765 3823 temperat
808 3753 1017 3808 beatus
1057 3754 1432 3809 Ambrosius.
1469 3754 1624 3808 Alibi
1653 3771 1795 3811 vero

126 3825 294 3878 illum
316 3825 589 3879 severius
609 3826 810 3896 egisse
834 3825 1355 3879 animadvertimus
1375 3841 1509 3879 cum
1539 3825 1794 3881 Valenti-

127 3896 574 3966 nianojuniore,
593 3897 728 3950 dum
743 3912 876 3950 eum
894 3897 1050 3950 aditu
1070 3898 1342 3952 ecclesiae
1366 3897 1796 3966 prohibendum

124 3969 202 4022 ab
251 3968 573 4038 episcopis,
624 3967 878 4038 ejusque
930 3969 1084 4022 dona
1130 3969 1451 4039 rejicienda
1494 3969 1795 4024 minitatus

125 4043 242 4095 est.
277 4041 399 4094 lmo
429 4055 571 4094 vero
603 4043 659 4094 et
688 4039 1090 4094 Theodosium
1138 4039 1333 4110 ipsum
1376 4041 1652 4095 acerbius
1700 4042 1795 4095 in-

126 4113 413 4184 crepavit,
449 4126 582 4184 cum
611 4111 881 4165 eumdem
911 4112 970 4166 in
1003 4110 1316 4166 ecclesiam
1339 4128 1445 4184 per
1460 4111 1580 4184 vim
1599 4112 1796 4184 ingre-

124 4183 185 4236 di
217 4184 370 4237 velle
402 4183 742 4251 suspicatus
774 4187 956 4251 esset,
991 4185 1053 4236 ut
1080 4186 1277 4237 narrat
1304 4183 1589 4237 Paulinus
1619 4183 1685 4237 in
1711 4183 1796 4253 ip-

124 4254 260 4307 sius
294 4254 441 4308 Vita.
476 4254 591 4308 Sed
623 4255 846 4307 sanctis
877 4254 1175 4323 episcOpis
1207 4254 1262 4308 id
1310 4255 1494 4308 moris
1539 4257 1680 4320 erat,
1735 4257 1797 4309 ut

122 4328 185 4380 et
216 4325 514 4380 adversus
545 4325 798 4379 humiles
829 4341 898 4378 ac
920 4325 1345 4395 resipiscentes
1369 4326 1796 4395 indulgentiam

120 4413 251 4466 prae
283 4413 350 4451 se
385 4396 624 4468 ferrent,
659 4400 715 4468 et
732 4397 1104 4468 severitatem
1130 4397 1555 4468 distringerent
1576 4398 1634 4450 in
1657 4413 1794 4452 con-

117 4473 416 4522 tumaces.
452 4467 619 4521 Unde
652 4467 1004 4538 Cyprianus,
1039 4469 1211 4537 epist.
1246 4470 1334 4536 55,
1357 4467 1550 4538 iantiq.
1600 4469 1738 4523 edit.
1777 4484 1790 4523 :

117 4539 187 4593 Si
206 4539 308 4608 qui
329 4542 524 4593 autem
545 4541 702 4605 sunt,
724 4539 930 4608 inquit,
952 4540 1050 4609 qui
1072 4542 1354 4606 putantse
1375 4539 1445 4592 ad
1467 4539 1796 4594 Ecclesiam

115 4625 245 4664 non
261 4611 562 4679 precibus,
581 4610 687 4664 sed
701 4610 877 4663 minis
892 4611 1125 4680 regredi
1139 4626 1341 4678 posse.
1353 4651 1388 4664 ..
1404 4625 1510 4679 pro
1526 4614 1685 4666 certe
1701 4612 1796 4665 ha-

112 4683 305 4735 beant
318 4684 518 4735 contra
538 4681 685 4734 tales
701 4681 961 4735 clausam
977 4685 1133 4734 stare
1149 4681 1478 4735 Ecclesium
1493 4682 1786 4736 Domini.»

193 4751 313 4814 (1'2)
354 4752 485 4807 Non
518 4752 710 4806 omnia
742 4753 970 4806 somnia
1003 4753 1130 4805 sive
1160 4754 1482 4806 nocturnas
1523 4753 1792 4808 visiones

110 4823 480 4891 rejiciebant
509 4823 732 4892 antiqui
760 4824 968 4877 Patres
998 4823 1140 4891 quin
1171 4824 1288 4877 imo
1310 4838 1427 4876 non
1458 4823 1630 4877 modo
1661 4824 1798 4878 Am-

103 4895 394 4948 brosium
433 4895 504 4949 de
537 4894 738 4948 multis
768 4894 1236 4964 apparitionibus
1265 4897 1542 4963 tanquam
1575 4894 1791 4948 divini-

103 4967 196 5019 tis
249 4965 538 5020 immissis
589 4965 840 5019 subinde
887 4966 1049 5035 loqui
1092 4965 1638 5032 animadvertimus,
1685 4965 1794 5019 sed

103 5037 298 5092 etiam
334 5035 689 5107 Cyprianum
718 5036 988 5105 pluribus
1018 5036 1167 5090 locis
1200 5036 1598 5107 Augustinum
1630 5037 1688 5089 in
1719 5036 1793 5089 li-

104 5053 298 5092 enam
334 5053 416 5106 Cy
461 5053 689 5090 rianum
718 5053 988 5105 piurinus
1020 5053 1167 5090 1001s
1200 5053 1598 5107 augusunum
1630 5053 1688 5089 in
1720 5053 1790 5089 ιι-

104 5107 249 5161 bris
286 5107 371 5161 De
407 5053 588 5162 ἕίνίι.
624 5107 754 5171 Dei,
786 5111 958 5177 atque
989 5107 1148 5174 alibi,
1181 5108 1536 5178 Gregorium
1586 5106 1644 5161 in
1689 5107 1790 5162 lib.

89 5197 162 5232 IV
221 5177 442 5249 Dialog
489 5182 546 5232 et
593 5178 668 5251 in,
704 5178 1000 5248 Homillis,
1052 5177 1324 5251 aliosque
1369 5180 1520 5234 bene
1576 5178 1792 5234 multos

95 5265 275 5321 quos
310 5249 832 5319 praetermittimus.

181 5319 305 5388 (13)
367 5321 600 5389 Ambigi
645 5323 840 5390 potest
886 5320 1200 5391 cujusnam
1244 5319 1504 5374 Gratiani
1554 5319 1650 5373 hic
1694 5320 1793 5374 ﬁat

94 5392 362 5446 mentio.
397 5392 466 5445 Et
496 5396 653 5446 certe
685 5393 778 5445 vir
807 5392 1044 5462 quidem
1077 5391 1517 5446 eruditissimus
1551 5391 1795 5460 scripsit

94 5479 232 5517 non
271 5463 498 5532 pridem
530 5479 602 5517 ex
633 5463 744 5518 hoc
779 5463 1074 5517 Ambrosii
1095 5463 1224 5516 loco
1247 5478 1476 5516 necnon
1503 5478 1573 5515 ex
1590 5462 1792 5516 verbis

94 5535 394 5606 Gregorii
429 5535 610 5604 Nyss.
633 5538 848 5604 praeter
872 5534 1195 5606 Honorium
1227 5535 1283 5587 et
1302 5533 1791 5606 ArcadiumThe-

94 5604 314 5659 odosii
349 5605 504 5659 ﬁlios
536 5622 642 5674 par
670 5607 936 5673 alterum,
973 5607 1043 5659 de
1067 5605 1284 5676 quibus
1314 5608 1588 5676 auctores
1609 5604 1792 5676 ferme

91 5678 354 5736 sileant.
389 5693 456 5730 se
488 5678 808 5744 reperisse.
842 5675 1180 5732 Gratianum
1214 5676 1441 5729 scilicet
1472 5678 1527 5729 et
1551 5675 1793 5730 Pulche-

89 5750 284 5803 riam.
323 5748 405 5801 De
437 5748 748 5802 Pulcheria
777 5749 1013 5819 quidem
1044 5764 1218 5818 quam
1255 5747 1542 5801 Baronius
1574 5746 1790 5815 aliique

91 5819 282 5874 multi
335 5824 689 5888 agnoscunt.
740 5820 897 5873 nulla
945 5819 1352 5874 controversia
1401 5819 1535 5872 est:
1583 5833 1788 5871 verum

90 5894 178 5946 de
215 5889 502 5962 Gratiano
530 5890 687 5962 haud
718 5893 795 5945 ita
827 5893 1161 5962 expeditum
1193 5890 1368 5944 fuerit
1404 5889 1782 5962 pronuntiare

86 5961 353 6021 Etenim
380 5961 554 6021 locus
581 5961 876 6038 Gregorii,
905 5959 1013 6038 qui
1045 5965 1158 6022 sub
1189 5962 1368 6021 ﬁnem
1398 5959 1694 6019 Orationis
1722 5960 1784 6016 in

1912 1983 2056 2037 mihi
2089 1999 2398 2039 commune
2431 1987 2523 2038 est
2557 2000 2686 2038 cum
2717 1984 3046 2055 prephetis,
3081 1987 3137 2039 et
3166 1984 3270 2038 tibi
3300 1984 3410 2040 erit
3433 1999 3586 2040 com-

1909 2088 2082 2127 mune
2115 2088 2247 2128 cum
2280 2074 2525 2128 sanctis.

1983 2162 2069 2216 1'7.
2112 2163 2202 2217 An
2252 2178 2364 2235 ego
2413 2162 2672 2218 Gratiani
2717 2164 2942 2232 patrem
2995 2177 3113 2217 non
3174 2162 3366 2216 oculis
3427 2163 3576 2217 meis

1909 2251 2220 2322 praeferam
2249 2252 2401 2319 (13)?
2431 2252 2658 2306 Debent
2689 2253 2919 2307 veniam
2952 2253 3155 2305 sancta
3185 2251 3295 2304 alia
3317 2251 3570 2323 pignora

1911 2344 2026 2394 tua.
2080 2341 2260 2394 Dulce
2310 2341 2449 2395 mihi
2499 2356 2712 2395 nomen
2756 2341 3017 2408 antetuli,
3067 2341 3285 2411 quibus
3317 2355 3578 2394 amorem

1913 2431 2301 2484 communiter
2329 2430 2528 2484 detuli.
2564 2434 2733 2497 Amo,
2767 2429 2971 2501 diligo,
3016 2429 3385 2484 orationibus
3435 2445 3579 2501 pro-

1912 2535 2152 2590 sequor.
2198 2519 2260 2573 Si
2311 2519 2528 2589 credis,
2581 2535 2864 2591 sequere;
2914 2519 2987 2586 si,
3039 2519 3299 2590 inquam,
3353 2519 3572 2586 credis,

1911 2624 2175 2680 agnosce
2225 2609 2382 2679 quod
2430 2609 2562 2663 dico
2600 2625 2612 2664 :
2647 2611 2700 2663 si
2731 2623 2849 2663 non
2880 2607 3098 2678 credis,
3145 2608 3394 2680 ignosce
3425 2609 3584 2678 quod

1869 2691 1886 2700 “
1913 2697 2087 2767 facio,
2121 2698 2180 2752 in
2212 2713 2328 2768 quo
2362 2699 2547 2753 Deum
2576 2697 2850 2768 praefero.
2891 2697 3278 2752 Bcatissimus
3301 2699 3358 2751 et
3378 2697 3584 2751 floren-

1911 2787 2183 2842 tissimus
2214 2803 2347 2842 cum
2379 2787 2602 2842 sanctis
2631 2787 2982 2859 pignoribus
3023 2785 3242 2841 fruaris
3287 2785 3578 2858 tranquil-

1912 2876 2069 2932 litate
2101 2881 2402 2948 perpetua,
2437 2877 2756 2947 imperator
2785 2879 3061 2948 auguste.

2426 2966 2795 3022 EPISTOLA
2828 2966 2928 3020 LII
2947 2965 3079 3035 (14).

1912 3047 2170 3102 ΤΑτιΑΝο
2203 3063 2434 3102 causam
2470 3064 2576 3101 cur
2597 3047 2900 3117 injudicio
2923 3061 3047 3100 cum
3073 3049 3247 3171 ηίὶριθ
3269 3043 3576 3099 subeundo

1987 3121 2208 3171 timeat.
2234 3118 2524 3171 sublatam
2548 3119 2899 3171 gratulatus.
2925 3123 2983 3171 et
3026 3122 3084 3171 ut
3152 3115 3360 3171 acilem
3400 3130 3467 3171 se
3508 3115 3576 3170 ad

1987 3121 2208 3188 timeat,
2234 3118 2524 3173 sublatam
2545 3115 2983 3191 gratulatus,iet
3026 3122 3084 3171 ut
3123 3115 3360 3171 facilem
3400 3130 3467 3171 se
3508 3115 3582 3170 ad
3660 3165 3676 3181 ,

1985 3191 2438 3262 componendum
2456 3190 2746 3262 praebeat,
2771 3190 3001 3245 suadet.

2340 3279 2680 3334 AMBROSIUS
2719 3280 2961 3334 TITIANO
2999 3277 3134 3350 (15).

1985 3371 2035 3424 1.
2082 3370 2253 3425 Venit
2283 3370 2388 3424 tibi
2420 3370 2705 3424 innocens
2735 3368 3001 3438 victoria,
3037 3370 3099 3422 ut
3128 3366 3259 3421 sine
3280 3364 3402 3420 voti
3422 3379 3578 3418 ama-

1913 3461 2165 3517 ritudine
2196 3460 2439 3530 potiaris
2473 3459 2736 3513 victoriae
2768 3459 3116 3525 securitate;
3143 3456 3394 3512 Ruﬁnus
3416 3454 3572 3509 enim

1911 3567 1984 3606 ex
2017 3552 2302 3623 magistro
2336 3549 2666 3604 officiorum
2685 3547 2876 3602 factus
2903 3547 3068 3601 estin
3094 3545 3401 3600 consulatu
3426 3560 3575 3614 prae-

1913 3676 2120 3732 funere
2154 3675 2438 3730 Flaccilla)
2469 3673 2738 3736 habetur,
2771 3673 2825 3727 ei
2855 3672 3010 3743 quod
3045 3672 3139 3727 ille
3179 3674 3383 3743 auctor
3429 3686 3578 3741 qua-

1913 3752 2047 3802 tuor
2075 3747 2318 3806 liberos.
2353 3750 2474 3799 tres
2509 3744 2808 3798 masculos
2843 3742 3070 3797 scilicet
3092 3759 3161 3796 ac
3180 3742 3355 3796 ﬁliam
3381 3758 3576 3810 unam,

1913 3819 2250 3874 Theodosio
2285 3818 2505 3871 diserte
2537 3816 2773 3869 attribui
2806 3815 2922 3868 sibi
2969 3815 3318 3883 persuadet;
3365 3814 3442 3866 ita
3485 3828 3580 3867 ex-

1912 3890 2115 3960 plicari
2169 3889 2474 3944 commode
2517 3891 2729 3957 potest,
2779 3891 2839 3941 ut
2871 3903 2917 3960 _e
2968 3885 3394 3960 tribusliberis
3425 3885 3577 3960 duos

1912 3955 2014 4032 qui
2045 3961 2234 4015 virilis
2264 3976 2448 4016 sexus
2479 3955 2945 4032 essent,_marito
2979 3957 3218 4032 Flacilla
3251 3955 3574 4032 reliquerit,

1911 4027 2190 4104 tanquam
2235 4033 2307 4087 ad
2354 4031 2585 4104 imperii
2618 4029 3334 4104 defensionemAidoncos
3381 4027 3399 4082 Ξ
3450 4027 3578 4104 ipsa

1910 4099 2053 4160 verc
2089 4105 2274 4159 solam
2309 4099 2485 4157 ﬁliam
2518 4101 2632 4156 sibi
2666 4101 2989 4156 retinuerit.
3024 4099 3189 4165 Quod
3223 4103 3416 4154 autem
3448 4100 3583 4152 Am-

1910 4176 2154 4231 brosius
2183 4176 2298 4229 hoc
2328 4175 2459 4229 loco
2491 4174 2632 4228 dicit
2660 4174 2731 4227 de
2761 4173 3058 4239 Gratiano,
3095 4188 3211 4226 non
3244 4171 3314 4225 de
3348 4185 3490 4225 vero
3524 4173 3581 4224 et

1909 4263 2016 4319 per
2047 4247 2359 4318 sanguinis
2391 4245 2874 4319 propagationem
2899 4247 3030 4319 sator
3050 4244 3169 4298 ﬁlio
3192 4242 3575 4319 intelligatur,

1911 4314 2288 4375 necesse—est
2321 4335 2332 4372 :
2370 4314 2502 4371 cum
2531 4314 2918 4386 imperatores
2964 4318 3132 4369 aetate
3173 4314 3578 4384 provectiores

1905 4391 2210 4462 juniorum
2255 4404 2588 4464 quanquam
2639 4386 3578 4464 alieno_semine_prognatorum

1910 4455 2206 4533 parentes,
2242 4455 2597 4534 etjuniores
2629 4458 2971 4534 eorumdem
3001 4457 3306 4534 seniorum
3350 4455 3575 4534 princi-

1908 4524 2050 4604 pum
2091 4524 2247 4588 filios
2296 4524 2410 4605 dici
2455 4529 2850 4605 consuevisse
2898 4528 3125 4605 passim
3171 4524 3576 4605 indiceturuab

1911 4595 2246 4660 Ambrosio.
2299 4603 2397 4658 Sic
2441 4601 2612 4671 epist.
2664 4599 2750 4664 1'7,
2797 4615 2855 4653 n.
2899 4595 3430 4671 ‘12,_Theo_dosiu_m_
3459 4595 3578 4671 Ve-

1830 4647 1888 4715 D
2797 4647 3146 4739 “appellat;
3485 4665 3576 4742 24,

1909 4767 1965 4803 n.
1999 4748 2051 4813 "l,
2088 4748 2402 4800 Maximum
2434 4735 2744 4815 tyrannum
2772 4735 3160 4815 conquestum
3179 4737 3381 4815 refert,
3416 4735 3576 4815 quod

1909 4821 1976 4873 ad
2015 4807 2079 4872 se
2111 4807 2556 4872 Valentinianus
2589 4829 2707 4868 non
2736 4807 2966 4865 venerit
3000 4833 3021 4857 «
3071 4809 3244 4879 quasi
3293 4807 3452 4862 ﬁlius
3502 4807 3576 4879 ad

1908 4896 2152 4961 patrem,
2205 4885 2611 4961 «14sed‘multo
2658 4884 2877 4961 clarius
2939 4877 3112 4961 epist.
3154 4878 3259 4961 ‘53,
3299 4896 3466 4961 _num.
3516 4877 3570 4948 5,

1909 4951 2177 5015 eumdem
2211 4957 2683 5012 Valentinianum
2712 4954 2824 5009 etsi
2853 4951 3417 5024 jam’vitailunctum
3463 4965 3574 5024 vo-
3669 4964 3681 4975 '

1909 5032 2047 5085 citat
2095 5031 2277 5084 ﬁlium
2327 5027 2668 5082 Theodosii.
2729 5025 2800 5080 Et
2846 5021 2982 5079 hinc
3031 5022 3245 5094 collige
3277 5021 3572 5094 quomodo

1907 5101 2164 5158 Gratiani
2199 5103 2361 5170 pater
2391 5099 2488 5153 hic
2522 5099 2634 5152 dici
2663 5095 3287 5170 possi_t_'l‘heodosius.

1980 5174 2094 5243 (l4)
2135 5168 2362 5240 Scripta
2393 5170 2550 5243 circa
2581 5185 2797 5243 annum

1980 5235 2092 5312 (15)
2135 5235 2304 5298 Rom.
2339 5242 2476 5296 edit.
2512 5242 2658 5308 sola,
2698 5263 2718 5287 α
2755 5240 3076 5312 episcopus
3106 5236 3356 5312 Titiano.
3399 5257 3419 5283 η
3459 5235 3573 5312 ΔΤί-

1908 5309 2104 5370 tianus
2137 5318 2328 5369 autem
2359 5313 2477 5380 ille,
2505 5329 2613 5367 seu
2643 5309 2923 5365 Tatianus
2955 5311 3052 5367 (ita
3097 5311 3254 5364 enim
3301 5309 3574 5380 vocatum

1908 5387 1966 5440 in
1997 5387 2139 5442 Cod.
2172 5384 2394 5457 Theod.
2429 5378 2602 5457 atque
2633 5383 2769 5457 alibi
2802 5383 3156 5457 reperimus)
3202 5378 3401 5449 magni
3438 5392 3572 5457 ine:

1907 5459 1998 5512 riti
2049 5473 2118 5511 ac
2168 5447 2533 5511 auctoritatis
2573 5455 2701 5523 fuit,
2750 5447 3248 5524 qui'dignitatem
3305 5447 3570 5524 praefecti

1904 5529 2166 5599 praetorii
2198 5528 2390 5599 gessit
2421 5527 2532 5580 sub
2556 5519 2892 5599 Theodosio
2914 5519 3283 5599 imperatore,
3321 5519 3571 5599 sub_quo

1905 5588 2076 5654 etiam
2127 5588 2285 5654 ﬁlius
2331 5597 2464 5668 ejus
2519 5597 2763 5652 Proclus
2814 5597 2940 5649 sive
2992 5588 3277 5668 Proculus
3307 5588 3574 5657 prazfecti

1902 5661 2449 5740 Constantinopolis
2481 5669 2995 5740 munereiornatus
3027 5667 3152 5740 est._
3173 5661 3389 5740 Verum
3436 5674 3568 5737 cum

1904 5749 2148 5813 uterque
2182 5743 2238 5796 in
2272 5732 2472 5813 o'dium
2505 5739 2702 5795 Ruﬁni
2733 5737 3061 5813 incidisset,
3097 5732 3192 5785 hic
3230 5732 3570 5813 patremmin

1902 5798 2175 5868 exsilium
2205 5813 2362 5884 pelli,
2397 5812 2578 5884 ﬁlium
2611 5825 2752 5884 vero
2798 5798 3364 5884 capitali'supplicio
3413 5798 3571 5856 afﬁci

1902 5887 2147 5954 curavit,
2181 5877 2241 5940 ut
2272 5877 2492 5953 narrat,
2525 5881 2800 5937 Zosimus
2832 5877 2933 5931 lib.
2968 5893 3027 5928 iv
