4070 6180
553 281 712 348 1215

1991 292 2059 357 S.
2105 293 2549 359 AMBROSII.

3798 312 3910 377 1216

551 481 749 575 fectus
771 485 1048 575 praetorio
1084 504 1094 542 :
1130 503 1199 543 ac
1226 502 1333 560 per
1360 488 1475 546 hoc
1501 490 1637 563 plus
1670 506 1852 563 posse
1882 493 2059 564 coepit
2080 493 2217 566 (16),
2246 480 2301 547 Ᾱ
2331 495 2433 552 Ille
2463 511 2530 553 se
2559 512 2593 552 a
2622 512 2715 553 me
2745 498 3026 556 nutritum
3056 499 3433 575 praferebat,
3476 502 3570 560 ille
3608 507 3668 560 ut
3709 507 3910 569 sedulum

548 572 657 627 sed
686 572 791 627 tibi
819 572 941 646 jam
974 575 1117 631 nihil
1148 577 1366 633 obesse
1393 596 1407 649 ;
1458 583 1550 634 est
1599 581 1752 635 enim
1789 581 2037 637 aliarum
2069 600 2221 654 pra-

548 660 742 717 fectus
765 664 1036 734 partium.
1069 666 1250 731 Quam
1284 669 1516 740 gaudeo
1548 670 1640 724 vel
1662 669 1899 743 illi(t7),
1924 674 1984 726 ut
2005 671 2217 743 amico,

554 752 693 823 quia
722 751 948 808 honore
994 759 1227 825 auctus,
1276 757 1498 812 invidia
1535 758 1763 814 levatus
1795 762 1887 815 est
1920 776 1932 816 :
1964 761 2060 816 vel
2089 762 2216 833 tibi,

548 842 612 896 ut
640 840 797 912 ﬁlio;
830 842 966 914 quia
995 843 1283 901 liberatus
1316 861 1382 901 es
1411 846 1484 902 ab
1516 862 1606 916 eo,
1638 863 1813 921 quem
1843 849 1946 903 tibi
1977 850 2218 922 gravio-

552 945 679 985 rem
721 930 986 1003 judicem
1032 932 1430 1007 arbitrabare;
1471 938 1531 991 ut
1560 936 1612 990 si
1642 936 1713 991 de
1744 938 1982 1010 negotio
2014 939 2219 995 defini-

549 1018 712 1074 veris
745 1036 878 1075 cum
905 1022 1004 1076 tua
1036 1025 1231 1095 nepte,
1262 1024 1499 1097 pietatis
1530 1027 1645 1080 tua
1677 1025 1773 1097 sit,
1809 1041 1926 1082 non
1957 1027 2218 1084 formidi-

549 1123 666 1163 n18.

616 1196 671 1253 2.
720 1197 974 1271 Ideoque
1018 1201 1345 1272 promptior
1391 1204 1520 1257 esto
1570 1203 1881 1269 decisioni,
1936 1204 2111 1278 cujus
2163 1210 2221 1263 et

549 1300 694 1358 spes
724 1287 935 1359 potior,
971 1291 1027 1344 et
1059 1289 1287 1345 fructus
1320 1294 1429 1346 est.
1463 1290 1635 1363 Spes,
1668 1293 1804 1365 quia
1834 1296 1999 1366 pater
2026 1296 2221 1366 neptis

552 1378 690 1446 tua,
749 1377 852 1448 qui
894 1376 965 1432 de
1009 1377 1170 1434 illius
1220 1382 1511 1435 sententia
1553 1380 1672 1436 sibi
1723 1382 2039 1453 plurimum
2089 1382 2221 1457 (18)

551 1464 983 1536 blandiebatur,
1028 1466 1153 1540 jam
1200 1468 1359 1541 quod
1403 1469 1475 1525 de
1506 1485 1576 1525 eo
1609 1474 1828 1543 speret,
1862 1489 1980 1529 non
2010 1473 2221 1544 habet;

552 1554 654 1609 ille
702 1555 859 1610 enim
904 1556 1018 1610 alia
1069 1560 1253 1627 curat,
1305 1560 1600 1629 praterita
1647 1560 1915 1633 negligit,
1948 1561 2042 1617 vel
2088 1577 2223 1617 cum

559 1643 682 1715 illo,
717 1644 875 1716 quod
920 1648 1059 1700 tunc
1102 1646 1366 1718 gerebat,
1400 1647 1674 1718 deposuit
1703 1649 1938 1721 ofﬁcio;
1970 1651 2083 1706 iste
2116 1667 2223 1707 ne-

552 1732 699 1805 gotii
731 1732 823 1787 sui
857 1734 1149 1805 meritum,
1188 1750 1304 1789 non
1336 1737 1643 1791 sententia
1681 1740 1989 1808 patronum
2020 1741 2224 1795 consi-

553 1820 740 1875 derat.
790 1820 870 1875 Et.
908 1820 1138 1877 fructus
1178 1821 1501 1894 jucundior
1545 1829 1655 1896 est,
1708 1830 1768 1882 ut
1797 1828 1899 1883 tibi
1934 1828 2227 1885 referatur

555 1907 881 1965 decisionis
911 1911 1122 1982 gratia,
1154 1912 1251 1983 qui
1276 1914 1540 1983 potueris
1558 1913 1679 1984 jam
1703 1931 2008 1987 spernere,
2029 1920 2086 1973 et
2107 1934 2226 1974 non

556 1999 882 2069 spreveris,
929 1999 1200 2069 pietatem
1249 2004 1528 2072 spectans
1574 2004 2063 2077 necessitudinis,
2108 2022 2226 2062 non

556 2086 858 2142 stimulum
893 2087 1432 2161 oﬂ‘ensionis.Vale,
1468 2094 1523 2145 et
1554 2107 1664 2147 nos
1697 2093 1897 2167 dilige,
1933 2098 1993 2149 ut
2025 2094 2182 2150 filius
2211 2110 2226 2166 ;

555 2175 694 2247 quia
721 2190 832 2232 nos
865 2179 942 2248 te,
977 2180 1041 2233 ut
1067 2181 1366 2251 parentes,
1398 2180 1727 2254 diligimus.

942 2304 1135 2371 1002
1167 2304 1527 2361 EPISTOLA
1560 2307 1685 2362 1.111
1725 2306 1839 2379 (19)

562 2397 810 2475 Causam
840 2400 1074 2457 silentii
1105 2403 1199 2457 sui
1230 2404 1529 2475 aperiens,
1555 2403 1975 2460 VALENTINIANI
2007 2404 2228 2461 obitum

628 2474 883 2548 maxime
897 2478 1150 2548 propter
1168 2474 1449 2548 summam
1480 2475 1611 2548 ejus
1644 2476 1705 2529 in
1723 2476 1920 2548 gDeum
1945 2477 2229 2548 pietatem

629 2549 803 2617 atque
825 2545 977 2617 inse
999 2545 1153 2599 bene
1164 2545 1481 2617 volentiam,
1502 2546 1682 2617 luget.
1710 2545 2233 2603 Deinde'nuntiato

630 2615 715 2670 ad
728 2616 992 2687 eJusdem
1014 2615 1375 2690 sepulturam
1400 2616 1524 2671 sibi
1541 2615 1765 2688 praesto
1785 2634 1921 2673 esse
1948 2634 2226 2690 marmor,

634 2691 692 2741 ut
714 2702 781 2741 ea
802 2702 1071 2742 sororum
1084 2687 1258 2742 illius
1278 2703 1451 2742 causa
1472 2696 1826 2757 maturatur,
1853 2690 2085 2746 suadet.

843 2811 1187 2868 Aunnosws
1216 2811 1553 2868 Tunonosxo
1583 2813 1944 2885 imperatori.

636 2908 687 2964 1.
720 2907 1026 2965 Silentium
1055 2926 1252 2966 meum
1294 2911 1452 2984 rupit
1489 2927 1689 2968 sermo
1721 2912 2048 2968 clementia
2077 2914 2231 2984 tua;

565 2996 711 3053 nihil
741 2998 899 3054 enim
925 2997 986 3056 in
1015 3002 1133 3055 tam
1163 2999 1436 3057 tristibus
1464 3000 1647 3058 rebus
1692 3000 1908 3057 melius
1943 3001 2137 3059 facere
2170 3001 2230 3057 in

563 3088 821 3143 animum
850 3087 1220 3161 induxeram,
1243 3105 1422 3162 quam
1442 3089 1497 3146 si
1518 3090 1644 3145 fieri
1666 3093 1892 3161 posset,
1918 3106 2011 3146 me
2037 3090 2230 3161 ipsum

562 3176 801 3232 abdere.
834 3176 950 3233 Sed
979 3178 1117 3250 quia
1159 3178 1220 3234 in
1266 3194 1521 3235 secessu
1562 3179 1760 3251 aliquo
1793 3179 2145 3235 delitescere
2176 3181 2234 3235 et

563 3266 897 3323 sacerdotio
928 3267 1092 3324 exire
1121 3284 1240 3324 non
1269 3271 1552 3340 poteram,
1577 3267 1672 3324 vel
1700 3268 1937 3325 silentio
1966 3268 2117 3324 intra
2141 3284 2232 3325 me

564 3354 839 3411 latebam.

630 3444 685 3500 2.
721 3444 900 3500 Doleo
930 3445 1106 3511 enim,
1140 3445 1349 3517 fateor,
1381 3446 1588 3503 dolore
1617 3445 1857 3515 acerbo,
1890 3461 2009 3502 non
2037 3446 2231 3502 solum

559 3533 719 3607 quod
738 3533 1042 3590 immatura
1061 3537 1231 3591 atate
1253 3535 1697 3591 Valentinianus
1717 3537 2011 3608 angustus
2032 3534 2235 3592 deces-

562 3622 729 3694 serit,
778 3623 890 3679 sed
923 3623 1098 3679 etiam
1129 3624 1287 3696 quod
1319 3624 1669 3680 informatus
1702 3624 1819 3679 tlde
1847 3624 1981 3696 (20),
2014 3640 2084 3679 ac
2112 3624 2231 3680 tuis

559 3710 847 3767 institutis
874 3715 1093 3769 tantam
1125 3714 1501 3770 devotionem
1547 3729 1692 3786 erga
1738 3713 1924 3768 Deum
1962 3716 2233 3769 nostrum

562 3800 852 3871 induerat,
886 3804 1058 3875 atque
1090 3805 1250 3859 tanto
1279 3803 1339 3858 in
1370 3818 1463 3858 me
1496 3802 1846 3857 incubuerat
1888 3801 2123 3873 affectu,
2166 3804 2233 3857 ut

561 3903 735 3961 quem
753 3894 886 3945 ante
903 3892 1393 3965 persequebatur,
1409 3907 1565 3948 nunc
1588 3891 1889 3965 diligeret:
1911 3907 2083 3964 quem
2098 3895 2232 3947 ante

562 3980 626 4032 ut
652 3977 1062 4035 adversarium
1102 3980 1443 4053 repellebat,
1485 3998 1644 4036 nunc
1681 3984 1744 4035 ut
1781 3983 2082 4052 parentem
2119 3996 2232 4052 pu-

559 4068 730 4124 taret.
759 4066 924 4133 Quod
956 4084 1070 4140 ego
1101 4085 1220 4126 non
1268 4086 1376 4142 pro
1425 4069 1836 4125 recordatione
1866 4067 2103 4141 injuria
2134 4084 2233 4124 ve-

561 4157 708 4212 teris
737 4158 1100 4230 exprompsi,
1133 4159 1239 4214 sed
1271 4175 1379 4230 pro
1423 4157 1761 4215 testimonio
1796 4158 2230 4213 conversionis.

560 4243 713 4302 Illud
761 4247 917 4302 enim
948 4248 1227 4321 alienum,
1260 4248 1373 4304 hoc
1405 4263 1601 4319 suum,
1637 4246 1792 4320 quod
1823 4262 1856 4300 a
1884 4250 1941 4302 te
1970 4247 2234 4302 infusum

559 4335 676 4394 sibi
708 4336 785 4394 ita
816 4338 1023 4410 tenuit,
1056 4342 1118 4394 ut
1146 4338 1350 4395 matris
1381 4337 1834 4410 persuasionem
1865 4336 2229 4393 excluderet.

632 4481 747 4553 (16)
797 4481 1031 4538 Ultima
1079 4482 1217 4537 edit.
1265 4481 1479 4551 Paris.,
1536 4503 1558 4529 ιι
1592 4480 1757 4553 plus;
1768 4493 1914 4553 esse
1964 4479 2158 4549 capit.
2206 4501 2228 4527 ιι

559 4550 734 4649 ριιξκῖ
755 4570 933 4649 porro
967 4555 1220 4637 Rufinus
1254 4569 1329 4608 ex
1358 4550 1648 4649 magistxio
1694 4550 2029 4649 ciliciorum
2076 4566 2245 4633 pra-r
2266 4580 2323 4649 Β

562 4621 1064 4708 ζθρςιιέριςαξῑονὶο
1169 4621 1950 4708 consulatufactusdicitur,
1973 4621 2110 4676 hinc
2140 4623 2233 4708 i‘n-

558 4695 761 4769 tellige
783 4692 954 4779 illum
984 4697 1258 4753 maximis
1290 4695 1522 4777 imperii
1550 4693 1938 4818 dignitatibus
1969 4692 2231 4747 cumula-

558 4768 683 4818 tum
714 4769 925 4818 fuisse.
962 4769 1380 4818 Bullengerus.
1414 4766 1517 4818 lib.
1552 4784 1571 4818 ι
1661 4781 1693 4818 e
1732 4770 2005 4818 Imperat.
2040 4763 2231 4818 Rom.

558 4766 925 4824 tum't'uisse.
962 4769 1380 4841 Bullengerus,
1414 4766 1517 4821 lib.
1552 4784 1571 4820 ι
1606 4766 1693 4821 De
1732 4766 2231 4846 imperat..1?om.,

564 4851 693 4906 cap.
844 4840 968 4921 agit
990 4839 1065 4895 de
1085 4839 1428 4921 consulibus
1448 4857 1467 4906 ,-
1497 4838 1600 4921 lib.
1622 4836 1774 4921 εξ.οο
1795 4851 2046 4908 imperio
2065 4835 2231 4921 item.

566 4921 695 4977 cap.
730 4907 816 4976 13,
850 4906 925 4964 de
964 4912 1256 4984 magistro
1292 4909 1470 4979 ofﬁc.,
1517 4912 1574 4965 et
1622 4908 1724 4964 lib.
1776 4906 1887 4979 m,‘
1912 4923 2040 4977 cap.
2074 4907 2130 4976 2,
2161 4906 2236 4962 de

559 4978 850 5064 praefecto
864 4984 1169 5050 pratorio.
1196 4981 1604 5064 (laterumdot
1634 4996 1701 5034 ac
1732 4983 1846 5035 tam
1879 4978 2234 5049 multiplices

562 5049 701 5119 ejus
734 5049 1015 5118 honores,
1051 5054 1369 5122 quominus
1400 5052 1728 5107 facinorum
1752 5066 1995 5107 suorum
2024 5065 2234 5176 poenas

564 5118 773 5205 lueret,
807 5137 925 5177 non
957 5124 1405 5205 prohibuerunt.
1437 5123 1560 5189 Qua
1591 5124 1662 5179 de
1696 5140 1757 5178 re
1787 5123 1880 5177 adi
1915 5121 2019 5176 Phi
2049 5125 2236 5177 ostor-

567 5192 649 5264 gii
680 5192 785 5248 lib.
820 5210 901 5262 x1,
937 5196 992 5248 et
1022 5193 1192 5248 alios.

641 5263 753 5332 (1'7)
785 5265 935 5319 Edit.
973 5266 1166 5331 Rom.,
1205 5288 1225 5311 ιι
1251 5264 1610 5337 Congaudeo
1642 5266 1735 5320 vel
1769 5264 1872 5333 illi,
1907 5267 2019 5320 etc.
2054 5284 2076 5315 ι

638 5336 753 5392 (18)
802 5337 1041 5392 Amerb.
1088 5338 1145 5390 et
1191 5352 1339 5391 mss.
1396 5352 1578 5392 prone
1624 5338 1695 5391 ad
1746 5353 1947 5391 unum.
1984 5357 2006 5382 α
2043 5335 2198 5392 nepti

638 5336 753 5407 (18)
802 5337 1041 5392 Amerb.
1088 5338 1145 5390 et
1191 5352 1339 5391 mss.
1390 5336 1578 5407 prope
1624 5338 1695 5391 ad
1746 5353 1947 5391 unum.
1984 5357 2006 5382 α
2043 5336 2237 5406 neptis

567 5408 703 5463 tua.
737 5407 884 5474 Quid
925 5409 997 5464 de
1042 5408 1160 5462 illis
1210 5409 1456 5462 sentias.
1503 5408 1628 5462 Sibi
1678 5408 2011 5478 plurimum,
2063 5411 2173 5463 etc.
2215 5426 2237 5458 ι

567 5481 684 5536 Sed
714 5496 918 5536 veram
948 5479 1264 5536 lectionem
1292 5479 1577 5535 exhibent
1605 5479 1735 5535 aliae
1767 5479 1907 5533 edit.

640 5552 753 5622 (19)
783 5552 1013 5622 Scripta
1042 5568 1199 5607 anno
1228 5551 1355 5606 392.
1830 5621 1836 5622 ί

828 5568 1022 5635 empta.
1042 5568 1199 5607 anno
1215 5568 1355 5634 .332.
1436 5621 1451 5635 ‘
1827 5621 1839 5633 _

638 5621 752 5694 (20)
794 5621 1160 5680 His—mirum
1211 5624 1272 5678 in
1321 5621 1558 5679 modum
1590 5621 1969 5692 conveniunt,
2001 5638 2135 5693 qua
2166 5621 2240 5679 ab

568 5694 776 5775 eodem
800 5695 1118 5778 Ambrosio
1138 5695 1414 5778 dicuntur
1431 5696 1490 5749 in
1508 5693 1740 5777 funebri
1754 5694 2098 5778 “laudatione
2128 5694 2241 5778 hu-

553 5765 669 5845 jus
703 5766 912 5837 ipsius.
946 5767 1360 5838 Valentiniani,
1393 5766 1647 5825 maxime
1679 5765 1791 5823 sub
1822 5766 1999 5821 tinem
2028 5765 2235 5821 oratio-

2332 588 2556 657 patrem
2586 586 2982 660 desiderabat,
3016 589 3113 645 ille
3143 590 3422 648 simulato
3451 608 3485 647 a
3512 592 3827 665 quibusdam
3848 602 3910 655 ad-

2334 678 2546 731 ventus
2604 676 2720 731 mei
2778 678 2981 734 nuntio
3012 720 3027 748 ,
3088 678 3463 752 impatienter
3526 684 3908 753 prastolabatur.

2332 762 2484 830 Quin
2514 765 2689 820 etiam
2718 765 2837 822 illis
2867 766 3020 839 ipsis
3063 768 3284 840 publici
3329 770 3557 826 doloris
3602 771 3804 844 diebus,
3828 794 3911 833 cum

2336 857 2576 910 sanctos
2625 858 2683 911 et
2727 870 2996 913 summos
3044 859 3394 915 sacerdotes
3430 859 3656 915 Domini
3683 861 3808 917 intra
3830 866 3913 920 Gal-

2334 941 2446 997 lias
2474 942 2718 1000 haberet
2745 944 2859 1016 (21)
2884 960 2898 1016 ;
2929 948 2993 1002 ut
3019 962 3053 1001 a
3083 962 3176 1002 me
3204 949 3403 1003 tamen
3436 950 3794 1007 sacramentis
3816 952 3910 1025 bap-

2335 1031 2589 1087 tismatis
2642 1033 2989 1104 initiaretur,
3051 1036 3439 1093 scribendum
3497 1038 3789 1095 arbitratus
3824 1047 3912 1097 est:

2336 1122 2492 1192 quod
2523 1121 2637 1177 etsi
2664 1138 2783 1179 non
2813 1124 3255 1196 rationabiliter,
3274 1126 3614 1184 amabiliter
3638 1130 3802 1186 tamen
3823 1145 3909 1205 erga

2335 1225 2430 1266 me
2460 1226 2637 1266 suum
2665 1212 2928 1268 studium
2954 1214 3306 1270 testiﬁcatus
3337 1219 3455 1271 est.

2407 1334 2461 1390 3.
2496 1334 2665 1391 Hunc
2696 1350 2842 1410 ergo
2871 1352 2989 1393 non
3017 1338 3220 1395 intimo
3237 1339 3515 1396 anhelam
3546 1339 3758 1413 spiritu,
3783 1358 3909 1399 secre-

2335 1423 2531 1497 tisque
2560 1426 2776 1480 mentis
2823 1428 2999 1500 atque
3045 1428 3225 1483 animi
3274 1428 3619 1486 visceribus
3646 1429 3913 1502 amplectar?

2336 1512 2510 1569 Hunc
2542 1514 2684 1569 mihi
2715 1518 3009 1571 mortuum
3039 1520 3237 1588 putem
3256 1518 3285 1573 ?
3315 1519 3446 1574 Imo
3468 1517 3611 1574 mihi
3632 1519 3797 1593 magis
3819 1537 3911 1576 mor-

2333 1604 2499 1657 tuum
2545 1602 2680 1674 (22).
2729 1602 2888 1669 Quas
2933 1620 3048 1678 ego
3094 1606 3346 1662 Domino
3388 1606 3720 1663 deferebam
3747 1610 3912 1682 gratia.

2337 1692 2494 1763 quod
2526 1691 2605 1747 ita
2637 1692 2695 1747 in
2727 1708 2820 1748 me
2851 1709 3185 1751 conversus
3214 1698 3403 1767 esset,
3436 1696 3598 1769 quod
3626 1697 3696 1751 ita
3722 1698 3912 1754 emenda-

2334 1782 2453 1853 tus,
2486 1781 2656 1853 quasi
2685 1782 2944 1838 senioris
2977 1784 3292 1857 cujusdam
3323 1786 3524 1841 atatis
3554 1796 3739 1842 mores
3761 1787 3914 1842 induis-

2257 1863 2311 1930 Β
2337 1872 2473 1926 set:
2527 1886 2676 1943 quas
2726 1871 3054 1928 clementia
3096 1876 3235 1945 tua,
3280 1874 3446 1947 quod
3496 1889 3632 1930 eum
3672 1890 3773 1931 non
3793 1875 3913 1931 solum

2334 1974 2523 2032 regno
2554 1959 2967 2034 reddidisses;
3014 1962 3123 2018 sed
3172 1963 3371 2034 etiam,
3424 1963 3587 2036 quod
3617 1967 3704 2019 est
3727 1964 3913 2036 amplius,

2336 2047 2708 2105 instituisses
2736 2049 2875 2105 fidei
2904 2053 2961 2106 et
2989 2050 3225 2123 pietatis
3256 2055 3377 2108 tua
3409 2052 3778 2125 disciplinis?
3810 2053 3913 2108 Hunc

2338 2153 2484 2210 ergo
2515 2154 2632 2194 non
2663 2138 2913 2211 doleam,
2948 2141 3060 2195 avi
3089 2141 3414 2213 integrum,
3449 2145 3750 2215 antequam
3786 2157 3913 2197 sacra-

2340 2228 2672 2282 mentorum
2720 2243 2852 2299 qua
2904 2230 3097 2294 1003
3145 2229 3538 2302 desideravit,
3588 2230 3915 2303 adipisceretur

2339 2316 2610 2388 gratiam,
2636 2318 2940 2390 repentina
2963 2318 3190 2374 obiisse
3211 2321 3405 2375 morte
3427 2319 3456 2375 ?
3490 2319 3914 2394 Refrigerastimi

2339 2420 2519 2474 mum,
2549 2406 2709 2477 quod
2740 2407 2915 2462 etiam
2962 2407 3093 2478 ipse
3141 2407 3427 2481 dignatus
3458 2424 3528 2464 es
3559 2407 3707 2463 ferre
3732 2408 3911 2463 testimo-

2337 2493 2502 2550 nium
2541 2509 2673 2550 meo
2723 2495 2933 2551 dolori.
2973 2497 3076 2568 Te,
3121 2497 3469 2569 imperator,
3512 2498 3776 2554 arbitrum
3811 2500 3912 2551 teneo

2337 2582 2585 2639 allectus
2614 2584 2748 2651 mei,
2782 2587 2838 2640 te
2868 2600 3016 2641 mea
3046 2587 3261 2642 mentis
3292 2587 3696 2659 interpretem.

2409 2707 2462 2765 4.
2496 2707 2614 2764 Sed
2662 2708 2842 2765 flendi
2883 2711 3149 2783 tempora
3196 2710 3346 2768 alias
3378 2729 3505 2770 non
3534 2713 3797 2769 deerunt:
3821 2723 3914 2765 nunc

2339 2797 2411 2852 de
2443 2798 2752 2869 sepultura
2799 2797 2954 2870 ejus,
2989 2800 3269 2873 quoniam
3297 2801 3552 2874 scripsit
3579 2800 3842 2857 clementia
3862 2802 3915 2851 tu

2339 2886 2417 2953 ita
2461 2885 2558 2941 hic
2600 2887 3055 2959 procurandum.
3105 2888 3169 2944 Si
3215 2906 3441 2947 exsors
3492 2890 3734 2946 recessit
3780 2885 3917 2959 baptis

2340 2975 2535 3047 matis,
2583 2975 2725 3049 quid
2769 2978 3178 3050 cognoverim,
3229 2995 3395 3036 nunc
3438 2977 3696 3052 repressi
3722 2976 3830 3049 (23).
3859 2973 3917 3029 Est

2339 3064 2436 3119 hic
2491 3064 2972 3137 porphyreticum
3020 3067 3253 3123 labrum
3300 3068 3781 3140 pulcherrimum,
3818 3067 3859 3119 et
3887 3061 3916 3115 ii

2339 3169 2491 3211 usus
2522 3153 2864 3227 huiusmodi
2891 3156 3300 3228 aptissimum;
3343 3174 3485 3213 nam
3515 3161 3573 3213 et
3635 3152 3920 3211 Maximianus

2258 3220 2691 3300 cDiocletiani
2740 3220 2948 3300 socius
2994 3246 3077 3300 ita
3122 3220 3407 3303 humatus
3454 3248 3565 3303 est.
3609 3244 3743 3302 Sunt
3780 3238 3915 3296 tabula

2341 3333 2775 3406 porphyretica
2797 3334 3273 3407 pretiosissima,
3299 3335 3525 3408 quibus
3546 3332 3803 3390 vestiatur
3816 3341 3917 3401 oper

2344 3422 2541 3479 culum
2572 3422 2706 3495 (24),
2739 3438 2856 3497 quo
2887 3423 3123 3497 regales
3152 3424 3390 3481 exuviae
3422 3424 3768 3481 claudantur.

2414 3531 2467 3585 5.
2502 3529 2630 3585 Hoc
2659 3528 2852 3586 fuerat
2879 3533 3293 3603 praparatum,
3320 3531 3433 3588 sed
3455 3527 3915 3603 exspectabatum

2342 3619 2632 3690 scriptum
2676 3619 3005 3676 clementia
3049 3622 3207 3693 tua;
3257 3622 3437 3694 cujus
3498 3619 3916 3705 Ρθνοθρίίοηβῖθῖ

2343 3710 2559 3764 creata
2589 3711 2730 3764 sunt
2758 3712 2982 3766 sancta
3016 3709 3152 3767 illia
3182 3713 3321 3782 tua,
3355 3711 3465 3767 filii
3510 3710 3593 3765 tui
3621 3699 3915 3763 Valentiniani

2342 3797 2458 3868 (25)
2486 3812 2754 3869 sorores,
2785 3815 2921 3871 qua
2956 3814 3026 3854 se
3072 3800 3367 3872 gravibus
3398 3799 3662 3857 afficiunt
3685 3786 3915 3857 modist“

2342 3886 2597 3956 amplius
2625 3887 3098 3960 exagitabantur,
3132 3889 3292 3961 quod
3323 3890 3426 3945 diu
3455 3888 3601 3945 nihil
3648 3880 3916 3942 scriberetur

2344 3974 2481 4029 sibi.
2516 3975 2686 4031 Unde
2715 3975 2791 4032 iis
2822 3992 2941 4033 non
2971 3993 3179 4050 parum
3202 3980 3465 4035 accessit
3492 3976 3697 4044 solatii,
3726 3969 3812 4027 sed
3835 3966 3914 4020 dum

2342 4063 2662 4121 inhumata
2691 4067 2831 4121 sunt
2858 4065 3147 4140 reliquia,
3179 4082 3553 4141 nequaquam
3581 4063 3689 4121 sibi
3713 4054 3915 4133 parcunt!

2343 4152 2619 4210 videntur
2646 4153 2803 4210 enim
2832 4155 2952 4213 sibi
2981 4156 3249 4229 germani
3281 4157 3378 4212 sui
3400 4154 3778 4230 quotidianum
3802 4144 3913 4239 fuit“!

2340 4244 2565 4299 tenere.
2617 4243 2692 4299 Et
2738 4260 2948 4301 revera
2992 4261 3128 4300 cum
3174 4246 3306 4301 sine
3348 4246 3491 4303 ﬂetu
3535 4255 3733 4315 magno
3763 4250 3818 4291 ac
3839 4239 3913 4285 sm!

2345 4332 2551 4389 dolore
2583 4334 2751 4407 gravi
2782 4350 3083 4408 nunquam
3112 4335 3271 4406 sint;
3302 4337 3499 4391 tamen
3545 4328 3911 4406 quotiescunque

2344 4474 2459 4547 nis.
2494 4474 2702 4547 Neque
2732 4477 2910 4533 etiam
2939 4477 3013 4533 ab
3045 4477 3142 4533 his
3175 4479 3517 4547 discrepant
3545 4492 3609 4532 ea
3636 4485 3754 4545 quin

2346 4530 2756 4620 Thgodoiétas
2778 4530 3150 4620 ίιίιὸξῆίᾜὶὲἱ.
3180 4530 3326 4620 ἑξεῖ
3346 4530 3588 4606 ἱὲῗῑκέοὶι
3611 4530 3731 4620 non
3749 4530 3909 4620 ﬁuit}?

2348 4617 2406 4671 in
2429 4617 2836 4692 EscerptNit.
2860 4619 3085 4675 Caesar.
3111 4622 3212 4675 ubi
3234 4612 3910 4692 dejunioreiValentitlitllfl:

2417 4688 2532 4762 (21)
2564 4683 2866 4747 ln'Galliis
2913 4707 2982 4746 ea
3024 4683 3374 4762 tempestate
3416 4683 3909 4762 florebantfgpiﬁcﬁi’.l

2347 4751 2486 4844 vita
2512 4756 2907 4844 sanctimonia
2937 4751 3391 4844 eminentissimi
3413 4805 3453 4844 ,_
3470 4765 3531 4818 ut
3557 4751 3909 4844 puta‘ygﬂgf

2348 4829 2719 4908 Iurenensis
2739 4877 2753 4904 ,
2789 4834 3117 4908 Delphinus
3159 4822 3617 4908 Burdegalensis
3637 4871 3651 4900 ,
3680 4822 3909 4879 Victriclus

2354 4901 2970 4979 Rothomagensis,_jet
2998 4906 3118 4961 alii.

2433 4967 2792 5053 (22)_On‘i'nc_s
2823 4967 2984 5047 edit.,
3025 4976 3268 5053 {magis
3288 4976 3517 5053 vivum;
3543 4998 3564 5023 ιι
3597 4978 3778 5053 on}???

2360 5075 2382 5100 ιι
2408 5034 2601 5122 magis
2633 5034 2996 5103 mortuum,»
3035 5034 3204 5104 Haud
3231 5049 3385 5104 malo
3414 5034 3627 5112 sensu;
3656 5039 3781 5094 idem
3806 5034 3906 5145 θηᾶξὲ

2361 5125 2446 5145 --ι
2501 5136 2566 5145 ,Α
2602 5120 2650 5145 ,ε
2688 5120 2904 5145 ,ιεΑΑ-Αι
2930 5134 2943 5145 .
2976 5119 3073 5145 In-
3105 5122 3291 5145 ...μ-ε,
3320 5120 3571 5145 ,ρα-ι....ι
3611 5115 3664 5145 ..ι
3689 5112 3850 5145 οηπὶῐι]
3893 5105 3903 5140 ι

2356 5105 2466 5192 est,
2500 5105 2569 5174 ἕο
2601 5120 2654 5175 si
2685 5120 2943 5192 diceret:
2976 5119 3079 5192 Illa
3101 5122 3296 5175 omnia
3318 5120 3589 5187 efﬁciunt,
3611 5105 3666 5167 ut
3689 5118 3796 5164 eum
3812 5105 3903 5151 ωιυι

2355 5190 2633 5287 ereptum,
2650 5190 2844 5264 magis
2876 5191 3147 5245 sentiam.
3498 5209 3507 5215 ·

2426 5265 2443 5287 ι
2482 5264 2535 5287 nx
2569 5264 2700 5287 mnu
2786 5284 2804 5287 ,Α
2839 5263 3269 5287 .........-..-.._I--_.
3316 5262 3429 5287 ο-)
3465 5269 3656 5287 ..-αλ-α
3740 5246 3904 5287 ηηιιΐύ·

2423 5255 2547 5349 (23).
2569 5255 2804 5333 Edit.,'«
2839 5262 3433 5352 procurandu_m.‘Sed
3463 5255 3900 5352 exste§‘:-.:Ag°:am

2354 5311 2649 5411 pre-ssi;§
2686 5311 2870 5411 mss.,r
2891 5337 3093 5411 contra
3122 5337 3183 5389 ut
3210 5335 3269 5388 in
3299 5336 3494 5401 textu;
3523 5328 3626 5411 nisi
3652 5315 3779 5395 quod
3800 5311 3877 5364 hau

2353 5405 2526 5481 pauci
2556 5407 2773 5463 habent
2803 5420 2934 5459 cum
2966 5405 3124 5473 edit.,
3162 5428 3185 5453 α
3218 5421 3337 5460 non
3366 5405 3630 5477 repressi.
3664 5418 3713 5477 nn
3802 5449 3837 5502 ,ά

2424 5480 2539 5552 (24)
2586 5481 2667 5534 lta
2713 5477 2979 5552 plerique
3008 5492 3189 5552 ipsa;
3221 5478 3359 5532 edit.
3392 5490 3529 5552 vero
3555 5473 3609 5526 et
3634 5466 3819 5552 alui“:

2426 5523 2539 5552 \-'I
2588 5523 2667 5534 "“'
2715 5523 2976 5549 l"""‘1""
3014 5523 3189 5547 ""v"
3224 5523 3359 5532 "n'
3408 5523 3525 5531 "'"
3562 5523 3603 5526 ’⁷
3811 5523 3819 5533 ⁵
3879 5539 3898 5550 ο

2354 5567 2526 5620 mss.,
2580 5575 2602 5599 ιι
2639 5550 2856 5623 quibus
2888 5549 3256 5605 vestiebatur
3284 5546 3626 5621 operculum,
3659 5560 3677 5586 ι
3710 5523 3820 5587 10h“
3840 5532 3876 5568 ν’

2354 5624 2585 5679 delicat.
3610 5682 3620 5693 .

2427 5695 2539 5765 (25)
2588 5695 2757 5749 Jusla
2801 5696 2858 5749 et
2885 5693 3079 5763 Grata,
3113 5691 3502 5748 Valentiniani
3530 5686 3685 5756 huius
3707 5668 3891 5729 sorores.

2354 5766 2414 5822 in
2446 5765 2787 5841 virginitate
2812 5766 3291 5838 perseverarunt.
