3978 6168
44 327 203 390 1217

1231 327 1846 398 EPISTOLARUM
1893 332 2234 404 CLASSIS
2279 339 2328 402 Ι.

3349 339 3509 412 1218

55 543 122 584 eo
144 527 457 598 accedunt,
475 542 818 600 exsangues
833 531 1232 586 revertuntur.
1253 529 1324 585 Et
1345 531 1536 602 ipsius
1551 517 1810 605 igiturl
1914 535 2281 593 dictionibus
2320 545 2612 604 exornat;
2658 546 2719 597 et
2767 542 3052 599 salutanti
3103 543 3514 604 Valentiniano

60 617 422 686 consuletur,
471 620 528 671 et
568 617 943 672 charissimis
978 619 1266 690 cxsuviis,
1293 621 1345 674 si
1369 622 1733 676 acceleretur

57 706 380 777 sepultura,
405 723 480 760 ne
503 707 713 761 aestive
754 708 992 776 penitus
1035 709 1345 764 solvantur
1365 711 1562 764 calore
1595 712 1732 780 ;vix

59 796 210 865 enim
231 795 608 865 superiorem
632 799 901 850 aestatem
925 799 1350 870 transegimus.

125 883 179 938 6.
203 883 544 939 Mandatum
565 889 732 939 tuum
771 901 948 956 serve
991 891 1047 941 et
1087 889 1434 943 commendo
1457 888 1726 944 Domino.

56 973 275 1046 Diligat
297 978 354 1028 te
379 973 688 1042 Dominus,
715 975 851 1046 quia
872 978 934 1030 tu
968 975 1199 1030 Domini
1252 993 1466 1033 servos
1507 978 1727 1050 diligis.

539 1113 913 1172 EPISTOLA
954 1118 1080 1172 LIV
1120 1117 1251 1189 (26).

59 1242 396 1299 Remissam
426 1243 757 1314 apparitori
805 1241 1112 1314 offensam,
1154 1259 1264 1299 nec
1312 1259 1425 1300 non
1455 1243 1733 1300 Faustini

221 1315 436 1370 tussim
467 1314 992 1371 recrudescentem
1022 1315 1294 1372 Eusebio
1321 1317 1571 1371 nuntiat.

493 1457 836 1512 Auanosxus
882 1456 1138 1513 Eussmo
1168 1457 1303 1530 (2'7).

125 1599 178 1654 1.
205 1599 525 1670 Apparitor
544 1598 662 1669 (28)
700 1599 1094 1670 praefecturas,
1120 1601 1220 1672 qui
1258 1603 1499 1672 propter
1519 1615 1736 1672 operas

61 1689 428 1744 Portuenses
441 1687 730 1744 offensam
748 1694 1142 1760 contraxerat,
1163 1690 1288 1762 jam
1309 1691 1369 1748 in
1390 1695 1562 1761 portu
1576 1691 1738 1746 navi-

58 1782 174 1850 gat.
198 1775 544 1848 Opportune
566 1781 762 1833 autem
781 1779 1045 1834 advenit:
1075 1795 1208 1839 nam
1248 1779 1424 1835 simul
1448 1785 1513 1835 ut
1537 1781 1738 1851 accepi

58 1867 287 1921 litteras
306 1872 441 1921 tuas
453 1867 586 1937 (29),

61 1955 552 2027 vitillico,jussit
597 1957 818 2011 retrahi
859 1958 1191 2027 epistolam,
1237 1974 1412 2029 quam
1437 1960 1509 2014 de
1552 1958 1741 2013 facul-

63 2045 283 2098 tatibus
309 2044 443 2116 ejus
466 2045 839 2114 publicandis
864 2046 1207 2102 dictaverat.
1233 2046 1402 2112 Quod
1426 2049 1479 2102 si
1502 2049 1728 2102 tardius

68 2134 361 2204 venisset,
386 2149 558 2188 nemo
579 2119 776 2207 magis
799 2135 1119 2204 probasset
1165 2136 1575 2206 inexplicabile
1598 2135 1742 2190 illud

66 2237 215 2292 Opus
242 2238 386 2277 esse
406 2226 615 2292 portus
639 2222 1018 2291 reformandi,
1044 2240 1218 2295 quam
1241 2225 1375 2294 iste,
1400 2224 1501 2295 qui
1535 2215 1732 2280 1004

64 2311 180 2365 illic
207 2311 588 2383 naufragium
611 2310 850 2377 fecerat,
877 2312 993 2366 nisi
1016 2316 1072 2367 te
1094 2313 1404 2368 habuisset
1440 2313 1738 2385 guberna-

65 2407 250 2455 torem
271 2416 287 2468 ;
313 2405 376 2454 ut
397 2400 568 2454 aliter
589 2417 705 2456 non
729 2404 936 2471 posset
959 2402 1095 2456 inde
1116 2402 1234 2456 nisi
1257 2402 1454 2457 nudus
1479 2403 1663 2458 exire.

137 2489 191 2544 2.
218 2488 547 2544 Faustinus
587 2490 874 2560 parvulus
907 2491 1061 2545 tussi
1100 2491 1347 2561 laborat,
1373 2491 1445 2545 ad
1477 2495 1743 2546 sanctam

70 2594 348 2634 sororem
367 2578 482 2649 (30)
503 2583 772 2634 curatum
793 2580 972 2650 venit,
998 2584 1054 2634 et
1077 2581 1238 2635 venit
1259 2584 1502 2651 sponte;
1529 2595 1738 2652 exper-

65 2671 160 2722 tus
200 2668 368 2723 enim
409 2671 503 2723 est
541 2669 758 2723 melius
796 2668 914 2724 sibi
952 2673 1220 2724 ventrem
1286 2670 1503 2724 curari.
1566 2669 1743 2724 Deni-

61 2773 171 2828 que
193 2761 256 2812 et
278 2771 375 2812 me
396 2757 693 2812 medicum
731 2761 896 2828 putat
917 2757 1030 2830 (31)
1071 2762 1377 2829 exspectat
1401 2758 1737 2828 prandium.

64 2845 270 2918 Itaque
295 2845 394 2900 hic
415 2846 510 2902 bis
534 2847 607 2901 ad
628 2847 783 2901 diem
805 2852 1048 2902 curatur
1097 2851 1154 2902 et
1194 2852 1454 2919 cmperat
1495 2847 1744 2918 pulchre

63 2937 300 3006 valere;
345 2935 452 2990 sed
474 2935 614 2990 dum
655 2951 792 2990 eum
831 2936 1012 2991 nimio
1053 2952 1252 2992 amere
1275 2937 1577 2992 abstinere
1601 2953 1746 3008 ges-

63 3025 230 3092 tiunt,
278 3024 508 3080 tussire
558 3025 632 3079 de
672 3029 877 3080 ventre
918 3025 1055 3096 plus
1097 3027 1310 3097 coepit;
1355 3029 1412 3082 et
1454 3026 1749 3082 laboravit

66 3114 285 3184 adhuc,
314 3114 431 3169 nisi
471 3114 543 3168 ad
585 3115 1012 3171 medicamenta
1053 3131 1162 3171 sua
1202 3119 1554 3172 revertatur.
1582 3115 1744 3185 Vale,

61 3209 116 3259 et
137 3219 251 3260 nos
277 3204 462 3277 dilige
489 3219 502 3260 :
536 3205 675 3276 quia
696 3220 808 3260 nos
831 3210 887 3260 te
911 3205 1236 3277 diligimus.

549 3344 919 3403 EPISTOLA
969 3345 1069 3402 LV
1120 3347 1257 3418 (32).

61 3471 357 3544 Eussaius
389 3471 648 3544 sobolem
672 3473 894 3544 partim
926 3471 1078 3544 apud
1108 3487 1176 3527 se
1197 3471 1570 3527 remansisse
1596 3486 1743 3544 par-

134 3549 239 3599 tim
267 3543 350 3598 ad
370 3543 534 3598 illum
556 3541 886 3616 profectam
920 3541 1058 3616 esse
1079 3541 1753 3616 commemorans,_duos

132 3616 466 3671 Faustinos
516 3613 914 3670 accomodatis
968 3613 1214 3670 familiae
1269 3614 1502 3671 Nouclii
1548 3613 1752 3670 'bene-

145 3759 265 3828 (36)
290 3757 523 3828 Scripta
545 3757 701 3813 circa
723 3773 941 3812 annum
961 3757 1086 3813 392.
1173 3777 1176 3780 ·

148 3831 268 3900 (2'7)
338 3829 587 3884 Eusebii
635 3830 1036 3885 Bononiensis
1075 3828 1339 3900 episcopi
1377 3828 1660 3884 memoria
1696 3829 1756 3884 in

80 3902 353 3975 Martyr.
388 3900 579 3971 Rom.,
611 3902 849 3970 ponitur
892 3919 948 3955 v1
990 3900 1468 3975 Kal._Q_ctobr_es.
1502 3901 1660 3975 Idem
1697 3901 1756 3954 in

78 3972 280 4044 Aquil'.
324 3987 502 4044 conc.
544 3977 906 4027 memoratur
943 3989 1079 4044 pag.
1121 3972 1246 4042 801,
1286 3973 1395 4044 ubi
1427 3987 1538 4044 nos
1573 3972 1757 4044 aliugm

76 4042 187 4099 non
231 4043 431 4097 videri
466 4044 538 4098 ab
576 4059 668 4111 eo,
709 4059 885 4115 quem
922 4042 1281 4099 Ambrosius
1320 4043 1486 4115 initio
1515 4043 1626 4115 lib.
1670 4042 1758 4098 Do

75 4117 267 4171 instit.
335 4115 490 4186 Virg.
545 4113 760 4184 laudat,
816 4115 1294 4186 submonuimus.
1335 4113 1450 4169 Sed
1491 4113 1654 4168 illum
1685 4116 1756 4167 ad

77 4203 247 4258 quem
292 4185 517 4258 hmc’et
557 4187 939 4258 subsequens
969 4185 1219 4256 epistola
1252 4185 1642 4258 destinantur,
1684 4186 1758 4258 ab

78 4255 144 4312 eo
183 4257 609 4313 existimamus
650 4255 791 4312 esse
833 4255 1161 4324 diversum,
1203 4261 1266 4311 ut
1305 4257 1526 4310 dictum
1567 4261 1660 4311 est
1700 4255 1760 4310 in

79 4331 312 4384 Admon
337 4329 409 4383 ad
451 4326 553 4384 lib.
602 4329 689 4383 De
720 4329 893 4382 instit
931 4331 1106 4399 virg.,
1141 4327 1307 4392 Quod
1331 4343 1478 4398 ergo
1510 4329 1569 4381 in
1609 4342 1758 4382 mss.

81 4401 324 4472 aliquot.
342 4405 397 4454 et
411 4400 550 4454 edit.
568 4400 628 4454 in
647 4399 920 4454 lemmate
933 4401 1216 4472 scribitur
1241 4399 1508 4454 Eusebio
1529 4399 1760 4472 episco-

149 4469 238 4536 ,'id
255 4471 452 4527 errori
483 4486 688 4526 eorum
711 4472 1069 4526 ascribimus
1093 4471 1192 4541 qui
1220 4486 1293 4525 ex
1309 4475 1558 4540 utroque
1584 4469 1763 4524 Euse-

149 4513 163 4536 ,
183 4488 238 4526 iu
255 4488 452 4527 errori
483 4488 688 4526 eorum
711 4488 1069 4526 ascribimus
1093 4488 1192 4541 qui
1220 4488 1293 4525 ex
1309 4488 1558 4540 utroque
1584 4488 1761 4524 iause-

77 4488 172 4597 ςῗο
195 4559 387 4597 unum
413 4542 702 4597 fecerunt.
727 4542 900 4597 Certe
922 4543 980 4596 in
1004 4547 1290 4613 sequente
1332 4541 1581 4612 epistola
1605 4543 1761 4610 epis-

1917 606 2195 663 Clianaan
2219 617 2276 664 et
2297 610 2632 666 Nembrotli
2647 629 2965 684 personam
2990 622 3168 688 optat.

2271 735 2612 791 AMBROSIUS
2656 737 2908 794 EUSEDIO
2949 741 3080 811 (33).

1916 838 1966 894 1.
2012 838 2332 896 Faustinus
2375 846 2626 914 uterque
2672 845 2775 900 tibi
2831 848 3096 901 redditus
3157 850 3280 918 est,
3341 848 3512 904 nobis

1844 932 2160 1000 utrumque
2201 931 2587 986 Ambrosium
2627 934 2845 1006 pignus
2885 937 3129 990 resedit.
3164 937 3298 1006 Ipse
3329 937 3514 993 habes

1845 1018 2003 1088 quod
2035 1019 2288 1087 primum
2319 1020 2376 1073 in
2406 1025 2592 1091 patre,
2627 1028 2684 1077 et
2717 1025 2871 1094 quod
2895 1024 3401 1095 jucundissimum
3425 1032 3518 1082 est

1843 1106 1901 1160 in
1943 1107 2060 1161 filio
2102 1108 2330 1162 minore
2367 1127 2382 1175 ;
2424 1111 2560 1181 quia
2602 1116 2656 1166 et
2696 1114 2935 1167 virtutis
2977 1115 3200 1184 apicem
3239 1119 3425 1185 tenes,
3461 1120 3517 1170 et

1845 1195 2192 1250 humilitatis
2217 1197 2465 1253 exhibes
2496 1202 2745 1271 gratiam
2770 1220 2784 1268 ;
2827 1219 2958 1272 nos,
2986 1204 3141 1274 quod
3165 1205 3419 1258 medium
3442 1205 3522 1258 in-

1843 1288 1937 1339 ter
1957 1288 2180 1354 patrem
2203 1290 2258 1340 et
2275 1286 2573 1358 juniorem
2605 1289 2808 1344 filium.
2834 1291 3053 1346 Tecum
3087 1308 3316 1347 summa
3336 1294 3519 1347 totius

1846 1374 2080 1444 domus,
2107 1380 2162 1429 et
2184 1379 2513 1445 perpetuati
2534 1379 2804 1434 vocabuli
2829 1380 2940 1450 (34)
2964 1380 3136 1452 jugis
3165 1382 3478 1436 successio
3505 1400 3518 1447 ;

1847 1464 1999 1534 apud
2018 1479 2130 1518 nos
2148 1480 2324 1534 parca
2347 1467 2746 1537 mediocritas,
2783 1485 2914 1540 quae
2947 1474 3002 1524 et
3025 1471 3094 1524 de
3120 1486 3351 1525 summo
3374 1487 3520 1541 pen-

1848 1551 2002 1619 deat,
2047 1556 2102 1606 et
2143 1553 2200 1606 in
2241 1556 2578 1623 posteriore
2619 1557 2929 1611 subsistat.
2954 1559 3175 1613 Tecum
3216 1560 3399 1631 igitur
3437 1575 3524 1614 re-

1849 1641 2021 1712 quies
2055 1642 2364 1713 utriusque
2402 1648 2694 1713 nostrum,
2720 1661 2852 1714 qua:
2895 1663 3028 1700 cum
3061 1647 3312 1702 invicem
3347 1648 3522 1702 nobis

1851 1729 2207 1798 refunditur,
2243 1746 2473 1786 omnem
2507 1733 2682 1786 animi
2714 1733 3009 1806 abstergit
3043 1737 3522 1791 sollicitudinem.

1849 1818 2070 1873 Tecum
2093 1819 2146 1872 is
2169 1820 2267 1890 qui
2291 1824 2349 1874 et
2368 1821 2637 1875 moribus
2672 1825 2728 1876 et
2761 1823 3045 1892 operibus
3068 1823 3198 1878 suis
3229 1828 3286 1878 et
3318 1825 3525 1880 sobole

647 1867 657 1878 .
709 1868 718 1878 .
1317 1869 1326 1880 .
1574 1870 1585 1880 .
1862 1867 2070 1873 -νν---
2093 1867 2144 1872 --
2173 1867 2267 1890 -ι--
2293 1867 2347 1874 ν-
2368 1867 2637 1875 --υσ---υ--ν
2675 1867 2727 1876 ν-
2764 1867 3045 1892 ντν---ιυιυ
3068 1867 3198 1878 υ--υ
3231 1867 3286 1878 ν·
3318 1867 3524 1880 υνυνιν

602 1867 1740 1980 :83?-
1770 1899 1825 1964 B
1849 1907 1949 1962 tali
1970 1907 2191 1962 invenit
2212 1909 2464 1980 gratiam
2487 1910 2639 1980 apud
2664 1911 2975 1966 Dominum
2999 1915 3288 1967 nostrum.
3304 1911 3526 1968 Tecum

1849 1998 1903 2052 is
1925 1997 2028 2068 qui
2050 1997 2205 2052 inter
2227 1999 2427 2052 mundi
2451 1998 2634 2070 hujus
2657 2001 2956 2069 procellas
2989 2001 3314 2070 spiritalem
3341 2002 3526 2057 nutri-

1851 2087 1935 2140 vit
1978 2087 2312 2142 columbam
2355 2087 2506 2156 (35),
2555 2103 2688 2158 quin
2723 2090 2777 2142 ei
2819 2090 3052 2144 fructus
3097 2088 3302 2144 afferat
3338 2091 3524 2162 pacis,

1851 2179 2027 2230 uncta
2068 2175 2225 2230 oliva
2268 2176 2627 2246 integritatis
2671 2177 2844 2240 (Gen.
2890 2195 3023 2246 vui,
3065 2177 3174 2248 Η).
3216 2178 3435 2234 Tecum
3474 2180 3528 2234 is

1851 2265 1952 2336 qui
1975 2265 2301 2332 aediﬁcavit
2331 2281 2496 2318 aram
2530 2265 2672 2333 Deo,
2716 2281 2893 2336 quem
2934 2266 3236 2321 benedixit
3273 2268 3434 2322 Deus
3475 2273 3532 2324 et

1851 2353 2008 2408 filios
2049 2352 2205 2424 ejus,
2250 2353 2455 2407 dicens
2497 2371 2509 2407 :
2560 2376 2582 2401 ι
2628 2352 2924 2422 Crescite,
2966 2359 3022 2409 et
3060 2355 3528 2425 multiplicamini

1852 2441 2026 2513 (Gen.
2069 2459 2148 2512 ix,
2185 2441 2280 2512 9);
2322 2463 2349 2492 ιι
2391 2458 2525 2497 cum
2557 2457 2673 2514 quo
2696 2445 3112 2498 testamentum
3132 2444 3298 2514 pacis
3323 2446 3528 2518 statuit

1855 2547 2002 2600 suaa,
2037 2535 2101 2584 ut
2131 2531 2209 2585 sit
2238 2531 2290 2586 ei
2326 2535 2382 2586 et
2413 2531 2553 2586 filiis
2596 2530 2730 2604 ejus
2774 2532 2833 2586 in
2854 2532 3199 2605 progeniem
3242 2538 3526 2590 aeternam

1855 2619 2055 2692 (1m,
2078 2617 2260 2690 9-16).

1924 2710 1977 2764 2.
2003 2709 2205 2764 Habes
2249 2709 2432 2782 igitur
2474 2709 2772 2766 haeredem
2814 2710 3031 2766 divina:
3070 2711 3526 2783 benedictionis,

1856 2801 2199 2854 consortem
2241 2799 2490 2872 gratim,
2535 2801 2880 2871 participem
2911 2800 3166 2872 justitiae
3209 2802 3360 2872 (36).
3413 2802 3530 2858 Sed

1855 2888 2010 2958 vide,
2057 2904 2286 2960 quaeso,
2328 2905 2401 2943 ne
2443 2889 2555 2944 iste
2597 2893 2802 2944 noster
2841 2889 2968 2944 Noe
3012 2891 3294 2963 agricola,
3337 2893 3531 2948 bonus

1855 2977 2153 3048 plantator
2193 2977 2416 3032 feracis
2447 2978 2668 3049 vineae,
2703 2995 2838 3033 cum
2869 2979 3045 3034 fuerit
3075 2982 3296 3035 amoris
3340 2981 3534 3046 1005

1859 3071 1914 3122 et
1946 3066 2156 3138 gratim
2188 3065 2518 3121 inebriatus
2550 3067 2784 3137 poculo,
2819 3071 3094 3138 tanquam
3129 3069 3470 3139 crapulatus
3503 3087 3535 3125 a

1860 3156 2018 3223 vino,
2044 3155 2264 3208 diutius
2288 3156 2470 3226 quieti
2495 3157 2796 3228 indulgeat
2821 3173 2833 3210 :
2869 3173 2936 3211 ac
2969 3157 3021 3211 si
3045 3157 3194 3212 forte
3219 3157 3532 3216 indormie-

1786 3253 1841 3323 ο
1861 3244 1954 3314 rit,
1976 3243 2190 3298 excitet
2213 3259 2345 3298 eum
2363 3243 2500 3299 Sem
2523 3246 2709 3300 nostri
2734 3245 3118 3300 desiderium.

1928 3332 1982 3387 3.
2026 3332 2134 3388 Est
2175 3336 2230 3388 et
2261 3333 2345 3387 ibi
2375 3333 2589 3404 Japhet
2616 3333 2818 3406 junior
2849 3350 2923 3390 ex
2953 3334 3264 3407 fratribus,
3291 3337 3390 3408 qui
3421 3337 3537 3408 pie-

1859 3422 1997 3478 tatis
2028 3423 2360 3479 reverentia
2396 3427 2622 3494 patrem
2659 3424 2877 3494 induat,
2910 3441 3084 3496 quem
3117 3430 3282 3496 pater
3313 3431 3369 3482 et
3407 3427 3535 3483 dor-

1861 3512 2052 3568 miens
2079 3511 2277 3567 videat
2302 3511 2474 3582 (Gen.
2499 3531 2578 3583 ix,
2612 3513 2723 3584 25),
2758 3531 2867 3568 nec
2896 3530 3154 3586 unquam
3191 3515 3262 3570 de
3293 3520 3533 3586 pectore

1861 3601 2111 3657 dimittat
2133 3617 2266 3672 suo,
2296 3603 2437 3674 quin
2459 3618 2696 3673 semper
2719 3603 2910 3657 oculis
2935 3607 2990 3658 et
3011 3604 3321 3674 complexu
3342 3608 3536 3661 teneat

1935 3745 2046 3815 (30)
2075 3767 2098 3791 α
2125 3744 2216 3799 Ad
2239 3748 2503 3799 sanctam
2526 3759 2819 3813 sororem,
2850 3769 2872 3794 η
2907 3745 2964 3800 id
2996 3750 3090 3801 est
3120 3748 3532 3803 sanctimonia-

1863 3817 1980 3889 lem
2001 3817 2327 3889 virginem;
2360 3832 2476 3887 qua
2497 3816 2569 3871 de
2592 3833 2655 3872 re
2679 3817 2897 3872 dicitur
2919 3833 3046 3889 seq.
3073 3819 3246 3888 epist.

1935 3885 2047 3957 (31)
2069 3885 2286 3960 Omnes
2309 3885 2484 3956 mss.,
2522 3911 2545 3960 με
2572 3891 2627 3942 et
2648 3889 2939 3944 medicum
2962 3885 3128 3960 putat
3143 3907 3156 3956 ;
3201 3889 3308 3946 sed
3331 3891 3389 3945 in
3413 3907 3532 3947 om-

1867 3960 2043 4015 nibus
2065 3959 2201 4013 edit.
2226 3974 2320 4014 me
2341 3959 2650 4029 reperitur.

1941 4029 2054 4098 (32)
2075 4029 2307 4100 Scripta
2335 4030 2494 4084 circa
2521 4047 2756 4086 annum.
2775 4029 2901 4086 392.

1939 4101 2051 4170 (33)
2093 4101 2224 4184 Non
2264 4106 2357 4184 est
2405 4102 2646 4184 dubium
2691 4104 2831 4184 quin
2882 4103 2977 4158 hic
3029 4101 3338 4184 Eusebius
3381 4105 3535 4184 idem

1867 4173 2038 4244 plane
2054 4173 2173 4246 _sit,
2217 4173 2500 4246 adquem
2536 4173 2886 4246 inscribitur
2933 4176 3212 4245 superior
3249 4177 3497 4245 epistola
3523 4219 3537 4246 ,

1867 4243 2032 4316 pater
2054 4243 2317 4298 Faustini
2340 4245 2607 4312 alterius,
2633 4245 2767 4316 ejus
2791 4262 2935 4301 vero
2958 4243 3057 4316 qui
3088 4248 3243 4301 tussi
3270 4243 3539 4302 laborare

1869 4315 2167 4388 nuntiatus
2200 4320 2311 4388 est,
2345 4332 2514 4370 avus.
2543 4315 2871 4388 Utrumque
2894 4315 3087 4371 autem
3112 4319 3206 4371 hic
3232 4319 3538 4388 designari

1869 4403 2039 4440 nemo
2076 4387 2333 4441 dubitet:
2370 4403 2578 4442 verum
2611 4387 2764 4440 haud
2799 4388 3176 4442 mediocriter
3217 4387 3439 4441 erravit
3470 4389 3535 4442 P.

1871 4457 2160 4529 Nannius,
2205 4457 2342 4511 dum
2389 4480 2411 4508 «
2450 4458 2830 4511 Ambrosium
2861 4459 3078 4529 pignus
3113 4481 3136 4506 ιι
3180 4458 3259 4511 ita
3281 4459 3537 4527 exponit,

1870 4529 2042 4599 quasi
2075 4528 2322 4598 ipsemet
2364 4529 2723 4582 Ambrosius
2765 4528 2966 4582 noster
2999 4545 3130 4582 cum
3163 4529 3276 4581 alio
3300 4530 3543 4585 Ambro-

85 4630 271 4684 copus
293 4629 414 4668 non
439 4615 749 4682 salutatur,
792 4630 901 4668 nec
935 4614 994 4667 in
1035 4600 1339 4667 ambarum
1363 4600 1478 4684 fine
1518 4600 1764 4684 vocatur
1793 4617 1851 4681 ι)
1871 4601 1984 4684 δίφν
2010 4604 2175 4669 Patre
2197 4615 2339 4684 ἔξω,
2357 4600 2654 4684 Πίξηίιζυιην
2679 4600 3089 4684 ,είεηίίῖοθιιξνε
3114 4600 3289 4684 Αείίυί
3313 4605 3543 4682 (Palmm

85 4683 285 4766 frater,
313 4701 432 4756 quo
455 4685 690 4740 nomine
733 4685 1049 4756 episcopos
1071 4684 1294 4755 alloqui
1333 4683 1486 4738 solet
1505 4683 1762 4738 Ambro-

84 4773 231 4810 81118.

150 4828 266 4896 (28)
287 4827 638 4899 Apparitor,
657 4828 989 4899 Apparere,
1006 4827 1122 4882 etA
1127 4826 1303 4899 ppari
1309 4831 1423 4899 tum
1449 4825 1588 4896 quid
1618 4825 1758 4899 sint,

85 4897 766 4970 quamque—variihujus
807 4899 1065 4953 nominis
1111 4897 1420 4970 officiales,
1464 4897 1762 4970 etquibus

88 4967 221 5024 olim
267 4967 575 5041 paruerint
629 4967 1098 5041 magistratibus,
1161 4967 1764 5041 diligenter‘explicat

93 5039 472 5113 Bulen'gerus
501 5041 599 5096 lib.
625 5059 683 5095 vi
723 5039 812 5096 De
842 5044 978 5112 imp.
1013 5042 1178 5113 Rom.
1205 5057 1333 5109 cap.
1379 5039 1464 5113 17.
1489 5039 1764 5113 Idemque

89 5113 154 5166 de
176 5110 646 5184 apparitieribus
661 5110 1237 5184 prefectipraetorio,
1256 5127 1286 5166 e
1309 5111 1525 5184 quibus
1548 5115 1671 5164 erat
1690 5110 1763 5178 is,

90 5184 155 5237 de
178 5183 304 5255 quo
349 5184 443 5237 hic
467 5185 684 5255 agitur,
721 5183 1004 5238 nonnulla
1045 5183 1246 5237 refert.
1292 5183 1548 5252 Adverte
1591 5196 1765 5255 porro

91 5252 264 5325 quain
291 5255 484 5324 lepide
509 5252 667 5309 ludat
707 5255 1062 5309 Ambrosius
1106 5259 1312 5308 noster
1349 5255 1406 5306 in
1427 5252 1766 5325 proverbiis

91 5324 118 5378 a
140 5331 320 5395 portu
343 5325 648 5396 derivatis,
675 5326 951 5381 nimirum
983 5324 1481 5380 accommodando
1502 5340 1769 5396 reparan-

93 5394 301 5451 dorum
327 5402 601 5468 portuum
628 5394 987 5467 redemptori
1009 5397 1118 5450 has
1141 5396 1480 5468 pan-(nmina,
1510 5415 1532 5446 ι
1559 5394 1618 5448 in
1639 5410 1768 5468 por-

95 5475 147 5522 tu
171 5465 482 5540 navigare,
512 5491 532 5518 ι
563 5473 620 5524 et
641 5470 699 5524 in
722 5465 893 5540 portu
916 5469 1266 5540 impingere,
1293 5491 1316 5540 ξι
1363 5467 1453 5520 vel
1482 5489 1502 5512 ιι
1525 5465 1768 5540 naufra-

135 5542 256 5612 ium
283 5537 501 5612 facere,
531 5564 553 5589 η
582 5541 654 5596 de
677 5537 896 5612 quibus
921 5537 1092 5612 Erae.
1113 5537 1256 5593 chil.
1283 5537 1309 5592 1
1335 5542 1488 5592 cent.
1515 5537 1566 5606 l,
1595 5537 1766 5608 adag.

95 5556 256 5664 gnum
283 5556 501 5610 iacere,
531 5564 553 5589 η
582 5556 654 5596 ae
677 5556 896 5612 quibus
921 5556 1092 5594 iuras.
1118 5556 1256 5593 cmi.
1283 5556 1309 5592 ι
1335 5556 1488 5592 cent.
1515 5556 1566 5606 ι,
1595 5556 1765 5608 auag.

125 5611 430 5688 6,Aet_cl.1il.
459 5613 511 5688 l_,
538 5613 778 5688 cent.__5,
803 5612 982 5688 adag.
1001 5609 1100 5688 76,
1249 5684 1257 5688 _
1472 5679 1504 5688 Ἀ
1620 5677 1630 5688 _
1754 5676 1765 5688 .

160 5683 280 5754 (29)
321 5679 600 5749 Quasdam
637 5679 785 5739 edit.
829 5679 1110 5740 exhibent
1137 5705 1158 5730 σι
1203 5684 1264 5738 ut
1285 5679 1578 5753 accepit...
1606 5679 1770 5754 jussi

99 5754 340 5814 retrahi.
366 5774 391 5807 ι
419 5755 709 5814 Neutrum
738 5755 1027 5832 apposite.

1871 4675 1964 4726 est
2000 4687 2116 4725 non
2152 4671 2268 4724 nisi
2308 4671 2379 4725 de
2411 4671 2730 4724 Ambrosio
2760 4686 2943 4739 puero
2977 4676 3032 4724 et
3062 4671 3376 4725 Ambrosia
3417 4672 3542 4726 vir-

1873 4743 2029 4814 gine,
2057 4741 2231 4812 cujus
2255 4742 2442 4813 gratia
2464 4742 2616 4814 liber
2646 4742 2744 4814 De,
2764 4742 2958 4795 instit.
2999 4741 3152 4814 Virg.
3187 4742 3381 4814 editus
3411 4743 3540 4813 fuit,

1874 4812 1987 4868 hoc
2027 4814 2246 4868 dictum
2269 4812 2444 4866 esse.
2483 4813 2642 4866 Idem
2674 4812 2846 4866 etiam
2877 4828 2991 4866 non
3019 4813 3187 4867 aliter
3227 4812 3545 4869 hallucina-

1870 4889 1987 4951 tur,
2015 4885 2151 4937 dum
2184 4888 2530 4953 sequentem
2562 4884 2912 4937 sententiam
2941 4885 3185 4953 perinde
3218 4885 3447 4955 accipit,
3474 4902 3542 4940 ac

1875 4956 1927 5009 si
1958 4956 2050 5008 vir
2083 4959 2326 5009 sanctus
2358 4970 2462 5024 per
2484 4970 2665 5008 voces
2681 4957 2748 5026 in
2766 4963 2942 5026 patre
2964 4960 3190 5024 patrem
3215 4973 3390 5010 suum
3413 4959 3546 5012 Am-

1874 5026 2164 5095 brosium,
2213 5030 2268 5080 et
2308 5041 2413 5094 per
2440 5032 2498 5086 τὸ
2529 5026 2590 5079 in
2621 5025 2745 5080 ﬁlio
2767 5025 3004 5081 minore
3037 5028 3414 5082 Parthenium
3437 5029 3547 5083 fra-

1873 5110 2023 5160 trem
2047 5122 2222 5178 suum
2250 5106 2537 5160 minorem
2568 5106 2942 5178 intelligeret.
2976 5106 3092 5162 Sed
3125 5109 3260 5178 quis
3292 5109 3546 5165 somniet

1875 5177 2177 5232 Ambrosii
2201 5177 2392 5231 nostri
2414 5193 2587 5231 avum
2611 5177 2801 5232 fuisse
2825 5178 2980 5234 hunc
3004 5177 3328 5234 Eusebium
3351 5182 3380 5236 ?
3403 5181 3545 5236 Haec

1877 5249 2064 5319 apinae
2087 5253 2223 5320 sunt
2245 5265 2312 5302 ac
2334 5264 2497 5303 mere
2521 5265 2717 5320 nugis.

1946 5320 2060 5389 (34)
2089 5319 2287 5374 Codex
2323 5320 2519 5388 Vind.,
2553 5343 2575 5368 ει
2602 5319 2657 5374 et
2689 5325 2972 5391 perpetua
3002 5323 3275 5377 vocabuli
3303 5341 3317 5389 ;
3347 5345 3368 5370 η
3405 5321 3543 5377 edit.

1880 5392 2074 5459 Rom.,
2123 5414 2144 5437 α
2171 5395 2226 5445 et
2265 5392 2642 5461 perpetuitati
2673 5394 2944 5449 vocabuli
2970 5413 2984 5461 ;
3015 5416 3035 5443 ι
3079 5395 3293 5448 melius
3333 5391 3546 5463 reliqui

1880 5479 2026 5516 mss.
2053 5479 2119 5516 ac
2145 5463 2282 5518 edit.
2310 5468 2371 5517 ut
2391 5464 2451 5516 in
2475 5467 2655 5518 textu.

1949 5533 2064 5609 (35)
2095 5535 2475 5609 Ambrosiam
2508 5535 2790 5609 intellige,
2828 5536 2899 5592 de
2931 5551 3046 5609 qua
3081 5534 3139 5590 in
3171 5535 3418 5590 Admon.
3442 5531 3545 5590 lib.

1877 5604 1968 5678 De
1980 5605 2182 5678 instit.
2216 5607 2370 5678 Virg.
2395 5623 2428 5662 a
2450 5607 2624 5662 nobis
2648 5604 2890 5663 dictum.

1951 5675 2062 5747 (36)
2085 5677 2176 5750 Ita
2206 5675 2344 5750 edit.
2379 5682 2497 5733 vet.
2532 5695 2600 5733 ac
2638 5679 2845 5750 plures
2888 5693 3063 5750 mss;
3105 5681 3164 5732 at
3199 5677 3375 5750 Rom.
3410 5675 3550 5750 edit.

1879 5762 2014 5806 cum
2044 5745 2180 5807 aliis
2211 5749 2569 5828 quibusdam
2599 5745 2782 5825 mss,
2830 5770 2851 5798 α
2877 5749 3206 5826 principem
3230 5745 3504 5825 justitiee.
3529 5770 3552 5814 ι
