4070 6180
182 376 350 438 1221

1374 319 1987 434 EPISTOLARUM
2032 368 2375 434 CLASSIS
2419 371 2468 434 1.

3502 378 3659 443 1222

188 576 415 630 iterum
448 588 776 644 pauperum
805 571 996 627 turbae
1019 571 1460 642 episcoporum,
1491 570 1710 642 quibus
1742 572 1876 624 ante
1903 550 1961 612 Α
1989 567 2214 624 illibata
2243 585 2388 640 pace
2420 571 2839 628 universorum
2869 574 2947 629 ita
2977 575 3282 646 consulas,
3315 581 3378 632 ut
3415 593 3534 633 non
3563 579 3656 632 vi-

192 678 453 718 onerosa
486 665 801 732 paupertas
832 677 953 715 non
984 664 1128 730 erat,
1169 665 1430 715 externae
1463 661 1594 730 epis
1626 662 1873 730 egentes

194 753 335 822 (4’7),
363 751 1062 821 compellenturinopiam
1089 765 1348 822 gemere,
1366 751 1637 803 autcerte
1656 749 1873 802 victum

188 841 439 911 inopum
471 841 702 894 itineris
742 857 1051 910 usurpare.

291 922 486 984 1007
527 930 581 984 4.
628 929 856 983 Interea
896 930 1064 984 solus
1106 929 1280 983 exlex
1319 927 1657 996 Flavianus,
1693 931 1756 982 ut
1791 928 1872 982 illi

189 1019 452 1088 videtur,
469 1033 587 1072 non
602 1020 779 1087 venit,
797 1019 1030 1088 quando
1045 1033 1254 1072 omnes
1269 1018 1676 1072 convenimus.
1694 1018 1874 1072 Fene-

191 1113 361 1164 rator
381 1111 437 1162 et
457 1108 689 1162 debitor
705 1108 962 1161 invicem
982 1108 1099 1161 sibi
1117 1110 1456 1176 occurrunt,
1477 1107 1576 1160 isti
1605 1107 1721 1160 sibi
1754 1123 1871 1160 non

193 1199 458 1268 possunt
491 1212 836 1252 occurrere:
864 1196 1032 1250 solus
1057 1211 1271 1251 exsors
1299 1195 1636 1265 Flavianus,
1660 1198 1722 1249 ut
1743 1196 1871 1265 ipse

191 1286 344 1356 vult,
370 1286 762 1340 sacerdotalis
777 1286 1083 1355 consortii,
1100 1287 1199 1356 qui
1215 1301 1322 1339 nec
1345 1285 1749 1355 imperialibus
1773 1285 1872 1340 de-

194 1377 401 1444 cretis,
426 1391 536 1430 nec
557 1375 935 1430 sacerdotum
959 1375 1277 1431 conventui
1299 1373 1675 1444 praesentiam
1699 1373 1872 1430 faciat

196 1464 320 1518 sui.

271 1553 326 1606 5.
361 1552 487 1607 Nec
518 1555 712 1607 tamen
743 1551 916 1606 etiam
948 1551 1062 1607 hoc
1091 1552 1233 1606 moti
1254 1551 1478 1621 dolore,
1513 1550 1679 1605 fratri
1713 1551 1870 1606 Eva-

198 1641 336 1714 grio
358 1641 648 1697 donamus
667 1641 928 1711 speciem
946 1641 1119 1695 bonae
1142 1656 1363 1710 causae,
1388 1641 1491 1711 qui
1507 1656 1576 1695 eo
1599 1641 1872 1696 defensa-

200 1729 384 1786 bilior
411 1730 793 1800 sibividetur,
819 1729 976 1801 quod
999 1746 1132 1784 eum
1160 1729 1380 1801 refugit
1411 1728 1747 1800 Flavianus,
1774 1733 1873 1784 aut

202 1819 368 1891 quod
389 1818 608 1874 habere
624 1835 690 1873 se
705 1819 952 1873 alterum
965 1819 1282 1873 arbitratur
1293 1818 1600 1889 aequalem,
1624 1822 1871 1890 uterque

196 1909 413 1962 alienae
444 1909 637 1980 magis
677 1908 1065 1963 ordinationis
1099 1908 1280 1977 vitiis,
1318 1923 1494 1978 quam
1525 1909 1656 1962 suis
1683 1907 1870 1964 frctus

195 1999 335 2068 (48).
369 1997 530 2062 Quos
562 2001 752 2050 tamen
785 2013 896 2051 nos
927 1998 984 2050 in
1021 1997 1327 2051 meliorem
1356 2012 1641 2051 vocamus
1671 1997 1827 2051 viam
1854 2013 1870 2067 ;

197 2091 264 2142 ut
294 2087 569 2141 malimus
597 2101 704 2141 eos
734 2086 863 2141 suis
905 2086 1101 2156 potius
1137 2085 1312 2141 bonis
1350 2101 1526 2157 quam
1557 2087 1748 2142 alieno
1782 2086 1872 2140 vi-

205 2175 290 2230 tio
320 2174 578 2230 defendi.

275 2264 328 2319 6.
371 2263 496 2328 Qua
535 2264 607 2318 de
654 2279 717 2319 re
755 2263 1034 2334 quoniam
1074 2263 1332 2334 prOpriis
1374 2264 1616 2319 texuisti
1659 2250 1876 2320 litteris

199 2369 386 2425 posse
427 2357 630 2423 typum
669 2352 919 2423 reperiri
957 2351 1233 2422 aliquem,
1266 2369 1382 2423 quo
1423 2353 1616 2424 possit
1655 2353 1878 2408 auferri

204 2443 452 2496 fratrum
483 2442 802 2512 discordia,
836 2458 970 2496 cum
989 2445 1193 2495 sancta
1216 2441 1492 2512 Synodus
1515 2442 1874 2514 cognitionis

199 2530 308 2602 jus
339 2531 702 2585 unanimitati
734 2534 872 2601 tuae,
897 2531 1253 2601 caeterisque
1276 2545 1351 2584 ex
1368 2531 1634 2604 Aﬂgypto
1657 2547 1874 2586 consa-

204 2620 550 2675 cerdotibus
583 2620 806 2674 nostris
838 2619 1238 2675 commiserit:
1271 2620 1482 2674 iterum
1505 2623 1733 2690 oportet
1755 2621 1875 2676 fra-

207 2712 357 2764 trem
378 2712 647 2764 nostrum
667 2709 1011 2764 Flavianum
1035 2708 1389 2778 convenias;
1421 2712 1482 2763 ut
1498 2710 1550 2763 si
1569 2710 1625 2763 in
1649 2725 1717 2764 eo
1736 2726 1875 2780 per-

202 2797 590 2868 severaverit,
611 2814 728 2868 quo
748 2798 1102 2852 veniendum
1121 2813 1238 2852 non
1261 2800 1441 2867 putet,
1467 2798 1653 2853 salvis
1671 2800 1875 2854 conci-

201 2886 267 2940 lii
307 2887 572 2958 Nicaani,
615 2887 720 2942 sed
763 2887 938 2941 etiam
976 2887 1190 2958 synodi
1229 2885 1559 2957 Capuensis
1598 2890 1834 2943 statutis
1859 2931 1873 2960 ,

279 3030 393 3101 (47')
426 3029 660 3084 Ultimae
679 3029 817 3084 edit.
837 3029 1048 3099 Paris,
1075 3052 1094 3076 «
1120 3033 1358 3084 aeternae
1382 3031 1512 3100 opis
1543 3034 1810 3100 egentes.
1849 3055 1870 3080 ι,

217 3100 290 3156 de
323 3102 595 3172 sequenti
646 3117 822 3171 porro
863 3103 1153 3155 sententia
1203 3101 1472 3155 Nannius
1521 3103 1596 3155 ita
1628 3104 1870 3158 scribit:

1989 658 2233 713 deamur
2263 659 2573 715 destruere
2605 662 2765 732 quod
2795 663 3148 719 aediﬁcatum
3180 670 3271 720 est
3299 682 3311 720 :
3351 689 3372 712 α
3408 666 3472 722 Si
3501 669 3656 722 enim

1988 748 2144 818 quod
2177 748 2484 818 aediﬁcavi,
2530 750 2793 821 destruo,
2837 755 3354 821 praevaricatorem
3395 772 3486 810 me
3528 757 3654 826 ipse

1989 839 2304 905 constituo;
2323 855 2389 892 ac
2405 839 2456 892 si
2470 856 2602 909 qua:
2617 840 3124 911 destruxi,itcrum
3141 845 3425 898 aediﬁcem
3442 845 3651 905 (Galat.

1986 943 2047 994 ii,
2082 926 2188 995 18).
2230 948 2250 974 ι
2286 926 2568 981 Servetur
2590 945 2735 1000 ergo
2761 929 3069 999 impertitae
3094 933 3258 1002 pacis
3289 934 3478 1004 gratia
3501 935 3652 989 inter

1986 1015 2326 1083 universos,
2362 1021 2416 1069 et
2448 1017 2832 1073 nihilominus
2863 1020 3175 1076 declinatio
3199 1024 3383 1092 partis
3407 1023 3650 1078 alterius

1986 1102 2312 1158 frustrandi
2344 1103 2617 1160 effectum
2648 1107 2866 1163 habere
2897 1126 3014 1164 non
3044 1112 3257 1180 possit.

2057 1192 2109 1246 Ἷ.
2144 1192 2298 1248 Sane
2329 1194 2707 1250 referendum
2739 1198 3094 1252 arbitramur
3124 1200 3195 1254 ad
3230 1205 3502 1256 sanctum
3530 1202 3654 1256 fra-

1985 1287 2134 1336 trem
2166 1287 2434 1337 nostrum
2468 1285 2749 1340 Romanae
2785 1288 3156 1342 sacerdotem
3182 1289 3469 1345 Ecclesiae
3499 1291 3610 1362 (49)
3638 1307 3652 1361 ;

1984 1372 2260 1442 quoniam
2277 1375 2697 1443 prmsumimus
2711 1392 2776 1429 ea
2803 1381 2854 1430 te
2873 1376 3295 1448 judicaturum,
3323 1396 3454 1449 quae
3478 1381 3652 1434 etiam

1983 1459 2067 1514 illi
2100 1460 2417 1530 displicere
2450 1468 2764 1534 nequeant.
2796 1465 2878 1519 Ita
2908 1467 3061 1520 enim
3095 1467 3236 1521 utile
3259 1468 3369 1522 erit
3405 1468 3649 1523 consul-

1984 1553 2104 1603 tum
2135 1550 2464 1620 sententiae,
2502 1551 2579 1606 ita
2610 1555 2773 1622 pacis
2804 1557 2859 1608 et
2888 1555 3106 1625 quietis
3141 1557 3433 1611 securitas
3461 1574 3474 1627 ;
3509 1558 3561 1611 si
3593 1557 3651 1611 id

1982 1641 2185 1692 vestro
2217 1641 2508 1692 statuatur
2529 1641 2801 1710 consilio,
2829 1643 2985 1712 quod
3009 1646 3405 1700 communioni
3427 1651 3649 1701 nostra)

1983 1726 2426 1780 dissensionem
2466 1744 2583 1782 non
2624 1729 2860 1800 afferat;
2917 1723 3112 1787 1008
3156 1736 3216 1787 ut
3246 1749 3357 1788 nos
3387 1750 3648 1806 quoque,

1985 1819 2222 1886 accepta
2245 1819 2582 1870 vestrorum
2608 1817 2766 1871 serie
2789 1821 3162 1890 statutorum,
3179 1837 3311 1876 eum
3335 1822 3391 1876 id
3415 1827 3651 1893 gestum

1902 1873 1953 1936 Β
1985 1919 2124 1959 esse
2165 1905 2646 1976 cognoverimus,
2689 1906 2846 1976 quod
2888 1906 3156 1961 Ecclesia
3199 1873 3463 1965 Romani;
3492 1911 3649 1966 haud

1985 1993 2160 2049 dubie
2192 1994 2684 2064 eomprobaverit,
2720 1995 2839 2049 laeti
2871 1995 3124 2052 fructum
3148 1997 3491 2070 hujusmodi
3513 2016 3652 2055 exa-

1983 2083 2162 2138 minis
2191 2083 2591 2153 adipiscamur
2621 2084 2755 2154 (50).

2260 2206 2629 2261 EPISTOLA
2671 2207 2771 2260 DE
2809 2206 3058 2263 CAUSA
3102 2209 3371 2266 BONOS]

2144 2329 2223 2368 Ex
2261 2329 2542 2368 CAPUANzE
2583 2329 2793 2368 SYNODI
2831 2329 3097 2370 DECRETO
3138 2333 3484 2373 JUDICANDA.

1985 2420 2460 2493 Sciscitantibusr
2477 2420 2615 2493 quid
2643 2420 2705 2473 in
2737 2420 2957 2474 Bonos:
2989 2438 3164 2477 causa
3196 2430 3357 2479 esset
3376 2431 3647 2482 statuen-

2057 2495 2189 2571 dum
2203 2492 2526 2571 respondet
2542 2498 2748 2571 auctor
2758 2507 2923 2545 suum
2925 2493 3052 2564 jam
3067 2507 3180 2548 nan
3201 2511 3336 2571 esse
3348 2498 3422 2552 de
3434 2498 3648 2571 illaju-

2056 2565 2294 2633 dicium,
2319 2564 2429 2617 sed
2451 2579 2650 2618 eorum
2659 2564 2950 2689 γεω-ιω),
2980 2571 3177 2636 utpote
3208 2569 3420 2639 quibus
3447 2564 3597 2625 illu'd
3616 2587 3648 2626 ει

2059 2635 2328 2689 Canuano
2354 2651 2636 2689 consessu
2701 2635 3072 2689 emendatum
3113 2639 3214 2689 sit.
3239 2640 3427 2689 Addit
3455 2647 3648 2689 tamen

2059 2635 2328 2707 Capuano
2354 2651 2636 2690 consessu
2659 2635 3072 2690 demandatum
3113 2635 3427 2694 sit—Addit
3455 2647 3649 2697 tamen

2056 2707 2349 2762 Bonosum
2375 2707 2586 2762 merito
2606 2707 3038 2777 reprehensum
3061 2709 3136 2764 de
3157 2710 3371 2768 Mariae
3394 2711 3541 2767 [iliis
3558 2715 3647 2768 ei-

2058 2795 2166 2849 que
2200 2779 2428 2832 unicum
2461 2777 2649 2832 fuisse
2672 2781 2880 2849 paucis
2909 2781 3147 2834 astruit.

2056 2886 2106 2940 1.
2130 2909 2150 2932 «
2169 2885 2251 2940 De
2276 2885 2512 2940 Bonoso
2536 2885 2648 2955 (51)
2671 2885 2979 2940 direxistis
2995 2887 3298 2960 episcopo,
3315 2891 3535 2962 quibus
3556 2891 3649 2948 vel

1988 3028 2162 3104 sium,
2201 3051 2223 3074 »
2259 3026 2383 3104 veri
2415 3026 2596 3104 multo
2637 3026 2892 3081 similius
2944 3031 3034 3082 est
3087 3029 3158 3082 ab
3209 3029 3322 3085 alio
3373 3033 3649 3104 quopiam

1989 3101 2246 3170 scriptas
2281 3099 2492 3152 fuisse.
2525 3099 2894 3168 Quapropter
2913 3115 3031 3153 non
3061 3104 3282 3156 temere
3311 3099 3579 3158 fecerunt
3609 3106 3652 3160 ii

219 3195 242 3220 ι
273 3170 597 3255 ῌρᾳςιιῐηηθ
620 3170 697 3226 sit
715 3173 884 3226 valde
902 3188 1134 3255 mecum
1155 3173 1492 3254 ambigo,ut
1513 3173 1870 3255 hic‘sensus,
1906 3194 1955 3255 Ο
1989 3171 2092 3255 qui
2122 3171 2603 3255 illas‘Ambrosio
2636 3170 3253 3255 atljudicarunt:Atqui
3284 3189 3402 3228 non
3431 3176 3650 3255 medio-

223 3244 533 3298 collatione
563 3259 882 3313 pauperum
941 3244 1216 3298 viaticum
1272 3244 1667 3314 conquirunt;
1728 3246 1872 3300 nihil

212 3317 367 3369 enim
391 3316 485 3368 hic
510 3317 704 3388 victus
728 3315 978 3384 itineris,
1005 3315 1121 3368 nisi
1143 3316 1434 3388 viaticum.
1459 3315 1608 3388 Quid
1631 3317 1683 3369 si
1705 3316 1874 3388 legas

213 3403 318 3456 pro
339 3387 569 3458 inopum
591 3385 845 3456 inopem,
866 3391 927 3440 ut
943 3391 1046 3459 aut
1077 3389 1364 3459 cogantur
1383 3387 1639 3456 inopiam
1671 3385 1876 3459 geme-

213 3473 295 3526 re,
317 3462 414 3511 aut
435 3459 622 3511 sinon
641 3461 895 3528 gemant,
930 3458 1086 3512 ferre
1107 3460 1134 3511 ?
1165 3457 1248 3511 Eo
1271 3457 1727 3529 descenderem;
1761 3460 1878 3514 nisi

218 3545 507 3600 usurpare
554 3529 788 3598 proprie
822 3529 1144 3601 diceretur,
1169 3545 1303 3583 cum
1345 3546 1478 3601 quae
1519 3534 1724 3584 nostra
1763 3547 1880 3585 non

216 3604 370 3667 sunt,
393 3616 780 3672 occupamus:
800 3601 955 3672 quod
981 3603 1099 3653 tum
1124 3600 1203 3669 ﬁt,
1232 3600 1374 3654 cum
1388 3602 1731 3656 sacerdotes
1745 3619 1884 3672 pau-

213 3672 457 3741 peribus
481 3672 698 3724 victum
722 3671 780 3724 in
813 3671 906 3724 sui
930 3687 1105 3724 usum
1137 3671 1470 3726 detrahunt.
1497 3673 1655 3727 Bene
1687 3671 1882 3728 antem

217 3743 547 3796 emendavit
565 3742 870 3796 Costerius
892 3758 1000 3812 pro
1022 3758 1263 3813 gerere,
1279 3759 1541 3814 gemere.
1563 3766 1584 3791 ιν
1609 3745 1879 3800 Haeeille.

284 3814 398 3883 (48)
429 3814 509 3867 Ita
541 3828 749 3868 omnes
780 3813 917 3866 edit.
952 3817 1008 3868 et
1047 3813 1294 3884 quidam
1317 3830 1464 3868 mss.
1494 3830 1508 3883 ;
1560 3815 1656 3868 alii
1689 3820 1883 3871 autem

217 3883 441 3954 plures,
465 3907 484 3933 ι
512 3900 686 3956 quam
700 3883 1016 3957 suifretus_.
1049 3883 1081 3957 »ί
1098 3887 1172 3939 At
1195 3885 1370 3957 nobis
1395 3889 1704 3957 utrumque
1729 3887 1885 3941 haud

217 3971 424 4026 parum
457 3959 801 4026 suspectum
834 3959 944 4010 est.
978 3955 1120 4021 Quis
1145 3955 1301 4010 enim
1323 3957 1452 4011 suis
1481 3961 1579 4011 aut
1600 3955 1694 4010 sui
1722 3959 1884 4012 vitiis

219 4027 407 4098 fretus
440 4028 556 4081 dici
586 4028 828 4098 possit?
858 4027 973 4081 Sed
1006 4029 1101 4081 hic
1132 4027 1245 4081 etsi
1283 4028 1507 4081 nullum
1549 4028 1886 4082 subsidium

220 4097 467 4153 afferant
489 4097 660 4169 mss.,
687 4100 972 4153 omissam
995 4102 1187 4153 tamen
1209 4114 1240 4152 a
1264 4100 1655 4169 scriptoribus
1678 4116 1886 4154 vocem

223 4169 419 4240 bonis,
453 4187 586 4242 quae
609 4171 876 4241 proxime
899 4171 1187 4241 sequitur,
1212 4171 1502 4224 sententia
1524 4172 1670 4225 satis
1694 4172 1887 4226 deela-

218 4243 326 4295 rat.

288 4311 402 4380 (49)
435 4312 692 4367 Adverte
724 4327 898 4383 quam
919 4312 1230 4384 antiquum
1263 4313 1339 4367 sit
1369 4311 1630 4383 majores
1671 4328 1885 4367 causas

219 4383 289 4436 ad
311 4384 608 4453 pontiﬁcis
637 4384 882 4438 Romani
903 4383 1193 4454 judicium
1216 4385 1533 4454 remittere,
1559 4389 1614 4438 et
1639 4385 1885 4439 consule

219 4470 400 4525 super
431 4454 542 4508 hoc
572 4455 894 4509 Innocentii
924 4455 1094 4525 primi
1142 4471 1210 4509 ac
1260 4456 1477 4510 Leonis
1527 4457 1662 4508 item
1713 4457 1885 4525 primi

1992 3241 2170 3314 criter
2202 3242 2546 3314 iidemintﬁer
2578 3257 2646 3314 se
2667 3241 3026 3314 dissentiunt
3049 3242 3108 3314 in
3131 3243 3391 3314 ipsarum
3410 3251 3651 3301 auctore

1993 3313 2346 3380 deﬁniendo,
2381 3312 2726 3366 Holstenius
2758 3312 2817 3365 in
2860 3311 3189 3367 Collatione
3230 3314 3486 3369 Romana
3518 3317 3650 3372 illas

1991 3385 2235 3440 ascribit
2266 3383 2494 3454 Syricio
2520 3401 2531 3438 :
2569 3384 2672 3436 sed
2706 3386 2899 3436 utrum
2933 3399 3080 3455 mss.
3105 3384 3435 3455 aliquorum
3456 3391 3655 3442 aucto-

1989 3458 2240 3526 ritatem,
2275 3472 2349 3509 an
2378 3471 2521 3508 vero
2555 3455 2797 3528 Baronii
2845 3454 3250 3528 conjecturam
3300 3463 3564 3528 secutus,
3599 3459 3652 3514 ei

1989 3529 2287 3598 prepriam
2317 3526 2874 3598 quoqueradjeetam
2905 3526 3176 3596 voluerit,
3211 3527 3498 3584 incertum
3528 3526 3654 3584 ma-

1990 3597 2118 3653 net.’
2136 3599 2386 3652 Easdem
2410 3597 2582 3668 quasi
2606 3613 2637 3650 a
2661 3598 2912 3651 Damaso
2936 3599 3232 3666 profectas
3257 3600 3393 3654 citat
3415 3601 3540 3655 Jac.
3558 3602 3656 3655 Al-

1990 3671 2222 3723 mainus
2255 3669 2315 3722 in
2336 3667 2446 3721 lib:
2466 3669 2550 3721 De
2574 3674 2778 3739 auctor
2797 3667 3110 3739 Ecclesiae,
3138 3686 3247 3723 nec
3270 3670 3329 3723 in
3355 3671 3466 3725 hoc
3491 3673 3561 3726 ab
3585 3688 3654 3728 eo

1989 3740 2306 3812 Cajetanus
2332 3739 2391 3792 in
2406 3739 2696 3812 Apologia
2719 3738 2852 3792 libri
2867 3739 2954 3812 De
2969 3747 3284 3811 comparat.
3311 3748 3532 3798 auctor.
3550 3744 3658 3798 Pa-

1990 3810 2085 3882 pae
2104 3816 2160 3866 et
2183 3812 2362 3865 Cone.
2387 3810 2706 3882 discrepat.
2732 3810 3231 3882 Atquiutrumque
3248 3813 3654 3882 chronologim

1991 3854 2138 3937 ratio
2163 3882 2298 3935 falsi
2320 3854 2647 3949 convincit;
2672 3897 2790 3935 non
2812 3854 2991 3936 secus
3030 3899 3098 3936 ac
3120 3854 3253 3937 Ehe.
3280 3885 3352 3939 de
3371 3854 3654 3942 Cusarlil:

1991 3972 2034 4008 ii
2061 3955 2148 4032 _De
2167 3953 2478 4032 concordia
2501 3951 2672 4032 Qatli.
2709 3969 2834 4032 cap.
2865 3953 2956 4032 18,
2984 3955 3084 4008 ubi
3117 3955 3316 4032 multis
3349 3959 3659 4032 ex‘eadem

1992 4024 2240 4098 epistola
2270 4023 2616 4098 propositis,
2649 4023 3002 4098 subjungit:
3052 4047 3073 4071 «
3122 4024 3271 4095 Fuit,
3316 4028 3518 4098 credo,
3559 4027 3656 4084 ille

1988 4112 2137 4166 papa
2167 4095 2614 4170 (cujusgnomen
2645 4096 2704 4148 in
2735 4111 2881 4170 mss.
2917 4111 3028 4149 suo
3059 4111 3185 4170 non,
3205 4099 3454 4166 reperiri
3480 4095 3660 4170 supra

1991 4169 2261 4235 testatur)
2285 4168 2344 4220 S.
2373 4167 2683 4240 Damasus,
2710 4167 3331 4240 quihancreseripsit,
3359 4167 3657 4240 quoniam,

1993 4244 2055 4293 ut
2087 4254 2160 4292 ex
2193 4238 2526 4291 immediate
2578 4238 2851 4307 sequenti
2902 4238 3051 4307 epis.
3083 4239 3151 4291 ’73
3203 4238 3470 4309 habetur,
3523 4238 3660 4295 tunc

1996 4311 2289 4381 Damasus
2319 4309 2436 4362 illis
2469 4309 2836 4381 temporibus
2863 4309 2991 4362 fuit.
3032 4331 3052 4357 ι
3077 4310 3149 4362 At
3181 4310 3278 4362 illa
3301 4312 3502 4381 verba,
3528 4327 3661 4380 quae

1996 4381 2212 4435 ibidem
2238 4380 2333 4434 hic
2365 4384 2570 4434 auctor
2592 4379 2808 4447 laudat,
2842 4396 2973 4433 cum
2997 4381 3174 4448 petita
3216 4381 3334 4434 sint
3364 4397 3439 4434 ex
3480 4379 3653 4450 epist.

1999 4452 2084 4520 17,
2121 4469 2177 4505 n.
2212 4452 2299 4520 10,
2333 4467 2507 4521 quam
2537 4451 2728 4503 datam
2780 4455 3010 4504 constat
3048 4451 3316 4521 au.circ.
3367 4451 3492 4520 381,
3523 4451 3659 4520 ejus

219 4512 527 4596 epistolas,
563 4527 716 4580 sicut
748 4530 803 4580 et
828 4512 1040 4580 Μαί-(ιω
1069 4525 1478 4595 Concordiam,
1512 4531 1686 4597 atque
1709 4512 1879 4582 alios.
1916 4512 1968 4572 D
2001 4512 3117 4597 conjecturalis-baud“quaquamfavent.
3151 4520 3283 4575 Non
3322 4512 3662 4597 ergo'eti'am

288 4598 402 4667 (50)
429 4597 615 4652 Paris.
641 4598 908 4669 quaedam
924 4599 1085 4667 edit.,
1102 4599 1540 4669 adispicantur;
1565 4599 1880 4653 cardinalis

222 4667 292 4723 de
320 4669 498 4738 Cusa,
534 4667 1007 4740 comprobamus;
1031 4667 1275 4739 reliquae
1299 4669 1436 4723 edit.
1460 4685 1528 4722 ac
1558 4685 1730 4740 mss.,
1756 4671 1882 4726 adi-

214 4755 536 4811 piscamur.

289 4811 402 4883 (5_ll
426 4811 578 4864 I-luic
607 4811 874 4881 epistolae
907 4810 965 4864 in
997 4810 1227 4865 cunctis
1265 4809 1402 4865 edit.
1439 4811 1877 4883 praeﬁgebatur,

219 4881 578 4936 Ambrosius
609 4883 923 4953 TlieOpliilo
952 4888 1011 4936 et
1039 4883 1302 4952 Anysio;
1337 4883 1394 4942 in
1429 4884 1596 4936 Hom.
1622 4881 1878 4952 additur,

221 4953 515 5024 episcOpis
528 4973 545 5006 .-
559 4956 615 5006 at
629 4954 838 5007 horum
852 4954 983 5008 loco
995 4954 1302 5023 poniturin
1320 4970 1464 5007 mss.
1483 4955 1777 5008 omnibus.
1798 4955 1883 5008 [)0

276 5040 453 5078 onoso
475 5026 763 5096 episcopo.
798 5024 1018 5096 Excipe
1050 5030 1244 5078 tamen
1275 5025 1508 5078 Caroli].
1537 5042 1604 5078 ac
1627 5025 1878 5094 Thuau.,

222 5097 280 5149 in
311 5095 528 5166 quibus
561 5095 946 5167 subjungitur
966 5096 1324 5150 Ambrosius
1355 5096 1688 5167 T/icOphilo.
1713 5097 1883 5161 Quae-

223 5167 666 5238 rendumigitur
679 5184 750 5221 an
775 5168 901 5222 haec
923 5168 1126 5222 eadem
1150 5167 1397 5238 epistola
1419 5183 1558 5221 vere
1584 5168 1883 5222 Ambrosii

223 5240 299 5293 sit
330 5242 386 5292 et
417 5239 487 5291 ad
519 5255 670 5309 quos
703 5239 853 5293 data.
889 5239 959 5293 Et
997 5239 1185 5309 primo
1226 5240 1460 5309 quidem
1501 5244 1716 5308 praeter
1757 5256 1882 5294 om-

222 5310 531 5364 niumedit.
550 5311 916 5381 duorumque
936 5327 1108 5380 mss.,
1125 5314 1186 5364 ut
1204 5311 1480 5379 diximus,
1500 5327 1880 5379 consensum,

223 5381 507 5435 doctrinis
539 5385 594 5436 et
623 5386 1126 5451 argumentorum,
1161 5398 1293 5452 quae
1325 5381 1419 5433 hic
1455 5388 1880 5451 proponuntur,

223 5452 483 5523 perfecta
499 5469 630 5506 cum
644 5453 985 5506 indubitatis
1000 5453 1351 5523 quibusdam
1377 5453 1677 5506 Ambrosii
1692 5454 1886 5522 scrip-

224 5523 299 5577 tis
319 5522 576 5577 afﬁnitas
590 5539 716 5578 eam
732 5529 938 5579 sancto
953 5522 1197 5578 antistiti
1211 5524 1442 5577 videtur
1454 5528 1742 5578 astruere.
1770 5525 1884 5577 Ve-

226 5598 552 5649 rumtamen
585 5611 717 5648 cum
749 5595 934 5651 multo
963 5595 1218 5666 plurium
1249 5610 1397 5648 mss.
1425 5609 1762 5666 consensus
1789 5610 1888 5662 op-

223 5670 475 5737 ponatur
521 5666 661 5720 edit.
711 5665 1064 5733 auctoritati,
1119 5679 1370 5736 cumque
1423 5665 1481 5718 in
1531 5665 1626 5718 his
1674 5665 1888 5720 litteris

225 5737 488 5792 doctoris
527 5738 718 5793 nostri
758 5739 976 5793 mentio
1019 5739 1118 5792 ﬁat
1165 5738 1225 5791 in
1264 5737 1394 5791 haec
1431 5737 1634 5808 verba,
1683 5759 1704 5784 α
1753 5752 1888 5792 cum

226 5809 621 5870 Bonosus.....
654 5808 922 5868 misisset
950 5810 1024 5868 ad
1055 5810 1297 5871 fratrem
1334 5811 1604 5869 nostrum
1630 5809 1888 5869 Ambro-

2001 4592 2330 4650 audiendus
2374 4593 2524 4647 Rob.
2554 4592 2770 4661 Cocus,
2807 4593 2905 4662 qui
2937 4592 3036 4645 lib.
3073 4608 3153 4658 in,
3199 4608 3324 4661 cap.
3361 4592 3448 4660 l4,
3501 4593 3661 4648 illam

2003 4667 2193 4722 eidem
2223 4664 2487 4735 pontiﬁci
2518 4664 2752 4735 addicit,
2775 4669 2844 4735 et
2874 4664 2949 4715 ita
2998 4663 3346 4716 afﬁrmatum
3396 4664 3455 4716 in
3486 4680 3655 4720 conc.

2004 4737 2185 4793 Basil.
2219 4734 2293 4790 ex
2324 4735 2536 4790 {Eneaa
2569 4734 2734 4789 Silvii
2767 4734 2869 4787 lib.
2894 4751 2913 4786 ι
2935 4737 3238 4787 memorat.
3271 4735 3422 4798 Quid
3446 4752 3586 4790 vero
3611 4737 3665 4790 si

2004 4811 2139 4879 quis
2172 4812 2550 4879 memoratam
2597 4804 2905 4874 epistolam
2952 4804 3221 4879 alterius;
3247 4805 3558 4879 cujusdam
3590 4823 3666 4862 ex

2005 4875 2184 4934 Italiae
2219 4877 2684 4945 metropolitanis
2710 4891 2855 4948 esse
2878 4875 3167 4948 voluerit?
3187 4875 3337 4940 Quid
3361 4877 3414 4931 si
3437 4878 3663 4948 ipsius-

2003 4954 2120 5005 met
2142 4949 2464 5021 Ambrosii,
2483 4948 2588 5021 sed
2601 4947 2920 5021 scribentis
2935 4947 3357 5021 nominealicuj
3367 4965 3436 5003 us
3452 4947 3667 5021 synodi

2003 5025 2136 5092 post
2165 5020 2500 5092 Capuanam
2526 5018 2766 5092 habitae,
2792 5018 2885 5092 cui
2909 5017 3249 5092 praefuerit?
3280 5017 3406 5092 Nos
3440 5017 3584 5076 sane
3605 5023 3666 5077 in

2000 5089 2116 5149 tam
2151 5089 2356 5146 densis
2388 5089 2650 5144 tenebris
2680 5089 2826 5142 nihil
2847 5089 3180 5162 deﬁnimus.
3205 5089 3370 5154 Quod
3393 5108 3567 5162 porro
3593 5092 3666 5147 ad

2002 5181 2133 5234 eos,
2169 5163 2386 5234 quibus
2417 5162 2704 5234 destinata
2734 5161 3057 5234 estiead‘em
3088 5161 3357 5232 epistola,
3392 5165 3663 5233 quamvis

2001 5231 2367 5306 Theophilus
2398 5235 2459 5288 in
2489 5233 2762 5306 omnibus
2786 5233 2921 5286 edit.
2941 5231 3229 5303 jungatur
3252 5231 3494 5303 Anysio,
3530 5235 3664 5306 etin

2003 5308 2235 5362 duobus
2273 5322 2422 5359 mss.
2448 5305 2615 5359 solus
2639 5307 2908 5374 ponatur,
2935 5308 3283 5358 cumtamen
3313 5306 3372 5358 in
3406 5305 3660 5372 czeteris,

2002 5396 2112 5434 nec
2142 5394 2260 5432 non
2291 5393 2322 5430 a
2355 5376 2589 5431 Cusano
2623 5380 2678 5430 et
2709 5375 2976 5430 Almaino
3009 5375 3342 5444 rctieeatur,
3376 5375 3662 5429 manifes-

2003 5455 2122 5504 tum
2146 5449 2412 5504 cstillius
2435 5462 2648 5501 nomen
2671 5463 2788 5501 non
2810 5447 2922 5500 alia
2955 5463 3018 5500 re
3057 5448 3437 5515 praemissum
3469 5461 3608 5499 esse
3631 5462 3664 5500 a

2003 5521 2284 5608 librariis,
2309 5535 2485 5608 quam
2507 5519 2641 5590 quia
2665 5519 2940 5608 superior
2959 5518 3242 5598 inscripta
3266 5520 3357 5608 est
3378 5517 3447 5570 ad
3473 5516 3663 5608 Theo-

2001 5587 2276 5662 philum.'
2308 5587 2378 5645 Et
2434 5587 2593 5646 certe
2651 5587 2784 5661 ejus
2844 5587 3304 5662 diceeesisierat
3357 5589 3660 5662 remotior,

2001 5658 2176 5736 quam
2207 5666 2269 5717 ut
2300 5663 2604 5736 commode
2637 5658 2858 5736 Bonosi
2890 5674 3132 5736 causam
3150 5659 3291 5736 ipse
3342 5658 3660 5736 decideret.

1999 5729 2118 5816 Sed
2158 5749 2352 5816 neque
2385 5733 2463 5816 ad
2503 5733 2794 5816 Anysium
2843 5729 3260 5816 solumidatam
3308 5729 3663 5816 arbitramur

1999 5807 2160 5866 illam
2189 5800 2519 5883 epistolam,
2551 5800 2772 5882 alioqui
2803 5800 3096 5881 quomodo
3129 5801 3201 5860 ad
3239 5816 3374 5862 eum
3413 5800 3486 5862 de
3528 5801 3662 5882 ipso
