3978 6168
458 354 613 429 1223

1887 352 1952 424 S.
1999 351 2492 428 AMBROSSII.

3689 369 3812 437 ιω

459 576 569 633 pro
596 561 863 631 veritate,
896 559 993 616 vel
1020 574 1129 633 pro
1159 560 1449 616 modestia
1479 564 1743 617 nostram
1776 562 2127 631 sententiam
2157 548 2194 611 ἱ
2232 562 2541 633 plurimos,
2573 561 2801 635 majore
2832 563 3029 620 studio
3050 565 3349 620 veritatem
3379 564 3506 621 tldei
3526 582 3810 641 expugnare

462 652 758 707 sciscitari
774 649 1073 706 voluistis.
1096 649 1212 705 Sed
1237 666 1370 705 cum
1385 650 1726 722 hujusmodi
1743 651 1918 707 fuerit
1931 652 2129 708 conci-

462 740 1192 813 liiCapuensisjudicium,
1218 743 1279 801 ut
1301 741 1527 795 finitimi
1552 741 1790 797 Bonoso
1804 743 1977 813 atque
1990 740 2127 812 ejus

462 829 1161 901 accusatoribusjudices
1175 830 1576 885 tribuerentur
1590 846 1605 900 ;
1619 832 1676 885 et
1688 830 1985 902 praecipue
2007 830 2127 885 Ma-

464 921 748 990 cedones,
774 920 877 992 qui
897 936 1029 975 cum
1043 920 1325 991 episcopo
1348 919 1876 974 Thessalonicensi
1899 919 1971 974 de
1993 918 2126 991 ejus

460 1011 635 1076 factis
647 1010 742 1065 vel
756 1009 996 1080 scriptis
1012 1013 1445 1081 cognoscerent
1460 1008 1956 1079 (52),advertimus
1970 1008 2129 1080 quod

463 1101 638 1157 nobis
664 1098 971 1171 judicandi
1000 1098 1189 1154 forma
1211 1101 1545 1169 competere
1576 1114 1694 1153 non
1725 1100 1952 1169 posset.
1978 1098 2129 1152 Nam

464 1191 519 1246 si
549 1189 783 1262 integra
814 1190 979 1244 esset
1023 1187 1200 1243 hodie
1249 1187 1537 1259 synodus,
1569 1191 1731 1243 recte
1769 1188 1842 1242 de
1887 1188 1962 1242 iis
1993 1203 2128 1259 qua

466 1278 911 1351 comprehendit
938 1281 1276 1332 vestrorum
1304 1277 1663 1347 scriptorum
1686 1278 1899 1348 series,
1925 1278 2130 1332 decer-

463 1383 764 1424 neremus.
780 1367 1057 1422 Vestrum
1075 1369 1168 1421 est
1185 1366 1385 1438 igitur,
1401 1365 1501 1438 qui
1515 1366 1629 1421 hoc
1645 1364 2130 1438 recepistisjudi-

460 1459 641 1528 cium,
674 1456 1025 1513 sententiam
1047 1455 1203 1511 ferre
1226 1455 1299 1511 de
1321 1455 1618 1526 omnibus,
1643 1470 1754 1511 nec
1790 1453 2132 1528 refugiendi

461 1547 558 1603 vel
578 1545 872 1615 elabendi,
890 1545 986 1601 vel
1006 1544 1481 1615 accusatoribus,
1495 1544 1590 1599 vel
1607 1548 1888 1601 accusato
1903 1544 2132 1615 copiam

462 1637 635 1707 dare;
665 1637 860 1691 vicem
889 1634 1045 1690 enim
1076 1633 1290 1707 synodi
1321 1634 1658 1706 recepistis,
1692 1633 1852 1707 quod
1880 1633 1954 1689 ad
1985 1648 2129 1689 exa-

461 1724 801 1781 minandum
832 1722 1100 1795 synodus
1132 1721 1330 1794 elegit.

533 1813 587 1868 2.
626 1835 647 1861 σι
685 1812 950 1884 Denique
981 1826 1114 1866 cum
1144 1810 1423 1866 Bonosus
1453 1810 1774 1883 episcopus
1805 1813 1941 1882 post
1961 1809 2130 1884 judi-

465 1902 622 1958 cium
643 1903 909 1992 vestrum
937 1899 1298 1992 misisset‘ad
1320 1900 1850 1992 fratremnostrum
1872 1900 2129 1992 Ambro-
2148 1928 2200 1992 Β

465 1993 643 2063 sium,
675 1990 775 2063 qui
807 1989 944 2061 ejus
975 1987 1326 2044 sententiam
1369 1988 1728 2059 consuleret,
1760 1988 2130 2045 interdictam

466 2082 585 2137 sibi
602 2079 933 2135 Ecclesiam
945 2078 1271 2149 irrumpere
1294 2080 1467 2149 atque
1490 2078 1753 2151 ingredi;
1772 2094 2131 2150 responsum

462 2175 554 2227 est
585 2171 661 2240 ei,
711 2168 871 2241 quod
914 2167 1062 2223 nihil
1106 2167 1512 2223 temerandum
1560 2168 1736 2239 foret,
1777 2169 1886 2224 sed
1934 2169 2129 2224 omnia

463 2259 751 2328 modeste,
810 2258 1098 2328 patienter
1154 2255 1359 2311 ordine
1427 2256 1540 2326 (53)
1595 2258 1877 2330 gerenda,
1937 2274 2130 2331 neque

462 2351 669 2405 contra
700 2346 1054 2402 sententiam
1083 2348 1349 2400 vestram
1386 2346 1732 2401 tentandum
1758 2347 1981 2418 aliquid
2006 2363 2018 2402 :
2072 2350 2134 2403 ut

466 2438 626 2511 quod
636 2436 938 2492 videretur
956 2434 1132 2491 vobis
1147 2434 1397 2506 justitiae
1412 2434 1751 2505 convenire,
1772 2436 2131 2508 statueretis,

470 2527 691 2600 quibus
735 2524 888 2580 hanc
934 2524 1204 2595 synodus
1243 2523 1484 2580 dederat
1528 2524 1952 2582 auctoritatem.
1995 2524 2133 2582 Ideo

373 2649 392 2662 -
462 2616 720 2689 primum
748 2617 860 2683 est,
893 2615 957 2668 ut
987 2613 1027 2666 ii
1062 2604 1255 2667 1009
1280 2611 1552 2684 judicent
1580 2612 1800 2685 quibus
1827 2612 2135 2685 judicandi

465 2704 719 2761 facultas
750 2705 842 2758 est
869 2702 1000 2757 data
1025 2716 1040 2771 ;
1086 2716 1198 2757 vos
1237 2701 1394 2756 enim
1423 2701 1624 2772 totius,
1659 2704 1721 2757 ut
1750 2702 2128 2776 scripsimus,

464 2792 677 2866 synodi
714 2791 846 2846 vice
883 2790 1204 2845 decernitis
1245 2791 1400 2862 (54);
1444 2807 1555 2846 nos
1594 2792 1764 2864 quasi
1806 2807 1882 2847 ex
1917 2793 2132 2871 synodi

464 2881 808 2937 auctoritate
831 2878 1102 2952 judicare
1134 2894 1251 2934 non
1282 2880 1576 2936 convenit.

535 2970 590 3027 3.
636 2992 659 3018 α
702 2969 856 3025 Sane
894 2983 1014 3025 non
1052 2982 1378 3041 possumus
1408 2985 1629 3042 negare
1660 2969 1732 3026 de
1760 2970 2130 3029 Mariaejiliis

459 3058 596 3134 jure
625 3057 1078 3131 reprehensum,
1111 3058 1437 3131 meritoque
1468 3062 1729 3115 vestram
1761 3059 2130 3116 sanctitatem

460 3149 873 3220 abhorruisse,
923 3147 1084 3221 quod
1131 3162 1208 3204 ex
1256 3148 1465 3204 eodem
1509 3151 1676 3205 utero
1716 3149 2014 3222 virginali,
2055 3165 2133 3205 ex

464 3256 583 3314 quo
613 3239 944 3295 secundum
984 3252 1224 3294 carnem
1269 3236 1545 3293 Christus
1594 3240 1767 3294 natus
1815 3240 1928 3311 est,
1977 3239 2130 3295 alius

2235 653 2610 708 contendent.

2303 742 2357 796 4.
2404 765 2427 789 α
2449 742 2520 797 Et
2558 742 2660 796 ubi
2701 746 2794 797 est
2835 743 2996 811 illud,
3026 744 3186 815 quod
3207 745 3481 814 scriptum
3510 748 3611 813 est,
3630 746 3817 804 dicente

2234 830 2480 886 Domino
2504 831 2577 885 ad
2597 836 2845 888 matrem
2865 833 2938 888 de
2958 833 3185 888 Joanne
3207 834 3577 907 evangelista:
3600 857 3621 883 ιι
3635 837 3815 907 Mulier,

2235 934 2374 974 ecce
2396 920 2553 1001 ﬁlius
2575 924 2713 975 tuus
2735 922 2925 992 (Joan.
2947 938 3072 992 xxx,
3095 920 3180 989 26)
3206 941 3221 988 ;
3249 945 3271 971 ιι
3306 928 3361 977 et
3380 938 3579 978 rursus
3598 923 3662 978 ad
3677 925 3816 980 Joan-

2233 1023 2369 1063 nem
2390 1009 2461 1063 de
2484 1009 2667 1063 Maria
2691 1025 2704 1065 :
2745 1032 2767 1056 σι
2793 1009 2948 1066 Ecce
2970 1016 3157 1066 mater
3175 1015 3273 1065 tua
3311 1010 3481 1081 (Ibid.
3502 1010 3622 1082 27):
3655 1036 3675 1060 ι
3710 1013 3819 1078 Quid

2237 1098 2353 1151 sibi
2374 1098 2534 1152 istud
2556 1099 2707 1167 vult,
2744 1099 2903 1169 quod
2935 1115 3067 1154 cum
3089 1100 3149 1154 in
3170 1115 3347 1155 cruce
3368 1099 3634 1155 Dominus
3651 1103 3825 1172 positus

2234 1190 2544 1257 peccatum
2598 1187 2802 1242 mundi
2847 1188 3110 1259 tolleret,
3170 1189 3560 1259 pronuntiavit
3606 1192 3750 1245 etiam
3776 1192 3824 1248 de

2233 1275 2571 1346 integritate
2610 1278 2921 1332 materna?
2960 1278 3078 1332 Aut
3117 1278 3257 1349 quid
3297 1277 3450 1332 aliud
3482 1277 3705 1349 dicitur,
3746 1281 3826 1335 nisi

2234 1368 2298 1418 ut
2342 1364 2580 1419 claudat
2617 1380 2729 1420 sua
2769 1379 2873 1420 ora
2921 1366 3204 1437 perfidia,
3257 1370 3315 1421 et
3369 1367 3738 1434 Obmutescat;
3780 1385 3827 1425 ne

2236 1456 2487 1508 matrem
2522 1453 2760 1509 Domini
2795 1455 2991 1528 aliquo
3024 1455 3236 1512 audeat
3277 1460 3558 1512 temerare
3594 1458 3835 1513 convicio?

2234 1540 2436 1597 Testis
2460 1546 2552 1597 est
2574 1557 2722 1615 ergo
2742 1543 2899 1599 idem
2920 1543 3161 1613 arbiter,
3194 1544 3352 1600 idem
3383 1545 3620 1600 materni
3646 1546 3831 1616 pudoris

2234 1633 2524 1702 assertor,
2558 1632 2716 1705 quod
2750 1633 3112 1704 desponsata
3144 1632 3323 1689 fuerit
3353 1634 3483 1689 viro
3508 1635 3831 1690 tantummodo

2237 1719 2503 1791 Joseph;
2546 1720 2707 1776 nulla
2744 1724 2938 1778 tamen
2974 1722 3316 1796 conjugalis
3361 1723 3550 1779 coitus
3582 1726 3833 1779 consuetu-

2236 1807 2374 1864 dine
2408 1809 2567 1865 thori
2601 1808 2741 1882 jura
2781 1812 3128 1884 cognoverit
3167 1811 3407 1883 (Matth.
3447 1827 3484 1881 ι,
3526 1811 3610 1881 18)
3647 1827 3659 1867 ;
3695 1826 3831 1883 neque

2234 1897 2391 1953 enim
2422 1913 2551 1953 eam
2588 1903 3003 1971 suscepturam
3036 1915 3112 1956 ex
3140 1899 3367 1973 Joseph
3400 1900 3551 1957 filios
3580 1901 3725 1956 aviri
3739 1916 3833 1956 con-

2234 1987 2421 2042 sortio
2445 2002 2727 2058 separare
2745 1989 3055 2044 voluisset.

2303 2077 2358 2131 5.
2402 2097 2427 2127 «ι
2452 2075 2569 2132 Sed
2611 2077 2664 2132 si
2705 2076 2818 2133 hoc
2855 2093 3066 2149 parum
3102 2082 3213 2149 est,
3254 2079 3478 2135 addidit
3506 2078 3835 2135 testimonium

2238 2164 2640 2238 Evangelista,
2665 2167 2873 2222 dicens
2895 2168 3051 2239 quod
3078 2188 3101 2218 ι
3129 2168 3402 2239 suscepit
3421 2184 3549 2224 eam
3576 2168 3836 2239 discipulus

2237 2254 2296 2307 in
2331 2269 2443 2310 sua
2480 2256 2595 2326 (55)
2636 2255 2828 2325 (Joan.
2864 2273 2986 2326 xxv,
3011 2257 3123 2327 2'7).
3152 2280 3175 2305 ι»
3220 2257 3526 2330 Numquid
3548 2272 3679 2330 ergo
3698 2257 3836 2311 divor-

2236 2343 2384 2398 tium
2407 2343 2547 2398 fecit
2567 2344 2596 2398 ?
2625 2343 2924 2416 Numquid
2947 2362 2980 2401 a
3000 2346 3130 2401 viro
3150 2347 3402 2402 abduxit
3423 2351 3594 2419 atque
3614 2345 3839 2401 abstulit?

2239 2431 2401 2505 Ergo
2437 2433 2538 2504 qui
2577 2431 2692 2488 hoc
2730 2433 2874 2506 legit
2905 2434 2966 2489 in
3004 2435 3335 2509 Evangelio
3358 2477 3374 2506 ,
3413 2435 3691 2510 quomodo
3717 2432 3841 2507 quasi

2237 2522 2568 2593 naufragus
2591 2522 2802 2578 titubat
2823 2527 2880 2578 et
2903 2524 3146 2581 fluctuat
3160 2527 3191 2582 7

2306 2609 2360 2665 6.
2385 2633 2408 2659 ι
2435 2610 2562 2666 Hoc
2584 2627 2731 2684 ergo
2752 2615 3171 2669 testamentum
3193 2614 3299 2670 filii
3322 2618 3417 2671 est
3446 2614 3519 2671 de
3540 2613 3723 2669 matris
3739 2611 3841 2666 inte-

2237 2701 2471 2773 gritate,
2496 2700 2627 2756 hmc
2652 2702 2850 2757 Mariae
2872 2702 3139 2774 locuples
3160 2705 3381 2776 integri
3402 2704 3641 2777 pudoris
3660 2700 3845 2758 haeredi-

2236 2794 2350 2858 tas,
2394 2789 2492 2845 hic
2531 2790 2712 2845 totius
2752 2791 2889 2847 finis
2923 2795 3479 2850 consummationis.
3504 2794 3745 2864 Denique
3767 2790 3845 2844 hoc

2236 2879 2405 2948 dixit,
2432 2881 2489 2933 et
2513 2901 2537 2928 ι
2561 2880 2760 2935 emisit
2780 2880 3054 2951 spiritum
3074 2882 3255 2953 (Ibid.
3285 2883 3403 2955 30),
3434 2907 3457 2934 ιι
3491 2892 3847 2940 consummans

2237 2983 2409 3024 omne
2430 2969 2780 3039 mysterium
2800 2970 2958 3026 bono
2980 2971 3094 3027 ﬁne
3115 2973 3377 3043 pietatis.

2306 3057 2363 3113 Ἰ.
2411 3079 2434 3105 α
2460 3056 2748 3131 Legimus
2785 3059 2961 3115 etiam
2999 3064 3057 3117 et
3094 3060 3293 3117 omnia
3330 3061 3750 3133 percurrimus,
3780 3056 3847 3113 vel

2235 3147 2309 3203 de
2345 3162 2415 3202 eo
2455 3148 2615 3219 quod
2651 3146 2818 3203 fratri
2858 3153 3064 3205 nostro
3106 3154 3164 3206 et
3204 3152 3568 3222 coepiscopo
3614 3151 3779 3205 Basso
3808 3148 3848 3200 in

2237 3237 2606 3293 consortium
2641 3237 2924 3310 regendae
2964 3237 3253 3295 Ecclesiae
3296 3241 3475 3296 datus
3510 3244 3601 3297 est
3635 3236 3849 3303 Senecio,

512 3290 578 3297 _-
613 3290 943 3295 --ΠΜ-η
991 3290 1223 3294 ήηηῄ
1282 3290 1539 3293 -,,----_-
1594 3290 1763 3294 ﬂ-“
1821 3290 1927 3311 ---,
1980 3290 2126 3295 ﬂ---
2284 3290 2299 3293 -
2644 3290 2916 3310 ηυήρη--
2964 3290 3247 3295 _-__--_--
3302 3290 3472 3296 η---
3516 3290 3599 3297 ---
3636 3290 3785 3296 νη
3841 3290 3848 3303 ,

462 3290 670 3404 partus
699 3327 929 3385 effusus
959 3327 1057 3384 sit.
1089 3327 1298 3400 Neque
1328 3327 1485 3383 enim
1524 3327 1812 3400 elegisset
1842 3327 2129 3386 Dominus
2156 3290 2211 3361 Ο
2235 3326 2329 3383 vel
2354 3326 2426 3382 de
2449 3327 2708 3398 caeteris,
2746 3327 2901 3383 unde
2933 3333 3152 3385 vestrae
3190 3344 3465 3387 normam
3500 3332 3853 3402 exspectamus

463 3420 646 3478 Jesus
686 3418 854 3475 nasci
894 3433 1001 3489 per
1036 3417 1352 3490 virginem,
1394 3416 1450 3471 si
1487 3432 1616 3472 eam
1648 3416 1985 3488 judicasset
2012 3421 2129 3474 tam

462 3509 926 3567 incontinentem
983 3492 1145 3579 fore,
1206 3509 1269 3562 ut
1324 3505 1468 3562 illud
1526 3506 1781 3579 genitale
1838 3506 2131 3563 Dominici

461 3598 764 3672 corporis,
814 3597 975 3653 illam
1020 3596 1216 3652 aulam
1272 3596 1438 3669 regis
1488 3596 1724 3668 aeterni,
1775 3596 2129 3653 concubitus

460 3688 704 3746 humani
742 3687 993 3744 seminis
1042 3685 1471 3760 coinquinaret.
1510 3684 1621 3752 Qui
1667 3685 1826 3741 enim
1873 3685 1986 3742 hoc
2033 3703 2130 3743 as-

455 3778 616 3849 truit,
676 3777 823 3833 nihil
880 3775 1040 3832 aliud
1096 3775 1215 3830 nisi
1271 3775 1578 3847 perﬁdiam
1634 3774 1978 3831 Judmorum
2032 3793 2129 3832 as-

457 3868 637 3937 truit,
706 3865 809 3938 qui
865 3865 1069 3921 dicunt
1121 3880 1258 3921 eum
1316 3880 1436 3920 non
1499 3865 1769 3935 potuisse
1827 3865 1996 3921 nasci
2053 3881 2129 3921 ex

460 3954 727 4027 Virgine.
782 3953 913 4009 Jam
969 3954 1021 4009 si
1069 3953 1223 4009 hanc
1278 3953 1570 4024 accipiant
1625 3969 1658 4008 a
1714 3954 2128 4011 sacerdotibus

459 4043 902 4114 auctoritatem,
963 4044 1027 4097 ut
1079 4042 1350 4097 videatur
1404 4042 1588 4097 Maria
1634 4046 1839 4115 partus
1896 4042 2128 4101 fudisse

456 4293 842 4374 scriberetur,
881 4314 903 4341 ει
936 4292 1036 4374 qui
1077 4307 1213 4374 cum
1253 4291 2122 4374 episcoquhessalonicepsi,

456 4369 571 4423 etc.
593 4368 622 4423 ?
673 4389 694 4413 ιι
732 4365 865 4421 Νοη
894 4363 1044 4420 male
1075 4363 1257 4436 igitur
1284 4363 1735 4436 inscriptionem
1765 4366 1959 4421 eidem
1987 4363 2127 4423 fecit

457 4440 671 4494 citatus
695 4436 1073 4509 Holstenius;
1102 4434 1125 4486 ἆ
1151 4435 1571 4509 Dilectissimis
1593 4434 1876 4509 fratribus
1898 4440 2124 4509 Anysio

453 4513 512 4565 et
544 4511 778 4565 caeteris
812 4507 1114 4579 episcopis
1144 4522 1251 4578 per
1282 4506 1536 4578 Illyriam
1557 4508 1917 4579 constitutis,
1956 4532 1978 4557 ι
2000 4506 2126 4566 'Cu-

456 4597 643 4636 sanus
659 4595 802 4635 vero
824 4583 880 4635 et
894 4578 1203 4633 Almainus
1220 4582 1499 4633 asserunt
1516 4578 1970 4648 responsionem
1983 4596 2125 4638 esse

456 4652 529 4705 ad
546 4668 751 4707 eorum
773 4651 1015 4721 scripta,
1032 4651 1250 4721 quibus
1270 4650 1491 4705 Bonosi
1500 4649 1789 4721 judicium
1802 4667 1835 4704 a
1848 4652 2122 4721 Capuano

458 4724 709 4793 concilio
731 4722 921 4777 fuerat
938 4722 1370 4793 demandatum.
1397 4721 1705 4793 Postremo
1728 4721 1857 4777 haec
1874 4724 2125 4793 epistola

455 4792 516 4846 in
538 4794 676 4848 edit.
703 4794 977 4849 omnibus
992 4794 1068 4847 ita
1086 4792 1290 4863 incipit
1314 4807 1327 4847 :
1351 4814 1374 4841 α
1400 4792 1621 4863 Accepi
1642 4792 1866 4848 litteras
1889 4792 2124 4851 vestras

459 4863 532 4917 de
563 4864 802 4918 Bonoso
832 4865 1114 4934 episcOpo
1139 4879 1154 4933 ;
1183 4887 1204 4912 η
1232 4867 1434 4919 contra
1463 4880 1605 4919 vero
1635 4866 1695 4919 in
1720 4867 1948 4920 cunctis
1973 4882 2123 4923 mss.

459 4933 573 5007 hoc
604 4934 763 4989 illius
793 4933 1021 5007 initium
1044 4933 1143 4990 est
1166 4951 1179 4991 :
1220 4956 1242 4986 ι
1267 4936 1349 4990 De
1373 4937 1610 4991 Bonoso
1634 4936 1960 5007 direxistis,
1991 4961 2012 4986 η
2039 4938 2126 4992 ni-

459 5005 986 5130 mirumlepistolas
1011 5021 1026 5077 ;
1056 5007 1258 5077 plures
1280 5010 1475 5062 tamen
1507 5008 1713 5080 legunt
1733 5005 1982 5079 direxit,
2018 5010 2126 5065 sed

459 5092 512 5130 lS
541 5093 557 5129 ι
588 5091 681 5130 ma
709 5091 760 5130 e.

459 5075 557 5130 isti
588 5076 760 5131 male.

533 5148 647 5219 (52)
674 5147 893 5202 Omnes
926 5148 1064 5204 edit.
1099 5164 1169 5205 ac
1198 5165 1370 5221 mss.,
1409 5173 1431 5199 α
1468 5149 1564 5205 vel
1596 5155 2029 5225 cognoscerent
2055 5166 2069 5223 ;
2098 5175 2120 5200 υ

458 5226 556 5282 alii
604 5243 747 5283 vero
795 5227 1063 5307 nonnulli
1113 5236 1477 5307 expungunt_
1504 5228 1748 5307 rb_ve1;
1805 5235 1863 5287 at
1914 5233 2120 5307 _L_ong.

456 5314 667 5355 vocem
694 5299 946 5371 scriptis
975 5300 1143 5355 solus
1172 5299 1405 5358 retinet.
1438 5303 1605 5368 Quod
1637 5309 1831 5359 autem
1862 5305 1935 5358 ad
1966 5299 2123 5360 hunc

458 5370 763 5425 Bonosum
795 5374 1039 5425 snectat.
1072 5373 1143 5425 de
1173 5374 1274 5425 illo
1316 5375 1450 5425 fuse
1496 5391 1529 5425 a
1576 5375 1750 5425 nobis
1783 5376 2002 5425 dictum
2032 5379 2123 5425 est

459 5373 763 5427 Bonosum
795 5374 1039 5443 spectat,
1072 5373 1143 5427 de
1173 5374 1274 5428 illo
1316 5375 1450 5430 fuse
1496 5391 1529 5428 a
1576 5375 1750 5431 nobis
1783 5376 2002 5431 dictum
2032 5379 2125 5432 est

459 5443 531 5497 ad
562 5442 785 5527 libgrDe
806 5444 1001 5526 instit.
1036 5446 1187 5527 virg.
1222 5461 1349 5527 cap.
1382 5446 1437 5527 5ζ
1468 5461 1629 5527 num.
1661 5446 1751 5527 35,
1771 5450 1839 5527 _et
1871 5462 1997 5527 cap.

461 5514 733 5587 num.65,
759 5514 957 5587 cujus.
978 5516 1063 5587 rei
1093 5514 1401 5587 monuisse
1424 5517 1703 5571 lectorem
1725 5514 1820 5571 hic
1843 5514 2121 5575 sufficiat.

529 5585 644 5669 (53‘)
668 5586 801 5641 Non
822 5585 1178 5669 pauci‘mssﬂ
1209 5608 1237 5669 αλ
1257 5586 1811 5669 ῐηῇρειοηρειιὶιξηιξ
1833 5589 2044 5669 ordine
2053 5606 2118 5669 ς.»

457 5655 556 5711 alii
587 5655 769 5729 atque
783 5655 1010 5729 ed_it.iut
1030 5657 1091 5711 in
1121 5655 1303 5713 textu.
1338 5656 1448 5729 Hic
1476 5655 1670 5729 autem
1699 5658 1848 5714 forte
1877 5655 2124 5717 inirabi-

457 5729 576 5805 tur_
594 5726 811 5805 aliquis
837 5726 1129 5805 judicium
1181 5728 1678 5805 Bonosi‘eisdem
1714 5730 2045 5805 judicibus,
2090 5750 2125 5789 a

455 5796 676 5881 quibus
692 5796 860 5878 'jam'
889 5799 1201 5859 damnatus
1247 5801 1455 5878 fuerat,
1507 5817 1541 5858 a
1580 5796 1855 5879 Capuana
1893 5796 2123 5885 synodo
2202 5822 2205 5827 '

2236 3416 2565 3473 sententia).
2593 3439 2617 3466 ι

2602 3523 2795 3588 1010
2831 3523 3199 3582 EPISTOLA
3232 3526 3392 3583 LVII
3422 3528 3558 3600 (56).

2239 3620 2505 3700 Eucsmo
2527 3638 2774 3700 cuneum
2785 3621 3116 3700 Mediolani
3127 3641 3241 3700 non
3257 3633 3544 3700 exspecta
3552 3626 3699 3700 verit
3714 3619 3852 3700 arpli-

2309 3699 2431 3767 cat:
2457 3693 2685 3767 deinde
2697 3694 2777 3749 iis
2794 3711 2919 3767 quae
2934 3695 3044 3767 sub
3060 3693 3482 3755 Valentiniano
3502 3705 3560 3755 et
3590 3693 3855 3753 Theodosia

2309 3765 2626 3838 relationis
2647 3763 2990 3838 Symmachi
3009 3769 3319 3825 occasione
3340 3770 3503 3826 facta
3526 3771 3762 3836 fuerant,
3779 3780 3853 3838 re-

2308 3836 2575 3914 censitis,
2608 3836 2874 3914 eumdem
2908 3843 3224 3914 tyrannum
3248 3842 3409 3914 quod
3438 3847 3700 3914 sumptus
3716 3836 3855 3894 idolo-

2306 3925 2438 3987 rum
2473 3907 2711 3987 templis
2742 3907 3144 3987 concedendo,
3182 3907 3292 3967 ne'c
3321 3913 3444 3968 Dei
3475 3907 3751 3987 timorem,
3779 3921 3856 3987 nec

2309 3979 2557 4057 aiiorum
2571 3979 2645 4035 de
2656 3994 2728 4057 se
2737 3979 3240 4057 existimationem
3252 3990 3398 4057 ante
3411 3985 3611 4041 oculos
3630 3979 3859 4057 habuerit

2306 4050 2505 4108 libere
2526 4050 2729 4125 arguit
2748 4070 2769 4118 ;
2810 4053 3188 4126 oppositoque
3208 4054 3410 4127 ipsius
3422 4050 3858 4130 praevaricationi

2237 4302 2557 4377 remissum
2595 4315 2755 4377 esse.
2782 4300 3001 4358 Verum
3040 4303 3326 4360 credibile
3358 4308 3456 4362 est
3488 4307 3734 4377 priorem
3759 4316 3856 4377 seu;

2236 4375 2477 4447 tentiam
2500 4389 2617 4447 non
2644 4372 2856 4447 fuisse,
2881 4379 2944 4447 ut
2963 4380 3195 4447 vocant,
3220 4371 3609 4433 deﬁnitivam.
3637 4376 3703 4432 Et
3719 4371 3861 4447 potuit

2235 4445 2410 4501 etiam
2437 4444 2655 4520 ﬁeriut
2674 4445 2883 4520 primis
2899 4444 3207 4520 judicibus
3229 4448 3384 4520 alios
3405 4450 3674 4520 synodus
3694 4444 3862 4520 adjun-

2236 4521 2423 4588 geret.
2452 4516 2585 4589 Sed
2625 4531 2760 4589 cum
2801 4516 3074 4589 ejuSdem
3115 4519 3327 4589 synodi
3378 4516 3510 4575 acta
3550 4516 3858 4589 exciderint,

2234 4586 2381 4660 nihil
2403 4588 2522 4641 nisi
2548 4586 2892 4643 haesitanter
2913 4586 3170 4659 proponi
3189 4595 3411 4660 potest.
3437 4592 3703 4646 Attamen
3723 4586 3863 4660 multa

2150 4661 2210 4728 ι)
2237 4659 2736 4731 Ιιευηοὶιιείιοωο
2776 4660 2837 4728 1,
2889 4657 3141 4731 epistola
3185 4657 3256 4715 ad
3307 4662 3777 4729 Samboeuvium,
3811 4657 3864 4709 de

2233 4731 2343 4807 illo
2376 4730 2625 4785 concilio
2666 4730 2944 4802 disputat,
2988 4732 3227 4787 minime
3268 4733 3518 4806 indigna
3538 4750 3668 4807 quae
3688 4743 3861 4787 consu-

2230 4801 2585 4943 Ιωξὲὶῖλῐεε.
2611 4873 2895 4943 nonnulli,
2924 4896 2946 4922 ι
2971 4874 3183 4945 synodi
3204 4875 3336 4931 vice
3357 4876 3715 4931 discernitis.
3742 4895 3761 4922 ι

2303 4945 2437 5017 (55)
2473 4944 2694 5017 Dymnes
2735 4945 2871 4999 edit.
2914 4961 2985 5000 ac
3016 4944 3198 5016 pauci
3237 4963 3414 5017 mss.,
3458 4968 3482 4998 ι
3527 4948 3585 5001 in
3622 4959 3807 5011 suam,
3843 4963 3859 4987 ι

2233 5015 2924 5089 su_bintelligi_ma_trem:
2977 5015 3042 5071 at
3085 5017 3184 5072 alii
3240 5015 3449 5089 plures
3501 5020 3863 5089 potioresque,

2236 5106 2260 5137 α
2288 5087 2349 5140 in
2372 5102 2501 5156 sua,
2531 5083 2567 5135 »⁷
2581 5086 2671 5141 Ex
2710 5087 2918 5142 Graeco
2950 5089 3179 5144 scilicet
3199 5083 3267 5159 είξ
3306 5099 3375 5150 τά
3420 5083 3568 5168 {an};
3608 5083 3863 5161 quomodo

2232 5181 2349 5242 non
2389 5167 2573 5242 semel
2615 5167 2687 5222 ab
2728 5167 3044 5242 Ambrosio
3085 5168 3251 5242 citari
3281 5169 3411 5241 jam
3449 5166 3581 5224 ante
3618 5166 3861 5242 vidimus.

2233 5237 2366 5291 Non
2402 5238 2713 5314 ingratum
2739 5244 2931 5314 autem
2968 5239 3145 5314 fuerit
3171 5235 3519 5314 argumenta
3553 5235 3861 5314 quibus

2232 5313 2515 5383 perpetua
2572 5310 2771 5383 Maria)
2828 5311 3140 5383 integritas
3200 5310 3531 5367 vindicatur
3552 5310 3588 5381 ,'
3630 5310 3859 5383 cum_iis

2232 5378 2451 5453 quibus
2491 5381 2755 5456 eamdem
2798 5378 2991 5456 citatis
3029 5384 3178 5456 locis
3220 5384 3351 5438 libri
3382 5384 3474 5438 De
3504 5378 3690 5438 instit.
3726 5378 3856 5456 Virg.

2231 5457 2565 5530 propugnat
2618 5453 3012 5530 Ambrosius,
3077 5454 3285 5530 sedulo
3344 5467 3737 5530 componere;
3781 5453 3858 5530 Istc

2232 5522 2387 5597 enim
2430 5522 2605 5597 facile
2637 5522 3128 5581 advertetur’nen
3166 5522 3857 5597 tantopere—hallucinntos

2232 5594 2387 5720 alios,
2414 5595 2515 5720 quti
2538 5600 2844 5667 utramque
2866 5597 3249 5668 scriptionem
3274 5589 3463 5652 eidem
3484 5593 3699 5651 auctori
3721 5589 3860 5659 adju-

2274 5680 2476 5720 icarun
2508 5707 2522 5720 .

2274 5664 2522 5722 icarunt.

2304 5736 2417 5808 (56)
2446 5736 2675 5814 Scripta
2708 5739 2821 5797 sub
2852 5739 3028 5798 finem
3059 5739 3195 5797 anni
3225 5738 3346 5812 892,
3380 5737 3475 5796 vel
3506 5736 3716 5794 initium
3744 5726 3850 5789 398.
