4070 6180
241 402 405 467 1225

1513 403 1811 473 EPISTO
1821 409 2127 474 LARUM
2158 408 2498 472 CLASSIS
2530 409 2576 470 I.

3541 418 3699 483 1226

320 597 717 698 Hfbrworum
740 605 1024 688 exemplo,
1052 607 1203 698 hanc
1225 608 1318 698 ait‘
1339 607 1787 698 fuisse-causan:
1817 626 1928 663 cur
1952 588 2009 652 Α
2043 625 2263 678 comes,
2296 613 2353 664 et
2383 596 2764 683 Ru'moridus,
2799 615 2854 668 et
2899 615 3029 685 ipse
3078 616 3348 689 ejusdem
3396 623 3700 698 dignitatis

325 673 402 750 ad
425 689 556 730 eum
582 691 694 730 non
716 673 1149 750 rescripserit;
1190 694 1257 732 se
1297 684 1490 734 tamen
1527 682 1589 733 in
1622 687 1924 750 posterum

323 744 617 821 libertate
642 763 808 818 quam
831 744 987 818 apud
1025 749 1176 804 alios
1206 751 1515 821 principes
1554 744 1922 821 adhibuerit,

328 832 457 869 cum
483 817 686 872 eodem
709 817 978 873 usurum.

246 902 724 988 Clementislsimo
783 907 1120 978 imperatori
1189 909 1454 966 Eucsmo
1484 953 1498 981 ,
1578 913 1924 965 Auenosws

924 997 1265 1068 episcopus.

332 1080 382 1138 1.
420 1081 800 1139 Secessionis
821 1085 964 1138 mihi
987 1101 1166 1141 causa
1196 1087 1370 1143 timor
1387 1088 1619 1143 Domini
1653 1087 1761 1143 fuit
1791 1087 1925 1159 (5'7),

257 1170 331 1225 ad
362 1187 537 1242 quem
572 1188 780 1226 omnes
814 1175 980 1227 actus
1013 1190 1199 1246 meos,
1248 1179 1530 1246 quantum
1576 1193 1748 1248 queo,
1783 1177 1929 1230 diri-

258 1275 424 1331 gere,
460 1276 653 1331 neque
685 1277 945 1332 unquam
978 1262 1050 1317 ab
1073 1278 1142 1318 eo
1174 1268 1430 1319 mentem
1461 1266 1795 1333 deﬂectere,
1821 1281 1931 1319 nec

257 1348 448 1418 pluris
489 1348 688 1404 facere
729 1350 1002 1421 cujusvis
1033 1350 1314 1423 hominis,
1348 1370 1524 1424 quam
1557 1354 1777 1408 Christi
1806 1370 1934 1426 gra-

263 1435 402 1490 tiam
447 1439 755 1493 consuevi.
807 1439 1045 1493 Nemini
1099 1441 1255 1494 enim
1304 1442 1458 1505 facio
1513 1441 1830 1513 injuriam,
1881 1444 1935 1497 si

262 1525 540 1580 omnibus
571 1527 758 1582 Deum
778 1527 1034 1598 praefero
1060 1544 1074 1598 ;
1107 1531 1164 1582 et
1195 1529 1505 1586 confidens
1537 1531 1598 1584 in
1628 1530 1782 1601 ipso,
1817 1546 1936 1586 non

261 1629 475 1669 vereor
514 1615 689 1670 vobis
721 1616 1176 1686 imperatoribus
1218 1618 1438 1688 dicere,
1491 1635 1624 1690 quae
1657 1635 1762 1690 pro
1801 1634 1934 1694 meo

265 1705 436 1772 captu
467 1705 682 1758 sentio.
718 1704 917 1776 Itaque
952 1705 1108 1777 quod
1152 1707 1307 1777 apud
1349 1708 1500 1762 alios
1547 1708 1935 1778 imperatores

266 1807 384 1845 non
413 1792 591 1862 tacui,
627 1808 738 1848 nec
775 1793 929 1864 apud
958 1797 1035 1864 te,
1082 1795 1546 1851 clementissime
1597 1797 1933 1867 imperator,

2042 699 2349 769 gentilium
2381 701 2678 754 nationum
2712 702 2890 757 cultui
2921 705 3258 764 inserviens
3280 727 3312 764 a
3336 714 3544 782 primis
3561 734 3703 788 pue-

2043 787 2193 841 ritiae
2227 804 2352 842 suae
2383 788 2574 842 annis.
2609 789 3054 848 Valentinianus
3096 799 3235 852 tunc
3278 787 3704 873 temporisrau-

2044 876 2189 930 divit
2217 877 2669 948 suggestionem
2691 896 2899 951 meam,
2921 898 3029 937 nec
3052 883 3187 939 fecit
3207 887 3386 960 aliud,
3412 894 3530 948 nisi
3549 897 3707 966 quod

2045 964 2182 1019 ﬁdei
2230 969 2450 1030 nostra:
2494 967 2642 1022 ratio
2690 969 2993 1038 poscebat.
3052 973 3493 1046 Acquieverunt
3533 964 3707 1039 etiam

2046 1055 2244 1109 comiti
2275 1070 2406 1110 suo.

2130 1163 2316 1224 1011
2372 1161 2426 1216 4.
2475 1163 2688 1217 Postea
2739 1164 2913 1220 etiam
2954 1168 3416 1231 clementissimo
3461 1177 3712 1250 impera-

2045 1251 2160 1304 tori
2190 1251 2527 1306 Theodosio
2560 1268 2757 1307 coram
2778 1254 3041 1311 intimavi
3071 1259 3204 1330 (62),
3228 1265 3403 1335 atque
3433 1267 3494 1320 in
3524 1283 3593 1322 os
3623 1268 3708 1323 di-

2049 1354 2184 1394 cere
2215 1356 2333 1394 non
2363 1341 2643 1411 dubitavi,
2679 1343 2773 1398 cui
2819 1344 3080 1402 intimate
3129 1355 3372 1408 senatus
3415 1353 3710 1428 legatione

2050 1428 2416 1500 hujusmodi,
2447 1429 2586 1486 licet
2615 1447 2732 1487 non
2771 1436 2928 1490 totus
2959 1442 3204 1494 senatus
3233 1445 3596 1515 p0poscerit,
3619 1445 3709 1500 in-
3789 1455 3797 1466 '

2051 1517 2370 1573 sinuationi
2427 1535 2573 1574 meae
2618 1522 2851 1578 tandem
2900 1528 3315 1586 assensionem
3364 1533 3597 1601 detulit,
3660 1538 3718 1589 et

2053 1607 2139 1660 sic
2169 1607 2466 1678 aliquibus
2507 1610 2578 1663 ad
2618 1610 2815 1681 ipsum
2844 1629 2965 1669 non
3015 1619 3251 1673 accessi
3294 1620 3530 1692 diebus,
3602 1638 3712 1679 nec

2053 1695 2300 1750 moleste
2331 1695 2494 1766 tulit;
2544 1698 2680 1768 quia
2713 1715 2830 1755 non
2858 1718 2966 1772 pro
3002 1706 3152 1760 meis
3183 1711 3510 1764 commodis
3542 1711 3722 1766 facie--

2051 1783 2209 1854 bam,
2245 1784 2350 1838 sed
2385 1785 2544 1855 quod
2577 1790 2633 1840 et
2665 1786 2803 1858 ipsi,
2835 1793 2892 1844 et
2919 1791 3131 1848 animae
3162 1810 3310 1850 mea:
3340 1798 3636 1868 proderat,
3659 1800 3720 1855 in

264 1881 495 1935 tacebo.
576 1882 768 1952 Atque
838 1884 902 1937 ut
973 1882 1240 1938 ordinem
1298 1900 1498 1940 rerum
1557 1885 1886 1940 custodiam
1921 1927 1935 1956 ,
1970 1916 2021 1978 Β
2056 1876 2380 1978 (ξξξιερθοίιι
2398 1875 2565 1946 regis
2586 1874 3497 1955 loquinonconfundebaNPSW-
3518 1903 3720 1957 CXVI":

267 1968 518 2024 strictim
557 1970 888 2026 recensebo
946 1987 1079 2043 quae
1136 1973 1210 2028 ad
1257 1973 1372 2030 hoc
1425 1977 1695 2045 spectant
1750 1989 1939 2047 nego-

266 2056 431 2112 tium.

333 2146 385 2199 2.
440 2146 742 2202 Retulerat
785 2149 878 2203 vir
925 2149 1336 2220 amplissimus
1370 2150 1770 2222 Symmachus
1803 2151 1936 2222 (58),

270 2250 403 2289 cum
431 2239 596 2290 esset
623 2236 948 2307 praefectus
980 2238 1182 2310 Urbis,
1217 2240 1292 2293 ad
1322 2239 1798 2294 Valentinianum
1831 2256 1939 2295 au-

272 2327 465 2396 gustae
486 2326 789 2381 memoriae
812 2326 1225 2398 imperatorem
1242 2327 1563 2400 juniorem,
1588 2332 1652 2383 ut
1682 2329 1937 2399 templis,

274 2429 406 2483 qua;
437 2413 668 2468 sublata
688 2413 940 2487 fuerant,
961 2415 1402 2488 reddijuberet.
1429 2417 1694 2472 Functus
1727 2421 1819 2472 est
1841 2417 1938 2472 ille

272 2502 540 2571 partibus
573 2503 701 2557 suis
732 2520 839 2574 pro
871 2505 1066 2560 studio
1098 2508 1155 2559 et
1176 2506 1335 2560 cultu
1357 2521 1488 2561 suo.
1522 2507 1737 2578 Utique
1768 2507 1942 2561 etiam

275 2606 387 2663 ego
421 2593 760 2664 [episcOpus
803 2595 1003 2662 partes
1049 2610 1213 2648 meas
1257 2595 1434 2650 debui
1475 2611 1934 2667 recognoscere.

276 2680 422 2734 Dedi
468 2681 706 2736 libellos
741 2682 1196 2752 imperatoribus
1241 2683 1392 2738 duos
1438 2683 1572 2754 (59),
1607 2685 1824 2755 quibus
1856 2685 1943 2739 si-

278 2769 622 2841 gnificarem
656 2775 928 2841 sumptus
961 2772 1392 2827 sacrificiorum
1421 2771 1821 2828 Christianum
1851 2775 1946 2828 vi-

273 2875 408 2913 rum
438 2875 556 2914 non
587 2875 769 2930 posse
801 2861 1050 2915 reddere
1085 2876 1097 2916 :
1124 2865 1181 2916 et
1210 2877 1327 2916 non
1359 2861 1550 2917 fuisse
1582 2863 1818 2934 quidem
1849 2878 1947 2917 me

275 2950 594 3018 auctorem,
630 2965 762 3003 cum
794 2950 1174 3022 tollerentur;
1225 2954 1525 3006 auctorem
1557 2955 1752 3006 tamen
1783 2951 1913 3006 ﬁeri
1935 2994 1950 3022 ,

280 3037 598 3108 quominus
647 3037 1110 3093 decernerentur
1161 3039 1276 3110 (60)
1313 3055 1326 3095 :
1361 3041 1574 3094 deinde
1624 3041 1761 3112 quia
1811 3041 1951 3095 dare

285 3141 388 3180 eos
421 3125 551 3196 ipse
583 3126 921 3182 simulacris
963 3127 1283 3198 videretur,
1335 3145 1454 3183 non
1485 3130 1754 3184 reddere.
1787 3128 1955 3193 Quod

2055 1962 2166 2017 46).

2127 1965 2180 2106 is.
2223 2052 2440 2106 Iterum
2487 2053 2893 2112 Valentiniano
2942 2056 3056 2128 (63)
3103 2065 3375 2132 augustae
3424 2065 3726 2120 memoriae

2058 2140 2333 2211 principi,
2366 2141 2582 2212 legatio
2614 2157 2648 2196 a
2680 2146 2891 2199 senatu
2920 2145 3106 2201 missa
3136 2148 3287 2204 intra
3316 2150 3558 2223 Gallias,
3578 2153 3727 2207 nihil
3803 2147 3806 2150 ’

2061 2232 2417 2300 extorquere
2466 2232 2699 2300 potuit:
2735 2235 2792 2286 et
2839 2237 2998 2289 certe
3047 2236 3305 2309 aberam,
3357 2255 3468 2296 nec
3506 2241 3730 2314 aliquid

2060 2321 2202 2372 tunc
2230 2318 2301 2372 ad
2335 2333 2468 2372 eum
2501 2319 2881 2390 scripseram.

2132 2405 2186 2462 6.
2217 2406 2336 2461 Sed
2367 2407 2469 2462 ubi
2500 2408 2808 2464 clementia
2837 2414 2934 2466 tua
2965 2412 3197 2486 imperii
3217 2417 3484 2490 suscepit
3512 2419 3732 2492 guber-

2062 2496 2292 2567 nacula,
2319 2501 2682 2568 compertum
2705 2503 2798 2554 est
2819 2505 3024 2570 postea
3053 2505 3266 2560 donata
3295 2507 3396 2562 illa
3417 2524 3557 2564 esse
3586 2526 3734 2580 prte-

2066 2586 2418 2641 cellentibus
2461 2588 2520 2641 in
2565 2589 2870 2658 republica
2918 2591 3051 2663 (64),
3103 2596 3211 2650 sed
3241 2598 3482 2669 gentilis
3517 2599 3732 2655 obser-

2067 2676 2282 2730 vantiae
2295 2676 2442 2730 viris
2467 2692 2478 2730 :
2505 2680 2561 2731 et
2578 2677 2834 2735 fortasse
2849 2681 3096 2751 dicatur,
3117 2684 3436 2755 imperator
3455 2693 3731 2761 auguste,

2067 2766 2170 2836 qui
2198 2765 2326 2835 ipse
2357 2781 2476 2820 non
2507 2767 2743 2838 templis
2783 2770 3136 2842 reddideris,
3171 2775 3278 2829 sed
3325 2775 3480 2832 bene
3508 2779 3736 2833 meritis

2072 2855 2143 2909 de
2174 2857 2229 2910 te
2261 2854 2599 2910 donaveris.
2633 2856 2851 2912 Verum
2880 2861 3035 2914 nosti
3054 2878 3160 2931 pro
3182 2863 3284 2919 Dei
3315 2866 3524 2921 timore
3555 2883 3734 2940 agen-

2072 2944 2211 2998 dum
2243 2959 2382 2998 esse
2414 2948 2772 3014 constanter,
2806 2949 2963 3018 quod
2986 2951 3162 3005 etiam
3192 2968 3300 3022 pro
3317 2953 3586 3010 libertate
3617 2956 3741 3011 fre-

2072 3035 2322 3103 quenter
2337 3033 2399 3086 tit
2413 3049 2529 3088 non
2544 3034 2738 3088 solum
2751 3051 2784 3089 a
2799 3038 3232 3111 sacerdotibus,
3250 3042 3356 3096 sed
3371 3043 3543 3098 etiam
3557 3044 3630 3098 ab
3645 3045 3741 3099 his

2072 3123 2172 3192 qui
2185 3121 2359 3176 vobis
2381 3121 2649 3193 militant,
2665 3127 2763 3178 aut
2776 3124 2835 3179 in
2852 3141 3098 3182 numero
3113 3128 3405 3185 habentur
3415 3133 3744 3200 provincia-

283 3215 439 3268 enim
469 3216 600 3285 ipse
632 3231 750 3269 non
774 3215 1118 3286 abstulerat,
1140 3233 1258 3272 non
1282 3218 1450 3288 quasi
1483 3218 1614 3288 ipse
1632 3218 1911 3272 reddebat
1938 3234 1949 3273 :

2086 3211 2231 3264 ium.
2245 3211 2326 3264 Te
2340 3210 2681 3281 imperante,
2698 3214 2989 3282 petierunt
3001 3215 3200 3287 legati,
3217 3221 3280 3272 ut
3291 3220 3524 3289 templis
3540 3221 3742 3276 redde-

285 3303 392 3357 sed
437 3303 722 3358 arbitratu
742 3305 980 3375 proprio
998 3291 1361 3377 largiebatur
1389 3306 1462 3360 ad
1503 3307 1951 3377 superstitionis

282 3391 608 3460 impensas.
644 3394 953 3448 Postremo
985 3393 1041 3448 si
1069 3393 1337 3464 fecisset,
1370 3398 1470 3450 aut
1489 3412 1609 3451 non
1628 3397 1856 3451 veniret
1882 3395 1953 3449 ad

285 3478 637 3549 Ecclesiam,
672 3484 770 3536 aut
799 3482 853 3536 si
883 3482 1132 3553 veniret,
1164 3482 1427 3538 futurum
1457 3487 1520 3538 ut
1550 3487 1648 3539 aut
1678 3484 1956 3539 sacerdo-

285 3571 402 3623 tem
432 3585 550 3625 non
598 3570 910 3642 inveniret,
961 3574 1061 3626 aut
1107 3572 1401 3628 inveniret
1447 3573 1565 3628 sibi
1595 3575 1656 3628 in
1686 3573 1956 3628 Ecclesia

288 3658 687 3714 resistentem.
717 3660 842 3714 Nec
873 3661 945 3714 ad
975 3662 1422 3718 excusationem
1466 3663 1704 3718 obtendi
1749 3678 1954 3734 posse,

288 3747 444 3818 quod
478 3750 642 3802 esset
672 3749 1176 3820 catechumenus;
1219 3767 1352 3805 cum
1403 3766 1522 3806 non
1569 3751 1744 3806 liceat
1780 3752 1956 3806 etiam

292 3836 734 3892 catechumenis
766 3842 1039 3908 sumptus
1060 3839 1237 3894 idolis
1270 3840 1744 3895 subministrare.

366 3924 419 3980 3.
453 3925 617 3980 Lecti
651 3929 790 3981 sunt
828 3926 1014 3981 libelli
1061 3927 1177 3982 mei
1223 3929 1284 3982 in
1328 3929 1731 4000 consistorio,
1763 3931 1964 3984 aderat

289 4014 702 4086 amplissimus
717 4016 942 4071 honore
963 4016 1292 4088 magisterii
1316 4017 1586 4072 militaris
1628 4019 1814 4073 Bauto
1845 4019 1958 4089 (61)

290 4157 406 4226 (57)
438 4157 818 4230 Ambrosius,
842 4158 1042 4230 audito
1065 4157 1319 4230 Eugenii
1336 4159 1612 4229 adventu,
1636 4160 1964 4214 Bononiam

293 4245 362 4283 se
393 4230 721 4299 recepisse,
770 4229 1028 4300 indeque
1079 4229 1292 4284 causas
1338 4245 1623 4285 secessus
1653 4233 1745 4285 sui
1779 4232 1968 4286 eidem

308 4299 693 4372 signiﬁcasse
716 4299 1034 4372 auctor’est
1062 4300 1348 4372 Paulinus
1366 4302 1423 4355 in
1447 4301 1581 4372 ejus
1605 4303 1752 4371 Vita,
1777 4307 1833 4356 et
1860 4319 1972 4357 nos

292 4371 356 4424 in
386 4371 824 4440 Admonitione,
857 4373 930 4426 ad
973 4371 1299 4427 EXIIOI‘LIL
1350 4371 1580 4444 Virgil).
1619 4373 1971 4428 observavi-

293 4457 449 4496 mus.

368 4514 481 4587 (58)
513 4512 713 4587 Hujus
769 4513 1137 4569 Relationem
1167 4513 1280 4570 col.
1314 4513 1448 4586 828,
1492 4518 1550 4570 et
1580 4515 1972 4587 sequentibus

295 4584 514 4640 editam
546 4584 753 4639 habes.

369 4656 482 4723 (59)
505 4656 913 4730 Rom._edit.,_«
939 4656 1281 4728 imperatori
1309 4657 1498 4730 duos;
1527 4682 1548 4705 ιι
1573 4659 1722 4730 Reg.
1761 4657 1969 4726 codex,

293 4729 361 4780 in
383 4742 500 4797 quo
533 4743 652 4782 uno
683 4727 1204 4783 invenimus’hanc
1237 4727 1567 4798 epistolam,
1605 4751 1627 4778 ι
1662 4727 1974 4798 imperato-

297 4782 470 4852 ribus
501 4798 675 4870 duos,
705 4819 726 4848 ι
762 4798 936 4854 Forte
968 4782 1042 4854 an
1072 4800 1229 4870 quod
1261 4782 1600 4853 eorumdem
1640 4782 1971 4853 libellorum
2003 4782 2055 4841 D

297 4869 570 4939 exempla
601 4870 940 4942 Theodosio
989 4869 1228 4942 quoque
1275 4870 1490 4942 deferri
1529 4871 1840 4938 curaverit,
1875 4875 1976 4942 aut

300 4943 462 5012 certe
493 4941 649 5010 quod
675 4957 744 4995 ea
763 4957 896 5012 quae
915 4940 1375 5012 uniimperatori
1398 4940 1812 5007 offerebantur,
1839 4940 1973 5010 ejus

302 5011 555 5083 collegis
586 5012 761 5066 etiam
787 5011 1193 5067 ’censebantur
1221 5012 1434 5080 oblata,
1478 5012 1969 5083 quemadmodum

300 5098 335 5136 a
367 5082 540 5137 nobis
571 5083 712 5136 alibi
743 5083 1125 5137 observatum
1158 5087 1268 5137 est.
1301 5084 1407 5136 llis
1439 5099 1616 5153 porro
1639 5084 1754 5136 duo
1787 5082 1970 5135 libelli

301 5153 448 5225 nihil
479 5153 638 5208 aliud
671 5157 810 5208 sunt
839 5170 1015 5225 quam
1054 5155 1322 5225 epistola)
1360 5155 1425 5208 1'7
1449 5158 1505 5208 et
1524 5154 1588 5208 18
1610 5170 1787 5223 supra
1810 5153 1976 5208 exhi-

301 5224 464 5282 bitas

376 5296 489 5364 (60)
520 5294 740 5349 Eadem
761 5295 923 5365 edit,,
963 5317 983 5344 οι
1021 5297 1340 5367 quominus
1379 5296 1839 5351 decernerentur
1869 5296 1974 5349 de-

305 5365 472 5438 bere,
505 5367 638 5437 quia
669 5367 808 5421 dare
840 5365 1524 5436 pretia—sacriﬁciorum;
1581 5391 1602 5414 ιι
1646 5367 1973 5438 Codrlleg.

306 5442 368 5517 ut
401 5437 459 5490 in
493 5438 996 5519 textu..ltat_i_ones
1043 5441 1236 5493 autem
1268 5439 1673 5519 quibusapud
1717 5437 1978 5519 Valeuti-

310 5508 570 5577 nianum,
601 5508 774 5577 epist.
801 5509 888 5578 1'7,
927 5525 1075 5563 usus
1105 5508 1416 5579 reperitur,
1453 5509 1547 5562 hic
1578 5509 1750 5579 quasi
1779 5509 1838 5561 in
1863 5508 1978 5562 fas-

308 5579 564 5632 ciculum
594 5583 852 5634 revocat.

383 5649 497 5718 (61)
527 5650 852 5704 Bautonem
884 5651 1176 5706 idolorum
1225 5649 1407 5704 cultui
1455 5649 1748 5703 addictum
1790 5648 1980 5702 fuisse

309 5719 405 5775 hic
434 5736 551 5774 non
573 5720 804 5791 liquido
829 5722 1048 5776 indicat
1064 5722 1125 5777 S.
1149 5720 1506 5775 Ambrosius
1532 5736 1543 5774 :
1569 5720 1980 5773 adnotavimus

312 5793 506 5862 tamen
548 5791 620 5846 ad
649 5790 841 5861 epist.
893 5793 983 5861 24,
1017 5809 1178 5847 num.
1222 5791 1276 5860 4,
1327 5791 1532 5846 laudes
1583 5790 1981 5862 quibuscum

315 5861 587 5922 Zosimus
618 5860 1018 5935 prosequitur,
1053 5864 1236 5921 ferme
1287 5860 1694 5938 suspicionem
1735 5860 1981 5938 injicere

670 5951 926 6013 Paraon.
968 5950 1120 6014 XVI.

2073 3316 2195 3369 res,
2213 3315 2331 3354 non
2350 3299 2567 3370 fecisti;
2593 3300 2802 3355 iterum
2821 3303 2986 3358 alteri
3009 3306 3475 3378 postulaverunt,
3501 3311 3741 3365 renisus

2075 3405 2142 3443 es
2169 3390 2260 3458 ;et
2274 3391 2479 3458 postea
2497 3389 2668 3460 ipsis,
2693 3392 2792 3462 qui
2810 3393 3118 3461 petierunt,
3145 3395 3480 3452 donandum
3501 3399 3739 3469 putasti.

2146 3478 2198 3532 ’7,
2223 3477 2352 3532 Etsi
2375 3478 2747 3549 imperatoria
2771 3485 3034 3550 potestas
3048 3499 3260 3556 magna
3283 3486 3378 3555 sit,
3394 3489 3588 3542 tamen
3610 3503 3744 3543 con-

2077 3567 2298 3636 sidera,
2331 3567 2668 3638 imperator,
2693 3572 2949 3639 quantus
2968 3571 3046 3625 sit
3067 3573 3261 3643 Deus;
3284 3575 3462 3629 corda
3485 3576 3745 3630 omnium

2078 3655 2268 3725 videt,
2314 3657 2739 3711 conscientiam
2788 3658 3128 3715 interiorem
3178 3662 3529 3736 interrogat,
3580 3664 3744 3719 novit

2079 3745 2273 3800 omnia
2304 3748 2615 3816 antequam
2648 3746 2821 3817 fiant,
2880 3749 3044 3803 novit
3081 3750 3311 3805 interna
3348 3753 3607 3822 pectoris
3659 3753 3744 3807 tui

2080 3835 2236 3904 (Act.
2281 3835 2338 3904 ι,
2406 3834 2523 3904 24;
2573 3835 2721 3889 Dan.
2769 3839 2933 3906 xm),
2989 3837 3078 3892 42.
3133 3838 3254 3910 Ipsi
3296 3840 3417 3896 falli
3475 3857 3586 3896 vos
3625 3857 3744 3897 non

2080 3923 2383 3994 patimini,
2430 3927 2486 3977 et
2528 3923 2713 3978 Deum
2757 3925 2936 3980 vultis
2986 3926 3178 3982 celare
3227 3929 3543 4002 quidquam
3574 3930 3746 4000 (65)?

2083 4012 2211 4066 Hoc
2259 4027 2376 4065 non
2426 4011 2638 4065 cecidit
2688 4013 2945 4068 animum
2988 4017 3150 4071 tuum
3185 4018 3214 4070 ‘?
3262 4017 3542 4082 Quamvis
3590 4018 3746 4073 enim

2083 4153 2338 4209 alienum
2370 4169 2503 4208 eum
2543 4153 2733 4210 fuisse
2770 4171 2803 4209 a
2844 4155 3197 4212 Christianis
3240 4160 3452 4214 sacris.
3495 4159 3659 4224 Quod
3692 4159 3746 4213 si

2083 4242 2292 4301 verum
2325 4241 2443 4280 non
2465 4226 2562 4301 sit,
2597 4226 2733 4296 ejus
2755 4227 3413 4301 virtutemksingularem
3441 4231 3745 4284 exstitisse

2085 4297 2400 4352 dicendum
2437 4297 2566 4366 erit,
2601 4313 2734 4366 quae
2763 4313 2796 4349 a
2825 4300 2983 4354 tanto
3015 4297 3485 4356 Christianorum
3517 4301 3746 4355 obtrec-

2086 4371 2272 4422 tatore
2301 4368 2474 4422 fuerit
2503 4368 2846 4436 approbata.

2156 4439 2268 4508 (62)
2301 4439 2362 4492 Id
2395 4439 2685 4510 Baronius
2717 4437 2958 4508 conjicit
2989 4442 3265 4496 evenisse
3287 4457 3440 4496 anno
3471 4441 3747 4510 388,cum

2085 4514 2223 4581 post
2260 4509 2576 4581 lt-laximum
2596 4508 2891 4562 devictum
2922 4512 3094 4565 rediit
3133 4512 3527 4567 Mediolanum
3548 4508 3745 4567 Theo-

2087 4580 2316 4650 dosius,
2351 4581 2423 4634 ad
2453 4580 2821 4654 ethnicorum
2851 4583 3143 4654 postulata
3171 4583 3430 4654 benigne
3459 4584 3749 4639 audienda

2087 4656 2466 4726 postqtuntam
2511 4652 2837 4721 victoriam,
2888 4655 2950 4706 ut
2993 4653 3107 4723 ipsi
3141 4654 3255 4708 sibi
3285 4652 3745 4726 persuadebant,

2077 4724 2281 4809 'ma
2296 4727 2569 4809 "paratus.

2159 4792 2272 4864 (63)
2296 4792 2633 4866 Theodosio
2664 4794 2722 4846 in
2762 4792 3057 4866 Qrientem
3097 4810 3402 4866 regresso,
3453 4813 3643 4852 novos
3675 4797 3749 4851 li-

2087 4867 2280 4920 bellos
2313 4865 2452 4918 circ.
2488 4881 2582 4917 an.
2612 4865 2732 4918 892.
2760 4865 3188 4935 Valentiniano,
3213 4866 3388 4937 cujus
3412 4869 3752 4923 adolescen-

2088 4939 2226 4991 tiam
2259 4937 2490 5008 tandem
2519 4940 2967 5006 expugnaturos
3000 4952 3136 5008 sese
3155 4939 3492 5007 credebant,
3527 4940 3752 4994 obtule-

2090 5010 2260 5074 runt;
2295 5007 2401 5080 sed
2422 5007 2610 5080 passo
2633 5010 2876 5080 conatu,
2909 5010 2969 5060 ut
3000 5007 3116 5074 hic,
3151 5013 3206 5063 et
3247 5010 3306 5063 in
3338 5009 3608 5080 ejusdem
3641 5013 3751 5064 im-

2134 5078 2382 5132 eratoris
2415 5077 2646 5130 funebri
2668 5078 2996 5132 laudatione
3021 5083 3268 5134 testatur
3288 5077 3665 5136 Ambrosius.
3685 5081 3757 5135 Et

2113 5151 2234 5203 line
2263 5149 2612 5220 agnocﬁimus
2632 5149 3080 5204 diversissimos
3095 5151 3278 5207 hosce
3295 5152 3531 5207 libellos
3553 5169 3584 5206 a
3605 5154 3753 5206 Pau-

2095 5222 2214 5274 lino
2246 5221 2304 5272 in
2338 5219 2636 5273 Ambrosii
2667 5220 2795 5273 Vita
2818 5221 2964 5274 male
2989 5222 3290 5277 confundi.

2169 5291 2280 5360 (64)
2310 5290 2570 5364 Flaviani
2603 5292 3152 5364 atque_Arbogastis
3178 5294 3451 5349 comitum
3477 5293 3755 5364 precibus

2097 5366 2270 5431 atque
2290 5361 2628 5434 auctoritati
2658 5363 2730 5415 ab
2773 5361 3040 5434 Eugenio
3082 5379 3370 5420 concessa
3401 5361 3539 5419 esse
3569 5363 3755 5434 privi-

2098 5434 2252 5504 legia
2283 5433 2380 5486 illa
2411 5433 2621 5486 scribit
2652 5433 2955 5488 Paulinus.

2169 5505 2281 5572 (65)
2317 5505 2466 5575 Reg.
2502 5504 2656 5573 cod.,
2710 5527 2732 5552 α
2783 5505 2962 5559 vultis
3011 5505 3242 5560 celare?
3287 5506 3419 5559 Non
3459 5505 3670 5559 cecidit
3698 5505 3759 5575 in

2097 5577 2354 5629 animum
2385 5573 2548 5629 tuum
2579 5575 2918 5645 quidquam.
2951 5575 3013 5630 Si
3033 5577 3117 5628 illi
3137 5576 3408 5646 agebant,
3441 5599 3461 5622 »
3497 5579 3607 5646 etc.
3642 5573 3760 5631 Sed

2099 5647 2213 5700 hoc
2245 5646 2418 5700 etiam
2450 5646 2624 5700 modo
2649 5646 2802 5700 idem
2833 5646 2929 5698 hic
2958 5647 3127 5700 locus
3149 5645 3447 5699 a’Paulino
3480 5645 3757 5716 refertur,

2098 5733 2129 5771 a
2163 5733 2278 5788 quo
2328 5717 2440 5771 alia
2489 5717 2759 5772 similiter
2802 5716 3081 5770 nonnulla
3130 5716 3201 5770 ad
3250 5716 3497 5772 verbum
3544 5733 3617 5772 ex
3652 5718 3763 5774 hac

2100 5788 2351 5862 epistola
2381 5789 2677 5865 descripta
2714 5791 2870 5847 sunt.

3290 5949 3358 6018 39
