3978 6168
360 342 515 433 1227

1789 340 1855 405 S.
1912 341 2355 410 AMBROSII.

3596 358 3723 426 1228

356 544 442 599 illi
460 542 714 615 agebant
738 544 852 597 tam
872 543 1346 614 perseveranter,
1365 558 1559 598 nonne
1579 544 1741 598 tuum
1753 541 1881 614 fuit,
1912 543 2027 598 im-
2054 541 2117 604 Α
2146 544 2288 611 stiti,
2322 546 2516 600 tamen
2545 559 2664 600 non
2711 545 2881 601 solus
2917 539 3099 616 volui,
3149 560 3260 601 nec
3304 546 3452 604 solus
3492 550 3543 605 id
3575 556 3726 611 suasi.

228 661 273 707 κ
357 634 618 704 perator,
652 646 761 701 pro
795 630 902 685 Dei
935 631 1153 685 summi
1183 633 1241 686 et
1269 632 1399 689 veri
1428 635 1485 685 et
1502 631 1625 686 vivi
1653 632 2030 687 veneratione

279 768 283 772 .
357 719 847 792 perseverantius
883 718 1201 791 obsistere,
1250 722 1308 774 et
1354 735 1594 792 negare,
1626 721 1783 792 quod
1815 723 1939 776 erat
1967 720 2027 775 in

280 826 285 829 ·
355 809 579 880 injuria
611 824 801 864 sacrae
833 808 988 880 legis
1025 810 1055 862 ξ)

429 897 481 953 8.
515 896 660 964 Quis
690 897 933 969 invidet,
968 897 1245 969 quoniam
1279 913 1412 969 quae
1442 898 1706 967 voluisti,
1754 898 1887 953 aliis
1918 898 2027 953 do-

358 987 621 1044 navisti?
650 988 784 1043 Non
816 1003 1026 1041 sumus
1062 988 1427 1041 scrutatores
1458 991 1678 1043 vestrae
1707 987 2026 1043 liberalita-

360 1079 459 1147 tis,
492 1091 603 1131 nec
632 1076 881 1130 aliorum
915 1075 1358 1131 commodorum
1388 1076 1613 1146 invidi;
1664 1076 1772 1131 sed
1818 1092 2027 1130 sumus

360 1167 715 1237 interpretes
733 1164 889 1219 ﬁdei.
905 1162 1209 1229 Quomodo
1229 1162 1445 1219 offeres
1464 1165 1614 1220 dona
1636 1169 1734 1219 tua
1750 1163 1989 1219 Christo
2003 1165 2030 1218 ?

294 1255 302 1267 '
362 1255 545 1310 Pauci
576 1253 954 1309 aestimabunt
983 1252 1125 1323 quid
1155 1252 1412 1323 feceris;
1462 1269 1689 1324 omnes,
1742 1253 1882 1325 quid
1919 1269 2030 1308 vo-

365 1344 552 1399 lueris
587 1359 602 1398 :
634 1341 921 1415 quidquid
951 1341 1038 1396 illi
1066 1341 1334 1413 fecerint,
1366 1345 1531 1397 tuum
1560 1344 1712 1402 erit:
1746 1341 2033 1414 quidquid

365 1448 485 1488 non
514 1431 784 1502 fecerint,
821 1446 1017 1486 suum.
1061 1429 1191 1485 Etsi
1228 1445 1295 1485 es
1342 1431 1680 1501 imperator,
1731 1431 1853 1486 Deo
1884 1430 2033 1485 sub-

366 1523 526 1577 ditus
584 1521 778 1592 magis
836 1534 978 1575 esse
1036 1519 1244 1575 debes.
1315 1519 1620 1585 Quomodo
1688 1518 2035 1575 sacerdotes

368 1610 589 1664 Christi
620 1613 720 1664 tua
749 1623 996 1663 munera
1025 1608 1457 1679 dispensabunt
1475 1610 1504 1663 ε)

444 1697 499 1752 9.
543 1697 676 1752 Fuit
702 1696 1049 1767 hujusmodi
1079 1697 1330 1768 quaestio
1362 1697 1729 1767 temporibus
1761 1696 2036 1767 superio-

368 1787 560 1857 ribus,
602 1789 660 1841 et
695 1788 890 1840 tamen
929 1784 1065 1840 ﬁdei
1103 1788 1333 1856 patrum
1371 1785 1503 1856 ipsa
1534 1787 1720 1841 cessit
1748 1800 2036 1857 persecu-

2145 630 2434 697 Quoniam
2456 633 2639 705 igitur
2657 635 2808 689 meis
2831 634 3082 690 vocibus
3106 637 3163 689 et
3183 634 3335 705 apud
3353 636 3515 693 Deum
3536 643 3584 695 et
3607 645 3729 713 apud

2147 736 2355 775 omnes
2383 721 2656 777 homines
2694 724 2937 793 teneor;
2981 723 3140 778 aliud
3179 723 3322 777 mihi
3348 741 3454 780 non
3485 725 3641 784 licere
3664 731 3732 786 in-

2143 809 2364 880 tellexi,
2383 810 2544 864 aliud
2559 827 2678 865 non
2700 815 2994 881 oportere,
3011 812 3131 866 nisi
3152 816 3214 866 ut
3237 813 3574 869 consulerem
3594 818 3731 888 mihi;

2146 898 2283 969 quia
2296 913 2413 953 non
2425 900 2586 969 potui
2601 899 2709 954 tibi
2722 901 2968 955 credere
2983 901 3270 956 modeste.
3289 899 3443 956 Certe
3463 902 3550 958 diu
3559 908 3735 977 pressi,

2147 986 2248 1041 diu
2271 987 2391 1041 texi
2421 987 2717 1059 dolorem,
2748 989 2897 1044 nulli
2926 989 3245 1062 quidquam
3288 990 3629 1047 intimandum
3652 1011 3737 1064 pu-

2144 1074 2301 1146 tavi;
2334 1075 2714 1132 dissimulare
2748 1078 2893 1132 mihi
2923 1094 3079 1133 nunc
3111 1094 3231 1133 non
3260 1078 3407 1148 licet,
3433 1082 3606 1135 tacere
3630 1081 3741 1138 libe-

2146 1179 2277 1218 rum
2308 1178 2427 1219 non
2457 1164 2584 1219 fuit.
2615 1164 2752 1220 ideo
2781 1167 2959 1220 etiam
2987 1167 3047 1221 in
3085 1166 3419 1238 primordiis
3446 1168 3647 1238 imperii
3681 1171 3742 1225 tui

2147 1252 2434 1308 scribenti
2464 1268 2582 1307 non
2613 1254 2922 1325 rescripsi,
2957 1255 3094 1327 quia
3116 1255 3278 1312 istud
3306 1256 3661 1325 praevidebam
3676 1259 3741 1313 fu-

2146 1342 2361 1396 turum.
2394 1342 2660 1414 Denique
2690 1344 3033 1414 reposcenti
3068 1343 3316 1415 litteras,
3365 1360 3489 1400 cum
3515 1345 3629 1416 ipse
3654 1362 3743 1402 non

2146 1429 2562 1502 rescriberem,
2586 1431 2708 1486 dixi
2737 1431 2919 1488 :Ilaec
2947 1448 3127 1489 causa
3147 1436 3260 1505 est,
3283 1434 3433 1506 quod
3461 1437 3747 1507 extorquen-

2148 1518 2288 1574 dum
2320 1518 2375 1575 ei
2401 1520 2676 1576 arbitror.

2221 1608 2309 1662 12.
2343 1608 2564 1664 Tamen
2592 1609 2695 1664 ubi
2726 1626 2906 1666 causa
2933 1610 3179 1668 emersit
3206 1610 3388 1668 ofﬁcii
3415 1611 3541 1681 mei,
3567 1627 3659 1682 pro
3683 1611 3750 1666 his

2151 1696 2253 1769 qui
2286 1696 2745 1755 sollicitudinem
2776 1699 2872 1754 sui
2903 1699 3214 1773 gerebant,
3265 1703 3324 1755 et
3364 1699 3569 1771 scripsi
3597 1703 3645 1754 et
3680 1715 3754 1754 ro-

2151 1785 2328 1857 gavi;
2362 1791 2423 1841 ut
2453 1788 2833 1842 ostenderem
2880 1788 2940 1842 in
2992 1789 3195 1844 causis
3227 1788 3336 1844 Dei
3376 1788 3625 1843 timorem
3649 1788 3755 1842 mihi

368 1877 472 1943 tio,
514 1848 573 1930 et
589 1875 888 1947 gentilitas
921 1848 1143 1929 detulit.
1169 1874 1319 1929 Nam
1352 1848 1436 1944 (il
1453 1874 1650 1930 Mach.
1682 1848 1780 1946 xv,
1822 1873 2033 1946 18-20),
2064 1848 2120 1914 Β
2149 1848 2379 1946 justum
2416 1874 2642 1947 inesse,
2685 1892 2795 1932 nec
2824 1876 3015 1947 pluris
3044 1892 3139 1932 me
3177 1877 3373 1932 facere
3402 1876 3755 1944 adulationem,

372 1981 506 2019 cum
537 1967 815 2036 ageretur
845 1978 1001 2035 agon
1046 1962 1161 2034 (66)
1209 1963 1667 2035 quinquennatis
1710 1963 1772 2018 in
1804 1963 2036 2018 civitate

371 2054 566 2123 Tyro,
618 2054 677 2106 et
718 2052 792 2105 ad
836 2050 1222 2121 spectandum
1267 2052 1533 2106 venisset
1579 2051 1887 2106 Antochiae
1931 2067 2038 2107 rex

374 2140 910 2210 sceleratissimus,
944 2139 1129 2194 Jason
1161 2139 1453 2194 ordinavit
1481 2155 1789 2195 sacrorum
1819 2155 2039 2211 procu-

372 2233 622 2300 ratores,
656 2231 719 2284 ut
748 2229 821 2283 ab
853 2227 1286 2299 Hierosolymis
1330 2228 1769 2284 Antiochenses
1819 2229 2043 2285 ferrent

378 2319 572 2382 1012
612 2317 991 2372 didrachmas
1021 2318 1252 2389 argenti
1291 2320 1629 2389 trecentas,
1686 2321 1743 2372 et
1765 2318 1899 2372 illas
1935 2318 2040 2372 da-

372 2409 507 2463 rent
543 2406 617 2460 ad
665 2405 1028 2460 sacriﬁcium
1069 2405 1184 2475 (6'7)
1225 2405 1500 2460 Herculis
1545 2420 1558 2461 :
1592 2420 1798 2461 verum
1843 2409 2041 2477 patres

374 2512 493 2551 non
523 2495 847 2568 gentilibus
880 2495 1169 2549 dederunt
1204 2494 1511 2565 pecunias,
1556 2495 1665 2549 sed
1714 2495 1861 2549 viris
1892 2495 2043 2549 ﬁde-

374 2585 534 2640 libus
565 2584 791 2653 missis,
825 2586 1230 2654 protestarunt
1267 2599 1385 2638 non
1414 2584 1652 2655 erogari
1693 2583 1768 2638 ad
1798 2582 2044 2639 deorum

376 2674 773 2743 sacrificium,
821 2672 959 2744 quia
1013 2687 1132 2727 non
1181 2671 1587 2744 congruebat,
1640 2673 1750 2728 sed
1781 2672 1844 2728 in
1892 2673 2043 2728 alios

377 2766 650 2833 sumptus
691 2761 837 2816 dari.
890 2760 962 2815 Et
1004 2762 1445 2832 pronuntiatum
1493 2763 1605 2833 est,
1657 2762 1795 2834 quia
1840 2761 1940 2817 ille
1971 2762 2046 2817 ad

378 2850 737 2907 sacrificium
782 2849 1059 2905 Herculis
1103 2850 1356 2905 missum
1417 2850 1649 2905 dixerat
1693 2852 2043 2924 argentum,

380 2940 606 3011 suscipi
645 2939 882 3012 quidem
923 2938 1139 2995 debere
1179 2938 1241 2993 in
1289 2936 1369 3011 id,
1424 2940 1584 3012 quod
1632 2943 1758 2995 erat
1794 2940 2049 2995 missum

379 3030 492 3102 (68)
526 3045 539 3085 :
569 3029 679 3085 sed
710 3030 848 3101 quia
882 3028 987 3100 illi,
1032 3028 1135 3100 qui
1161 3027 1511 3095 detulerant,
1546 3028 1909 3084 resistebant
1939 3044 2047 3100 pro

380 3119 577 3176 studio
607 3120 665 3173 et
687 3117 846 3173 cultu
879 3132 1021 3189 suo;
1052 3121 1115 3172 ut
1159 3133 1278 3173 non
1321 3117 1620 3173 sacrificio
1668 3117 2043 3189 proficerent,

380 3165 574 3176 """""
611 3165 664 3173 "
691 3165 846 3173 "'"‘
879 3165 983 3173 "‘"
1008 3165 1021 3189 1
1058 3165 1113 3172 "'
1159 3165 1278 3173 ⁵-⁷·-
1321 3165 1616 3173 ”’““’“““““*
1669 3165 2043 3189 τ’*’““”“*-’Ὶ

380 3209 489 3263 sed
530 3207 663 3262 aliis
711 3206 1195 3279 necessitatibus,
1232 3206 1461 3262 traditae
1511 3210 1650 3262 sunt
1678 3208 1945 3278 pecunia:
1973 3207 2048 3262 ad
2086 3165 2138 3228 Ο

383 3298 888 3355 constructionem
921 3296 1160 3351 navium
1195 3312 1207 3352 :
1243 3297 1355 3351 etsi
1378 3296 1567 3352 coacti
1587 3296 1895 3366 miserunt,
1929 3311 2048 3351 non

378 3390 577 3442 tamen
604 3386 679 3441 ad
716 3385 1078 3441 sacriﬁcium
1126 3383 1260 3457 (69),
1311 3385 1421 3441 sed
1459 3384 1532 3440 ad
1574 3384 1724 3441 alios
1775 3386 2049 3457 sumptus

380 3476 749 3547 reipublicae.

453 3565 543 3620 10.
597 3564 865 3637 Denique
910 3563 1011 3636 qui
1055 3560 1387 3634 attulerant,
1434 3564 1637 3637 utique
1683 3565 1933 3636 possent
1961 3566 2051 3619 ta-

389 3670 526 3711 cere
557 3655 669 3724 ('70)
706 3670 719 3710 :
752 3654 861 3709 sed
889 3652 1142 3708 laedebat
1188 3653 1384 3724 tidem,
1434 3652 1572 3724 quia
1618 3653 1888 3708 sciebant
1933 3668 2051 3724 quo

382 3744 756 3799 deferrentur
775 3759 790 3814 ;
825 3745 884 3798 et
911 3742 1043 3798 ideo
1057 3743 1349 3796 miserunt
1365 3741 1529 3797 viros
1544 3743 1822 3798 timentes
1842 3742 2051 3815 Deum,

383 3834 483 3905 qui
505 3835 770 3903 agerent,
786 3833 849 3886 ut
861 3846 981 3885 non
1003 3831 1242 3902 templo,
1258 3830 1366 3885 sed
1378 3831 1451 3885 ad
1468 3820 1772 3902 impensas
1789 3831 2049 3903 navium,

382 3937 517 3993 qum
549 3920 734 3974 missa
764 3919 1024 3991 fuerant,
1057 3920 1499 3990 deputarentur.
1550 3920 1706 3991 Ipsis
1739 3921 2053 3976 enimcre-

383 4011 656 4065 diderunt
687 4009 970 4078 pecunias
996 4051 1009 4080 ,
1053 4008 1154 4080 qui
1186 4024 1403 4063 causas
1433 4012 1679 4081 agerent
1707 4012 1929 4065 sanctaa
1972 4009 2055 4064 le-

384 4100 481 4172 gis
519 4114 530 4153 :
555 4096 746 4170 judex
776 4112 974 4151 rerum
1003 4096 1251 4154 effectus
1283 4096 1411 4168 fuit,
1445 4100 1549 4169 qui
1585 4098 1842 4154 absolvit
1872 4114 2053 4153 cons-

383 4188 679 4244 cientiam.
711 4186 771 4241 Si
805 4185 983 4257 positi
1014 4186 1074 4241 in
1104 4185 1295 4241 aliena
1344 4189 1654 4258 potestate,
1705 4187 1794 4242 sic
1823 4202 2053 4258 praeca-

375 4276 765 4348 vebant,quid
780 4279 835 4330 te
848 4275 1172 4346 oportuerit
1186 4274 1442 4348 facere,o
1458 4276 2053 4347 imperator,dubitari

382 4383 502 4423 non
533 4368 747 4438 potest.
773 4364 860 4418 Tu
874 4364 1075 4435 utique
1090 4381 1264 4435 quem
1278 4381 1450 4420 nemo
1467 4365 1739 4438 cogebat,
1755 4381 1926 4421 nemo
1945 4366 2052 4420 ha-

381 4455 561 4512 bebat
590 4455 650 4509 in
668 4455 980 4526 potestate,
1007 4451 1269 4509 debuisti
1284 4454 1358 4510 ab
1383 4455 1694 4510 sacerdote
1715 4454 2049 4510 consulere.

454 4545 543 4600 11.
576 4543 702 4616 Ego
733 4544 892 4598 certe
924 4543 1157 4614 quando
1188 4546 1327 4598 tunc
1354 4543 1567 4615 restiti,
1600 4545 1715 4599 etsi
1753 4543 1922 4598 solus
1952 4559 2051 4599 re-

455 4685 570 4757 (66)
592 4685 940 4758 Olympicos
970 4684 1144 4739 ludos
1177 4684 1443 4758 intelligo
1467 4686 1606 4741 olim
1626 4686 1685 4740 in
1716 4686 1943 4742 Graecia
1961 4702 2057 4742 ce-

383 4757 759 4825 leberrimos,
794 4757 896 4829 qui
937 4761 1252 4829 propterea
1298 4758 1770 4829 quinquennales
1801 4758 2058 4828 appella-

383 4829 617 4896 bantur,
659 4827 817 4897 quod
868 4827 1327 4900 celebrarentur
1355 4827 1558 4900 quinto
1605 4844 1839 4900 quoque
1875 4827 2048 4885 anno.

384 4900 512 4953 Hos
545 4901 739 4952 autem
742 4913 879 4970 _non
911 4898 1102 4970 solum
1123 4900 1181 4952 in
1212 4898 1399 4970 Elide,
1423 4901 1530 4954 sed
1551 4898 1691 4954 alibi
1722 4898 1893 4955 etiam
1925 4902 2053 4955 ins-

382 4971 586 5025 titutos
632 4984 706 5023 ex
740 4968 1021 5039 Eusebio,
1065 4968 1590 5043 Xiphilino‘atque
1639 4972 1772 5026 aliis
1820 4972 2054 5027 discere

383 5048 496 5097 est.

453 5111 568 5185 (6'7)
602 5112 752 5182 Reg.
788 5110 943 5185 99d,
984 5130 1007 5161 α
1042 5111 1337 5185 ordinavit
1357 5115 1727 5184 spectatores
1744 5113 2056 5185 Antioche-

384 5182 519 5255 nos,
549 5182 658 5256 qui
687 5182 1230 5256 aprieﬁrosolymis
1263 5182 1487 5239 ferrent
1505 5185 1841 5240 drachmas.
1866 5184 1938 5239 Et
1958 5186 2054 5242 ille

381 5254 620 5330 quidem
642 5254 816 5330 _mtsit
844 5255 916 5330 ad
947 5256 1336 5330 sacriﬁcium,
1366 5280 1387 5304 ι)
1414 5261 1525 5312 etc.

450 5328 566 5399 (68)
596 5327 756 5381 Idem
790 5325 944 5399 cod.,
1001 5348 1021 5374 α
1066 5326 1517 5399 expostularunt
1562 5344 1681 5384 non
1711 5328 1946 5399 erogari
1977 5327 2051 5383 ad

378 5396 829 5455 sacrificium...
881 5396 1018 5451 licet
1074 5397 1172 5451 ille
1214 5399 1288 5452 ad
1346 5400 1708 5454 sacrificium
1770 5396 2049 5455 Harculis

380 5472 638 5527 missum
671 5468 957 5524 dixerit...
992 5467 1211 5522 debere
1239 5470 1396 5538 quod
1414 5472 1540 5523 erat
1568 5470 1839 5524 missum.
1882 5493 1905 5518 ιι

444 5540 559 5615 (69)
596 5562 620 5592 α
657 5540 791 5597 Non
821 5543 1018 5595 tamen
1046 5538 1121 5592 ad
1142 5539 1524 5609 sacrificium,
1563 5560 1585 5588 ιο
1621 5539 1790 5593 deest
1819 5539 1879 5594 in
1912 5541 2046 5597 cod.

379 5613 556 5755 Ηῗέῗό)
589 5683 671 5737 Ita
691 5682 832 5755 edit.
869 5681 1075 5755 Rom.;
1107 5693 1222 5734 ms.
1258 5680 1457 5755 autem
1485 5678 1660 5751 Reg.,
1706 5700 1729 5728 α
1773 5679 2040 5755 Denique

371 5758 429 5810 et
457 5752 1075 5823 obtinuerunt,_utque
1105 5752 1417 5823 potuerant
1443 5753 1662 5823 tacere,
1700 5771 1722 5801 ιι
1760 5753 1872 5810 etc.

438 5822 554 5909 (Ἦ)
581 5820 813 5894 Scripta
829 5818 997 5879 eirea—
1014 5818 1234 5880 animum
1262 5818 1386 5881 393.

2156 1978 2330 2034 quam
2359 1964 2613 2018 animam
2641 1980 2833 2020 meam
2865 1980 2878 2020 :
2914 1964 2974 2019 in
3007 1965 3316 2036 hisvero,
3348 1965 3409 2019 in
3441 1964 3641 2037 quibus
3677 1979 3757 2018 vos

2153 2052 2353 2123 rogari
2375 2052 2749 2123 decet,etiam
2783 2069 2876 2109 me
2899 2054 3188 2110 exhibere
3211 2052 3582 2111 sedulitatem
3606 2055 3759 2124 potes-

2154 2141 2257 2195 tati
2288 2140 2563 2213 debitam,
2589 2143 2745 2197 sicut
2763 2146 2820 2198 et
2848 2144 3134 2214 scriptum
3159 2148 3253 2198 est
3285 2160 3297 2200 :
3336 2164 3360 2195 ι
3385 2142 3490 2198 Cui
3511 2143 3759 2210 honorem,

2159 2230 2484 2302 honorem;
2522 2231 2617 2286 cui
2646 2231 2949 2303 tributum,
2981 2233 3266 2288 tributum
3303 2232 3489 2304 (Rom.
3520 2247 3632 2300 xui,
3658 2229 3717 2300 ’7).
3744 2250 3759 2277 ι

2160 2319 2309 2373 Nam
2340 2335 2473 2374 cum
2495 2321 2723 2390 privato
2738 2320 3045 2376 detulerim
3070 2322 3250 2378 corde
3272 2322 3505 2391 intimo;
3529 2318 3766 2391 quomodo

2162 2424 2281 2463 non
2330 2408 2624 2464 deferrem
2666 2410 3052 2481 imperatori?
3097 2410 3215 2466 Sed
3260 2411 3365 2483 qui
3405 2409 3572 2465 vobis
3599 2405 3769 2463 deferri

2157 2497 2358 2566 vultis,
2392 2498 2656 2569 patimini
2684 2502 2748 2554 ut
2777 2499 3115 2556 deferamus
3146 2501 3201 2555 ei
3233 2515 3413 2572 quem
3441 2497 3653 2570 imperii
3677 2509 3773 2550 ves-

2158 2588 2234 2641 tri
2254 2586 2436 2642 vultis
2467 2591 2770 2643 auctorem
2791 2588 3050 2660 probari.

2523 2694 2717 2759 1013
2748 2695 3119 2752 EPISTOLA
3149 2696 3330 2752 LVIII
3371 2695 3487 2768 (Ἡ)

2158 2809 2399 2884 Papum
2434 2815 2494 2865 et
2524 2810 2843 2866 Tumens
2866 2815 3002 2884 post
3051 2811 3419 2868 distributas
3448 2809 3644 2884 egenis
3667 2820 3773 2884 suas;

2122 2906 2127 2911 α
2232 2880 2552 2937 facultates
2596 2875 2900 2937 secessum
2936 2889 3165 2949 narrat,
3214 2898 3445 2948 necnon
3481 2875 3699 2937 futuras
3728 2875 3781 2932 ob

2234 2967 2359 3007 eam
2400 2968 2632 3032 causam
2666 2969 3029 3032 paganonim
3050 2955 3547 3032 criminatioges,
3589 2963 3779 3032 quorum

2235 3019 2721 3098 superstitionem
2745 3019 2813 3098 ac
2824 3026 3153 3098 caecitatem
3170 3025 3361 3098 luget.
3396 3019 3783 3098 Tumlnihilpro

2235 3088 2532 3167 religione
2554 3101 2724 3168 turpe
2741 3096 3072 3168 ducendum
3096 3088 3394 3168 exemplis
3408 3093 3675 3167 probans,
3701 3088 3789 3168 sel-

2239 3162 2518 3241 tationem
2555 3162 3157 3241 Da}igﬂs,_lsai.'eque
3203 3162 3539 3224 nuditatem
3576 3162 3785 3236 mystice

2238 3237 2494 3310 explicat
2521 3244 2582 3293 et
2612 3236 2903 3294 defendit.

2522 3363 2865 3418 Ansaosms
2903 3362 3117 3420 stmo
3154 3364 3467 3436 episcopo.

2238 3468 2291 3526 1.
2324 3468 2634 3525 Paulinum
2662 3469 2983 3541 splendore
3004 3473 3249 3544 generis
3271 3472 3336 3526 in
3356 3469 3625 3542 partibus
3647 3462 3790 3536 Aqui-

2165 3559 2341 3615 tanim
2362 3558 2510 3615 nulli
2531 3559 2881 3632 secundum,
2907 3560 3164 3615 venditis
3187 3546 3576 3616 facuﬂatibus
3591 3556 3689 3628 ('12)
3706 3556 3790 3607 tam

2168 3649 2320 3721 suis,
2367 3664 2543 3720 quam
2590 3649 2763 3703 etiam
2806 3648 3250 3723 conjugalibus,
3296 3651 3362 3705 in
3408 3649 3523 3705 hos
3565 3660 3692 3702 sese
3728 3642 3794 3695 in-

2167 3738 2375 3794 duisse
2402 3736 2600 3807 cultus
2631 3738 2704 3793 ad
2734 3737 2909 3794 fidem
2932 3741 3228 3811 comperi;
3260 3743 3328 3795 ut
3357 3754 3428 3795 ea
3459 3738 3519 3792 in
3549 3743 3791 3806 pauperes

2170 3826 2457 3899 conferat,
2491 3843 2626 3899 quae
2656 3828 2889 3900 redegit
2917 3828 2977 3883 in
3006 3828 3323 3900 pecuniam
3351 3831 3447 3884 :et
3466 3828 3595 3898 ipse
3621 3832 3796 3895 pauper

2168 3932 2245 3973 ex
2265 3917 2444 3972 divite
2466 3916 2680 3987 factus,
2703 3920 2981 3989 tanquam
3003 3919 3367 3973 deoneratus
3386 3915 3558 3989 gravi
3588 3910 3793 3972 sarcina,

2169 4006 2389 4078 domui,
2422 4007 2647 4076 patriae,
2700 4008 3039 4079 cognationi
3082 4023 3323 4081 quoque
3374 4005 3679 4074 valedicat,
3711 4010 3796 4071 quo

2167 4097 2498 4167 impensius
2537 4096 2660 4151 Deo
2701 4097 2942 4152 serviat.
2987 4096 3264 4167 Elegisse
3300 4099 3508 4152 autem
3550 4094 3797 4150 secretum

2168 4185 2494 4240 affirmatur
2538 4185 2785 4241 Nolanee
2824 4186 3014 4258 urbis,
3057 4185 3159 4241 ubi
3206 4186 3534 4242 tumultum
3577 4180 3794 4254 fugitans

2169 4290 2365 4330 avum
2396 4274 2616 4347 exigat.

2240 4365 2293 4419 2.
2320 4364 2584 4419 Matrona
2614 4379 2849 4437 quoque
2876 4361 3075 4420 virtuti
3098 4368 3155 4419 et
3175 4364 3385 4420 studio
3422 4363 3562 4437 ejus
3580 4356 3798 4434 proxime

2084 4480 2138 4542 D
2170 4454 2416 4524 accedit,
2450 4469 2640 4526 neque
2670 4469 2704 4508 a
2732 4454 3038 4525 proposito
3067 4453 3182 4508 viri
3219 4454 3557 4542 discrepat.
3588 4449 3803 4542 Denique

2170 4542 2546 4614 transcriptis
2594 4544 2656 4597 in
2701 4543 2951 4599 aliorum
2992 4543 3131 4615 jura
3178 4543 3314 4599 suis
3346 4541 3618 4614 prmdiis,
3654 4538 3803 4591 virum

2243 4684 2356 4757 ('19.)
2404 4685 2715 4759 Paulinum
2775 4685 3114 4759 Burdigala
3150 4687 3222 4759 in
3272 4686 3602 4759 Aquitania
3647 4681 3803 4759 nam!“

2168 4745 2349 4830 pauci
2362 4758 2687 4829 ambigunt,
2704 4773 2814 4830 nec
2831 4745 3275 4830 Bardniusipse
3288 4745 3803 4830 re'fragatur.__Unfl_0

2169 4819 2316 4883 nihil
2335 4832 2483 4902 erat,
2511 4819 2625 4902 cur
2654 4819 2837 4901 hujus
2872 4830 2985 4902 loci
3016 4819 3200 4902 verba
3230 4819 3500 4902 magnus
3533 4819 3805 4902 cardinalis

2167 4916 2201 4954 a
2223 4892 2624 4970 scriptoribus
2655 4892 2898 4970 tra'nspo
2913 4901 3026 4954 sita
3057 4901 3251 4955 fuisse
3284 4892 3714 4970 suspicaretur,
3741 4892 3807 4942 al-

2167 4986 2282 5041 que
2329 4968 2476 5025 adeo
2527 4972 2615 5025 sic
2664 4968 2989 5026 ordinanda
3026 4986 3039 5026 :
3078 4993 3100 5019 κ
3141 4968 3471 5026 Paulinum
3520 4968 3799 5041 splendore

2167 5032 2410 5113 generis
2459 5042 2604 5113 nulli
2650 5043 3132 5111 secundum,‘in
3187 5043 3469 5112 partibus
3520 5032 3808 5113 Ᾰᾳαξίοηὶω
3896 5064 3897 5093 ς

2166 5109 2424 5168 venditis
2465 5112 2864 5168 facultatibus.
2903 5134 2925 5163 ι
2971 5109 3089 5169 Sed
3119 5109 3436 5168 sincerum
3469 5109 3607 5168 esse
3647 5109 3806 5161 locnm

2166 5199 2284 5239 non
2318 5185 2494 5239 made
2528 5200 2865 5239 consensus
2898 5201 3045 5239 mss.
3081 5188 3254 5255 atque
3288 5185 3438 5239 edit.
3475 5181 3701 5249 evincit,
3726 5188 3809 5255 ver

2164 5271 2297 5309 rum
2335 5256 2510 5310 etiam
2541 5256 2792 5325 ipsemet
2822 5256 3140 5310 verborum
3162 5254 3498 5310 sententia.
3534 5254 3661 5309 Non
3680 5258 3805 5302 enim

2163 5328 2300 5381 istic
2334 5330 2586 5399 negatur
2612 5327 2884 5382 eumdem
2908 5327 3209 5399 Paulinum
3241 5331 3368 5381 tam
3409 5329 3650 5398 paterno
3666 5328 3807 5399 qutun
3852 5332 3855 5337 ‘

2164 5388 2446 5471 materno'
2469 5413 2690 5471 genere
2713 5414 2786 5453 ex
2816 5396 3146 5471 majoribus
3190 5388 3493 5471 Romanis
3526 5388 3705 5471 ortum
3730 5388 3807 5471 du;

2163 5470 2372 5543 xisse,
2410 5453 2543 5543 cuum
2584 5469 2869 5543 senatorii
2909 5453 3139 5543 ordinis
3176 5453 3466 5543 utrinque
3495 5469 3701 5543 esset“;
3724 5453 3809 5543 εξεά

2164 5541 2218 5595 ei
2275 5533 2574 5611 propriam
2611 5540 3174 5613 patriamgassignat
3222 5533 3807 5613 Ambrosius._Sj.tl:

2163 5600 2300 5683 men
2339 5600 2429 5683 ei,
2450 5600 2647 5666 mente
2674 5600 3327 5683 Baroniiexpvonendus
3360 5613 3534 5667 esset
3570 5600 3808 5683 hicidem

2163 5681 2335 5754 locus
2362 5724 2376 5752 ,
2418 5682 2788 5754 hyperbaton
2825 5682 2886 5736 in
2925 5679 3540 5754 eo‘admitteremus,
3584 5679 3808 5754 figuram

2167 5753 2399 5811 scilicet
2435 5754 2662 5815 auctOri
2706 5754 2910 5815 nostro
2939 5754 3181 5820 minime
3208 5753 3596 5820 insolentem.
