3978 6168
292 382 455 461 1229
1483 364 2087 463 EPISTOLARUM
2119 389 2453 461 CLASSIS
2489 398 2537 459 1.
3590 398 3754 464 1230

296 596 572 668 sequitur
615 599 673 653 et
716 597 938 670 exiguo
982 597 1101 653 illic
1131 597 1412 671 conjugis
1444 603 1716 655 contenta
1748 580 2052 670 cespiteA
2080 597 2259 670 niquc
2288 597 2679 670 reprehendit
2708 598 2925 655 Michol
2955 598 3265 654 saltantem
3312 598 3518 671 David,
3569 603 3627 656 et
3674 603 3754 657 ait

294 686 592 742 solabitur
642 701 710 742 se
757 687 1067 759 religionis
1115 692 1173 743 et
1218 688 1522 742 charitatis
1574 688 1794 743 divitiis
1834 687 1968 759 ('73).
2074 684 2155 741 ‘ad
2186 683 2320 742 eum
2355 704 2366 741 :
2399 708 2421 738 ι
2456 685 2606 752 Quid
2638 687 3065 744 honorificatus
3097 692 3190 744 est
3208 688 3383 745 hodie
3404 705 3512 745 rex
3534 689 3750 761 Israel;
3789 726 3803 736 -

295 772 554 830 Soboles
602 775 691 830 eis
739 775 922 846 nulla,
974 779 1030 831 et
1079 776 1211 833 ideo
1261 777 1605 832 meritorum
1648 777 1969 849 posteritas
2082 776 2414 831 denudatus
2465 779 2558 831 est
2602 777 2778 833 hodie
2824 780 2957 833 ante
3010 778 3216 833 oculos
3257 778 3584 848 puellarum
3615 796 3752 862 sua:

296 863 635 919 desiderata
663 863 803 937 (‘74).

366 951 421 1007 8.
463 952 610 1008 Haec
639 953 742 1008 ubi
775 953 1069 1009 audierint
1095 969 1378 1024 proceres
1407 955 1520 1009 viri
1552 955 1686 1026 ('75),
1722 971 1855 1027 quae
1884 956 1967 1012 lo-

295 1044 573 1113 quentur.
610 1040 701 1095 Ex
730 1041 830 1096 illa
861 1041 1102 1112 familia,
1134 1043 1233 1097 illa
1263 1045 1560 1115 prosapia,
1599 1045 1699 1099 illa
1748 1045 1965 1114 indole,

294 1133 457 1184 tanta
485 1131 796 1200 prmditum
827 1131 1161 1202 eloquentia
1208 1132 1508 1203 migrasse
1540 1149 1572 1186 a
1617 1137 1827 1187 senatu
1877 1134 1970 1187 in-

296 1221 623 1289 terceptam
652 1219 891 1274 familiae
922 1220 1098 1275 nobis
1130 1221 1581 1276 successionem
1613 1238 1625 1277 :
1674 1221 1817 1277 ferri
1856 1222 1969 1277 hoc

296 1322 419 1363 non
466 1323 674 1379 posse.
725 1307 796 1364 Et
841 1324 974 1363 cum
1019 1308 1136 1379 ipsi
1185 1310 1375 1380 capita
1421 1313 1477 1364 et
1507 1311 1826 1381 supercilia
1858 1327 1967 1366 sua

293 1396 526 1466 radant,
561 1397 615 1451 si
646 1396 880 1468 quando
912 1397 1091 1452 Isidis
1121 1397 1235 1470 (’76)
1270 1399 1606 1468 suscipiunt
1650 1416 1861 1471 sacra;
1913 1401 1967 1455 si

297 1484 453 1541 forte
500 1484 876 1541 Christianus
928 1486 1022 1541 vir
1065 1487 1339 1542 attentior
1386 1493 1788 1545 sacrosanctae
1832 1490 1965 1544 reli-

296 1575 484 1646 gioni,
515 1578 748 1631 vestem
775 1576 1111 1647 mutaverit,
1146 1576 1455 1650 indignum
1490 1576 1723 1633 facinus
1770 1579 1967 1651 appel-

293 1662 418 1719 lant
446 1662 582 1736 ('77).

366 1752 421 1807 4.
463 1751 755 1824 Equidem
783 1753 956 1810 doleo
986 1757 1205 1810 tantam
1235 1770 1374 1811 esse
1406 1756 1467 1811 in
1505 1756 1814 1813 mendacio
1854 1757 1967 1827 (‘78)

298 1841 742 1897 observantiam
769 1843 831 1898 in
860 1843 1108 1899 veritate
1135 1844 1581 1917 negligentiam,
1623 1848 1686 1901 ut
1723 1846 1969 1901 confun-

2082 880 2212 919 rum
2257 864 2343 935 (II
2378 865 2527 937 Reg.
2577 883 2656 937 v1,
2702 864 2821 937 20)?
2874 888 2896 915 ι
2951 866 3023 921 Et
3053 868 3359 938 respondit
3400 869 3454 923 ci
3502 869 3687 924 David
3734 888 3746 925 :

2085 973 2107 1003 ι
2143 952 2354 1008 Coram
2384 954 2633 1010 Domino
2665 955 2883 1024 ludam,
2926 956 3027 1027 qui
3071 956 3250 1029 elegit
3294 972 3386 1012 me
3434 973 3541 1028 pro
3585 962 3751 1030 patre

2079 1044 2201 1112 tuo,
2252 1045 2308 1098 et
2354 1059 2460 1114 pro
2508 1044 2791 1099 universa
2836 1045 3010 1101 domo
3062 1043 3226 1117 ejus;
3268 1050 3332 1100 ut
3362 1048 3748 1104 constitueret

2082 1147 2174 1186 me
2206 1147 2411 1204 regem
2442 1149 2623 1204 super
2652 1134 2934 1205 populum
2967 1150 3141 1189 suum
3184 1135 3390 1191 Israel.
3437 1135 3509 1191 Et
3549 1136 3749 1192 ludam

2082 1236 2281 1275 coram
2312 1220 2581 1293 Domino,
2615 1226 2672 1276 et
2699 1222 3043 1278 denudabor
3070 1223 3260 1278 adhuc
3293 1225 3401 1294 sic,
3436 1228 3493 1280 et
3510 1241 3611 1281 ero
3635 1243 3748 1281 nu-

2081 1325 2200 1381 gax
2230 1313 2363 1366 ante
2394 1312 2601 1367 oculos
2630 1315 2788 1381 tuos,
2823 1315 2880 1368 et
2919 1328 3054 1368 cum
3099 1313 3337 1383 puellis,
3389 1313 3608 1385 quibus
3656 1314 3749 1369 di-

2078 1399 2223 1453 xisti
2251 1416 2344 1455 me
2374 1399 2753 1473 denudatum,
2785 1403 3225 1458 honoriﬁcahor
3270 1402 3449 1473 (Ibid.
3496 1402 3586 1472 2t,
3633 1402 3746 1475 29).

2147 1488 2201 1543 Ἷ.
2244 1488 2378 1544 Non
2408 1489 2604 1545 erubit
2630 1491 2812 1565 igitur
2840 1491 3030 1547 David
3082 1492 3372 1547 femineas
3414 1492 3746 1563 opiniones,

2075 1592 2186 1631 nec
2215 1577 2533 1648 Opprobria
2566 1580 2720 1650 apud
2750 1581 3032 1637 mulieres
3063 1581 3266 1636 subire
3299 1597 3406 1653 pro
3436 1581 3748 1654 religionis

2078 1666 2368 1737 obsequio
2392 1669 2827 1724 verecundatus
2857 1672 2970 1725 est.
3016 1670 3283 1725 Ludebat
3312 1671 3467 1726 enim
3499 1670 3749 1726 Domino

2078 1770 2229 1826 puer
2272 1771 2464 1827 suus;
2516 1759 2573 1811 et
2619 1756 2753 1813 ideo
2797 1758 3052 1827 amplius
3099 1758 3339 1829 placuit,
3372 1759 3511 1830 quia
3557 1759 3635 1814 ita
3683 1774 3752 1813 se

2079 1844 2409 1899 humiliavit
2438 1844 2581 1914 Deo,
2616 1848 2678 1899 ut
2709 1846 2909 1917 regale
2938 1846 3323 1918 posthaberct
3345 1847 3669 1919 fastigium,
3695 1851 3756 1903 et
3810 1834 3811 1843 “

301 1931 517 1986 dantur
544 1931 813 2004 plerique
844 1932 1190 1989 attentiores
1220 1933 1293 1988 ad
1331 1938 1778 1990 sacrosanctam
1824 1934 1966 1990 reli-
1994 1955 2049 2023 Β
2079 1933 2348 1988 ultimum
2371 1934 2680 1998 exhiberet
2702 1934 2823 1990 Deo
2841 1935 3014 2007 quasi
3039 1936 3750 1992 servulus'ministerium.

299 2019 543 2093 gionem
570 2021 779 2091 videri,
813 2036 932 2077 non
965 2022 1413 2078 considerantes
1434 2039 1642 2079 vocem
1673 2024 1961 2080 dicentis:

302 2130 326 2160 ι
361 2107 472 2175 Qui
501 2125 594 2165 me
626 2109 918 2165 confusus
950 2110 1127 2166 fuerit
1168 2109 1367 2167 coram
1410 2111 1771 2182 hominibus,
1821 2129 1967 2168 con-

301 2198 519 2254 fundar
560 2201 617 2254 et
662 2214 775 2272 ego
821 2215 956 2255 eum
1004 2215 1205 2255 coram
1248 2200 1423 2256 Patre
1470 2217 1623 2271 meo,
1656 2202 1758 2273 qui
1786 2204 1879 2257 est
1907 2202 1968 2257 in

298 2288 472 2342 cmlis
503 2284 722 2359 (Marc.
751 2305 876 2358 vm,
908 2286 1017 2360 38).
1055 2309 1078 2339 ι
1113 2288 1230 2345 Sed
1260 2305 1379 2346 non
1410 2289 1700 2345 confusus
1732 2294 1825 2346 est
1855 2291 1972 2347 Mo—

298 2393 466 2449 yses,
516 2377 616 2450 qui
662 2393 796 2433 cum
846 2381 1010 2433 esset
1060 2379 1286 2434 ascitus
1334 2379 1395 2434 in
1444 2379 1682 2435 domum
1707 2380 1968 2452 gregiam,

297 2467 603 2522 thesauris
621 2467 871 2539 [Egypti
892 2468 1275 2540 opprobrium
1295 2467 1515 2523 Christi
1534 2469 1973 2540 praeferendum

298 2556 546 2625 putavit.
582 2555 716 2611 Non
748 2556 1040 2612 confusus
1071 2561 1164 2612 est
1194 2556 1400 2627 David,
1444 2558 1546 2628 qui
1593 2561 1726 2613 ante
1774 2575 1972 2613 arcam

298 2644 627 2700 testimonii
656 2661 856 2701 coram
888 2647 1048 2701 omni
1074 2644 1292 2718 populo
1326 2646 1579 2702 saltavit.
1613 2647 1701 2718 (ΙΙ
1716 2647 1863 2719 Reg.
1888 2664 1968 2719 vr,

297 2732 436 2789 Non
467 2733 759 2789 confusus
781 2738 874 2790 est
904 2734 1115 2805 Isaias,
1149 2735 1251 2808 qui
1271 2736 1468 2791 nudus
1498 2739 1554 2790 et
1574 2736 1971 2792 discalceatus
2010 2805 2015 2810 _

291 2822 418 2877 ibat
462 2837 570 2893 per
612 2824 866 2895 populos
908 2824 1148 2880 oracula
1194 2824 1459 2881 clamans
1513 2825 1781 2881 coelestia
1829 2825 1968 2897 (Isa.

297 2928 405 2984 xx,
437 2912 517 2984 2.)

370 3001 426 3056 5.
469 3000 620 3068 Quid
637 3002 851 3076 .utique
881 3005 1001 3058 tam
1049 3002 1315 3059 deforme
1362 3002 1584 3059 visibili
1634 3003 1972 3075 spectaculo

301 3090 509 3156 1014‘
531 3107 708 3164 quam
740 3092 1124 3148 histrionicos
1158 3092 1399 3148 sinuare
1427 3096 1660 3166 gestus,
1704 3096 1762 3148 et
1807 3094 1973 3149 femi-

296 3194 416 3235 neo
465 3196 582 3235 usu
628 3181 859 3237 mollire
907 3182 1219 3237 membra?
1269 3182 1625 3237 Deliciarum
1673 3199 1874 3239 comes
1918 3187 1975 3239 et

298 3268 559 3325 luxuriae
589 3269 909 3326 ludibrium
939 3273 1032 3327 est
1060 3271 1287 3327 lasciva
1337 3272 1589 3327 saltatio.
1640 3271 1789 3337 Quid
1830 3273 1973 3327 illud

295 3358 464 3430 quod
493 3358 623 3430 ipse
655 3360 869 3415 cecinit
898 3360 1105 3416 dicens
1139 3377 1151 3416 :
1192 3383 1214 3410 ιι
1259 3361 1480 3417 Omnes
1527 3364 1759 3434 gentes,
1809 3362 1973 3433 plau-

291 3448 423 3503 dite
450 3448 724 3504 manibus
755 3448 947 3523 (Psal.
981 3466 1138 3519 vax,
1170 3449 1267 3521 2)?
1298 3450 1523 3522 Nempe
1554 3451 1607 3505 si
1645 3452 1974 3521 corporalia

294 3536 777 3609 consideremus,
810 3540 1089 3611 tanquam
1136 3539 1528 3595 muliebribus
1577 3539 1973 3596 intermistum

294 3626 546 3701 choreis
573 3630 850 3698 putamus
883 3644 1017 3683 cum
1046 3644 1407 3701 concrepare
1428 3630 1724 3699 manibus,
1759 3632 1816 3684 et
1844 3633 1972 3684 tur-

291 3694 565 3789 Ρῖἷὸῖεῗ
573 3694 877 3788 plaudere.
911 3717 1062 3773 Nam
1092 3721 1146 3774 et
1179 3719 1251 3774 de
1266 3694 1551 3774 -Ezechiel
1582 3694 1801 3774 dictum
1831 3721 1923 3774 est
1956 3734 1969 3775 :

299 3827 326 3853 ε
365 3805 595 3863 Plaude
625 3823 823 3877 manu,
859 3810 914 3863 et
944 3808 1362 3880 percute.pede
1392 3808 1643 3879 (Ezecb.
1677 3825 1756 3879 vx,
1790 3808 1900 3881 11).

373 3892 431 3951 6.
472 3894 591 3951 Sed
638 3895 769 3952 haec
816 3912 950 3968 quae
990 3912 1279 3968 corporeo
1309 3900 1554 3969 aspectu
1583 3898 1731 3953 ﬁunt
1757 3899 1971 3969 turpia,

297 3987 714 4041 sacrosancta)
759 3985 1071 4058 religionis
1119 3986 1608 4058 contemplatione
1647 3987 1975 4051 reverenda

294 4076 447 4128 sunt
490 4072 669 4146 (78‘);
718 4077 783 4130 ut
827 4075 930 4146 qui
976 4075 1092 4131 ista
1134 4076 1596 4149 reprehendunt,
1648 4075 1764 4147 ipsi
1806 4077 1866 4131 in
1892 4075 2011 4131 la-‘

295 4178 497 4236 queos
526 4163 1017 4235 reprehensionis
1045 4165 1274 4221 animas
1320 4181 1465 4221 suas
1514 4165 1812 4222 inducant.
1863 4166 1973 4221 De-

373 4323 489 4399 (73)
529 4324 701 4399 Rom.
751 4326 903 4399 edit.
937 4342 1073 4381 cum
1112 4328 1320 4399 paucis
1367 4343 1543 4396 mss.,
1581 4348 1604 4379 ι
1650 4327 1876 4382 solatur
1906 4343 1973 4383 se

294 4396 620 4471 religionis
648 4400 707 4471 e_t
735 4396 1133 4468 simplicitatis
1160 4399 1381 4471 divitiis
1406 4413 1422 4471 ;
1458 4422 1481 4447 α
1516 4402 1634 4455 vet.
1668 4399 1805 4454 edit.
1838 4415 1974 4454 cum
2004 4442 2009 4447 .

293 4466 555 4543 reliquis
585 4468 722 4543 cod.
748 4471 812 4543 u_t
842 4466 902 4523 in
933 4473 1232 4543 contextu,
1265 4470 1384 4525 nisi
1411 4466 1574 4543 quod
1617 4486 1725 4542 pro
1770 4471 1973 4525 chari-

297 4537 473 4613 tatis,
508 4537 681 4611 Long
710 4539 906 4610 habet,
941 4537 1260 4597 castitatis.
1311 4537 1752 4613 Per-cespitem
1783 4545 1976 4596 autem

295 4610 527 4685 i_ndic_at
555 4610 807 4685 sanctus
833 4613 1039 4685 doctor
1070 4614 1352 4685 exiguum
1401 4610 1637 4684 aliquod
1687 4614 1974 4685 pgzedium

297 4681 559 4755 Paulino
584 4686 642 4736 et
658 4682 917 4755 Aconjugi
948 4684 1083 4754 ejus
1114 4676 1343 4739 aléndis
1373 4684 1475 4738 vix
1498 4676 1804 4740 idoncu’i’u.

373 4751 491 4878 ('7?
528 4751 815 4836 Paulinus
845 4751 1045 4809 natura
1075 4755 1192 4838 sibi
1217 4758 1285 4839 in
1318 4756 1603 4826 Hispania
1626 4756 1831 4826 filium,
1867 4756 1976 4839 sed

373 4840 439 4878 .m
484 4839 578 4878 em
626 4825 721 4878 die
770 4828 979 4878 octavo
1029 4841 1061 4878 e
1109 4843 1266 4878 vwrs
1307 4832 1557 4878 rentum.
1592 4826 1882 4878 Compluti
1916 4844 1976 4878 1n

297 4825 578 4898 eumdem
626 4825 721 4898 die
770 4828 979 4898 octavo
1029 4841 1061 4880 e
1103 4827 1266 4898 ,vivis
1307 4825 1557 4898 raptum.
1592 4826 1882 4898 Compluti
1916 4829 1977 4881 in

296 4896 631 5021 htaé‘tylt‘um
661 4896 915 4952 basilica
945 4897 1242 4969 sepultum
1273 4896 1412 4953 esse
1443 4899 1503 4953 in
1532 4896 1757 4969 poemf
1778 4899 1846 4953 3'2
1894 4903 1975 4954 te-

297 4983 334 5021 s
363 4985 377 5020 ι
430 4982 497 5021 ca
528 4984 618 5021 ur.

297 4968 618 5023 stiﬂcatur.

370 5038 491 5112 (7§)
527 5038 666 5112 Non
696 5038 850 5094 levis
880 5055 1074 5112 augur
1101 5040 1216 5096 hoc
1255 5041 1390 5097 loco
1438 5041 1548 5096 fuit
1595 5041 1972 5096 Ambrosius.

296 5108 538 5183 Paulini
566 5124 883 5165 secessum
912 5108 1387 5183 invidiosissime
1418 5115 1805 5168 traduxerunt
1835 5129 1976 5183 pro-

180 5184 199 5205 ‘
298 5181 426 5254 fani
456 5181 750 5254 homines,
785 5182 1280 5253 quemadmodum
1309 5185 1404 5239 vel
1435 5201 1510 5239 ex
1540 5186 1792 5240 Ausonii
1821 5181 1976 5254 cpis-

297 5253 444 5327 tolis
494 5252 568 5307 ad
598 5252 923 5327 Paulinum
970 5255 1081 5309 hac
1110 5255 1182 5310 de
1214 5271 1278 5310 re
1310 5256 1570 5327 scriptis,
1614 5272 1724 5312 nec
1753 5252 1875 5311 non
1901 5272 1975 5310 ex

298 5323 490 5396 hujus
542 5325 617 5399 ad
665 5324 832 5380 illum
878 5326 1209 5399 responsis
1241 5323 1649 5399 intelligimus.
1684 5329 1902 5383 Verum
1942 5344 1975 5382 θ

299 5396 604 5470 contrario
634 5396 999 5470 generosum
1026 5398 1171 5453 illud
1202 5396 1459 5470 hujusce
1487 5401 1631 5454 tanti
1680 5400 1791 5454 viri
1842 5415 1975 5470 pro-

296 5469 563 5539 positum
611 5469 863 5524 summis
911 5470 1187 5525 laudibus
1229 5469 1565 5526 extulerunt
1595 5469 1972 5541 Ambrosius,

299 5541 729 5614 Hieronymus,
762 5542 1141 5614 Augustinus
1174 5546 1348 5614 atque
1379 5543 1499 5614 alii.

375 5610 491 5681 (76)
532 5610 732 5683 Isidis,
767 5610 902 5683 quae
931 5610 1065 5668 aliis
1095 5612 1180 5682 Io,
1212 5610 1346 5668 aliis
1376 5613 1559 5670 Ceres
1591 5614 1825 5682 dicitur,
1861 5614 1978 5669 cul-

298 5686 403 5739 tus
453 5683 595 5739 olim
642 5685 703 5738 in
742 5683 1029 5757 Aslgypto,
1065 5685 1320 5740 maxime
1349 5689 1543 5741 autem
1577 5686 1973 5752 Alexandriae,

302 5755 661 5810 celebratur.
697 5755 848 5810 Ejus
881 5760 1051 5810 sacra
1084 5774 1218 5810 cum
1252 5758 1497 5810 Romam
1529 5759 1666 5810 inde
1696 5759 1973 5810 translata

302 5756 661 5811 celebratur.

2080 2021 2347 2094 Denique
2375 2022 2477 2077 illa
2497 2039 2630 2095 quae
2656 2022 3027 2079 saltationem
3049 2023 3394 2096 hujusmodi
3424 2025 3752 2096 reprehen-

2081 2110 2183 2181 dit,
2219 2111 2546 2166 sterilitatis
2577 2112 2868 2183 damnata,
2894 2129 3012 2168 non
3033 2113 3192 2168 dedit
3212 2112 3480 2168 sobolem
3502 2102 3748 2186 regiam,

2083 2216 2157 2255 ne
2188 2200 2486 2270 superbos
2518 2204 2748 2257 crearet
2780 2218 2793 2255 :
2827 2204 2883 2256 et
2912 2201 3071 2273 quod
3110 2216 3318 2257 verum
3367 2205 3478 2273 est,
3531 2203 3753 2259 nullam

2080 2291 2174 2344 est
2204 2288 2411 2361 adepta
2440 2288 2802 2360 posteritatis
2834 2306 2962 2345 suae
2993 2290 3458 2363 meritorumque
3507 2308 3750 2348 succes-

2080 2379 2331 2433 sionem.

2150 2467 2204 2522 8.
2245 2465 2412 2532 Quod
2444 2466 2499 2522 si
2535 2466 2670 2539 quis
2702 2466 2895 2523 adhuc
2924 2467 3170 2540 dubitat,
3204 2469 3455 2541 accipiat
3480 2469 3753 2546 Evange-

2081 2555 2261 2611 licum
2292 2557 2727 2627 testimonium;
2761 2556 2909 2613 dixit
2936 2558 3093 2613 enim
3124 2557 3229 2614 Dei
3261 2555 3451 2616 Filius
3485 2576 3498 2616 :
3539 2584 3560 2610 αι
3595 2560 3751 2617 Can-

2081 2645 2337 2701 tavimus
2367 2645 2561 2717 vobis,
2597 2650 2654 2701 et
2684 2662 2802 2702 non
2830 2647 3094 2702 saltastis
3145 2647 3387 2720 (Matth.
3432 2667 3514 2721 xx,
3566 2648 3676 2722 1⁸7).
3724 2671 3747 2702 ι

2083 2734 2359 2791 Derelicti
2391 2738 2530 2790 sunt
2557 2735 2754 2807 itaque
2784 2735 2997 2807 Judaei,
3046 2736 3147 2808 qui
3196 2753 3315 2793 non
3363 2738 3750 2810 saltaverunt,

2081 2824 2181 2896 qui
2211 2824 2555 2879 nescierunt
2582 2825 2857 2880 manibus
2889 2826 3020 2881 suis
3047 2826 3328 2897 plaudere
3352 2842 3364 2883 :
3389 2828 3593 2884 ascita;
3615 2830 3757 2884 sunt

2081 2915 2315 2987 gentes,
2369 2929 2503 2985 qum
2553 2913 2880 2985 spiritalem
2928 2914 3050 2970 Deo
3098 2915 3375 2987 plausum
3442 2916 3751 2977 dederunt.

2089 3025 2110 3050 α
2146 3002 2376 3057 Stultus
2407 3002 2564 3058 enim
2597 3002 2944 3075 complexus
2975 3006 3067 3059 est
3094 3020 3307 3059 manus
3337 3020 3502 3076 suas,
3550 3008 3609 3060 et
3648 3006 3755 3061 de-

2082 3092 2315 3147 voravit
2342 3091 2578 3165 viscera
2608 3108 2718 3147 sua
2763 3091 2991 3164 (Eccle.
3024 3109 3104 3163 1v,
3135 3092 3212 3165 5),
3261 3093 3323 3147 id
3371 3097 3482 3164 est,
3540 3109 3756 3166 corpo-

2082 3181 2308 3236 ralibus
2341 3196 2407 3236 se
2438 3180 2760 3251 implicavit
2783 3181 3062 3253 negotiis,
3095 3184 3153 3236 et
3181 3181 3487 3236 devoravit
3518 3181 3755 3238 viscera

2083 3287 2211 3342 sua,
2249 3271 2403 3325 sicut
2434 3286 2597 3341 mors
2628 3268 2992 3341 praevalens;
3041 3273 3099 3324 et
3140 3270 3273 3325 ideo
3321 3286 3440 3326 non
3494 3271 3758 3327 inveniet

2085 3362 2260 3416 vitam
2293 3363 2604 3430 aeternam;
2639 3359 2880 3430 sapiens
2902 3361 3095 3414 autem
3112 3358 3388 3414 attollens
3412 3374 3592 3431 opera
3616 3370 3755 3429 sua,

2080 3455 2146 3507 ut
2190 3451 2457 3505 lucerent
2505 3464 2705 3504 coram
2751 3448 2923 3503 Patre
2974 3463 3106 3518 suo,
3159 3447 3262 3519 qui
3308 3449 3370 3504 in
3430 3448 3598 3504 ccelis
3662 3451 3756 3504 est

2082 3540 2326 3611 (Matth.
2360 3555 2418 3609 v,
2453 3538 2573 3609 16);
2619 3553 2739 3593 non
2786 3537 3138 3607 absumpsit,
3186 3537 3293 3592 sed
3346 3537 3597 3593 elevavit
3626 3538 3755 3592 vis-

2082 3643 2220 3683 cera
2271 3643 2380 3683 sua
2429 3641 2621 3697 usque
2668 3626 2741 3680 ad
2785 3626 3246 3681 resurrectionis
3290 3625 3558 3699 gratiam.
3608 3627 3755 3682 Haec

2080 3717 2347 3790 gloriosa
2397 3715 2683 3787 sapientis
2733 3714 2986 3786 saltatio,
3039 3730 3214 3788 quam
3261 3715 3493 3770 saltavit
3525 3715 3752 3785 David;

2083 3810 2140 3863 et
2169 3806 2303 3861 ideo
2332 3820 2524 3877 usque
2555 3804 2629 3859 ad
2665 3805 2857 3868 1015
2888 3804 3093 3859 sedem
3131 3803 3355 3859 Christi
3393 3804 3753 3859 sublimitate

2082 3896 2370 3968 spiritalis
2403 3894 2733 3950 saltationis
2760 3893 3048 3964 ascendit,
3101 3896 3164 3948 ut
3193 3893 3421 3949 videret
3449 3897 3623 3966 atque
3652 3909 3755 3949 auo

2081 3987 2233 4041 diret
2278 3985 2572 4040 dicentem
2621 3983 2933 4038 Dominum
2983 3982 3232 4039 Domino
3274 3999 3386 4039 suo
3422 3999 3435 4039 :
3472 4005 3494 4031 α
3536 3983 3689 4039 Sede
3718 4001 3751 4038 a

2083 4076 2310 4132 dextris
2339 4074 2490 4129 meis
2522 4072 2711 4145 (Psal.
2746 4088 2864 4143 cxx,
2898 4072 2974 4143 1).
3020 4094 3042 4121 ι

2151 4164 2206 4220 9.
2249 4163 2410 4237 Ergo
2441 4164 2496 4218 si
2524 4178 2643 4219 non
2664 4161 2922 4218 absurde
2945 4161 3240 4218 cecidisse
3262 4162 3438 4218 nobis
3460 4160 3574 4233 ('79)
3595 4161 3747 4216 hanc

2081 4326 2504 4398 turpitudinem
2521 4323 2781 4398 expulsa
2812 4323 3050 4398 fuerunt
3088 4323 3307 4378 Pisone
3353 4324 3528 4392 atque
3576 4320 3751 4398 Gabi-

2082 4392 2398 4468 nio-coss,
2431 4397 2539 4453 sed
2567 4392 2953 4468 postmodum
2967 4395 3184 4468 iterum
3215 4399 3510 4468 revocata,
3542 4395 3606 4448 ut
3630 4392 3751 4468 _dis-

2082 4472 2273 4526 cimus
2321 4463 2397 4525 ex
2439 4463 2688 4539 Apolog.
2735 4464 3079 4539 Tertulliani
3122 4480 3250 4534 cap.
3283 4463 3337 4539 6_.
3373 4463 3506 4539 Non
3554 4463 3751 4539 solum

2081 4546 2274 4597 autem
2324 4534 2533 4611 capitis
2580 4534 2659 4611 ac
2700 4535 3174 4611 superciliorum,
3223 4534 3342 4611 sed
3362 4535 3537 4611 etiam
3565 4534 3747 4589 totius

2083 4612 2353 4684 corporis
2386 4604 2581 4684 crines
2611 4604 2992 4684 abi-edebant,
3027 4610 3087 4660 ut
3124 4607 3255 4684 deae
3303 4604 3558 4684 Osiridis
3588 4620 3746 4659 con-

1988 4684 2048 4751 D
2077 4677 2245 4757 jugis
2276 4686 2524 4757 mortem
2555 4679 2780 4757 lugenti
2811 4677 3075 4757 dolorem
3097 4679 3478 4757 testarentur
3521 4692 3695 4757 suum
3729 4692 3742 4732 :

2079 4747 2212 4828 quae
2242 4770 2343 4828 res
2374 4755 2435 4807 in
2466 4747 2648 4828 causa
2679 4750 2806 4828 fuit,
2840 4764 2947 4828 cur
2972 4747 3741 4828 Christiani-imperatores,

2078 4818 2153 4882 ne
2204 4825 2484 4879 mulieres
2530 4821 2998 4889 decalvarentur,
3051 4818 3206 4889 apud
3251 4818 3573 4873 Diodorum
3622 4819 3767 4875 Sic.’

2079 4899 2181 4951 lib.
2215 4914 2252 4965 ι,
2288 4893 2600 4966 Apuleium
2630 4888 3105 4966 Milesianca‘p.’
3128 4888 3332 4944 ultimo
3365 4889 3746 4945 Plutarchum

2079 4969 2181 5023 lib.
2217 4961 2291 5021 de
2322 4961 2485 5019 Iside
2517 4970 2576 5018 et
2612 4961 2872 5031 Osiride,
2906 4964 2963 5015 et
2991 4961 3163 5016 alios.

2152 5039 2265 5109 (ἾἾ)
2307 5035 2739 5109 Μεεεειίῳιοῑλ
2767 5056 2787 5109 ει
2824 5032 3136 5109 indignum
3161 5031 3395 5109 facinus
3417 5032 3687 5109 clamant.
3718 5055 3738 5080 ι

2154 5103 2266 5180 ('18)
2307 5103 2675 5180 Mendacium
2715 5104 2841 5180 _hic_
2870 5106 3043 5159 vocat
3083 5103 3305 5180 idolum
3364 5108 3485 5180 aut_
3528 5104 3747 5180 cultum

2084 5173 2479 5251 idoli,'phrasi
2511 5176 2917 5251 ecclesiastica
2950 5190 2963 5230 :
2999 5176 3168 5251 quod
3185 5176 3299 5231 alio
3331 5175 3566 5235 nomine
3572 5173 3746 5251 vani-

2082 5245 2260 5309 tatem
2277 5245 2602 5322 'appellant.
2636 5248 2710 5302 Ill
2754 5249 2902 5322 Reg.
2936 5245 3036 5300 xvi
3073 5245 3745 5322 :_}_’rov_ocan_tes_gpeum

2085 5329 2148 5381 in
2185 5316 2552 5379 vanitatibus
2579 5322 2726 5375 suis.
2760 5316 2917 5374 Psal.
2953 5335 3010 5372 xv
3044 5335 3055 5372 :
3099 5317 3172 5372 Ut
3196 5318 3337 5389 quid
3356 5316 3616 5387 diligitis
3642 5330 3744 5367 va—

2086 5399 2332 5452 nitatem
2395 5399 2453 5449 et
2516 5391 2788 5465 quwzjitis
2837 5388 3255 5445 mendacium?
3308 5388 3526 5465 Jerem.
3571 5401 3675 5438 vm
3709 5399 3742 5465 _:

2088 5468 2282 5535 Quare
2312 5465 2387 5521 ad
2417 5454 2786 5539 iracundiam
2817 5477 2910 5539 me
2949 5463 3430 5539 pfqvoeaverunt
3478 5457 3540 5509 in
3588 5454 3748 5510 scul-

2076 5530 2343 5613 ptilinus
2361 5536 2489 5613 suis
2518 5541 2582 5613 e_t_
2593 5530 3015 5613 vanitatibus?
3028 5531 3129 5613 ‘lta
3146 5530 3451 5613 .Nanni‘us.

2153 5612 2286 5683 (78‘)
2312 5605 2609 5683 Nonnulli
2641 5620 2790 5683 mss.
2828 5627 2850 5652 α
2885 5600 3200 5683 revelanda
3232 5600 3389 5683 sunt.
3429 5617 3452 5647 ι

2153 5668 2455 5755 (Ἶ9ἵΜεε.
2506 5677 2747 5753 aliquot,
2805 5696 2827 5726 ι
2884 5671 3179 5729 cecinisse
3228 5668 3424 5743 nobis,
3479 5689 3503 5719 ι
3555 5668 3752 5729 minus

697 5755 854 5829 Ejus
881 5760 1051 5829 sacra
1084 5774 1218 5814 cum
1252 5758 1497 5814 Romam
1529 5759 1666 5815 inde
1696 5759 1997 5815 translata
2082 5758 2393 5817 concinne.

300 5830 533 5888 essent.
568 5828 729 5888 Urbe
752 5827 999 5891 tandem
1031 5830 1104 5903 9h
1137 5829 1331 5899 cultus
1379 5845 1448 5912 ac
1490 5831 1980 5937 caeremopiarum
