3978 6168
310 268 464 381 123i

1749 319 1814 383 Β.
1859 319 2303 387 AMBROSII.

3543 342 3679 406 1232

308 516 380 571 de
411 515 721 607 saltatione
751 516 1293 607 interpretationem
1316 515 1577 591 judicas,
1614 531 1732 577 non
1764 536 1972 594 super-
2004 505 2059 569 Α
2165 533 2224 577 iv
2238 518 2383 599 (55);
2412 486 2472 581 et
2500 524 2633 581 ideo
2663 525 2923 599 lapidum
2953 528 3108 584 ictus
3139 544 3252 587 non
3278 533 3550 607 sentiebat,
3571 554 3683 595 cor-

307 605 523 660 sedeas
573 604 766 659 adhuc
812 605 1088 661 lectionis
1129 606 1333 663 labore
1374 611 1438 664 ut
1485 610 1659 665 etiam
1709 609 1782 666 de
1819 612 1972 669 Isaia

225 686 241 696 ’
305 709 538 748 mecum
583 709 928 767 recenseas,
980 695 1138 766 quod
1186 696 1337 752 bene
1381 697 1489 752 tibi
1536 700 1839 773 cognitum
1879 704 1972 757 est

302 781 469 837 illum
496 797 617 838 non
637 781 985 853 ludibriose,
1008 783 1581 857 sed'gloriosissime
1612 788 1969 844 denudatum

302 886 440 926 esse
470 871 531 925 in
565 873 889 942 conspectu
908 872 1259 943 populorum
1277 875 1737 948 occursantium,
1769 879 1969 948 utpote

303 960 405 1031 qui
449 960 689 1015 oracula
736 960 969 1015 Domini
1017 977 1119 1017 ore
1165 963 1407 1034 proprio
1453 964 1779 1020 resultabat
1825 965 1965 1036 (Isa.

300 1065 401 1119 xx,
435 1049 513 1121 2).
1708 1040 1711 1045 ἱ

374 1138 460 1192 10.
503 1136 622 1193 Sed
652 1136 804 1193 forte
836 1138 1050 1211 aliquis
1083 1139 1238 1195 dicat
1270 1157 1282 1195 :
1319 1140 1452 1196 Non
1480 1141 1662 1215 igitur
1689 1145 1814 1197 erat
1839 1146 1968 1198 tur-

296 1242 393 1298 pe,
430 1242 564 1282 cum
592 1230 656 1282 ut
682 1227 776 1281 vir
804 1227 1001 1282 nudus
1030 1244 1139 1299 per
1167 1229 1362 1283 omnia
1392 1229 1503 1284 iret
1525 1229 1637 1302 (80)
1659 1246 1766 1302 per
1783 1246 1967 1302 popu-

299 1317 427 1385 los;
464 1331 597 1371 cum
630 1316 685 1371 ei
712 1319 768 1370 et
813 1316 1006 1370 virilis
1039 1332 1225 1372 sexus
1256 1320 1313 1372 et
1342 1317 1651 1373 muliebris
1691 1334 1966 1375 occurre-

296 1406 421 1459 ret?
453 1404 586 1460 Non
616 1402 748 1475 ipsa
776 1406 1013 1476 species
1047 1404 1381 1461 offendebat
1430 1407 1638 1463 oculos
1679 1407 1960 1479 omnium,

296 1497 353 1549 et
400 1493 655 1548 maxime
702 1494 1054 1549 mulierum?
1102 1495 1313 1550 Nonne
1358 1496 1475 1566 ipsi
1522 1512 1635 1552 nos
1663 1496 1965 1569 inspicere

295 1582 490 1638 nudos
518 1583 866 1654 plerumque
897 1585 1279 1639 reveremur?
1327 1584 1593 1657 Denique
1626 1585 1849 1641 idcirco
1876 1585 1966 1640 in-

296 1671 594 1727 dumentis
635 1672 980 1742 operiuntur
1028 1673 1308 1745 genitalia
1356 1673 1683 1746 hominum,
1732 1690 1809 1730 ne
1868 1675 1967 1730 de-

300 1759 478 1814 formi
505 1760 644 1814 visu
674 1760 962 1831 obtutum,
994 1760 1300 1834 aciemque
1339 1762 1744 1836 perstringant
1773 1762 1970 1820 oculo-

196 1894 205 1899 -
298 1864 429 1904 rum
457 1848 827 1904 intuentium.

370 1937 458 1992 11.
499 1938 838 2010 Acquiesco
869 1940 926 1994 et
953 1953 1068 2012 ego
1101 1954 1113 1993 :
1146 1938 1255 1994 sed
1286 1939 1599 1995 considera
1630 1956 1763 2013 quae
1776 1941 1969 2014 ﬁgura

298 2027 376 2081 sit
425 2026 561 2081 facti
610 2025 815 2098 hujus,
864 2028 1082 2099 quidve
1128 2029 1456 2100 praetendat
1484 2029 1718 2100 species
1751 2029 1968 2103 hujus-

296 2114 487 2186 modi;
518 2130 589 2170 eo
620 2115 780 2186 quod
810 2116 887 2170 ita
916 2117 1056 2171 nudi
1089 2116 1478 2173 ambulabunt
1517 2119 1687 2188 pueri
1730 2119 1967 2176 Judeeo-

297 2219 426 2259 rum
475 2208 532 2259 et
579 2204 849 2276 virgines
896 2204 958 2259 in
999 2205 1397 2277 captivitatem
1427 2207 1664 2263 deducti
1698 2224 1710 2264 :
1749 2231 1771 2257 α
1805 2208 1971 2265 Sicut

295 2309 463 2365 puer,
496 2293 704 2365 inquit,
736 2308 907 2348 meus
938 2294 1125 2350 Isaias
1166 2295 1327 2351 vadit
1352 2296 1550 2352 nudus
1583 2300 1641 2352 et
1668 2298 1967 2353 excalcia-

296 2387 394 2438 tus
444 2383 623 2454 (Ibid.
655 2380 734 2453 3).
783 2406 805 2432 ι»
856 2383 1050 2439 Potuit
1097 2385 1336 2458 quidem
1384 2385 1498 2441 hoc
1549 2389 1608 2442 et
1653 2402 1966 2445 sermones

298 2470 651 2544 exprimere,
683 2472 793 2527 sed
822 2472 1095 2544 exemplo
1128 2474 1411 2530 acerbare
1457 2475 1570 2548 (81)
1611 2477 1853 2549 maluit;
1905 2482 1968 2534 ut

299 2562 535 2632 species
564 2560 679 2633 (82)
706 2561 838 2634 ipsa
866 2562 1003 2633 plus
1034 2562 1323 2619 incuteret
1360 2564 1653 2637 horroris,
1704 2571 1762 2622 et
1806 2568 1966 2640 quod

297 2650 359 2706 in
387 2650 693 2721 prophetae
725 2666 974 2721 corpore
1006 2652 1453 2725 aversabantur,
1484 2653 1546 2709 in
1577 2670 1645 2711 se
1684 2657 1965 2727 pertime-

301 2742 559 2795 scerent.
592 2739 660 2794 In
688 2755 805 2811 quo
836 2741 1017 2813 igitur
1047 2741 1262 2798 horror
1290 2743 1534 2816 gravior
1559 2744 1962 2818 turpitudinis,

298 2830 360 2885 in
409 2844 660 2900 corpore
707 2830 1031 2901 prophetae,
1081 2847 1156 2886 an
1198 2831 1259 2887 in
1306 2832 1669 2904 perﬁdorum
1697 2838 1961 2907 peccato,

268 2942 282 2952 ο
299 2918 460 2991 quod
487 2921 706 2974 tantam
734 2920 963 2975 meritis
992 2920 1123 2975 suis
1152 2936 1478 2977 aerumnam
1523 2922 1730 2979 incidit
1777 2925 1965 2997 capti-

300 3009 496 3064 vitatis
517 3010 546 3065 ?
716 3068 719 3071 λ

372 3096 461 3153 12.
501 3098 653 3164 Quid
683 3098 827 3155 siin
864 3099 1209 3173 prophetico
1257 3114 1506 3175 corpore
1551 3103 1698 3159 nihil
1747 3120 1966 3177 oppro-

299 3187 457 3244 brii?
505 3188 609 3243 Ille
657 3189 814 3244 enim
852 3191 1286 3265 corporalibus,
1319 3209 1439 3249 non
1466 3193 1825 3267 intendebat,
1856 3196 1965 3251 sed

302 3279 691 3351 spiritalibus.
726 3280 994 3352 Namque
1020 3281 1083 3336 in
1113 3297 1373 3339 excessu
1402 3282 1616 3339 mentis
1645 3300 1765 3339 non
1785 3285 1963 3342 dicit:

305 3394 326 3418 ιι
362 3369 613 3424 Audiam
640 3369 783 3441 quid
809 3369 1056 3442 loquar;
1095 3394 1118 3420 ιο
1155 3372 1283 3443 sed,
1320 3393 1344 3424 ι
1395 3374 1538 3446 quid
1586 3374 1858 3446 loquatur
1904 3377 1966 3433 in

300 3475 394 3516 me
426 3460 588 3515 Deus
618 3460 810 3531 (Psal.
845 3477 1087 3533 Lxxxiv,
1119 3461 1196 3533 9).
1242 3463 1450 3536 Neque
1498 3465 1744 3520 attendit
1768 3468 1965 3522 utrum

300 3553 497 3609 nudus
526 3568 602 3608 an
632 3552 884 3608 vestitus
915 3552 1011 3607 sit.
1046 3552 1312 3626 Denique
1349 3554 1537 3610 Adam
1585 3558 1718 3612 ante
1763 3573 1969 3629 pecca-

300 3648 423 3700 tum
454 3644 650 3700 nudus
681 3646 806 3700 erat
834 3642 1011 3713 (Gen.
1044 3659 1106 3714 ιι,
1136 3643 1249 3715 25),
1281 3645 1389 3699 sed
1435 3645 1658 3702 nudum
1708 3663 1776 3703 se
1820 3665 1965 3706 nes-

303 3734 513 3804 ciebat,
545 3734 683 3806 quia
735 3736 861 3789 erat
888 3732 1131 3788 indutus
1180 3733 1498 3790 virtutibus
1534 3751 1546 3790 :
1578 3739 1966 3811 posteaquam

302 3840 445 3880 vero
477 3826 785 3894 peccatum
816 3822 1131 3892 commisit,
1166 3822 1388 3877 nudum
1418 3840 1486 3879 se
1516 3840 1655 3882 esse
1695 3828 1856 3899 vidit,
1911 3833 1968 3886 et

301 3913 466 3970 texit.
498 3913 625 3967 Noe
656 3912 911 3966 nudatus
942 3914 1067 3966 erat
1094 3910 1271 3982 (Gen.
1304 3929 1386 3976 ιχ,
1418 3911 1532 3986 21),
1564 3917 1672 3971 sed
1694 3934 1812 3973 non
1834 3933 1967 3974 eru-

301 4003 605 4073 bescebat,
637 4000 775 4073 quia
803 4003 930 4055 erat
958 4000 1168 4070 plenus
1192 4000 1605 4076 jucunditatis,
1639 4009 1697 4062 et
1724 4007 1966 4078 spirita-

302 4096 379 4150 lis
404 4092 643 4148 laatitiaa.
677 4090 943 4162 Denique
974 4090 1077 4160 qui
1106 4104 1240 4145 eum
1271 4092 1406 4147 risit
1432 4095 1497 4148 ut
1544 4095 1786 4167 nudum,
1837 4097 1968 4169 ipse

300 4183 521 4240 mansit
547 4183 848 4252 perpetuen
879 4179 1174 4235 obnoxius
1215 4181 1534 4251 opprobrio
1563 4185 1963 4255 turpitudinis.

300 4275 377 4329 At
404 4289 549 4328 vero
577 4270 804 4342 Joseph
833 4285 906 4325 ne
936 4270 1184 4341 turpiter
1210 4271 1553 4345 nudaretur,
1593 4277 1821 4331 vestem
1868 4292 1967 4332 re-

300 4364 488 4436 liquit,
522 4366 581 4417 et
609 4361 805 4416 nudus
835 4360 1066 4433 aufugit
1093 4360 1271 4431 (Gen.
1304 4380 1508 4435 xxxrx,
1541 4364 1652 4437 12).
1683 4364 1828 4431 Quis
1854 4368 1967 4442 igi-

298 4458 397 4511 tur
422 4453 637 4525 turpis,
669 4450 769 4505 illa
800 4466 933 4523 qua:
982 4453 1210 4508 vestem
1256 4452 1507 4509 alienam
1551 4456 1757 4528 tenuit,
1807 4473 1882 4513 an
1911 4459 1965 4514 is

300 4543 399 4616 qui
431 4558 603 4599 suam
631 4541 837 4598 exuit?

1996 1883 2051 1949 Β

2088 614 2252 683 poris
2282 630 2401 668 non
2430 615 2845 671 considerabat
2891 617 3181 688 vulnera;
3229 621 3329 675 sed
3375 624 3543 679 oculis
3583 632 3688 683 erat

2087 701 2323 757 Christo
2352 702 2590 775 afﬁxus,
2623 705 2709 758 illi
2739 705 3097 761 adhaerebat.
3144 706 3297 781 Ergo
3324 712 3377 765 et
3402 711 3567 769 Isaias
3593 732 3686 771 nu-

2089 789 2227 845 dum
2257 806 2324 847 se
2355 808 2473 848 non
2506 792 3017 865 conspiscabatur,
3042 795 3150 852 sed
3173 796 3376 854 divina)
3388 801 3692 876 vociszorga-

2087 894 2228 934 num
2258 896 2326 934 se
2355 882 2659 952 praebebat
2686 884 2827 951 (Isa.
2859 902 2961 956 xx,
2993 883 3048 957 2)
3076 901 3091 956 ;
3138 888 3202 941 ut
3248 893 3520 958 promeret
3559 893 3692 963 quod

2086 967 2147 1023 in
2178 984 2249 1024 eo
2279 969 2631 1041 loquebatur
2659 972 2840 1028 Deus.

2170 1058 2362 1123 1016
2402 1057 2491 1115 14.
2532 1059 2649 1116 Sed
2678 1064 2806 1117 esto
2837 1065 2899 1118 ut
2945 1078 3013 1119 se
3060 1063 3302 1135 videret,
3349 1068 3555 1136 poterat
3595 1083 3693 1125 non

2086 1145 2285 1203 facere
2331 1149 2490 1220 quod
2544 1148 2909 1221 jubebatur?
2962 1152 3202 1209 Poterat
3253 1156 3413 1226 turpe
3465 1154 3699 1213 arbitrari

2086 1237 2243 1308 quod
2272 1237 2601 1309 imperabat
2638 1239 2840 1296 Deus?
2871 1239 3016 1296 Sara
3055 1242 3195 1314 quia
3239 1242 3384 1312 risit,
3426 1244 3697 1301 increduli-

2085 1326 2222 1380 tatis
2254 1330 2534 1398 coarguta
2565 1331 2658 1382 est
2685 1328 2862 1395 (Gen.
2898 1347 3064 1401 xvm,
3097 1329 3186 1401 11)
3219 1346 3232 1387 :
3268 1332 3555 1388 Abraham
3589 1333 3697 1389 lau-

2086 1414 2298 1486 datus;
2331 1415 2469 1487 quia
2496 1415 2558 1472 in
2586 1416 2772 1473 verbo
2804 1419 2912 1474 Dei
2938 1435 3057 1475 non
3098 1419 3389 1476 haesitavit
3416 1437 3428 1477 :
3461 1424 3514 1477 et
3543 1421 3698 1479 dona-

2082 1505 2181 1560 tus
2211 1504 2683 1562 remuneratione
2712 1507 2985 1580 maxima,
3023 1509 3163 1581 quia
3187 1507 3427 1580 jubente
3468 1510 3580 1567 Deo
3620 1510 3698 1581 pie

2081 1593 2468 1737 pisisemﬁiag.
2492 1594 2743 1651 credidit
2789 1597 2963 1653 etiam
3010 1598 3392 1669 parricidium
3419 1597 3527 1671 (83)
3552 1598 3697 1669 (Gen.

2152 1753 2241 1808 15.
2282 1753 2394 1809 Hic
2426 1753 2609 1827 igitur
2635 1756 2778 1828 quid
2804 1758 3182 1814 verecundiae
3211 1761 3374 1814 esset
3416 1758 3700 1830 prophetae,

2080 1842 2184 1898 ubi
2233 1842 2390 1899 aliud
2439 1843 2778 1917 gerebatur,
2826 1848 2884 1901 et
2929 1846 3088 1902 aliud
3119 1846 3522 1921 ﬁgurabatur?
3548 1846 3706 1902 ειυᾶωί

2080 1934 2321 2004 propter
2349 1932 2572 2006 ﬂagitia
2602 1949 2712 1989 sua
2740 1933 3006 1991 destituti
3035 1953 3069 1990 a
3100 1936 3350 1992 Domino
3379 1936 3519 2007 Deo,
3548 1950 3708 2007 coepe-

2080 2024 2211 2077 rant
2257 2022 2415 2077 vinci
2463 2021 2536 2077 ab
2584 2023 2949 2080 adversariis
2989 2026 3142 2097 suis,
3178 2025 3446 2082 conferre
3476 2039 3539 2080 se
3564 2024 3703 2079 vole-

2078 2110 2220 2166 bant
2249 2111 2323 2166 ad
2351 2111 2676 2185 Egyptios
2702 2129 2717 2184 ;
2750 2117 2814 2168 ut
2843 2114 2961 2169 sibi
2990 2117 3200 2170 essent
3227 2114 3503 2186 praesidio
3535 2113 3710 2169 adver-

2080 2216 2214 2256 sum
2242 2201 2551 2273 Assyrios,
2585 2203 2686 2275 qui
2714 2203 2911 2261 redire
2943 2204 3138 2278 magis
3169 2205 3246 2259 ad
3274 2204 3471 2273 ﬁdem,
3509 2203 3560 2258 si
3597 2202 3711 2257 boni

2079 2289 2478 2364 consulerent,
2512 2291 2880 2365 debuissent.
2913 2293 3104 2349 Iratus
3135 2293 3426 2349 Dominus
3450 2291 3713 2365 signiﬁcat

2075 2395 2289 2435 vanam
2318 2380 2456 2437 illos
2488 2396 2657 2453 spem
2689 2397 2899 2454 gerere
2930 2382 3033 2455 qui
3062 2380 3356 2439 offensam
3385 2381 3606 2438 Domini
3632 2396 3713 2451 pu-

2073 2471 2272 2524 tarunt
2316 2468 2543 2542 majore
2599 2473 2845 2541 peccato
2894 2470 3244 2543 levandam;
3302 2486 3437 2527 cum
3490 2470 3571 2525 illi
3618 2467 3714 2541 ipsi

2074 2559 2352 2614 vincendi
2381 2559 2593 2631 forent,
2624 2560 2684 2614 in
2713 2576 2966 2632 quorum
2994 2560 3236 2616 auxiliis
3267 2560 3519 2633 papulas
3546 2558 3718 2615 Judm-

2077 2664 2247 2705 orum
2279 2648 2602 2704 conﬁderet
2634 2664 2645 2704 ε
2680 2649 2795 2705 hoc
2826 2649 3156 2705 secundum
3186 2649 3520 2705 historiam.

2147 2736 2236 2793 16.
2277 2735 2503 2809 Figura
2530 2741 2724 2793 autem
2753 2737 2871 2809 illa,
2903 2738 3041 2810 quia
3070 2737 3132 2793 in
3161 2738 3471 2812 Egyptiis
3502 2734 3716 2792 conﬁdit

2076 2827 2177 2899 qui
2208 2825 2463 2882 luxuriis
2492 2826 2727 2883 deditus
2756 2830 2868 2898 est,
2900 2827 3275 2900 mancipatus
3306 2826 3585 2883 lasciviae.
3627 2822 3723 2879 Ne-

2078 2931 2174 2973 mo
2220 2919 2416 2973 autem
2464 2932 2532 2972 se
2576 2916 2741 2972 luxui
2792 2917 3118 2987 committit,
3170 2918 3298 2972 nisi
3338 2917 3442 2989 qui
3466 2914 3744 2985 recedita_

2076 3007 2393 3079 praeceptis
2423 3006 2529 3062 Dei
2557 3008 2705 3062 veri.
2738 3005 2855 3062 Ubi
2884 3009 3079 3062 autem
3108 3006 3363 3078 cmperit
3392 3005 3526 3079 quis
3569 3004 3722 3058 luxu-

2078 3096 2219 3151 riari
2246 3096 2453 3167 incipit
2481 3095 2718 3151 deviare
2736 3111 2781 3150 a
2811 3095 2928 3150 ﬁde
2956 3110 3119 3151 vera.
3151 3094 3242 3151 Ita
3283 3095 3403 3152 duo
3449 3090 3726 3150 committit

2078 3185 2333 3240 maxima
2380 3184 2645 3255 crimina,
2695 3184 3013 3256 opprobria
3055 3185 3283 3255 carnis,
3319 3187 3379 3240 et
3410 3182 3613 3238 mentis
3640 3194 3724 3234 sa-

2081 3274 2346 3347 crilegia.
2400 3273 2560 3347 Ergo
2605 3273 2707 3346 qui
2755 3289 2873 3329 non
2920 3274 3192 3346 sequitur
3225 3273 3540 3329 Dominum
3567 3270 3728 3325 Deum

2079 3380 2254 3421 suum
2285 3364 2609 3437 ingurgitat
2639 3378 2706 3418 se
2733 3362 2984 3419 luxuriae
3030 3378 3100 3418 ac
3144 3362 3405 3434 libidini,
3450 3357 3726 3433 pestiferis

2079 3454 2350 3525 corporis
2379 3452 2785 3525 passionibus.
2818 3451 2929 3518 Qui
2958 3454 3152 3508 autem
3182 3467 3259 3508 se
3299 3446 3730 3526 ingurgitaverit

2078 3548 2253 3617 atque
2281 3542 2638 3599 immerserit
2663 3541 3008 3613 huiusmodi
3036 3541 3375 3598 volutabris
3405 3540 3538 3611 (84),
3569 3534 3728 3608 perti-

2078 3634 2191 3690 diae
2219 3633 2467 3706 laqueos
2496 3631 2743 3686 incurrit
2777 3647 2787 3685 :
2822 3630 2987 3686 Sedit
3017 3630 3175 3686 enim
3207 3629 3475 3702 populus
3501 3623 3726 3682 mandu-

2079 3740 2217 3782 care
2263 3726 2322 3780 et
2367 3721 2573 3777 bibere
2622 3718 2840 3791 (Exod.
2872 3735 3059 3789 xxxu,
3091 3719 3169 3789 6),
3204 3723 3267 3775 et
3297 3719 3427 3775 ﬁeri
3461 3716 3574 3773 sibi
3602 3715 3727 3769 deos

2078 3812 2368 3886 poposcit.
2402 3810 2571 3867 Unde
2601 3809 2774 3865 docet
2802 3809 3089 3865 Dominus
3135 3808 3427 3881 quoniam
3479 3805 3578 3879 qui
3604 3803 3729 3859 duo-

2078 3905 2194 3959 bus
2224 3902 2360 3956 istis
2389 3899 2748 3972 flagitiorum
2775 3897 3101 3971 generibus
3123 3896 3361 3953 dederit
3379 3896 3626 3951 animam
3646 3906 3725 3946 su-

2079 4009 2194 4063 am,
2227 3991 2462 4047 exuitur
2487 3989 2850 4059 indumento,
2881 4002 3000 4043 non
3029 3985 3222 4042 vestis
3253 3985 3470 4055 laneae,
3513 3980 3619 4039 sed
3659 3978 3733 4032 vi-

2080 4082 2236 4136 vidae
2265 4078 2532 4150 virtutis;
2566 4076 2746 4150 cujus
2776 4076 3027 4131 amictus
3058 4090 3177 4131 non
3228 4072 3599 4146 temporalis,
3646 4065 3737 4123 sed

2078 4173 2339 4226 aeternus
2367 4170 2479 4224 est.
2502 4167 2665 4239 Vale,
2700 4170 2759 4222 et
2784 4181 2896 4222 nos
2925 4164 3128 4237 dilige,
3176 4164 3325 4236 quia
3355 4178 3471 4219 nos
3513 4163 3569 4216 te
3613 4156 3733 4213 dili-

2077 4261 2298 4335 gimus.

2567 4362 2936 4420 EPISTOLA
2963 4361 3093 4417 LIX
3124 4360 3265 4433 (85).

2075 4475 2368 4532 Nuntiato
2395 4470 2605 4544 Jacobi
2623 4468 2979 4544 presbyteri
3006 4482 3372 4544 secessus:
3406 4464 3666 4544 Perside
3684 4462 3747 4544 in,

2151 4545 2545 4618 Campaniam,
2580 4535 2757 4618 [ityqu
2781 4535 2974 4618 plagae
3002 4535 3736 4618 tranquillitatemjaudat,

370 4630 460 4688 13.
500 4632 617 4687 Sed
648 4634 712 4687 ut
734 4630 970 4703 plenius
999 4630 1219 4703 liqueat
1246 4631 1383 4704 quia
1412 4647 1531 4689 non
1561 4649 1649 4705 se,
1682 4649 1874 4707 neque
1896 4651 1949 4691 ei

2150 4608 2431 4694 tumdltus
2461 4608 2630 4689 queis
2650 4608 3057 4670 Mediolanum
3085 4608 3397 4684 ag'ibatur,
3443 4608 3538 4665 illi
3581 4618 3736 4679 oppo-

299 4736 434 4793 quae
477 4720 649 4793 juxta
696 4722 881 4791 pedes
931 4723 1089 4790 sunt,
1134 4721 1441 4792 propheta
1483 4723 1799 4794 aspiciunt,
1855 4725 1964 4780 sed

301 4810 602 4879 ccslestia‘;
634 4809 1004 4879 lapidabatur
1031 4809 1390 4883 Stephanus,
1422 4814 1480 4867 et
1506 4812 1744 4868 videbat
1776 4814 1963 4870 cmlos

299 4901 560 4970 apertos,
592 4899 649 4951 et
678 4898 887 4954 Jesum
917 4899 991 4954 ad
1020 4901 1321 4956 dexteram
1349 4900 1455 4956 Dei
1497 4903 1751 4960 stantem
1796 4904 1959 4975 (Act.

368 5039 481 5113 (80)
519 5040 739 5095 Omnes
769 5040 906 5096 edit.
942 5045 997 5097 et
1023 5044 1195 5114 pauci
1225 5060 1398 5116 mss.,
1436 5067 1457 5093 «ι
1491 5045 1688 5102 nudus
1719 5048 1956 5105 omnino

295 5115 484 5257 (“(83)
521 5183 768 5257 Quidam
799 5199 976 5257 mss.,
1009 5206 1053 5257 αῖ
1073 5185 1188 5257 sed,
1213 5186 1483 5257 exemplo
1512 5204 1812 5245 acervare.
1858 5215 1880 5240 ιι

362 5255 475 5328 (82)
499 5256 784 5333 Species,
818 5256 1007 5333 inquit
1038 5255 1329 5333 Nannius,
1363 5255 1556 5333 ipsius
1587 5261 1674 5315 rei
1707 5277 1955 5333 conspe-

292 5326 423 5407 ctus
455 5326 729 5407 visioque
761 5330 871 5407 cst.
905 5326 977 5381 ab
1009 5327 1248 5398 antiquo
1278 5326 1463 5384 verbo
1494 5346 1763 5406 specere,
1796 5326 1955 5407 quod

288 5401 491 5456 videre
524 5399 840 5471 significat.

360 5472 474 5544 (83)
514 5469 718 5540 Id'cst,
751 5474 813 5544 ut
842 5469 1112 5544 Nannius
1142 5471 1448 5541 observat,
1496 5472 1601 5527 ﬁlii
1648 5476 1953 5532 mactatio-

288 5542 460 5616 nem;
488 5544 685 5616 omnis
713 5543 869 5597 enim
899 5542 1113 5616 caedes
1143 5544 1205 5616 in
1254 5545 1541 5616 cognatos
1571 5545 1952 5616 parricidium

286 5615 520 5684 dicitur,
573 5618 629 5669 et
672 5614 733 5670 in
780 5630 886 5671 eos
936 5614 1306 5685 qui.titulum
1336 5614 1522 5686 patris
1553 5615 1758 5685 patriae
1785 5634 1949 5675 eme-

287 5690 657 5836 ωῗέιὸῃξᾲεε.
709 5756 951 5836 aliquot,
1017 5779 1039 5808 α
1080 5757 1459 5836 immerserit
1501 5757 1872 5836 volutabris;
1917 5785 1939 5812 η

281 5838 439 5896 unus
471 5826 665 5901 etiam,
705 5849 727 5877 «
761 5826 1120 5889 immerserit
1146 5829 1566 5907 voluptatibus.
1610 5854 1635 5884 ι

2148 4704 2319 4746 nens.

2360 4796 2704 4850 Axenosius
2734 4790 2974 4848 Ssvnao
3002 4788 3294 4873 episc0po
3328 4784 3468 4861 (86).

2150 4904 2201 4961 1.
2242 4900 2335 4958 Ex
2362 4902 2566 4958 ultimo
2597 4897 2864 4955 Persidis
2895 4896 3008 4970 (8'7)
3038 4894 3354 4969 profectus
3394 4893 3532 4950 sinu
3573 4890 3736 4946 Jaco-

2146 5045 2261 5117 (85)
2280 5042 2545 5117 Scripta
2559 5042 2716 5117 circa
2736 5057 2961 5117 annum
2988 5039 3113 5117 893.

2145 5104 2277 5190 (‘86)
2298 5104 2504 5190 Severi
2531 5109 3200 5190 Nea‘politaniepiscopi.
3237 5122 3461 5190 nomen
3509 5104 3731 5190 sancto:-

2072 5178 2203 5246 rum
2233 5178 2366 5244 albo
2397 5178 2741 5241 inscribit—ur
2768 5178 3115 5255 pridie—Kal.
3138 5178 3311 5249 "Maii,
3348 5178 3530 5255 cujus
3575 5178 3734 5231 etiam

2073 5260 2510 5334 perhonoriﬁca
2548 5251 2860 5334 mentio—ﬁt
2887 5253 3040 5334 apud
3073 5251 3530 5334 Symmachum.
3550 5259 3737 5334 quagi-

2068 5321 2162 5388 vis
2210 5332 2505 5403 ethnicum
2532 5370 2546 5398 ,
2592 5328 2830 5403 lib._v1,
2876 5321 3049 5403 epist.
3101 5321 3187 5403 5}.
3225 5322 3406 5403 Hunc
3439 5321 3734 5403 autem‘ip-

2069 5387 2202 5459 sum
2233 5418 2371 5458 esse
2401 5401 2472 5455 ad
2505 5387 2678 5459 quem
2703 5387 3097 5451 Ambrosiana
3128 5393 3262 5448 haec
3308 5390 3561 5459 epistola
3606 5387 3732 5459 des;

2065 5454 2473 5544 {iﬁ'didﬁipost
2502 5454 2819 5544 Salonium
2848 5467 3108 5544 tradidit
3144 5454 3449 5544 Ughellus
3496 5454 3733 5544 tom.

2063 5529 2256 5603 Italiae
2284 5529 2494 5614 sacrae,
2529 5557 2598 5596 ac
2630 5538 3011 5614 Bollandistae
3040 5537 3114 5614 ad
3145 5529 3532 5614 memoratam
3560 5529 3725 5598 diem;

2062 5619 2165 5674 ubi
2195 5606 2688 5690 eju_s_dem's_ancti
2715 5610 2981 5690 episcopi
3013 5609 3191 5690 vitam
3221 5606 3490 5689 edidere.
3514 5689 3537 5690 η
3563 5672 3607 5690 Α
3654 5667 3701 5690 Δ

2131 5672 2251 5760 (8⁸1)Ι
2286 5687 2495 5760 Utrum
2523 5685 2653 5740 haec
2681 5672 2863 5760 verba
2894 5672 2967 5736 d'e
2997 5680 3253 5760 quadarn
3294 5672 3721 5760 ipsiusmetfi:

2058 5747 2173 5816 nus
2202 5747 2431 5815 Persici
2461 5772 2584 5828 ora,
2619 5771 2694 5811 an
2724 5747 3144 5828 deremottore
3173 5747 3453 5809 Persidis
3481 5747 3719 5823 regione

2055 5829 2443 5909 intelligenda
2471 5824 2610 5904 sint,
2641 5841 2759 5885 non
2787 5824 2992 5902 liquet.
3034 5830 3043 5835 ”
