3978 6168
306 363 469 429 ’1233

310 565 427 621 bus
468 565 652 625 frater
680 568 738 622 et
766 566 1215 639 compresbyter
1255 569 1478 638 noster,
1513 535 1846 638 Campaniae
1871 568 1989 624 sibi
2009 551 2063 612 Α

303 655 375 710 ad
409 655 904 726 requiescendum
935 657 1151 726 littora,
1186 661 1242 710 et
1272 658 1506 711 vestras
1531 656 1710 730 elegit
1740 659 1983 713 amoeni-

306 747 476 798 tates.
527 744 806 800 Advertis
855 746 1073 817 quibus
1133 746 1191 800 in
1247 745 1398 799 locis
1457 746 1628 816 quasi
1675 746 1748 800 ab
1798 747 1980 818 hujus

308 833 512 886 mundi
560 849 808 888 vacuam
847 833 962 904 (88)
1006 834 1460 906 tempestatibus
1507 838 1822 905 suppetere
1868 836 1982 890 sibi

310 937 492 991 posse
513 923 1374 994 praesumpseritsecuritatem,
1399 923 1498 977 ubi
1516 927 1648 994 post
1670 924 1981 980 diuturnos

309 1009 548 1078 labores
576 1011 870 1082 reliquum
899 1012 1036 1066 vitae
1067 1012 1288 1084 exigat.

379 1099 434 1153 2.
469 1100 718 1154 Remota
747 1100 903 1154 enim
933 1101 1120 1155 vestri
1152 1116 1254 1155 ora
1283 1100 1498 1156 littoris
1538 1115 1657 1157 non
1708 1102 1902 1157 solum
1951 1119 1984 1157 a

306 1187 613 1258 periculis,
648 1189 757 1243 sed
787 1189 962 1244 etiam
991 1189 1065 1244 ab
1099 1189 1260 1245 omni
1297 1190 1550 1260 strepitu
1589 1191 1985 1262 tranquillita-

304 1279 423 1331 tem
454 1276 712 1332 infundit
741 1278 1047 1346 sensibus,
1081 1280 1137 1332 et
1166 1279 1420 1333 traducit
1468 1280 1698 1334 animos
1746 1295 1779 1334 a
1810 1281 1987 1335 terri-

305 1364 554 1435 bilibus,
604 1368 662 1420 et
707 1366 891 1420 saavis
940 1382 1215 1421 curarum
1261 1367 1510 1422 aestibus
1553 1368 1627 1424 ad
1675 1368 1987 1424 honestam

306 1453 565 1525 quietem
590 1469 605 1524 ;
636 1457 700 1508 ut
728 1455 872 1509 illud
905 1471 1216 1510 commune
1239 1457 1499 1510 omnium
1530 1457 1868 1527 specialiter
1884 1474 1986 1514 vo-

305 1543 401 1597 bis
434 1543 707 1598 videatur
737 1559 1070 1615 congruere
1103 1547 1160 1600 et
1189 1546 1529 1613 convenire,
1563 1547 1721 1617 quod
1759 1547 1837 1601 ait
1870 1547 1986 1600 Da-

304 1631 405 1685 vid
437 1631 510 1686 de
541 1635 748 1687 sancta
779 1632 1085 1688 Ecclesia:
1121 1655 1142 1680 α
1179 1634 1314 1703 Ipse
1358 1626 1552 1688 1017
1585 1649 1769 1704 super
1799 1635 1985 1690 maria

306 1719 577 1774 fundavit
627 1735 786 1790 eam,
837 1723 894 1775 et
939 1736 1124 1792 super
1169 1722 1408 1776 flumina
1455 1723 1812 1794 praeparavit
1857 1739 1986 1779 eam

306 1808 496 1878 (Psal.
521 1826 688 1879 χχιιι,
719 1809 796 1878 2).
835 1809 1062 1864 Etenim
1093 1809 1245 1864 liber
1266 1811 1500 1866 animus
1527 1827 1561 1866 a
1588 1812 1986 1868 Barbarorum

1373 328 1376 330 ’
1433 367 2046 434 EPISTOLARUM
2093 369 2431 435 CLASSIS
2476 373 2526 438 ι.

3610 369 3769 434 1234

2575 573 2940 631 EPISTOLA
2984 575 3111 632 le
3149 577 3282 649 (92).

2096 698 2420 778 Parnasum
2441 697 2566 755 ﬁlio
2587 706 2825 778 neptem
2843 717 2921 757 ex
2939 701 3061 757 lilia
3083 718 3323 778 uxorem
3349 705 3596 778 tradere
3617 707 3772 778 cogi-

2171 774 2391 842 tantem
2417 786 2447 823 a
2465 777 2771 842 proposito
2801 774 2928 842 ipsa
2960 775 3252 829 nominum
3286 774 3767 832 consideratione

2169 839 2561 920 deterret—151
2579 839 2702 915 legi
2714 845 2777 920 di
2788 839 2936 898 vina}
2959 861 3275 920 congruum
3300 854 3497 919 negat,
3513 849 3769 920 itemque

2163 911 2384 981 pietati
2404 929 2472 966 ac
2497 911 2796 969 Caesareis
2826 911 3351 971 constitutionibus
3370 911 3398 972 ,Τ
3419 911 3537 972 tum
3559 911 3772 975 solutis

2172 983 2519 1062 quibusdam
2530 985 3006 1062 gbjectiunculis,
3024 989 3260 1044 easdem
3279 992 3517 1062 nuptias
3535 1007 3648 1047 non
3668 1007 3771 1047 ex-

2165 1054 2382 1124 pedire
2404 1054 2732 1112 conﬁrmat.

2604 1164 2947 1222 AMBROSIUS
2981 1167 3260 1223 PATERNO

2171 1269 2222 1323 1.
2254 1270 2492 1326 Paterni
2521 1272 2759 1342 quidem
2777 1273 3036 1328 unanimi
3058 1274 3172 1329 mei
3194 1275 3604 1332 salutationem
3625 1277 3766 1349 legi,

2103 1358 2210 1413 sed
2241 1360 2731 1417 consultationem
2775 1362 2886 1432 (93)
2928 1363 3380 1435 haudquaquam
3427 1369 3769 1436 paternam;

2099 1449 2162 1501 ut
2189 1447 2340 1502 velis
2370 1448 2490 1504 ﬁlio
2520 1453 2754 1521 neptem
2786 1452 3062 1522 c0pulare
3092 1468 3165 1507 ex
3197 1453 3314 1506 ﬁlia
3341 1469 3352 1507 :
3388 1455 3495 1508 sed
3518 1470 3627 1510 nec
3658 1471 3771 1511 avo

2097 1539 2174 1606 te,
2207 1552 2317 1591 nec
2348 1541 2511 1607 patre
2533 1540 2792 1611 dignam.
2820 1541 3018 1612 Itaque
3041 1542 3180 1613 quid
3205 1543 3606 1613 consulueris,
3631 1560 3770 1600 con-
3795 1569 3806 1574 ί

2097 1625 2328 1696 sidera;
2362 1643 2532 1683 omne
2562 1629 2718 1683 enim
2750 1631 2907 1701 quod
2939 1646 3118 1702 agere
3147 1631 3444 1703 volumus,
3471 1634 3638 1704 prius
3659 1650 3770 1689 no-

2097 1731 2231 1769 men
2262 1715 2398 1770 facti
2431 1715 2565 1788 ejus
2596 1717 3054 1790 interrogemus,
3090 1723 3147 1774 et
3187 1724 3326 1775 tunc
3363 1725 3557 1776 utrum
3598 1722 3771 1778 laude

2096 1819 2170 1857 an
2202 1804 2628 1874 vituperatione
2661 1806 2909 1878 dignum
2941 1808 3038 1877 sit,
3085 1809 3536 1865 aestimabimus.
3593 1811 3773 1866 Verbi

306 1898 674 1967 incursibus,
710 1901 767 1953 et
802 1899 1145 1968 praeliorum
1174 1899 1620 1971 acerbitatibus,
1654 1904 1824 1955 vacat
1855 1917 1985 1956 ora-
2011 1925 2064 1987 B
2097 1893 2306 1964 gratia,
2357 1895 2598 1949 misceri
2645 1895 2878 1950 mulieri
2928 1897 3286 1967 quibusdam
3332 1899 3604 1969 voluptas
3657 1903 3778 1968 est,

303 1987 593 2057 tionibus,
626 1987 878 2042 inservit
907 1989 1052 2053 Deo,
1086 1992 1252 2043 curat
1289 2005 1358 2044 ea
1389 2005 1522 2061 qua
1556 1992 1696 2045 sunt
1726 1990 1980 2061 Domini,

304 2076 466 2131 fovet
495 2076 595 2130 illa
625 2092 760 2148 quae
788 2077 954 2146 pacis
988 2080 1127 2132 sunt
1149 2081 1206 2132 et
1234 2078 1696 2149 tranquillitatis.

377 2165 433 2220 3.
467 2165 593 2220 Nos
623 2168 839 2235 autem,
874 2165 1093 2237 objecti
1138 2166 1470 2222 barbaricis
1514 2167 1815 2223 montibus
1845 2168 1980 2240 (89),

306 2256 365 2309 et
393 2253 685 2309 bellorum
715 2255 1020 2325 procellis,
1054 2255 1114 2309 in
1143 2256 1337 2311 medio
1381 2272 1694 2312 versamur
1723 2258 1984 2313 omnium

307 2343 715 2398 molestiarum
739 2343 912 2414 freto,
937 2347 994 2398 et
1014 2359 1120 2414 pro
1150 2343 1248 2399 his
1277 2345 1584 2400 laboribus
1614 2349 1671 2400 et
1701 2346 1984 2416 periculis

308 2432 590 2504 graviora
619 2432 959 2504 colligimus
991 2432 1205 2488 futurae
1233 2433 1371 2488 vitae
1401 2434 1684 2505 pericula.
1711 2435 1880 2490 Unde
1912 2435 1984 2490 de

305 2521 485 2576 nobis
515 2521 927 2592 propheticum
955 2521 1101 2576 illud
1133 2523 1450 2578 concinere
1488 2524 1760 2578 videtur:
1810 2546 1832 2571 α
1867 2523 1983 2578 Pro

304 2609 614 2665 laboribus
654 2609 773 2664 vidi
805 2609 1185 2666 tabernacula
1225 2611 1575 2683 Ethiopum
1616 2612 1864 2683 (Hebae.
1897 2630 1980 2684 III,

301 2699 382 2767 π).

374 2787 430 2842 4.
459 2786 764 2842 Etenimin
785 2787 962 2842 istius
993 2789 1200 2844 mundi
1220 2790 1504 2860 tenebris,
1529 2789 1748 2862 quibus
1771 2790 1982 2846 obum-

303 2877 512 2930 bratur
562 2876 784 2931 veritas
834 2876 1048 2932 futurae
1096 2878 1525 2949 perfectionis;
1586 2895 1718 2934 cum
1765 2895 1981 2934 annum

303 2965 539 3021 tertium
570 2967 628 3019 et
672 2965 1235 3038 quinquagesimum
1279 2967 1405 3038 jam
1454 2967 1836 3038 perduxerim
1870 2969 1982 3040 (90)
2017 2981 2022 2986 '

301 3053 361 3107 in
395 3053 508 3108 hoc
539 3068 786 3124 corpore
811 3054 987 3126 situs,
1009 3055 1068 3109 in
1092 3071 1207 3126 quo
1239 3058 1356 3110 tam
1388 3073 1605 3128 graves
1631 3056 1981 3129 jamdudum

302 3141 674 3198 sustinemus
704 3143 982 3215 gemitus,
1014 3144 1308 3215 quomodo
1340 3161 1460 3200 non
1490 3147 1550 3200 in
1579 3146 1979 3202 tabernaculis

303 3231 656 3302 Ethiopum
688 3232 1006 3303 tendimus,
1051 3236 1109 3288 et
1138 3234 1472 3289 habitamus
1507 3251 1640 3290 cum
1669 3235 1980 3290 habitanti-
2013 3283 2056 3303 Α,

299 3319 419 3375 bus
449 3287 682 3376 Madian
710 3319 824 3391 (91)
853 3287 1043 3390 (ρεέι.
1079 3338 1238 3392 CXIX,
1272 3324 1326 3393 5)
1346 3287 1978 3395 mussatiiggg.
2009 3287 2062 3351 ο

299 3409 472 3465 brosi
505 3409 705 3480 operis
736 3411 1163 3466 conscientiam
1205 3411 1521 3483 dijudicari
1561 3413 1734 3468 etiam
1763 3413 1836 3468 ab
1868 3413 1979 3469 ho-

299 3498 459 3553 mine
491 3498 724 3553 mortali
757 3498 1170 3554 reformidant:
1212 3523 1232 3546 ιι
1267 3500 1559 3571 Spiritalis
1582 3503 1738 3556 enim
1771 3499 1982 3575 dijudi-

301 3592 395 3643 cat
423 3588 641 3656 omnia,
673 3588 802 3658 ipse
832 3591 1026 3642 autem
1057 3604 1090 3643 a
1123 3589 1356 3643 nemine
1379 3590 1737 3663 dijudicatur
1764 3591 1819 3662 (1
1839 3591 1975 3647 Cor.

300 3695 362 3747 ιι,
399 3676 512 3747 15).
551 3698 571 3726 η
607 3676 769 3747 Vale,
803 3675 1007 3748 frater,
1049 3681 1108 3734 et
1145 3693 1257 3734 nos
1302 3678 1504 3752 dilige,
1537 3682 1601 3734 ut
1641 3680 1809 3751 facis,
1841 3680 1977 3753 quia

302 3781 417 3822 nos
440 3768 498 3821 te
527 3764 853 3838 diligimus.

372 3909 489 3982 (88)
519 3908 798 3982 Plerique
828 3924 1001 3980 mss.,
1037 3932 1058 3956 α
1096 3910 1270 3982 quasi
1295 3910 1368 3964 ad
1398 3909 1582 3982 hujus
1630 3910 1833 3967 mundi
1872 3927 1977 3966 va-

301 3997 504 4036 cuum.
552 4000 576 4030 ι

369 4052 484 4121 (89)
519 4052 833 4122 Baronius,
862 4067 1037 4123 quem
1067 4053 1128 4107 in
1162 4052 1276 4108 hoc
1308 4052 1602 4124 Ughellus
1631 4053 1846 4124 aliique
1877 4069 1977 4110 re-

297 4125 620 4189 centiores,
674 4139 785 4177 nec
822 4139 939 4178 non
989 4124 1163 4178 etiam
1215 4124 1482 4178 Bollandi
1533 4127 1975 4180 continuatores

296 4194 490 4251 secuti
515 4196 673 4264 sunt,
699 4195 858 4249 hunc
890 4194 1084 4249 locum
1118 4195 1191 4248 ad
1231 4196 1468 4249 Maximi
1495 4197 1725 4266 tyranni
1755 4197 1976 4251 bellum

295 4267 599 4337 pertinere
620 4266 938 4334 contendit,
967 4270 1168 4321 contra
1192 4282 1334 4321 vero
1351 4271 1556 4321 auctor
1574 4267 1711 4322 vitae
1735 4269 1978 4323 Ambro-

294 4339 370 4392 sii
407 4337 726 4392 vernacula
747 4338 950 4408 lingua
973 4338 1165 4408 editae,
1191 4338 1394 4392 eadem
1416 4338 1599 4392 verba
1628 4339 1700 4392 ad
1724 4338 1975 4408 Eugenii

293 4409 619 4464 adventum
654 4409 713 4462 in
745 4409 968 4462 Italiam
999 4409 1309 4463 referenda
1338 4409 1618 4464 defendit.
1652 4408 1775 4475 Qua
1807 4408 1878 4464 de
1911 4425 1974 4465 re

297 4482 451 4535 satis
484 4479 744 4534 diximus
777 4481 836 4534 in
870 4480 1304 4534 Admonitione.

371 4551 804 4624 (90)Nonnulli
836 4567 1006 4621 mss.,
1045 4574 1065 4598 α
1107 4567 1239 4606 cum
1268 4552 1340 4604 ad
1373 4567 1660 4608 annum...
1691 4551 1816 4624 jam
1845 4568 1976 4623 pro-

291 4623 592 4678 duxerim.
633 4644 652 4670 ι

368 4693 484 4763 (91)
518 4694 690 4748 Rom.
721 4693 883 4762 edit.,
919 4715 940 4742 α
978 4708 1111 4748 cum
1149 4693 1554 4749 tabernaculis
1589 4693 1796 4750 Cedar.
1837 4715 1860 4745 »

366 4763 484 4832 (92)
513 4763 741 4835 Scripta
775 4764 932 4819 circa
963 4780 1181 4819 annum
1213 4765 1336 4820 393.

366 4835 483 4905 (93)
515 4835 647 4890 Non
696 4836 870 4906 pauci
913 4852 1086 4903 mss.,
1123 4836 1601 4901 consolationem,
1637 4837 1794 4892 haud
1824 4840 1973 4893 satis

295 4911 482 4962 recte.
518 4906 714 4977 Hujus
745 4910 938 4962 autem
979 4907 1245 4977 epistolae
1290 4910 1660 4978 propositum
1702 4909 1974 4964 Nannius

296 4979 545 5048 exponit
576 4979 635 5050 in
668 4978 824 5032 hunc
872 4979 1147 5033 modum:
1188 5002 1209 5026 εί
1252 4979 1402 5033 Olim
1445 4980 1659 5034 licebat
1702 4984 1974 5050 patruum

294 5050 474 5104 ﬁliam
507 5065 594 5122 ex,
609 5049 789 5122 fratre
821 5050 881 5103 in
913 5065 1161 5122 uxorem
1189 5050 1426 5116 ducere,
1464 5055 1525 5105 ut
1547 5049 1793 5121 patet’ex
1816 5052 1974 5122 frag-

294 5122 512 5176 mentis
549 5121 801 5189 L'lpiani,
837 5121 1012 5192 cujus
1044 5121 1226 5175 verba
1258 5122 1386 5176 haec
1416 5127 1586 5176 sunt:
1627 5142 1649 5171 α
1687 5122 1842 5176 Inter
1872 5121 1972 5176 co-

293 5196 513 5264 gnatos
546 5197 740 5246 autem
773 5206 847 5246 ex
878 5197 1224 5247 transverso
1249 5193 1435 5263 gradu
1458 5194 1595 5248 olim
1613 5193 1849 5264 quidam
1873 5209 1973 5247 us-

292 5263 410 5334 que
442 5263 514 5316 ad
547 5266 818 5333 quartum
851 5265 1097 5331 gradum
1137 5266 1504 5318 matrimonia
1555 5263 1822 5318 contrahi
1855 5281 1973 5318 non

295 5339 585 5405 poterant,
620 5350 777 5388 nunc
809 5340 1002 5388 autem
1036 5349 1109 5388 ex
1141 5337 1312 5389 tertio
1335 5337 1523 5406 gradu
1551 5335 1689 5390 licet
1719 5351 1969 5390 uxorem

294 5407 554 5473 ducere;
596 5406 648 5460 si
688 5411 882 5460 tamen
923 5406 1125 5458 fratris
1173 5406 1310 5474 ﬁlia,
1345 5423 1462 5460 non
1513 5408 1688 5461 etiam
1737 5408 1969 5460 sororis

299 5478 449 5542 tilia,
501 5480 599 5530 aut
642 5477 854 5545 amita,
897 5481 993 5530 aut
1042 5480 1388 5546 matertera,
1441 5478 1714 5548 quamvis
1761 5477 1970 5532 eodem

293 5549 481 5620 gradu
515 5550 611 5601 sit.
647 5549 772 5602 Hoc
812 5563 1030 5620 genere
1072 5549 1352 5603 connubii
1394 5551 1623 5618 primus
1657 5550 1809 5603 inter
1843 5550 1966 5603 Ro-

295 5619 502 5673 manos
537 5635 684 5673 usus
715 5623 806 5674 est
835 5621 918 5673 (ΣΙ.
953 5619 1158 5673 Caesar
1188 5621 1513 5690 Agrippina
1545 5621 1744 5674 fratris
1771 5620 1886 5673 ﬁlia
1910 5620 1968 5673 in

295 5706 542 5745 uxorem
583 5691 776 5745 ducta.
828 5714 849 5737 ι»
901 5691 1071 5745 Nunc
1117 5694 1320 5745 autem
1381 5691 1667 5745 Paternus
1721 5691 1779 5743 in
1840 5691 1969 5760 pari

295 5762 484 5833 gradu
513 5761 668 5815 idem
693 5761 798 5832 jus
829 5763 1069 5831 putavit,
1105 5762 1499 5832 quaasivitque
1531 5763 1689 5832 quod
1739 5762 1964 5815 licitum

301 5836 422 5888 erat
469 5836 696 5903 patruo,
747 5849 887 5888 num
931 5834 1085 5888 idem
1143 5834 1344 5888 liceret
1393 5834 1722 5888 avunculo:
1776 5833 1828 5888 si
1875 5834 1966 5889 in-

1997 4653 2050 4715 D

2095 1981 2458 2036 medicorum
2488 1983 2660 2038 etiam
2711 1985 2879 2054 pueri
2929 1985 3044 2056 (94)
3089 1988 3444 2057 corporibus
3492 1989 3635 2043 utile
3679 1988 3771 2044 fe-

2096 2073 2268 2125 runt:
2303 2071 2412 2127 sed
2443 2073 2939 2127 considerandum
2971 2078 3166 2129 utrum
3198 2077 3463 2149 conjugi,
3487 2093 3561 2130 an
3581 2081 3773 2132 extra-

2097 2175 2265 2230 neae;
2311 2160 2523 2216 deinde
2572 2163 2788 2231 nuptae,
2833 2177 2908 2215 an
2957 2161 3238 2234 innuptas.
3287 2164 3349 2219 Si
3389 2165 3525 2235 quis
3575 2158 3770 2221 1018

2097 2248 2457 2319 desponsata
2489 2249 2605 2303 sibi
2636 2251 2692 2303 et
2724 2250 2932 2304 tradita
2962 2253 3177 2321 utatur,
3220 2251 3569 2324 coniugium
3597 2258 3772 2310 vocat

2093 2336 2207 2408 (95)
2234 2353 2248 2406 ;
2281 2337 2382 2409 qui
2412 2337 2620 2393 alienae
2652 2341 2955 2412 expugnat
2971 2340 3279 2411 pudorem,
3314 2341 3664 2398 adulterium
3690 2344 3768 2398 fa-

2097 2425 2192 2495 cit,
2237 2425 2414 2498 cujus
2450 2426 2546 2480 vel
2591 2426 2720 2482 solo
2770 2429 3006 2482 nomine
3043 2430 3386 2498 reprimitur
3421 2431 3768 2504 plerumque

2094 2515 2356 2569 tentandi
2404 2515 2650 2570 audacia
2695 2513 2840 2587 (2'7),
2889 2532 2947 2588 q.
2995 2517 3048 2587 2,
3101 2533 3154 2571 c.
3206 2517 3350 2584 Quis
3388 2519 3765 2591 desponsata.

2097 2603 2344 2659 Hostem
2386 2605 2564 2659 ferire
2604 2605 2852 2659 victoria
2897 2610 3008 2676 est,
3051 2622 3219 2662 reum
3267 2609 3536 2680 aequitas,
3590 2610 3767 2664 inno-

2095 2695 2326 2748 centem
2374 2693 2792 2749 homicidium:
2844 2695 3005 2766 quod
3036 2695 3090 2750 si
3119 2697 3256 2768 quis
3284 2698 3606 2768 perspiciat
3638 2700 3767 2753 ani-

2065 2797 2188 2852 ,mo
2221 2782 2354 2853 (96),
2389 2785 2628 2838 revocat
2659 2798 2916 2838 manum.
2951 2783 3111 2856 Ergo
3148 2786 3323 2840 etiam
3354 2790 3415 2842 tu
3456 2787 3598 2858 quid
3629 2803 3768 2843 con-

2096 2873 2282 2942 sulas,
2315 2887 2546 2944 quaeso,
2578 2875 2774 2927 tecum
2813 2875 3122 2930 retractes.

2166 2960 2217 3016 2.
2249 2961 2610 3034 Conjugium
2640 2961 2734 3016 vis
2765 2961 2920 3017 inter
2940 2963 3096 3018 ﬁlios
3118 2968 3359 3020 nostros
3386 2981 3762 3036 componere.

2095 3051 2308 3116 Quaaro
2357 3054 2552 3106 utrum
2581 3067 2758 3121 pares
2808 3051 3144 3123 cepulandi,
3187 3070 3262 3108 an
3305 3055 3561 3124 impares
3608 3057 3769 3110 sint?

2094 3141 2230 3212 Sed,
2268 3140 2386 3196 nisi
2419 3140 2610 3207 fallor,
2645 3157 2956 3210 compares
2997 3142 3281 3212 appellari
3321 3144 3536 3199 solent.
3574 3146 3774 3199 Boves

2093 3232 2192 3302 qui
2220 3229 2424 3303 jungit
2452 3230 2524 3284 ad
2555 3234 2834 3299 aratrum,
2867 3246 3056 3302 equos
3077 3232 3150 3285 ad
3182 3248 3443 3301 currum,
3468 3249 3649 3303 pares
3675 3234 3778 3289 eli-

2093 3320 2198 3392 git,
2233 3323 2290 3374 et
2316 3323 2379 3374 ut
2409 3322 2554 3374 aetas
2587 3320 2899 3374 conveniat
2926 3325 2983 3374 et
3015 3321 3222 3390 forma,
3257 3338 3368 3377 nec
3402 3327 3609 3377 natura
3641 3324 3768 3378 dis-

2094 3412 2293 3480 crepet
2335 3409 2469 3480 (9'7),
2502 3425 2612 3464 nec
2661 3409 2963 3465 decolorat
2994 3410 3333 3466 diversitas.
3368 3413 3455 3467 Tu
3487 3414 3766 3484 copulare

2091 3516 2267 3570 paras
2312 3499 2495 3554 ﬁlium
2543 3502 2727 3569 tuum,
2760 3502 2818 3554 et
2855 3505 3090 3572 neptem
3130 3515 3205 3555 ex
3239 3502 3377 3571 ﬁlia,
3410 3502 3524 3558 hoc
3557 3505 3667 3571 est,
3703 3505 3766 3556 ut

2092 3589 2341 3666 accipiat
2361 3589 2590 3644 sororis
2610 3605 2736 3643 suae
2752 3589 2950 3659 ﬁliam,
2966 3590 3204 3645 diversa
3223 3582 3358 3645 licet
3384 3595 3567 3647 matre
3591 3608 3766 3662 quam

2089 3693 2304 3733 socrus
2365 3677 2578 3732 editus.
2643 3678 2949 3750 Interroga
3009 3681 3312 3734 nominum
3371 3681 3760 3752 religionem:

2088 3782 2299 3838 nempe
2342 3765 2673 3822 avunculus
2713 3766 2827 3822 iste
2856 3767 3038 3838 illius,
3073 3768 3172 3823 illa
3204 3769 3386 3842 hujus
3419 3770 3613 3840 neptis
3649 3770 3764 3841 (98)

2089 3913 2270 3967 castae
2299 3912 2520 3980 nuptiae
2561 3925 2677 3964 non
2717 3914 2884 3965 erant
2924 3925 3058 3964 cum
3101 3911 3306 3965 fratris
3348 3913 3485 3978 ﬁlia,
3521 3930 3637 3968 non
3670 3915 3763 3967 vi-

2087 3983 2214 4038 deri
2243 3984 2417 4038 etiam
2447 3982 2708 4036 incestas
2741 3998 2876 4036 cum
2908 3983 3142 4037 sororis
3174 3984 3311 4038 ﬁlia.
3337 3983 3505 4048 Quod
3536 3985 3597 4039 S.
3623 3986 3761 4039 Am-

2087 4054 2332 4110 brosius
2366 4054 2474 4106 hac
2504 4053 2752 4122 epistola
2783 4055 3017 4108 refellit.
3055 4074 3078 4104 ι
3125 4054 3267 4108 Haec
3309 4056 3428 4109 ille.
3465 4057 3580 4110 Sed
3614 4057 3760 4111 nihil

2088 4130 2181 4182 est
2209 4126 2268 4178 in
2298 4128 2416 4179 tota
2445 4125 2714 4195 epistola,
2739 4126 2903 4197 unde
2927 4125 3208 4197 colligere
3240 4127 3413 4181 liceat
3446 4128 3618 4180 istam
3650 4129 3758 4181 Pa-

2085 4203 2252 4252 terno
2283 4197 2474 4250 fuisse
2505 4196 2886 4251 dubitationis
2918 4196 3160 4252 causam
3186 4214 3196 4251 :
3237 4202 3438 4251 contra
3471 4214 3611 4252 vero
3637 4214 3758 4251 om-

2085 4271 2180 4323 nis
2222 4268 2416 4323 series
2456 4268 2666 4322 clamat
2705 4263 3006 4322 doctorem
3047 4273 3314 4322 nostrum
3359 4269 3514 4322 haud
3557 4270 3755 4323 minus

2086 4341 2321 4395 illicitas
2354 4340 2640 4394 habuisse
2684 4341 2920 4408 nuptias
2953 4340 3143 4408 patrui
3175 4356 3308 4394 cum
3357 4340 3559 4393 fratris
3611 4340 3751 4408 ﬁlia,

2087 4428 2261 4483 quam
2291 4411 2568 4465 avunculi
2602 4412 3020 4483 cumisororis.

2158 4483 2269 4553 (94)
2302 4483 2450 4537 Edit.
2485 4483 2704 4552 aliquot
2733 4482 2948 4548 Paris.,
2988 4502 3008 4529 ι
3048 4481 3614 4553 medicorumetiam
3646 4498 3752 4551 pe-

2085 4555 2202 4622 riti,
2243 4551 2264 4605 ὲ
2299 4571 2415 4609 ιιοιι
2448 4551 2598 4608 bene
2624 4571 2636 4617 ;
2683 4553 3046 4606 medicorum
3077 4553 3230 4604 enim
3261 4551 3430 4619 pueri
3461 4569 3491 4605 τι
3521 4552 3752 4608 Grmcis

2086 4628 2200 4697 ipsi
2231 4626 2442 4680 medici
2472 4624 2873 4694 appellantur;
2909 4625 2971 4676 ut
2992 4622 3117 4693 jam
3148 4622 3363 4676 alicubi
3397 4624 3751 4678 observavi-

2088 4714 2242 4753 mus.

2157 4769 2270 4838 (95)
2303 4769 2470 4822 Rom.
2506 4766 2642 4820 edit.
2677 4765 2824 4838 sola,
2864 4763 3206 4838 «Acronjugio
3240 4767 3444 4830 vacat;
3486 4787 3506 4813 υ
3544 4782 3752 4822 verum

2084 4836 2455 4894 nulla'causa
2487 4841 2578 4892 est
2609 4853 2714 4890 cur
2757 4837 2828 4890 ab
2869 4836 3000 4890 aliis
3031 4851 3101 4890 ac
3150 4852 3299 4890 mss.
3335 4838 3609 4892 omnibus
3652 4856 3750 4894 rc-

2086 4912 2349 4966 cedatur.

2155 4981 2266 5051 (96)
2299 4981 2448 5034 Edit.
2483 4995 2570 5033 ac.
2597 4995 2746 5034 mss.
2773 4979 3054 5040 nonnulli.
3085 5002 3106 5025 «
3144 4981 3429 5051 percipiat
3453 4983 3646 5036 animo
3673 4999 3685 5050 ;
3724 5004 3745 5031 ι.

2085 5053 2270 5119 Belv.,
2309 5074 2330 5097 σε
2368 5052 2673 5120 praecipiat
2701 5052 2928 5118 animo;
2967 5071 2988 5100 ι
3023 5051 3212 5120 Golb.,
3245 5076 3266 5099 «ι
3293 5054 3597 5123 praecipiat
3616 5056 3754 5108 ami-

2085 5139 2254 5190 cum;
2291 5145 2312 5170 ι
2349 5123 2583 5193 reliqui,
2620 5127 2680 5176 ut
2712 5123 2769 5176 in
2801 5126 2982 5177 textu.

2155 5194 2268 5265 (9'7)
2300 5194 2448 5247 Mss.
2482 5194 2722 5264 aliquot,
2762 5217 2782 5239 «ι
2819 5194 3169 5264 discopulet,
3206 5212 3313 5250 nec
3344 5196 3682 5250 discoloret.
3722 5216 3742 5240 ιι

2085 5267 2213 5319 Non
2265 5266 2522 5319 absurde
2571 5270 2764 5319 autem
2809 5271 3007 5321 monet
3053 5267 3322 5321 Nannius
3366 5266 3745 5321 Ambrosium

2082 5337 2364 5391 allusisse
2393 5337 2465 5390 ad
2498 5337 2641 5390 illud
2672 5337 2861 5392 Ovidii
2888 5355 2898 5392 :

2175 5425 2339 5482 Quam
2379 5424 2511 5473 male
2541 5426 2830 5486 inaequales
2855 5427 3073 5476 veniunt
3103 5427 3165 5474 ad
3190 5433 3357 5473 aratra
3381 5424 3618 5486 juvenci,

2239 5488 2365 5535 Tam
2396 5489 2648 5549 premitur
2675 5504 2863 5554 magno
2891 5490 3122 5551 conjuge
3151 5494 3309 5548 nupta
3333 5487 3518 5533 minor.

2152 5566 2262 5636 (98)
2294 5567 2665 5648 Observabat
2696 5569 3084 5648 Casaubonus
3109 5570 3172 5648 in
3195 5568 3575 5648 Spartianum
3606 5584 3740 5648 pag.

2080 5639 2132 5705 6,
2169 5655 2326 5692 num.
2363 5640 2446 5706 1'2,
2481 5657 2688 5694 vocem
2725 5644 2919 5710 neptis
2940 5641 3012 5692 ab
3047 5638 3361 5710 Ambrosio
3396 5638 3452 5710 in
3486 5638 3592 5690 hac
3617 5638 3743 5707 epi-

2081 5710 2230 5764 stola
2266 5712 2516 5778 positam
2557 5716 2612 5764 ct
2651 5728 2756 5781 pro
2795 5708 2902 5764 lilii
2937 5710 3050 5762 ﬁlia
3083 5709 3267 5781 vet-eri
3300 5708 3655 5778 significato,
3689 5716 3745 5763 et

2079 5797 2186 5850 pro
2220 5781 2336 5835 ﬁlia
2370 5782 2573 5836 fratris
2624 5779 2843 5836 recenti
2891 5779 3294 5847 usurpatione,
3336 5794 3469 5850 qua:
3513 5781 3746 5835 tandem

2080 5853 2206 5908 sola
2238 5853 2481 5908 invaluit
2511 5853 2663 5922 apud
2698 5851 2874 5906 Italos
2915 5855 2970 5908 ct
3001 5851 3223 5908 Gallos.
3259 5851 3547 5908 Addimus
3579 5868 3742 5907 vero.
