4070 6180
326 275 482 344 1235

1775 282 1840 347 S.
1887 284 2329 353 AMBROSII.

3480 295 3737 363 '1236

320 482 584 538 vocatur.
620 481 745 538 Nec
773 481 902 553 ipse
932 485 989 539 te
1019 487 1259 540 revocat
1275 500 1463 541 sonus
1486 485 1825 556 nominum;
1857 502 1992 542 cum
2020 469 2069 531 Α
2175 487 2229 543 6.
2262 488 2560 562 Multaque
2589 493 2747 560 sunt,
2781 506 2915 563 quae
2947 490 3086 549 licet
3132 493 3347 564 facere,
3380 494 3484 550 sed
3513 511 3623 551 non
3648 512 3737 553 ex-

321 570 419 625 hic
448 588 623 626 avum
666 576 925 643 resonet,
960 572 1058 628 illa
1103 574 1217 629 hoc
1249 590 1462 630 nomen
1490 576 1562 630 ad
1609 575 1990 646 avunculum,

320 661 478 733 quod
518 660 592 715 ad
630 677 805 716 avum
835 662 1358 729 referat?'Quanta
1395 664 1607 720 deinde
1641 666 1816 719 etiam
1848 665 1994 721 reli-

319 763 573 824 quorum
603 750 875 806 confusio
893 752 1318 808 vocabulorum
1338 754 1366 808 ?
1386 754 1545 808 Idem
1565 770 1715 809 avus
1739 760 1795 810 et
1816 770 1995 810 socer

317 839 633 910 vocabere,
679 855 749 894 ea
778 855 1014 912 quoque
1043 842 1148 895 tibi
1196 843 1391 912 neptis
1439 844 1496 897 et
1527 859 1715 898 nurus
1746 843 1989 899 diverso

322 928 556 983 nomine
596 930 1049 999 nuncupabitur.
1081 930 1502 987 Mutuabuntur
1552 933 1727 987 etiam
1771 933 1987 987 fratres

320 1016 557 1071 diversa
578 1018 886 1088 vocabula,
908 1023 969 1073 ut
989 1019 1084 1073 illa
1099 1036 1312 1075 socrus
1330 1020 1528 1075 fratris
1547 1020 1647 1091 sit,
1667 1022 1779 1076 iste
1803 1037 1993 1092 gener

322 1106 575 1161 sororis.
598 1106 798 1162 Nubat
817 1108 1109 1164 avunculo
1132 1125 1242 1164 suo
1264 1110 1480 1180 neptis,
1505 1112 1561 1165 et
1583 1110 1989 1165 immaculato-

320 1211 452 1250 rum
480 1196 797 1269 pignorum
828 1197 1085 1253 charitas
1108 1198 1463 1255 illecebroso
1484 1215 1686 1254 amore
1708 1202 1986 1255 mutetur.

393 1284 447 1339 3.
482 1284 673 1356 Super
703 1286 815 1341 hoc
836 1287 1019 1358 igitur
1046 1303 1236 1342 meam
1267 1304 1299 1342 a
1327 1291 1533 1344 sancto
1552 1290 1679 1344 viro
1710 1289 1992 1359 episcopo

321 1377 526 1429 vestro
550 1377 882 1445 exspectari
902 1377 1254 1431 sententiam
1276 1376 1449 1433 dicis.
1473 1378 1607 1434 Non
1628 1378 1839 1448 opinor
1856 1378 1990 1447 (99),

320 1477 515 1533 neque
551 1463 827 1519 arbitror.
861 1464 1010 1519 Nam
1042 1466 1095 1519 si
1126 1466 1202 1520 ita
1233 1471 1417 1537 esset,
1451 1469 1509 1522 et
1545 1467 1675 1537 ipse
1712 1463 1990 1522 scriben-

324 1552 463 1605 dum
502 1555 811 1623 putasset;
858 1569 978 1609 non
1025 1555 1344 1610 scribendo
1392 1558 1586 1611 autem
1634 1556 1995 1628 signiﬁcavit

324 1639 483 1711 quod
531 1654 904 1712 nequaquam
949 1642 1088 1697 hinc
1146 1644 1531 1700 dubitandum
1586 1644 1990 1700 arbitraretur.

322 1728 474 1794 Quid
511 1728 670 1783 enim
702 1731 813 1799 est,
848 1731 1006 1802 quod
1036 1732 1291 1787 dubitari
1321 1736 1525 1806 queat;
1557 1749 1692 1788 cum
1721 1733 1818 1788 lex
1846 1733 1995 1788 divi-

2106 576 2303 648 pedit;
2354 579 2550 634 omnia
2593 580 2749 634 enim
2803 579 3001 652 licent,
3044 582 3152 637 sed
3193 598 3309 638 non
3360 583 3659 654 expediunt
3695 586 3743 654 (1

2110 666 2246 722 Cor.
2280 684 2359 735 VI,
2394 666 2520 738 12):
2564 668 2759 723 omnia
2789 668 2987 740 licent,
3023 670 3130 726 sed
3178 687 3297 727 non
3349 671 3645 728 aedificant.
3689 674 3746 731 Si

2106 770 2250 829 ergo
2282 756 2456 811 etiam
2485 756 2558 811 ab
2592 756 2665 810 iis
2698 773 2809 813 nos
2839 762 3081 814 revocat
3110 761 3455 831 Apostolus,
3489 777 3614 833 quae
3641 778 3744 819 non

2107 843 2419 915 aedificant,
2473 846 2770 917 quomodo
2821 847 3154 903 faciendum
3193 852 3488 919 putamus,
3520 851 3666 922 quod
3699 855 3748 907 et

2106 948 2224 987 non
2254 933 2390 988 licet
2410 933 2565 1005 legis
2589 932 2850 1005 oraculo,
2876 938 3071 992 etnon
3101 937 3373 1009 aediﬁcat,
3399 938 3745 1009 discrepante

2105 1022 2339 1092 pietatis
2378 1024 2630 1080 ordine?
2689 1024 2759 1079 Et
2812 1027 3008 1080 tamen
3057 1026 3158 1080 illa
3197 1026 3326 1097 ipsa
3363 1030 3593 1098 vetera,
3632 1045 3748 1100 qum

2107 1111 2340 1166 fuerant
2380 1111 2639 1184 duriora,
2673 1116 2994 1185 temperata
3042 1117 3180 1177 sunt
3227 1131 3331 1186 per
3381 1115 3749 1188 Evangelium

2107 1199 2341 1255 Domini
2371 1200 2518 1258 Jesu
2543 1218 2555 1257 :
2595 1224 2617 1250 «ι
2651 1202 3041 1273 Transierunt
3054 1208 3276 1276 vetera,
3300 1220 3443 1261 ecce
3465 1205 3612 1261 facta
3628 1212 3757 1263 sunt

2105 1304 2259 1342 nova
2294 1312 2315 1337 ιι
2352 1289 2439 1359 (II
2456 1289 2591 1346 Cor.
2623 1308 2684 1359 v,
2718 1292 2827 1356 17).

2176 1395 2230 1451 Ἳ.
2264 1394 2413 1461 Quid
2443 1400 2558 1452 tam
2589 1399 2857 1454 solemne
2888 1415 3060 1470 quam
3096 1400 3367 1455 osculum
3406 1400 3560 1456 inter
3587 1417 3758 1457 avun-

2108 1484 2305 1539 culum
2334 1490 2390 1541 et
2419 1490 2652 1557 neptem
2682 1486 2780 1558 (2),
2815 1488 2975 1559 quod
3021 1488 3136 1543 iste
3178 1490 3351 1560 quasi
3402 1489 3541 1545 filim
3578 1489 3755 1560 debet,

2106 1573 2238 1629 haec
2268 1574 2441 1645 quasi
2483 1576 2759 1646 parenti?
2791 1576 2917 1632 Hoc
2964 1577 3148 1649 igitur
3197 1576 3510 1634 inoil‘ensm
3541 1578 3758 1650 pietatis

2106 1663 2378 1718 osculum
2407 1668 2756 1735 suspectum
2777 1666 2963 1721 facies
2984 1667 3056 1721 de
3078 1666 3298 1722 talibus
3323 1667 3641 1740 cogitando
3660 1685 3758 1724 nu-

2103 1752 2263 1823 ptiis,
2296 1754 2355 1807 et
2401 1752 2928 1827 religiosissimum
2972 1758 3413 1812 sacramentum
3455 1757 3652 1813 charis
3678 1757 3759 1831 pi~

321 1834 399 1872 na
429 1816 602 1872 etiam
631 1818 931 1888 patrueles
962 1820 1178 1876 fratres
1206 1821 1283 1893 (1)
1321 1822 1633 1893 prohibeat
1671 1824 1991 1878 convenire

2113 1840 2398 1914 gnoribus
2427 1842 2673 1914 eripies.

296 1907 382 1962 ‘in
412 1906 792 1979 cong'ugalem
822 1910 1111 1981 copulam,
1144 1911 1247 1982 qui
1296 1912 1409 1967 sibi
1447 1915 1656 1984 quarto
1690 1912 1995 1967 sociantur

276 2014 289 2028 κ
322 1994 557 2067 gradu?
601 1995 715 2050 Hic
761 2001 956 2053 autem
1003 1999 1228 2071 gradus
1272 2000 1480 2056 tertius
1523 2003 1634 2070 est,
1678 1999 1780 2071 qui
1819 2001 1994 2055 etiam

323 2083 485 2139 civili
507 2082 643 2154 jure
672 2101 705 2139 a
737 2088 1037 2143 consortio
1091 2088 1359 2162 conjugii
1407 2092 1691 2160 exceptus
1738 2089 1990 2146 videtur.

394 2173 448 2228 4.
490 2172 609 2229 Sed
655 2174 822 2246 prius
871 2192 1061 2233 sacrae
1110 2178 1265 2252 legis
1315 2179 1463 2234 scita
1515 2178 1993 2252 interrogemus;

322 2262 647 2333 prmtendis
678 2263 836 2320 enim
883 2265 946 2321 in
992 2266 1111 2323 tuis
1158 2267 1390 2339 litteris,
1429 2269 1587 2341 quod
1634 2268 1995 2340 premissum

323 2351 438 2407 hoc
469 2351 670 2408 divino
696 2352 834 2424 jure
866 2356 1227 2411 connubium
1258 2356 1602 2428 hujusmodi
1640 2357 1993 2430 pignoribus

323 2440 715 2513 existimetur,
751 2458 821 2498 eo
852 2444 1008 2515 quod
1042 2460 1160 2500 non
1190 2445 1267 2499 sit
1305 2445 1687 2516 prohibitum.
1723 2446 1850 2519 Ego
1885 2463 1993 2502 au-

316 2520 443 2586 tem
474 2532 532 2586 et
549 2532 912 2602 prohibitum
940 2548 1151 2589 assero
1178 2550 1192 2605 ;
1225 2535 1363 2606 quia
1395 2550 1528 2589 cum
1558 2534 1781 2591 leviora
1810 2536 1994 2592 inter-

324 2618 479 2674 dicta
518 2619 637 2675 sint
669 2621 742 2675 de
780 2622 1147 2692 patruelibus
1186 2623 1473 2679 fratribus
1497 2665 1512 2695 ,
1578 2616 1771 2680 1019
1811 2626 1993 2682 multo

324 2708 519 2781 magis
534 2709 648 2764 hoc
670 2710 828 2782 quod
848 2711 1121 2767 arctioris
1135 2714 1229 2768 est
1247 2712 1486 2784 plenum
1503 2715 1993 2787 necessitudinis,

323 2796 702 2852 interdictum
749 2798 1022 2855 arbitror.
1067 2799 1178 2865 Qui
1237 2802 1393 2856 enim
1439 2802 1661 2859 leviora
1718 2806 1997 2878 astringit

326 2884 604 2958 graviora
628 2902 752 2942 non
782 2887 980 2960 solvit,
1015 2890 1123 2945 sed
1153 2889 1375 2964 alligat.

396 2974 450 3028 5.
482 2974 649 3040 Quod
671 2977 726 3032 si
745 2976 878 3034 ideo
899 2979 1260 3050 permissum
1281 2983 1474 3053 putas,
1498 2983 1634 3054 quia
1658 2983 1995 3055 specialiter

326 3077 446 3117 non
475 3066 569 3119 est
586 3066 978 3139 prohibitum;
1009 3084 1120 3124 nec
1150 3070 1295 3126 illud
1324 3069 1684 3141 prohibitum
1717 3088 1993 3129 sermone

325 3151 481 3225 legis
503 3156 789 3227 reperies,
811 3172 884 3212 ne
904 3160 1071 3229 pater
1087 3157 1265 3214 filiam
1279 3176 1449 3216 suam
1463 3160 1709 3232 accipiat
1724 3178 1990 3219 uxorem.

327 3241 608 3315 Nunquid
646 3245 778 3300 ideo
811 3245 969 3317 licet,
1002 3247 1139 3320 quia
1174 3263 1292 3303 non
1321 3251 1414 3304 est
1441 3250 1849 3321 prohibitum?
1882 3252 1993 3306 Mi-

326 3331 521 3403 nime;
569 3332 946 3390 interdictum
990 3340 1086 3392 est
1121 3337 1278 3393 enim
1307 3341 1531 3395 naturaa
1554 3338 1713 3411 jure,
1746 3341 1993 3396 interdi-

327 3423 484 3478 ctum
514 3426 607 3478 est
634 3423 789 3495 lege,
823 3441 956 3497 quae
1006 3430 1098 3482 est
1143 3427 1204 3482 in
1247 3427 1527 3484 cordibus
1578 3429 1989 3503 singulorum:

325 3511 703 3569 interdictum
740 3517 833 3569 est
871 3515 1197 3571 inviolabili
1242 3517 1693 3589 praescriptione
1732 3518 1990 3590 pietatis,

327 3600 493 3655 titulo
539 3603 1025 3660 necessitudinis.
1057 3604 1282 3671 Quanta
1331 3606 1677 3679 bujusmodi
1720 3609 1992 3665 invenies

327 3704 447 3746 non
466 3705 606 3746 esse
626 3692 937 3749 interdicta
956 3694 1090 3768 lege
1118 3711 1226 3768 per
1251 3696 1499 3768 Moysen
1516 3697 1690 3768 edita,
1714 3702 1771 3753 et
1799 3700 1994 3755 tamen

326 3779 636 3837 interdicta
667 3786 807 3839 sunt
834 3784 1087 3856 quadam
1116 3800 1263 3841 voce
1301 3789 1527 3842 natura
1552 3785 1565 3841 l

325 3926 648 4001 prmsulem
677 3930 965 4001 nostrum,
1000 3928 1149 4001 dum
1168 3929 1470 3985 nominum
1517 3929 1993 3986 consideratione

368 4000 698 4070 ropositum
728 3999 1074 4072 conjugium
1121 4000 1447 4071 dissuadet,
1490 4000 1775 4057 imitatum
1804 4002 1994 4057 videri

412 4072 645 4144 phoclis
672 4089 741 4128 ac
771 4071 1017 4127 Seneca
1059 4072 1403 4144 tragmdias,
1436 4073 1497 4126 in
1544 4074 1764 4144 quibus
1794 4073 1993 4144 (Edipi

329 4159 466 4199 cum
496 4143 734 4199 Jocasta
763 4146 947 4199 matre
978 4143 1346 4215 conjugium,
1379 4143 1703 4213 propositis
1733 4143 1992 4200 afﬁnita-

326 4217 451 4283 tum
480 4230 615 4285 quae
662 4215 758 4270 hic
789 4215 1318 4285 confundebantur,
1353 4215 1682 4283 vocabulis,
1707 4231 1992 4271 exsecra-

326 4286 485 4369 t'inone
516 4286 761 4369 dignum
801 4287 1155 4369 ostenditur.
1195 4286 1460 4369 Priorem
1500 4288 1746 4369 consule

337 4357 605 4441 Tyranni
624 4358 827 4415 ultimo
849 4361 1004 4430 actu,
1025 4359 1419 4430 posteriorem
1442 4360 1637 4413 autem
1668 4357 1995 4414 Thebaidis

326 4444 538 4500 primo.

338 4546 347 4559 .
400 4502 513 4572 (99)
543 4501 762 4557 Omnes
811 4501 973 4571 edit.,
1024 4523 1046 4548 «
1099 4500 1433 4571 exspectari
1482 4501 1833 4556 sententiam
1875 4516 1994 4555 non

327 4569 576 4652 opipdq;
609 4594 634 4652 ρ
672 4588 880 4652 omnes
897 4569 1129 4652 _mss._e
1156 4569 1477 4652 contrario,
1503 4577 1564 4626 ut
1586 4587 1696 4652 nos
1720 4572 1991 4652 in-textu.
2016 4574 2065 4634 D
2108 4569 2207 4652 alii
2231 4584 2378 4652 .quo

396 4645 476 4714 (1)
513 4642 624 4709 Qui
664 4660 739 4699 ex
777 4644 1011 4699 duobus
1060 4643 1343 4701 fratribus
1391 4645 1735 4712 nascuntur,
1780 4642 1994 4714 fratres

326 4716 646 4786 patrueles,
680 4730 1042 4786 sororesque
1063 4715 1359 4785 patrueles
1377 4714 1761 4784 appellantur.
1786 4713 1995 4770 Cicero

326 4787 612 4857 )rPhilip.
644 4788 761 4843 Sed
783 4789 940 4842 enim
963 4788 1016 4841 si
1047 4786 1197 4857 alter
1225 4787 1304 4840 sit
1343 4786 1669 4855 masculus,
1702 4786 1885 4841 altera
1916 4787 1995 4841 sit

327 4856 573 4929 femina,
604 4859 703 4929 qui
722 4875 797 4914 ex
817 4858 1052 4913 duobus
1086 4856 1391 4927 fratribus,
1416 4858 1545 4929 sive
1571 4857 1754 4912 altero
1789 4857 1989 4927 fratre,

293 4961 307 4971 ο
327 4928 458 4984 sive
478 4928 659 4984 altera
675 4945 881 4984 sorore
904 4932 1250 4996 nascuntur,
1266 4943 1434 5000 aeque
1457 4928 1671 4983 fratres
1692 4929 1992 4999 patrueles

326 5002 633 5071 vocantur,
674 5017 708 5054 a
746 5000 1018 5071 digniore
1065 5002 1467 5069 transsumpta
1516 5000 1991 5071 signiﬁcatione;

326 5075 384 5128 et
413 5071 504 5127 sic
535 5072 709 5126 etiam
741 5072 981 5125 maritas
1012 5085 1316 5141 vocamus,
1353 5087 1486 5126 cum
1521 5074 1578 5127 et
1608 5086 1870 5139 uxorem,
1907 5071 1994 5124 vi-

324 5159 575 5216 rumque
607 5142 740 5216 ejus
788 5142 1195 5216 intelligimus.
1230 5143 1313 5198 Ita
1348 5143 1646 5216 Nannius.
1699 5142 1992 5216 Caeterum

325 5232 459 5288 qua)
478 5213 587 5270 lex
616 5213 814 5288 divina
845 5214 943 5270 hic
970 5213 1264 5270 indicetur
1312 5214 1385 5269 ab
1432 5213 1771 5284 Ambrosio,
1813 5213 1989 5267 nobis

326 5287 441 5343 non
475 5287 757 5343 sucurrit.

396 5360 474 5431 (“2)
506 5359 790 5415 Romanis
814 5358 952 5414 olim
971 5358 1155 5413 moris
1176 5358 1387 5426 fuisse,
1409 5359 1472 5412 ut
1493 5356 1729 5431 cognati
1763 5370 1989 5431 cogna-

322 5426 415 5485 tas
428 5426 726 5507 suasmisi
739 5431 788 5507 si
804 5447 938 5502 quae
957 5431 1202 5507 famosae
1216 5433 1401 5507 θηηιῇ
1422 5426 1628 5507 osculo
1643 5426 1987 5507 salutarent,

323 5518 400 5556 ex
419 5503 705 5560 Cicerone
728 5497 1008 5559 observat
1027 5503 1324 5557 Adrianus
1356 5499 1691 5567 Turnebus,
1719 5497 1819 5551 lib.
1844 5514 1992 5551 xxxx

322 5574 685 5649 Adversa“
728 5590 858 5649 cap.
904 5574 993 5629 27.
1218 5642 1229 5649 _
1314 5641 1353 5649 __
1449 5642 1480 5649 η
1530 5639 1563 5649 η

395 5644 473 5715 (3)
503 5639 816 5700 Paternum
848 5645 1002 5700 hunc
1035 5642 1268 5716 magnis
1299 5639 1686 5769 dignitatibus
1719 5640 1987 5693 ornatum

395 5717 517 5769 isse
546 5717 757 5769 isthaec
787 5716 1088 5769 Ambrosii
1129 5713 1312 5769 verba
1402 5711 1680 5767 eclarant.
1714 5710 1984 5769 Quapro-

323 5710 517 5776 fuis'se
546 5717 757 5777 istheec
787 5716 1088 5773 Ambrosii
1129 5710 1312 5773 verba
1361 5710 1680 5769 declarant.
1714 5710 1984 5781 Quapro-

2176 1948 2229 2002 8.
2262 1946 2381 2004 Sed
2411 1949 2466 2004 si
2495 1949 2695 2005 divina
2723 1951 2780 2005 te
2809 1953 3187 2021 praetereunt,
3223 1952 3440 2008 saltem
3467 1953 3758 2026 imperatoo

2104 2052 2237 2092 rum
2274 2041 2592 2110 prmcepta,
2633 2054 2667 2093 a
2721 2039 2941 2111 quibus
2998 2040 3439 2111 amplissimum
3496 2044 3762 2114 accepisti

2105 2125 2388 2182 honorem
2405 2126 2502 2198 (3),
2528 2127 2982 2201 haudquaquam
3004 2130 3311 2200 praeterire
3336 2132 3393 2186 te
3426 2131 3761 2188 debuerunt.

2106 2214 2256 2269 Nam
2284 2215 2661 2271 Theodosius
2691 2218 3012 2288 imperator
3031 2219 3206 2274 etiam
3234 2219 3543 2290 patrueles
3565 2220 3763 2277 fratres

2104 2306 2163 2359 et
2194 2304 2589 2361 consobrinos
2619 2307 2805 2361 vetuit
2845 2306 3001 2362 inter
3046 2322 3116 2362 se
3158 2307 3433 2382 conjugii
3464 2311 3763 2366 convenire

2104 2392 2359 2464 nomine,
2391 2396 2449 2449 et
2492 2392 2941 2450 severissimam
2987 2411 3222 2466 poenam
3267 2399 3499 2469 statuit,
3552 2399 3605 2453 si
3642 2399 3765 2468 quis

2104 2484 2393 2538 temerare
2413 2499 2601 2539 ausus
2619 2486 2784 2540 esset
2803 2483 3052 2540 fratrum
3071 2485 3167 2556 pia
3182 2487 3441 2559 pignora
3462 2502 3478 2557 ;
3501 2491 3561 2543 et
3589 2490 3767 2544 tamen

2104 2569 2191 2625 illi
2219 2570 2472 2626 invicem
2511 2572 2627 2627 sibi
2671 2571 2934 2644 aequales
2983 2578 3159 2629 sunt:
3207 2577 3615 2633 tantummodo
3644 2577 3767 2649 quia

2103 2660 2557 2732 propinquitatis
2586 2663 3030 2717 necessitudine
3063 2665 3121 2718 et
3164 2662 3447 2721 fraternae
3478 2666 3766 2721 societatis

2104 2747 2365 2821 ligantur
2408 2750 2666 2821 vinculo,
2717 2750 2917 2821 pietati
2958 2766 3064 2807 eos
3106 2751 3294 2808 voluit
3332 2753 3581 2827 debere,
3624 2756 3767 2828 quod

2104 2837 2224 2892 nati
2255 2842 2410 2893 sunt.

2174 2944 2229 3000 9.
2254 2944 2370 3026 Sed
2406 2945 2559 3001 dicis
2589 2945 2765 3002 alicui
2797 2948 3124 3004 relaxatum
3145 2949 3245 3022 (4).
3268 2950 3496 3006 Verum
3529 2951 3642 3008 hoc
3660 2952 3768 3024 legi

2105 3046 2222 3090 non
2239 3035 2624 3108 praejudicat;
2657 3037 2812 3109 quod
2844 3041 2999 3093 enim
3031 3039 3093 3094 in
3124 3055 3440 3098 commune
3472 3041 3552 3111 (5)
3573 3041 3768 3096 statui-

2103 3126 2218 3194 tur,
2251 3124 2307 3179 ei
2325 3126 2545 3179 tantum
2568 3126 2821 3197 prolicit,
2847 3126 2944 3181 cui
2966 3127 3288 3183 relaxatum
3309 3128 3584 3199 videtur;
3605 3130 3767 3207 longe

2020 3210 2070 3271 Ο
2106 3213 2343 3268 diversa
2392 3213 2632 3269 invidia.
2671 3215 2820 3271 Illud
2852 3219 3044 3271 tamen
3077 3217 3214 3272 licet
3245 3217 3305 3272 in
3336 3218 3543 3275 Veteri
3572 3218 3767 3273 'l'esta-

2104 3305 2300 3358 mento
2334 3302 2615 3375 legimus,
2646 3307 2710 3359 ut
2749 3304 2965 3377 aliquis
3005 3322 3251 3362 uxorem
3296 3323 3473 3362 suam
3514 3322 3767 3364 sororem

2103 3391 2363 3461 diceret;
2421 3392 2579 3447 istud
2634 3392 2988 3465 inauditum,
3052 3398 3114 3450 ut
3166 3395 3489 3468 quisquam
3550 3399 3767 3469 neptem

2104 3496 2273 3535 suam
2304 3480 2363 3534 in
2396 3496 2638 3537 uxorem
2679 3483 2948 3555 accipiat,
2983 3486 3040 3539 et
3072 3484 3392 3557 conjugem
3425 3486 3602 3542 dicat.

2189 3596 2384 3663 1020
2416 3606 2503 3661 10.
2536 3606 2665 3661 Jam
2684 3607 2826 3662 illud
2848 3607 3331 3680 pulcherrimum,
3356 3611 3521 3683 quod
3552 3610 3769 3685 negasti

2104 3698 2339 3766 neptem
2367 3698 2526 3750 tuam
2555 3696 2847 3753 avunculo
2878 3704 2989 3753 suo
3020 3701 3119 3753 tuo
3152 3698 3272 3755 {ilio
3311 3700 3646 3774 propinquo
3676 3714 3768 3755 se-

2104 3783 2247 3839 mini
2275 3783 2353 3855 (6)
2384 3784 2741 3857 couvenire;
2781 3787 2920 3858 quia
2949 3802 3067 3842 non
3098 3787 3439 3859 agnationis
3473 3788 3770 3861 copuletur

2102 3929 2235 3999 pter
2273 3942 2390 3982 non
2420 3926 2678 4001 absurde
2719 3926 3054 4001 coniectant
3090 3929 3131 3984 ii
3163 3929 3263 4001 qui
3303 3931 3580 3987 eumdem
3623 3930 3768 3987 hunc

2105 4013 2246 4071 esse
2273 4001 2510 4071 putant,
2557 3999 2631 4054 ad
2680 3999 2876 4071 quem,
2928 4016 3061 4056 cum
3109 3999 3277 4056 titulo
3323 4003 3562 4058 comitis
3609 4002 3762 4058 Sacr.

2105 4069 2329 4142 Largit.
2362 4070 2651 4125 destinata
2682 4069 2775 4126 est
2803 4071 2900 4126 lex
2932 4072 2997 4126 14
3026 4071 3349 4128 Theodosii
3379 4074 3457 4129 de
3487 4073 3763 4138 Metellis,

2105 4141 2335 4224 necnon
2367 4141 2633 4224 epistolae
2666 4143 2925 4224 quinque
2956 4142 3529 4224 Symmachiinejus
3558 4145 3706 4224 libro
3732 4159 3765 4196 v

2106 4213 2531 4285 inscribuntur.
2559 4213 2790 4285 Excidit
2807 4213 2981 4285 porro
2996 4231 3129 4285 quae
3151 4215 3246 4269 hic
3260 4213 3574 4284 indicatur,
3590 4216 3766 4270 Theo-

2105 4284 2260 4356 dosii
2282 4284 2650 4356 constitutio:
2686 4286 2793 4340 sed
2825 4284 2959 4356 ejus
2992 4284 3206 4340 mentio
3240 4286 3303 4340 ﬁt
3332 4286 3392 4341 in
3441 4287 3670 4342 duabus
3701 4287 3764 4339 ﬁ-

2104 4355 2318 4410 liorum
2348 4354 2483 4426 ejus
2512 4355 2769 4427 legibus,
2803 4354 3051 4427 quarum
3091 4357 3291 4426 altera,
3326 4373 3462 4427 quas
3506 4361 3601 4413 est
3636 4357 3671 4411 3
3698 4356 3765 4412 de

2104 4426 2361 4500 incestis
2381 4426 2622 4500 nuptiis,
2659 4427 2733 4482 ab
2764 4426 3018 4481 Arcadio
3047 4426 3162 4482 lata
3184 4432 3295 4494 est,
3315 4426 3521 4500 altera,
3545 4450 3568 4479 ι
3589 4428 3649 4484 Si
3670 4444 3765 4482 nu-

2103 4498 2240 4583 ptiae
2272 4513 2349 4553 ex
2390 4498 3187 4583 rescripto‘petanturhI-‘ab
3234 4498 3521 4583 llonorio':
3565 4500 3677 4555 Sed
3714 4500 3764 4583 et

2108 4569 2207 4623 alii
2262 4584 2378 4640 quo
2426 4584 2498 4623 ue
2546 4568 2816 4639 ejusdem
2868 4569 3285 4639 prohibitionis
3344 4571 3762 4626 meminerunt:

2106 4585 2717 4722 nimirumiiba‘ni‘us,
2752 4644 2897 4722 erat.
2931 4640 3338 4722 dgAngaﬂis,
3361 4642 3516 4722 edita
3533 4640 3761 4722 a‘Gode-

2105 4711 2271 4766 fredo
2298 4727 2312 4775 ;
2338 4711 2589 4782 August.
2612 4711 2712 4765 lib.
2738 4728 2816 4765 xv
2838 4711 2925 4766 De
2951 4712 3082 4766 Civ.
3108 4712 3239 4780 Dei,
3267 4727 3395 4782 cap.
3423 4713 3519 4782 16;
3549 4711 3758 4767 Paulus

2105 4782 2256 4837 diac.
2291 4782 2392 4837 lib.
2426 4799 2546 4847 xm,
2580 4785 2637 4837 et
2665 4783 2785 4837 alii.

2176 4853 2253 4927 (4)
2285 4854 2661 4927 HocAscilicet
2690 4852 3084 4927 objiciebatur
3113 4869 3144 4927 e
3168 4854 3336 4908 citata
3361 4854 3494 4927 lege
3528 4851 3755 4927 Honorii

2104 4924 2280 4996 cuius
2310 4924 2490 4996 verba
2520 4928 2676 4996 sunt,
2715 4948 2737 4972 ιι
2774 4925 3040 4994 exceptis
3074 4925 3169 4979 his
3187 4941 3408 4996 quos...
3430 4924 3755 4996 supplicare

2102 5011 2221 5067 non
2252 4995 2467 5067 vetuit.
2491 5017 2527 5067 »δέ
2549 4995 2745 5067 Hujus
2795 4999 2955 5067 certe
3003 4995 3386 5051 relaxationis
3426 4995 3756 5067 exemplum

2102 5066 2289 5157 babae
2321 5065 2477 5157 εἱρυὲ
2504 5064 3164 5157 εγξιξῖηειειξξιπηειὲἓξξι-
3195 5066 3472 5157 eest-13
3523 5064 3630 5157 εξςρ
3675 5064 3751 5157 ἱὲε

2101 5137 2287 5191 Jureti
2328 5138 2652 5192 Auctuarii.
2706 5138 2850 5193 Vide
2897 5138 3169 5193 similiter
3214 5137 3488 5194 Cassiod.
3539 5138 3636 5193 lib.
3682 5150 3753 5188 vn

2113 5207 2345 5262 Variar.
2381 5207 2554 5263 form.
2585 5209 2673 5263 46.

2170 5279 2247 5349 (5)
2283 5279 2470 5333 Paris.
2524 5295 2795 5351 quaenam
2844 5278 3005 5351 edit.,
3058 5303 3078 5327 ιι
3124 5280 3183 5335 in
3247 5278 3680 5344 communione;
3726 5298 3744 5322 -

2101 5350 2230 5405 aliae
2263 5354 2320 5405 et
2354 5350 2557 5405 cuncti
2578 5367 2749 5420 mss.,
2789 5374 2810 5398 α
2837 5350 2896 5404 in
2919 5366 3248 5405 commune.
3279 5376 3301 5399 ι»
3331 5351 3544 5407 Verum
3561 5350 3748 5403 neutra
3802 5410 3809 5417 ,

2098 5438 2213 5479 vox
2245 5421 2391 5477 satis
2422 5422 2876 5491 probaturhnisi
2905 5423 3088 5476 verbo
3111 5423 3402 5477 statuitur
3429 5421 3752 5493 praeitigatur

2097 5493 2353 5572 negatio.
2386 5493 2599 5547 lterum
2629 5498 2841 5572 autem,
2878 5493 2979 5548 ubi
3012 5509 3220 5572 omnes
3250 5491 3446 5572 _edit.,'
3470 5513 3492 5543 ι
3529 5491 3746 5572 diversa

2096 5562 2342 5636 injuria;
2381 5587 2401 5613 ι
2439 5579 2514 5619 ex
2545 5562 2999 5619 omnibus'mss.
3034 5564 3424 5635 restituimus,
3464 5586 3484 5611 α
3527 5562 3742 5617 diversa

2094 5637 2335 5691 invidia.
2377 5661 2397 5683 η

2167 5708 2243 5777 (6)
2264 5709 2482 5764 Omnes
2504 5707 2642 5763 edit.
2671 5724 2681 5762 :
2713 5729 2734 5756 α
2760 5707 3093 5781 propinquo
3118 5706 3380 5778 semine;
3412 5731 3430 5756 ο
3455 5720 3594 5761 mss.
3617 5713 3740 5756 vero
