3978 6168
241 278 402 342 1237

237 479 706 536 necessitudine.
729 481 913 547 Quasi
931 499 1074 539 vero
1111 486 1167 539 et
1200 485 1414 540 uterini
1433 484 1670 554 fratres,
1705 487 1763 542 id
1794 489 1906 542 est.
1928 468 1985 534 Α

238 568 481 622 diverso
531 574 715 640 patre,
767 572 872 626 sed
919 573 1122 627 eadem
1164 577 1347 629 matre
1389 575 1592 646 geniti,
1637 578 1909 645 posssint

238 657 482 713 diverso
507 674 657 714 sexu
679 659 832 714 inter
855 677 920 716 se
940 662 998 716 in
1021 663 1369 735 conjugium
1389 665 1738 720 convenire:
1775 682 1908 720 cum

235 750 294 800 et
324 747 441 816 ipsi
483 749 816 819 agnationis
852 750 956 820 jus
989 751 1207 806 habere
1240 769 1358 807 non
1389 756 1624 823 queant,
1661 754 1768 808 sed
1802 770 1906 809 co-

235 836 538 906 gnationis
571 841 791 892 tantum
825 839 941 892 sibi
969 840 1135 894 titulo
1167 842 1420 895 connexi
1455 843 1593 896 sint.

311 924 398 977 11.
427 924 592 978 Unde
621 929 848 996 Oportet
869 928 942 982 ab
979 944 1047 982 ea
1088 929 1365 984 discedas
1409 931 1748 1001 intentione,
1774 948 1908 1003 quas

234 1012 468 1067 etiamsi
499 1013 720 1083 liceret,
748 1017 940 1070 tamen
963 1020 1122 1072 tuam
1161 1018 1440 1072 familiam
1480 1035 1596 1074 non
1620 1037 1909 1092 propaga-

234 1104 363 1156 ret:
399 1101 572 1157 debet
600 1104 755 1158 enim
787 1105 892 1160 tibi
933 1106 1093 1162 filius
1124 1111 1329 1162 noster
1365 1110 1440 1178 (Ἳ)
1483 1114 1751 1179 nepotes,
1800 1110 1906 1165 de-

231 1189 335 1244 bet
356 1191 530 1245 etiam
552 1193 746 1263 neptis
786 1193 1141 1250 charissima
1181 1202 1561 1268 pronepotes.
1599 1198 1739 1254 Vale
1772 1214 1907 1254 cum

232 1279 356 1333 tuis
389 1280 686 1337 omnibus.

734 1371 1102 1428 EPISTOLA
1143 1374 1272 1442 LXI
1307 1374 1405 1443 (8).

231 1457 359 1513 Cur
379 1459 716 1516 Mediolano
736 1464 1081 1528 secesserit,
1105 1479 1172 1517 ac
1197 1471 1428 1518 mature
1468 1465 1670 1519 eodem
1698 1467 1903 1521 redie—

303 1531 408 1598 rit,
428 1531 750 1608 declarato,
766 1535 1100 1608 gratiisque
1112 1535 1237 1608 Deo
1251 1541 1500 1608 prapter
1513 1551 1676 1606 Opem
1703 1537 1902 1592 THEO-

303 1617 473 1679 D_OSlO
482 1605 816 1673 praestitum
831 1605 1013 1679 actis,
1031 1605 1314 1679 voluntati
1327 1605 1590 1677 ejusdem
1604 1608 1902 1679 principis

303 1673 721 1749 obsecuturum
735 1691 802 1729 se
810 1675 1146 1749 polﬁeetur.
1177 1673 1366 1749 Cujus
1379 1673 1664 1748 pietatem
1678 1673 1902 1736 sum—me

303 1746 735 1815 commendans,
765 1752 824 1800 ut
854 1746 1167 1802 clementia
1199 1746 1398 1802 utatur
1419 1751 1592 1820 petit.

463 1837 804 1892 Auaaosws
837 1835 1171 1892 Tuaonosm
1203 1837 1546 1908 imperatori
1570 1837 1668 1909 (9).

303 1923 355 1978 1.
382 1923 717 1978 Arbitratus
740 1939 827 1994 es,
851 1924 1198 1981 beatissime
1239 1927 1573 1998 imperator.
1612 1930 1897 1999 quantum

223 2027 306 2067 ex
336 2014 612 2084 angustis
667 2013 878 2068 litteris
903 2013 1018 2068 tuis
1041 2016 1322 2086 comperi,
1347 2031 1439 2070 me
1472 2017 1649 2089 longe
1680 2016 1897 2072 abesse

221 2102 304 2156 ab
328 2101 473 2156 urbe
494 2102 1023 2158 Mediolanensium
1051 2120 1064 2172 ;
1098 2105 1235 2174 quia
1256 2120 1355 2159 res
1375 2107 1506 2160 tuas
1530 2105 1834 2160 crederem
1864 2122 1898 2160 a

222 2189 354 2245 Deo
374 2191 611 2246 destitui
631 2189 762 2261 (18).
783 2191 898 2246 Sed
917 2207 1034 2246 non
1057 2208 1169 2264 ego
1189 2193 1267 2248 ita
1289 2193 1655 2265 imprudens,
1672 2197 1768 2250 aut
1782 2197 1898 2250 vir-

223 2280 374 2335 tutis
409 2282 466 2335 et
496 2280 837 2334 meritorum
872 2283 1104 2335 tuorum
1136 2282 1445 2338 immemor
1474 2282 1656 2353 abfui,
1689 2286 1750 2338 ut
1781 2299 1900 2340 non

221 2385 659 2442 praesumerem
689 2369 932 2425 cmleste
962 2370 1246 2426 auxilium
1275 2372 1475 2442 pietati
1509 2375 1622 2427 tua)
1673 2372 1895 2439 adfore,

219 2473 347 2530 quo
373 2458 700 2513 Romanum
721 2459 1029 2529 imperium
1053 2477 1085 2514 a
1107 2460 1342 2514 barbari
1365 2460 1610 2515 latronis
1640 2462 1901 2516 immani-

219 2549 345 2602 tate
379 2549 435 2601 et
461 2546 534 2601 ab
568 2549 940 2618 usurpatoris
971 2547 1201 2621 indigni
1245 2550 1396 2604 solio
1427 2550 1786 2606 vindicares.

300 2635 353 2690 2.
374 2635 674 2691 Festinavi
697 2636 1056 2708 igiturillico
1094 2639 1311 2693 reverti
1343 2637 1479 2709 (11),
1513 2643 1898 2712 posteaquam

219 2724 414 2794 illum,
475 2740 651 2796 quem
712 2724 849 2797 jure
909 2725 1324 2782 declinandum
1378 2731 1720 2798 putaveram
1776 2728 1899 2800 jam

218 2814 448 2869 abesse
487 2815 778 2885 cognovi;
820 2831 939 2869 non
979 2816 1134 2870 enim
1167 2831 1281 2888 ego
1321 2815 1654 2871 Ecclesium
1685 2817 1901 2872 Medio-

219 2903 536 2958 lanensem
571 2903 995 2974 derelinquam,
1043 2904 1275 2959 Domini
1304 2903 1534 2975 judicio
1567 2904 1708 2960 mihi
1739 2921 1897 2960 com-

216 2993 512 3047 missam:
549 2992 655 3046 sed
687 2991 821 3062 ejus
850 2993 1105 3047 vitabam
1139 2993 1538 3063 praesentiam,
1572 2995 1673 3065 qui
1696 3010 1762 3050 se
1795 3010 1896 3049 sa-

219 3081 473 3152 crilegio
503 3081 848 3136 miscuisset
877 3081 1010 3151 (12).
1067 3081 1233 3136 Redii
1267 3082 1464 3153 itaque
1515 3083 1751 3138 circiter
1784 3083 1897 3138 Ka-

219 3170 433 3225 lendas
473 3169 798 3241 Augustas,
843 3185 916 3224 ex
954 3170 1054 3225 illo
1094 3171 1188 3225 die
1229 3170 1325 3226 hic
1365 3171 1583 3227 resedi.
1629 3172 1738 3226 Hic
1778 3188 1891 3242 me,

214 3261 516 3331 Auguste,
569 3259 896 3314 clementiae
929 3263 1044 3314 tuae
1077 3261 1276 3330 apices
1295 3263 1661 3330 repererunt.

296 3349 349 3404 3.
374 3348 605 3404 Gratias
627 3349 871 3404 Domino
905 3349 1026 3403 Deo
1066 3351 1292 3418 nostro,
1326 3349 1427 3420 qui
1457 3349 1594 3404 fidei
1627 3352 1741 3405 tuae
1773 3350 1896 3421 pie-

212 3439 443 3510 tatique
477 3438 819 3509 respondit:
847 3439 904 3493 et
941 3437 1191 3492 formam
1222 3437 1440 3492 veteris
1479 3438 1734 3493 restituit
1757 3453 1892 3494 san-

210 3527 603 3597 ctitatis(13);
637 3533 698 3582 ut
727 3527 1067 3582 videremus
1100 3531 1306 3582 nostro
1336 3529 1620 3597 tempore,
1645 3529 1803 3599 quod
1832 3529 1892 3584 in

212 3616 660 3686 Seripturarum
709 3617 960 3671 lectione
1002 3617 1304 3684 miramur,
1330 3619 1548 3672 tantam
1585 3617 1643 3670 in
1665 3617 1892 3688 praeliis

209 3705 404 3760 divini
435 3705 638 3761 auxilii
677 3706 868 3762 fuisse
907 3706 1308 3776 praesentiam,
1351 3710 1414 3760 ut
1452 3706 1600 3760 nulli
1630 3707 1889 3762 vertices

211 3795 507 3850 montium
529 3795 816 3850 adventus
839 3795 922 3850 tui
947 3811 1190 3849 cursum
1212 3794 1601 3865 retardarent,
1638 3811 1755 3851 non
1787 3795 1891 3850 ho-

213 3884 379 3940 stilia
411 3900 570 3939 arma
599 3883 1080 3955 impedimentum
1109 3882 1348 3955 aliquod
1376 3881 1674 3938 afferrent.

211 4029 452 4100 partim,
494 4027 853 4100 «prepinqui
893 4026 1104 4082 semini
1128 4043 1204 4100 ί»
1248 4026 1478 4096 partim,
1516 4049 1537 4075 ι
1573 4027 1888 4099 prepinqui

213 4098 484 4168 semine;
521 4098 555 4148 i
579 4098 675 4154 alii
708 4098 943 4154 demum
975 4098 1330 4170 complures,
1375 4120 1396 4144 «
1431 4100 1760 4170 propinquo
1794 4098 1890 4154 se-

215 4171 385 4225 mini.
409 4195 430 4219 »
448 4171 812 4227 Atcontinuo
835 4175 970 4242 post
987 4169 1684 4242 rcumflegereturiniedit’.
1713 4170 1882 4225 Eras.

211 4248 276 4297 et
295 4243 477 4314 seq..)
505 4266 525 4291 ι
555 4240 890 4313 agnationis
912 4240 1421 4314 eilegitimOjure,
1438 4241 1555 4314 sed
1575 4243 1884 4314 cognatio-

213 4316 314 4370 nis
339 4311 666 4384 copuletur,
697 4336 718 4359 ι»
737 4311 1126 4384 etc.,Amerb.
1145 4327 1278 4366 cum
1291 4311 1566 4366 omnibus
1581 4311 1728 4366 mss.
1745 4311 1884 4368 effe-

215 4389 377 4452 runt,
415 4390 475 4440 ut
506 4388 567 4439 tn
597 4390 782 4438 textu.

287 4456 369 4527 (7)
417 4456 566 4511 Mss.
619 4455 862 4527 aliquot,

211 4533 367 4668 ek(33)
399 4598 630 4668 Scripta
663 4599 823 4652 circa
852 4613 1069 4651 annum
1096 4596 1220 4652 394.

282 4670 484 4750 (9)_Ita
525 4669 713 4750 codex
757 4670 906 4750 Reg.
935 4669 1132 4750 incdit:
1169 4671 1362 4750 autem
1390 4669 1594 4750 Rom”.
1616 4691 1636 4714 α
1669 4669 1881 4750 Λαερ-

212 4739 490 4797 stisSimo
549 4739 887 4812 imperatori
935 4739 1270 4794 Theodosio
1319 4739 1675 4794 Ambrosius
1723 4739 1882 4810 epis-

253 4829 350 4866 us.
381 4836 404 4859 ιι

209 4830 404 4953 Ρυδδζ
437 4906 458 4929 α
490 4881 636 4947 Quia
673 4897 772 4937 res
805 4885 937 4937 tuas
987 4881 1246 4950 destitui,
1286 4903 1306 4930 α
1361 4881 1473 4936 hoc
1503 4880 1878 4953 desideratur

204 4956 263 5010 in
295 4952 432 5009 eod.
472 4955 644 5025 Reg,
678 4954 784 5008 sed
815 4969 949 5008 cum
978 4953 1246 5025 videatur
1284 4952 1593 5025 sententiae
1634 4953 1881 5025 integri-

203 5027 307 5082 tati
363 5023 790 5088 necessarium,
826 5027 882 5079 ct
929 5025 1076 5078 satis
1121 5024 1460 5094 frequenter
1507 5024 1566 5078 in
1597 5023 1876 5094 mittendo

203 5102 458 5170 peccent
495 5096 736 5161 librarii,
778 5097 906 5150 loco
928 5093 1300 5170 movendum
1340 5093 1878 5170 neuti_quam_duxi-

201 5166 362 5224 inus.
391 5169 464 5221 At
495 5183 635 5221 vero
668 5167 939 5237 sequenti
973 5183 1152 5220 versu
1187 5182 1292 5237 pro
1328 5190 1348 5213 α
1393 5167 1468 5220 ita
1499 5166 1813 5235 impudens
1851 5189 1872 5213 η

200 5243 406 5311 aptius
439 5255 470 5291 e
503 5254 648 5292 mss.
685 5236 1033 5311 restituitur,
1057 5261 1092 5311 _«
1133 5237 1214 5311 Ita
1244 5236 1608 5311 imprudens,
1649 5261 1670 5284 η

271 5312 395 5380 (11)
424 5311 572 5380 Reg.
599 5309 804 5371 codex.
837 5332 857 5355 σε
906 5307 1207 5380 Festinavi
1241 5310 1549 5362 rcvcrti....
1577 5307 1879 5362 declinan-

200 5379 344 5437 dum
371 5386 734 5450 putaveram,
761 5381 1088 5434 Mediolano
1112 5379 1313 5434 abisse
1333 5395 1752 5451 cognoveram.
1785 5403 1806 5424 ι·

273 5454 394 5520 (12)
431 5451 760 5521 Eugenium
793 5452 1089 5522 significat
1121 5455 1253 5519 post
1277 5466 1628 5522 concessam
1660 5451 1883 5522 instau-

203 5519 378 5579 randi
403 5519 733 5601 sacrilegas
759 5519 1122 5601 paganorum
1147 5522 1534 5601 caeremonias
1577 5521 1872 5601 licentiam

197 5591 1074 5672 adventfiiitem_Mcdio'laniim,
1139 5593 1208 5672 de
1269 5607 1386 5663 quo
1444 5592 1702 5645 adventu
1742 5591 1876 5672 vide

199 5669 380 5737 epist.
412 5666 502 5734 5'7,
539 5666 612 5721 ad
641 5665 914 5720 eumdem
945 5662 1302 5736 Eugenium,
1333 5678 1588 5734 quisque
1629 5676 1739 5717 nos
1758 5662 1880 5716 illic

918 4478 939 4502 α
991 4454 1097 4509 tibi
1126 4455 1245 4508 tilia
1292 4458 1348 4508 et
1379 4454 1538 4509 filius
1589 4458 1815 4523 noster,
1856 4477 1876 4504 ι

1398 284 2012 351 EPISTOLARUM
2069 288 2406 352 CLASSIS
2433 290 2481 353 Ι.

1916 4569 1972 4633 1)
1994 4569 2097 4650 ἷίέ

3537 292 3692 358 1238

2104 491 2135 552 1
2152 490 2290 554 021
2329 499 2380 555 4.
2400 501 2516 556 Pro
2541 501 2636 556 his
2679 503 2900 574 gratias
2939 519 3031 559 me
3073 519 3289 559 censes
3313 518 3491 576 agere
3515 519 3690 577 epor-
3707 544 3736 551 κ

2017 589 2141 642 tere
2177 589 2423 644 Domino
2447 590 2568 645 Deo
2599 595 2802 647 nostro
2829 608 2840 647 :
2878 593 3088 647 faciam
3116 593 3371 648 libenter
3402 595 3687 650 conscius

2018 677 2208 731 meriti
2230 677 2332 731 tui.
2357 679 2593 733 Certum
2613 684 2704 734 est
2756 683 3028 751 placitam
3070 683 3192 737 Deo
3233 699 3371 738 esse
3408 682 3684 755 hostiam,

2018 783 2150 837 qua)
2180 770 2381 821 vestro
2431 767 2674 823 offertur
2711 771 2967 840 nomine,
3003 774 3059 825 et
3090 772 3203 827 hoc
3244 775 3477 843 quantae
3507 774 3686 830 devo-

2016 855 2196 910 tionis
2228 859 2281 910 et
2313 856 2450 910 ﬁdei
2473 862 2564 911 est
2596 858 2706 927 (1-1)
2734 858 2745 914 Ι
2779 859 2894 913 Alii
2925 859 3313 930 imperatores
3343 861 3404 915 in
3444 863 3687 918 exordio

2016 944 2280 999 victoriae
2312 961 2489 999 arcus
2522 947 2909 1017 triumphales
2941 950 3136 1018 parari
3164 949 3393 1020 jubent,
3449 956 3545 1005 aut
3578 951 3689 1006 alia

2017 1034 2278 1106 insignia
2310 1036 2736 1106 triumphorum
2767 1053 2778 1091 :
2807 1039 3114 1094 clementia
3148 1044 3245 1094 tua
3277 1041 3530 1094 hostiam
3564 1041 3687 1100 Deo

2014 1127 2199 1193 parat,
2225 1123 2577 1180 oblationem
2596 1130 2651 1180 et
2673 1127 2999 1197 gratiarum
3039 1128 3329 1184 actionem
3360 1146 3465 1200 per
3488 1145 3690 1185 sacer-

2019 1211 2186 1266 dotes
2220 1211 2509 1268 celebrari
2542 1215 2788 1269 Domino
2819 1216 3139 1272 desiderat.

2088 1299 2140 1355 5.
2176 1301 2303 1356 Etsi
2332 1318 2444 1374 ego
2475 1303 2758 1375 indignus
2811 1308 2983 1376 atque
3024 1307 3211 1376 impar
3258 1311 3416 1363 tanto
3457 1310 3688 1365 muneri

2017 1390 2073 1444 et
2091 1392 2382 1445 tantorum
2405 1395 2674 1446 votorum
2719 1395 3043 1449 celebritati
3070 1411 3082 1450 :
3119 1400 3312 1451 tamen
3345 1397 3488 1468 quid
3519 1397 3685 1452 fece-

2016 1477 2124 1531 rim
2143 1479 2365 1533 scribo.
2388 1480 2713 1551 Epistolam
2738 1484 2972 1552 pietatis
2992 1486 3108 1539 tuae
3151 1501 3384 1540 meeum
3405 1487 3476 1540 ad
3499 1487 3682 1544 altare

2016 1565 2219 1634 detuli,
2253 1567 2442 1636 ipsam
2472 1569 2638 1624 altari
2661 1571 2941 1642 imposui,
2974 1573 3168 1642 ipsam
3208 1575 3441 1646 gestavi
3481 1592 3678 1646 manu,
3768 1641 3773 1654 _

2013 1670 2147 1708 cum
2169 1654 2441 1710 offerrem
2461 1659 2821 1714 sacrificium
2847 1677 2862 1731 ς
2895 1665 2955 1715 ut
2987 1662 3136 1716 fides
3167 1667 3264 1717 tua
3294 1663 3354 1717 in
3385 1679 3513 1719 mea
3535 1681 3683 1721 voce

2009 1742 2371 1814 loqueretur,
2407 1749 2464 1799 et
2493 1746 2711 1816 Apices
2743 1749 2999 1819 Augusti
3025 1751 3413 1806 sacerdotalis
3446 1753 3720 1809 oblatio--

1929 1843 1982 1906 Β
2010 1831 2106 1885 nis
2138 1848 2381 1887 munere
2414 1833 2824 1905 fungerentur.

2079 1920 2133 1990 6,
2159 1921 2311 1976 Vere
2331 1922 2616 1977 Dominus
2639 1924 2931 1994 propitius
2955 1928 3048 1981 est
3084 1928 3332 1998 imperio
3375 1929 3640 1986 Romano
3665 1949 3680 2003 ;

2008 2011 2484 2081 quandoquidem
2504 2012 2679 2066 talem
2701 2014 3028 2084 principem
3052 2020 3110 2070 et
3144 2022 3444 2086 parentem
3468 2021 3682 2090 princi-

2007 2114 2146 2168 pum
2168 2099 2384 2170 -elegit,
2411 2099 2587 2171 cujus
2630 2103 2821 2156 virtus
2854 2108 2909 2156 et
2933 2108 3196 2173 potestas
3219 2105 3277 2159 in
3308 2109 3467 2161 tanto
3491 2108 3678 2178 impe-

2003 2187 2077 2240 rii
2107 2188 2422 2242 constituta
2455 2189 2709 2245 culmine
2740 2191 3098 2260 triumphali,
3155 2197 3312 2247 tanta
3344 2195 3421 2249 sit
3451 2196 3679 2250 humili-

2003 2279 2119 2330 tate
2134 2276 2407 2346 subnixa,
2429 2279 2490 2330 ut
2511 2278 2726 2332 virtute
2749 2278 3157 2349 imperatores,
3183 2281 3510 2339 humilitate
3526 2286 3679 2341 vico-

2003 2364 2078 2418 rit
2099 2365 2462 2420 sacerdotes.
2486 2364 2636 2430 Quid
2676 2368 2992 2436 exoptem?
3038 2367 3252 2439 quidve
3301 2371 3677 2430 desiderem?

2003 2453 2209 2508 Omnia
2231 2453 2446 2510 habes:
2473 2469 2546 2509 ex
2565 2455 2684 2510 tuis
2724 2455 2920 2527 itaque
2943 2473 3233 2511 summam
3257 2458 3370 2529 (15)
3403 2464 3674 2518 votorum

2005 2559 2336 2614 capessam,
2369 2544 2503 2614 pius
2535 2560 2623 2615 es,
2677 2545 3016 2614 imperator,
3070 2546 3442 2603 clementiam
3483 2551 3670 2608 habes

2003 2633 2337 2687 maximam.

2072 2722 2125 2776 '7.
2152 2720 2299 2792 Opto
2323 2725 2517 2776 tamen
2551 2722 2657 2777 tibi
2697 2723 2871 2778 etiam
2892 2729 3066 2796 atque
3093 2724 3268 2780 etiam
3305 2725 3668 2784 incrementa

2001 2807 2258 2881 pietatis,
2290 2827 2405 2882 qua
2434 2811 2578 2866 nihil
2631 2813 2917 2867 Dominus
2962 2816 3343 2884 praestantius
3373 2817 3532 2872 dedit
3559 2835 3574 2888 ;
3609 2825 3670 2874 ut

2001 2916 2107 2970 per
2127 2904 2283 2954 tuam
2297 2901 2665 2955 clementiam
2690 2901 2957 2956 Ecclesia
2977 2903 3082 2958 Dei
3098 2905 3666 2964 sicutinnocentium

2001 3005 2144 3060 pace
2175 2993 2231 3044 et
2260 2989 2675 3060 tranquillitate
2708 2979 3058 3062 gratulatur,
3093 2993 3170 3049 ita
3202 2995 3376 3048 etiam
3425 3013 3666 3053 reorum

1999 3078 2496 3148 absolutione(16)
2519 3079 2767 3134 laatetur.
2787 3079 3039 3152 Ignosce
3059 3083 3310 3138 maxime
3326 3084 3420 3139 his
3435 3088 3532 3156 qui
3549 3103 3665 3142 non

1956 3171 2131 3234 gante
2161 3169 2500 3238 peccarunt.
2562 3168 2848 3223 Dominus
2898 3170 3269 3226 clementiam
3319 3177 3478 3228 tuam
3528 3191 3666 3230 con-

2001 3260 2219 3312 servet.
2254 3257 2461 3312 Amen.

2461 3344 2830 3401 EPISTOIA
2871 3346 3022 3402 LXII
3063 3346 3196 3418 (17).

2004 3452 2166 3518 Quod
2182 3453 2417 3525 pridem
2441 3453 2517 3530 ad
2549 3454 2933 3530 Tusonoswii
2949 3469 3069 3530 non
3103 3459 3444 3530 scripserit,
3481 3475 3665 3516 exeu-

2070 3531 2162 3599 sat
2181 3540 2366 3599 seque
2389 3525 2465 3579 ad
2484 3540 2611 3579 eum
2634 3527 2879 3599 mittere
2894 3526 3198 3599 diaconum
3219 3525 3588 3599 significans,
3608 3539 3666 3586 ut

2070 3597 2258 3666 ipsius
2269 3611 2488 3676 preces
2505 3613 2623 3676 pro
2654 3597 3000 3676 quibusdam
3031 3601 3092 3654 in
3120 3597 3414 3657 Ecclesiae
3435 3619 3502 3657 as
3504 3597 3665 3676 ιγΙὶιιη

2071 3669 2334 3738 receptis
2356 3667 2629 3722 admittat
2644 3667 2818 3740 petit.

2210 3775 2552 3828 Aunaosws
2582 3773 2915 3832 Tuaenosxo
2947 3777 3284 3849 imperatori
3313 3780 3447 3851 (18).

2069 3881 2120 3936 1.
2143 3879 2426 3946 Quamvis
2448 3881 2713 3953 proxime
2732 3883 3082 3955 scripserim
3104 3892 3378 3959 augustae
3415 3887 3666 3946 clemen-

1995 4041 2027 4080 e
2059 4024 2303 4079 Paulino
2332 4024 2392 4078 in
2422 4025 2723 4080 Ambrosxi
2754 4027 2882 4081 Vita
2913 4029 3394 4086 observavimus.

2065 4097 2178 4166 (13)
2230 4097 2396 4151 Rom.
2451 4096 2612 4151 edit..
2660 4118 2682 4146 ι
2729 4099 2912 4153 veteri
2962 4101 3219 4156 restituit
3261 4103 3579 4158 sanctitati.
3635 4128 3655 4151 »

1997 4167 2338 4244 Hoc_autem
2362 4167 2793 4244 loco_dcsig_nat
2818 4171 3172 4244 Ambrosius
3198 4174 3478 4228 miracula
3501 4191 3664 4244 pror-

1995 4238 2626 4316 susinsolita,_quibu_s
2661 4238 2989 4316 Theodosii
3027 4243 3334 4316 victoriam
3373 4246 3444 4299 de
3469 4238 3664 4316 Euge-

1994 4311 2090 4386 nio
2112 4313 2357 4380 tyranno
2375 4311 2536 4386 Deus
2559 4311 2875 4386 illustravit
2899 4328 2911 4367 :
2951 4313 3022 4367 de
3037 4315 3253 4384 quibus
3271 4319 3480 4386 agetur
3500 4311 3664 4386 apiar-

1993 4384 2112 4436 tius
2136 4383 2408 4452 sequenti
2428 4381 2695 4450 epistola.

2066 4451 2177 4523 (14)
2199 4451 2276 4506 Ita
2300 4453 2486 4508 codex
2517 4453 2687 4524 Reg.,
2713 4457 2770 4507 at
2811 4453 2946 4508 edit.
2976 4454 3144 4507 Rom.
3175 4475 3196 4504 ι
3225 4455 3558 4510 devotionis
3603 4461 3661 4512 et

1996 4525 2126 4580 ﬁdei
2166 4524 2448 4578 indicium
2492 4528 2650 4578 est...
2701 4524 2759 4577 in
2811 4527 3425 4580 commemorationem
3473 4529 3658 4584 victo-

2119 4597 2138 4664 )
2185 4616 2206 4644 »
2234 4596 2428 4649 minus
2451 4594 2775 4666 eleganter.

2065 4667 2174 4736 (15)
2201 4668 2369 4721 Rom.
2394 4665 2573 4724 edit.:
2620 4686 2642 4715 ι
2668 4665 2876 4720 Omnia
2913 4665 3120 4736 habes,
3164 4670 3220 4720 et
3261 4672 3321 4722 ut
3344 4684 3656 4740 summam,

1991 4742 2102 4794 etc.
2132 4761 2154 4786 ι

2061 4809 2173 4879 (16)
2198 4808 2430 4863 Ultimae
2454 4805 2589 4879 edit.
2617 4807 2830 4879 Paris,
2852 4829 2872 4857 α
2901 4808 2959 4862 in
2983 4822 3185 4863 eorum
3199 4809 3682 4868 absolutionem.‘

1991 4877 2125 4935 Neu
2148 4877 2308 4955 recto
2327 4894 2533 4955 sensu,
2560 4877 2711 4932 infra
2733 4894 2876 4955 vero
2900 4879 2998 4934 ubi
3023 4879 3160 4934 edit.
3189 4883 3358 4955 Rom.
3375 4899 3662 4955 perquam

1992 4951 2278 5028 apposite,
2331 4949 2492 5028 -__qui
2532 4963 2648 5002 non
2687 4953 2818 5004 ante
2845 4955 3272 5028 _peccarunt,_n
3318 4949 3530 5026 id‘est',
3556 4957 3661 5028 qui

1991 5019 2316 5097 anteacum
2343 5019 2594 5097 Maximo
2620 5037 2736 5075 non
2776 5019 3154 5097 rebellarunt,
3187 5019 3356 5097 Reg.
3403 5019 3535 5081 cod'.
3566 5019 3662 5082 ha-

1991 5094 2098 5166 bet
2129 5092 2638 5166 nihilo_detcriu_s_,
2684 5115 2720 5166 «_
2752 5095 2850 5166 qui
2877 5094 3050 5166 etiam
3091 5094 3150 5148 in
3182 5097 3236 5151 te
3261 5092 3602 5166 peccarunt.
3635 5119 3658 5147 ι

1996 5163 2066 5218 Et
2088 5163 2182 5236 his
2205 5164 2442 5236 quidem
2465 5163 2666 5217 verbis
2690 5163 2908 5236 chinit
2945 5165 3198 5235 epistola
3221 5163 3279 5221 in
3298 5184 3367 5223 eo
3405 5169 3609 5222 codice
3646 5185 3661 5236 ς

1993 5235 2400 5309 ηοιιλάἱεριίοβῐ
2437 5236 2630 5288 tamen
2671 5235 2886 5309 exitus,
2936 5252 3052 5307 quo
3076 5237 3277 5293 finitur
3313 5239 3372 5294 in
3417 5239 3579 5309 edit.,
3605 5235 3657 5292 si

1990 5306 2163 5361 modo
2187 5307 2454 5360 voeulam
2478 5321 2646 5360 amen
2669 5305 2800 5360 inde
2824 5305 3145 5363 annoveas.

2060 5377 2171 5444 (17)
2195 5377 2423 5446 Scripta
2446 5377 2558 5430 sub
2583 5377 2697 5431 ﬁne
2719 5376 2857 5432 anni
2878 5379 3001 5433 394.

2061 5448 2172 5517 (18)
2195 5448 2274 5502 Ita
2300 5447 2492 5520 codex,
2507 5449 2654 5520 Reg.
2684 5464 2698 5517 ;
2740 5449 2877 5503 edit.
2903 5454 3097 5504 autem
3122 5451 3312 5517 Rom.,
3343 5471 3364 5499 ι
3387 5448 3656 5504 Clemen-

1990 5518 2224 5574 tissimo
2248 5518 2518 5588 principi,
2546 5518 2618 5573 ac
2634 5519 2979 5574 beatissimo
3024 5521 3359 5590 imperatori
3382 5520 3652 5578 Theodo-

1991 5591 2082 5645 sio
2104 5593 2358 5662 augusto
2385 5591 2739 5645 Ambrosius
2762 5592 3103 5662 episcopus.
3139 5615 3158 5638 ιι
