3978 6168
3331 306 3490 372 1242

103 311 224 376 1M1
1255 293 1869 365 EPISTOLARUM
1913 299 2250 365 CLASSIS
2295 293 2358 366 Ῑ.’

107 509 329 571 Ecclesia
359 521 370 562 :
402 503 598 559 merito
629 502 919 557 creditum
947 501 1105 573 quod
1135 503 1333 558 divino
1363 506 1528 558 esset
1558 503 1705 556 elec-
1731 482 1789 545 Α
1817 501 1964 558 deos
1997 507 2190 559 autem
2221 504 2522 577 dijudicat.
2577 507 2700 563 Stet
2748 510 2919 565 vobis
2969 514 3032 563 ut
3079 510 3381 580 defensor,
3426 514 3488 566 ut

105 612 182 658 tus
197 597 396 671 judicio
425 592 548 665 (29),
581 607 754 662 quem
785 608 992 647 omnes
1029 593 1514 663 postulavissent.
1548 594 1704 648 Con-
1816 591 2009 646 bonus
2039 599 2245 663 pastor
2268 637 2281 660 ,
2318 611 2389 649 ne
2419 613 2529 651 vos
2558 598 2679 667 lupi
2713 599 3015 653 incursent
3046 615 3286 671 graves.

109 691 233 747 venit
278 686 442 757 igitur
485 686 545 735 ut
591 682 923 752 sequamini
981 684 1314 754 exemplum
1372 687 1701 753 parentum,
1885 682 1938 735 7.
1971 681 2095 747 Quo
2143 699 2259 737 non
2307 685 2495 740 otiose
2545 691 2749 742 nostra
2807 689 3120 743 admonitio
3188 690 3477 755 deflectit;

107 775 387 851 praesertim
416 787 542 826 cum
571 787 603 824 a
625 775 830 826 sancto
850 771 1202 826 confessore
1223 773 1526 826 institutos
1547 775 1704 826 tanto
1815 771 1988 825 audio
2017 772 2171 827 enim
2203 775 2444 829 venisse
2475 759 2545 829 ad
2577 791 2685 830 vos
2717 777 3145 832 Sarmationem
3181 784 3237 833 et
3269 779 3484 833 Barba-

107 868 334 922 meliores
361 861 616 932 patribus
648 876 786 915 esse
807 863 1092 932 oporteat,
1120 865 1335 932 quanto
1359 878 1466 916 vos
1498 862 1706 916 melior
1813 860 2056 930 tianum,
2091 862 2441 934 vaniloquos
2475 863 2744 920 homines
2777 867 2909 936 (3i),
2963 868 3062 936 qui
3112 867 3308 922 dicant
3347 869 3481 923 nul-

103 959 270 1011 doctor
293 951 525 1006 instituit
570 948 682 1020 (30)
729 955 903 1020 atque
952 951 1246 1016 erudivit;
1280 952 1705 1023 modestiaeque
1815 948 1935 1003 lum
1964 965 2103 1005 esse
2134 952 2506 1007 abstinentiae
2537 956 2832 1024 meritum,
2858 957 3075 1010 nullam
3101 957 3480 1029 frugalitatis,

104 1048 280 1100 vestrae
306 1044 356 1095 et
381 1038 704 1094 concordiae
753 1039 989 1110 insigne
1031 1041 1229 1109 edere,
1265 1044 1326 1095 ut
1358 1041 1704 1112 congruatis
1814 1038 2032 1094 nullam
2061 1040 2423 1113 virginitatis
2473 1045 2745 1115 gratiam,
2797 1046 2923 1115 pari
2957 1062 3164 1101 omnes
3197 1047 3483 1101 aestimari

97 1146 308 1187 assensu
334 1129 400 1183 ad
427 1127 838 1198 postulandum
869 1129 1266 1185 sacerdotem.
1813 1128 2024 1198 pretio,
2059 1129 2314 1186 delirare
2347 1147 2451 1186 eos
2482 1134 2582 1203 qui
2613 1133 2862 1205 jejuniis
2903 1136 3196 1207 castigent
3243 1151 3482 1190 carnem

153 1222 196 1276 3.
225 1219 426 1273 Etenim
453 1216 701 1288 sijuxta
732 1218 1096 1273 Dominicam
1135 1221 1505 1289 sententiam,
1547 1220 1703 1291 quod
1813 1231 2004 1286 suam,
2056 1222 2118 1272 ut
2156 1221 2335 1274 menti
2383 1223 2680 1277 subditam
2721 1224 2954 1279 faciant.
2987 1224 3152 1289 Quod
3183 1241 3481 1296 nunquam

101 1311 289 1364 duobus
317 1308 646 1362 convenerit
675 1323 858 1378 super
887 1310 1130 1378 terram,
1154 1309 1227 1364 de
1246 1310 1403 1364 omni
1423 1325 1489 1364 re
1509 1326 1704 1381 quam-
1813 1305 2076 1375 fecisset,
2111 1324 2409 1380 nunquam
2441 1312 2753 1381 scripisset
2781 1314 2851 1368 ad
2883 1314 3305 1368 instituendum
3335 1314 3483 1368 alios

1812 1394 2034 1450 Paulus
2065 1399 2390 1468 apostolus,
2427 1401 2479 1454 si
2511 1401 2959 1456 deliramentum
2998 1406 3286 1473 putasset.
3339 1402 3481 1458 Glo-

1813 1485 1997 1539 riatur
2024 1487 2218 1558 itaque
2251 1488 2456 1545 dicens
2489 1507 2500 1545 :
2541 1511 2564 1540 ι
2601 1490 2715 1546 Sed
2748 1493 2977 1564 castigo
3009 1509 3230 1563 corpus
3261 1507 3477 1561 meum,

1813 1577 1868 1627 et
1897 1575 2167 1629 servituti
2197 1577 2406 1649 redigo
2432 1597 2447 1644 ;
2483 1595 2553 1633 ne
2585 1581 2716 1634 aliis
2740 1582 3094 1650 praedicans,
3121 1583 3250 1652 ipse
3274 1597 3478 1652 repro-

1809 1663 1925 1718 bus
1955 1663 2222 1718 inveniar
2249 1665 2307 1735 (Ι
2333 1666 2468 1722 Cor.
2503 1685 2560 1736 ιι,
2596 1669 2724 1738 27);
2764 1690 2786 1720 ι
2823 1670 2983 1742 Ergo
3016 1671 3116 1741 qui
3147 1687 3263 1724 non
3295 1671 3479 1725 casti-

1813 1757 1952 1824 gant
1983 1769 2204 1823 corpus
2237 1771 2431 1826 suum,
2465 1760 2522 1810 et
2552 1757 2753 1811 volunt
2783 1759 3108 1828 praedicare
3160 1760 3312 1828 aliis,
3366 1761 3483 1830 ipsi

101 1413 287 1468 cunque
313 1397 591 1466 petierint,
627 1397 742 1467 fiet,
778 1398 982 1468 inquit,
1017 1398 1136 1452 illis
1167 1415 1200 1453 a
1227 1399 1404 1453 Patre
1442 1415 1571 1454 meo
1603 1400 1701 1470 qui

98 1490 142 1541 in
180 1487 323 1540 caelis
367 1489 453 1540 est
485 1503 496 1539 :
551 1508 575 1532 «
612 1484 731 1540 Ubi
769 1487 923 1541 enim
955 1492 1093 1542 sunt
1125 1488 1240 1542 duo
1270 1489 1364 1543 vel
1397 1493 1523 1544 tres
1555 1504 1700 1543 con-

97 1575 286 1648 gregati
313 1575 366 1628 in
392 1575 623 1629 nomine
653 1591 804 1644 meo,
839 1577 919 1631 ibi
951 1592 1062 1649 ego
1095 1593 1230 1631 sum
1260 1578 1319 1631 in
1351 1578 1542 1632 medio
1597 1594 1701 1634 eo-

98 1681 199 1718 rum
239 1664 456 1733 (Matth.
505 1681 673 1733 xvm,
725 1665 816 1735 20)
861 1682 872 1719 :
925 1671 1141 1737 quanto
1174 1669 1368 1739 magis
1401 1669 1501 1722 ubi
1529 1669 1702 1738 plena

94 1757 165 1808 est
188 1755 236 1806 in
262 1754 475 1808 nomine
507 1754 741 1808 Domini
773 1757 1180 1829 congregatio,
1233 1757 1334 1811 ubi
1381 1757 1700 1812 universo-

93 1859 197 1896 rum
221 1843 508 1912 postulatio
539 1845 837 1915 congruit,
871 1845 1140 1901 dubitare
1173 1862 1282 1900 nos
1331 1862 1701 1918 nequaquam
1814 1843 2051 1912 reprobi
2083 1843 2393 1898 habentur.

91 1936 295 2001 oportet,
324 1932 400 1986 ibi
429 1933 740 1988 Dominum
770 1935 978 1988 Jesum
1026 1939 1082 1989 et
1127 1936 1445 1990 voluntatis
1496 1939 1700 1990 aucto-
1885 1931 1937 1986 6.
1973 1932 2063 1987 An
2094 1933 2412 2004 quidquam
2444 1937 2557 1989 tam
2592 1937 2929 2007 reprobum,
2977 1953 3152 2008 quam
3204 1939 3361 2010 quod
3413 1939 3485 1993 ad

93 2037 208 2088 rem,
252 2025 302 2076 et
344 2021 637 2092 petitionis
689 2024 978 2078 arbitrum
1026 2025 1174 2093 fore,
1210 2029 1266 2079 et
1313 2025 1701 2081 ordinationis
1731 2035 1785 2098 Β
1815 2022 2131 2092 luxuriam,
2166 2023 2238 2077 ad
2271 2026 2685 2094 corruptelam,
2720 2027 2792 2080 ad
2823 2026 3129 2081 lasciviam
3160 2033 3482 2097 provocat;

93 2110 382 2179 praesulem,
414 2113 503 2166 vel
533 2112 884 2184 largitorem
919 2113 1164 2186 gratim!
1815 2127 1991 2182 quam
2020 2111 2458 2167 incitamentum
2491 2113 2774 2183 libidinis,
2809 2115 3092 2169 illecebra
3142 2117 3479 2186 voluptatis,

143 2199 184 2253 4.
215 2199 393 2256 Facite
421 2217 566 2272 ergo
601 2217 710 2256 vos
743 2202 958 2274 dignos
988 2203 1198 2273 videri,
1234 2218 1488 2274 quorum
1510 2203 1568 2258 in
1589 2219 1704 2259 me-
1813 2200 2253 2256 incontinentiae
2305 2201 2516 2270 fomes,
2561 2203 2899 2256 incendium
2931 2205 3315 2272 cupiditatis?
3341 2203 3484 2270 Qum

92 2289 163 2342 dio
186 2287 437 2345 Christus
465 2291 564 2346 sit.
603 2291 717 2346 Ubi
747 2292 902 2346 enim
931 2309 1065 2363 pax,
1097 2292 1177 2347 ibi
1216 2292 1496 2348 Christus
1519 2311 1534 2359 ;
1567 2293 1704 2363 quia
1812 2289 1964 2344 istos
1995 2288 2320 2360 Epicureos
2352 2306 2504 2345 nova
2536 2291 2740 2346 schola
2779 2291 2985 2345 misit?
3033 2292 3165 2347 Non
3212 2293 3482 2364 philoso—

91 2394 176 2446 pax
201 2378 453 2434 Christus
485 2381 740 2452 (Ephes.
774 2398 836 2449 ιι,
870 2380 958 2452 14)
994 2397 1005 2436 :
1041 2380 1408 2453 ubijustitia,
1434 2382 1513 2437 ibi
1535 2379 1702 2436 Chri-

92 2473 210 2536 stus,
240 2470 362 2541 quia
390 2468 671 2525 Christus
693 2469 930 2540 justitia
960 2470 1012 2540 (Ι
1035 2469 1169 2526 Cor.
1197 2488 1234 2539 ι,
1259 2470 1370 2539 30).
1395 2469 1481 2524 Sit
1510 2471 1570 2525 in
1591 2486 1705 2526 me-

90 2558 162 2611 dio
188 2564 449 2628 vestrum,
482 2565 544 2614 ut
577 2561 830 2615 videatis
852 2576 1022 2615 eum:
1057 2577 1130 2614 ne
1163 2561 1394 2615 dicatur
1414 2565 1470 2615 et
1491 2561 1699 2616 vobis:

93 2669 108 2694 ι
138 2648 334 2703 Medius
365 2653 553 2705 autem
583 2653 854 2705 vestrum
886 2653 1024 2720 stat,
1058 2665 1233 2720 quem
1262 2665 1373 2704 vos
1403 2666 1519 2705 non
1548 2651 1706 2706 vide-

88 2738 145 2790 tis
184 2739 351 2806 (Joan.
401 2757 438 2810 ι,
490 2740 606 2810 26).
646 2764 668 2788 ιι
721 2740 852 2794 Non
901 2739 1064 2794 illum
1093 2739 1369 2796 viderunt
1399 2741 1612 2810 Judaei,
1645 2740 1705 2794 in

88 2841 226 2895 quem
253 2844 356 2882 non
386 2830 770 2884 crediderunt
804 2845 816 2885 :
849 2845 960 2884 nos
989 2830 1152 2884 illum
1182 2829 1492 2886 devotione
1525 2845 1704 2885 cons-

86 2915 312 2986 picimus,
346 2918 455 2974 ﬁde
489 2919 819 2974 cernimus.

1812 2379 2084 2449 phorum,
2119 2384 2182 2433 ut
2213 2379 2328 2451 ipsi
2358 2379 2538 2449 aiunt,
2572 2381 2679 2435 sed
2709 2381 3132 2452 imperitorum,
3163 2383 3265 2453 qui
3286 2384 3485 2454 volup-
3518 2412 3520 2414 -

1814 2473 1989 2524 tatem
2045 2469 2404 2538 praedicent,
2453 2469 2697 2524 delicias
2747 2471 3024 2539 suadent,
3078 2473 3484 2528 castimoniam

1814 2559 1957 2612 nulli
1991 2559 2128 2613 usui
2159 2574 2298 2613 esse
2330 2559 2566 2613 ducant.
2592 2557 2855 2614 Fuerunt
2873 2561 3203 2631 nobiscum,
3237 2562 3344 2617 sed
3367 2578 3483 2617 non

1816 2648 2051 2703 fuerunt
2081 2665 2154 2702 ex
2185 2648 2356 2702 nobis
2387 2647 2446 2720 (Ι
2468 2649 2634 2703 Joan.
2674 2665 2732 2718 ιι,
2788 2649 2877 2719 17)
2904 2668 2918 2716 ;
2970 2666 3162 2720 neque
3194 2651 3349 2706 enim
3377 2668 3481 2722 pu-

1815 2737 1911 2792 det
1959 2737 2178 2814 dicere,
2231 2737 2389 2810 quod
2431 2737 2572 2792 dicit
2622 2739 2994 2811 evangelista
3041 2739 3324 2795 Joannes.
3366 2739 3483 2796 Sed

1816 2827 1911 2881 hic
1961 2828 2140 2896 positi
2187 2827 2378 2897 primo
2418 2826 2792 2898 jejunabant,
2853 2828 3006 2882 intra
3061 2830 3486 2884 monasterium

1815 2917 2268 2972 continebantur
2300 2933 2311 2970 :
2347 2916 2546 2970 nullus
2579 2919 2707 2971 erat
2753 2917 3006 2972 luxuriae
3055 2917 3248 2988 locus,
3301 2918 3484 2974 inter-

139 3006 182 3058 5.
210 3005 320 3060 Stet
349 3008 527 3079 igitur
567 3009 630 3063 in
679 3009 870 3064 medio
916 3012 1206 3079 vestrum,
1258 3012 1321 3063 ut
1367 3011 1708 3081 aperiantur
1816 3007 1969 3061 dicta
1999 3007 2346 3060 ludibriosa)
2376 3006 2761 3075 disputationi
2792 3006 3048 3060 licentia.

85 3093 224 3148 vobis
251 3097 393 3166 caeli,
428 3099 528 3169 qui
561 3102 844 3153 enarrant
873 3099 1126 3170 gloriam
1166 3099 1271 3154 Dei
1310 3099 1499 3168 (Psal.
1541 3117 1704 3169 xvm,

83 3181 142 3248 ἓ),
173 3188 224 3238 ut
250 3187 599 3243 voluntatem
631 3187 765 3259 ejus
805 3188 1057 3257 faciatis,
1101 3193 1158 3244 et
1199 3189 1523 3258 operamini
1557 3206 1707 3260 opus
1817 3184 1980 3239 foras
2015 3201 2026 3240 :
2061 3185 2270 3239 deinde
2301 3185 2570 3239 volentes
2600 3185 2817 3254 redire,
2869 3201 2984 3240 non
3036 3189 3173 3240 sunt
3220 3187 3439 3257 recepti
3466 3205 3479 3252 ;

81 3269 206 3341 ejus.
234 3273 335 3340 Qui
361 3277 518 3333 videt
567 3279 800 3346 Jesum,
853 3277 987 3332 coeli
1041 3278 1096 3332 ei
1143 3279 1504 3348 aperiuntur,
1552 3280 1711 3334 sicut
1815 3275 2097 3346 pleraque
2127 3274 2282 3330 enim
2314 3274 2616 3328 audieram
2647 3273 2779 3344 (32),
2813 3290 2947 3346 quae
2978 3275 3256 3330 deberem
3305 3290 3483 3330 cave-

84 3363 233 3428 aperti
264 3370 391 3420 sunt
419 3365 723 3438 Stephano
755 3367 969 3422 dicenti
1005 3384 1016 3422 :
1075 3390 1097 3414 «
1134 3367 1288 3422 Ecce
1318 3369 1490 3423 video
1524 3369 1708 3424 caelos
1817 3381 1882 3420 re
1915 3381 1926 3418 :
1963 3380 2328 3432 monueram,
2381 3363 2527 3418 nihil
2577 3364 2969 3434 profeceram.
3008 3361 3483 3421 Eﬂ'ervescentes

1884 3095 1937 3150 9.
1982 3096 2110 3151 Hoc
2159 3095 2390 3150 delicati
2441 3111 2557 3150 non
2596 3099 2913 3166 potuerunt
2963 3096 3144 3150 ferre.
3198 3096 3486 3153 Abierunt
3559 3101 3566 3110 ‘

82 3455 297 3522 apertos,
345 3459 401 3510 et
449 3456 639 3511 Jesus
694 3460 945 3511 stantem
977 3458 1049 3512 ad
1081 3458 1383 3512 dexteram
1413 3457 1516 3512 Dei
1548 3458 1706 3526 (Act.

81 3552 159 3605 vn,
189 3542 342 3612 55).-»
395 3543 604 3601 Stabat
647 3547 830 3601 Jesus
874 3547 1046 3617 quasi
1096 3547 1464 3602 advocatus:
1518 3548 1710 3602 stabat

82 3631 218 3696 quasi
272 3633 584 3704 sollicitus,
648 3639 710 3689 ut
768 3635 965 3701 1024
1012 3635 1373 3705 Stephanum
1433 3637 1710 3692 athletam

82 3731 219 3773 suum
249 3727 563 3779 certantem
592 3723 837 3796 juvaret
870 3741 881 3778 :
921 3727 1113 3781 stabat
1144 3727 1317 3797 quasi
1348 3731 1612 3798 paratus,
1647 3733 1712 3785 ut

81 3815 346 3867 coronaret
378 3830 554 3869 suum
588 3817 933 3885 martyrem.

131 3897 174 3952 ὃ.
205 3899 318 3957 Stet
346 3904 531 3976 igitur
563 3907 623 3959 et
651 3904 845 3974 vobis,
891 3908 953 3959 ut
1001 3920 1136 3960 eum
1177 3921 1292 3960 non
1321 3906 1575 3962 timeatis
1608 3922 1709 3962 se-

81 3984 310 4055 dentem;
343 3994 567 4048 sedens
603 3993 758 4048 enim
785 3993 1033 4067 judicat,
1069 3995 1224 4049 sicut
1271 3996 1474 4050 Daniel
1523 3996 1662 4051 dicit
1693 4014 1706 4052 :

81 4094 97 4122 ι
125 4075 318 4135 Throni
347 4083 528 4151 positi
564 4087 723 4150 sunt,
776 4087 832 4138 et
880 4084 1016 4138 libri
1065 4086 1249 4154 aperti
1280 4088 1436 4155 sunt,
1472 4090 1528 4140 et
1558 4086 1710 4140 anti-

79 4179 201 4232 quus
244 4169 465 4225 dierum
517 4172 678 4227 sedit
727 4172 898 4242 (Dan.
932 4190 1032 4242 vn,
1064 4173 1139 4243 9).
1182 4194 1204 4223 »
1249 4174 1311 4228 In
1343 4175 1708 4247 octogesimo

78 4257 232 4311 autem
262 4264 314 4314 et
343 4262 538 4331 primo
573 4264 803 4331 psalmo
837 4263 1126 4333 scriptum
1159 4267 1250 4318 est
1275 4279 1288 4318 :
1318 4287 1339 4310 «
1367 4264 1527 4319 Deus
1550 4266 1711 4320 stetit

78 4341 121 4394 in
161 4353 612 4423 congregatione
659 4352 907 4407 deorum
941 4369 954 4406 :
1010 4354 1069 4406 in
1115 4353 1308 4407 medio
1340 4356 1534 4408 autem
1563 4354 1710 4408 deos

78 4430 334 4501 dijudicat.
367 4441 561 4510 (Psal.
598 4458 797 4510 LXXXI,
835 4441 908 4511 1).
939 4465 960 4489 η
987 4440 1216 4498 Sedens
1251 4442 1433 4514 igitur
1459 4442 1706 4514 judicat,

78 4525 208 4578 stans
250 4527 534 4600 dijudicat
559 4549 574 4598 ;
629 4535 686 4586 et
729 4529 957 4602 judicat
1006 4532 1078 4585 de
1129 4531 1515 4602 imperfectis,
1557 4532 1710 4587 inter

127 4764 219 4844 (.29)
251 4768 354 4824 Hic
387 4773 739 4828 electionem
774 4778 829 4827 et
858 4773 1313 4842 postulationem
1344 4775 1475 4844 apte
1506 4773 1708 4844 distin-

73 4843 170 4899 guit
196 4845 432 4898 sanctus
466 4848 713 4909 noster;
765 4849 826 4898 ut
856 4845 1133 4898 nimirum
1162 4845 1321 4898 illam
1351 4843 1518 4908 cleri,
1553 4843 1705 4898 hanc

71 4910 233 4971 Populi
258 4913 470 4986 fuisse
513 4916 849 4986 signiticet;
885 4915 1377 4985 quemadmodum
1409 4916 1578 4984 epist.
1615 4915 1701 4982 15,

70 4983 329 5058 {Iulum-10,
381 4983 694 5057 utramque
744 4983 964 5058 liquido
1014 4987 1333 5056 separavit,
1377 4983 1460 5040 de
1497 4990 1703 5040 sancto

70 5047 279 5132 Acholio
310 5057 385 5132 ita
419 5047 674 5128 loquens
709 5075 720 5112 :
760 5081 780 5105 ιι
805 5047 865 5132 Ἀ
898 5047 1331 5132 Macedonibus
1351 5058 1702 5113 obsecratus

69 5122 286 5200 Paullus,
321 5122 555 5200 electus
587 5147 617 5182 a
649 5129 1084 5184 sacerdotibus.
1125 5153 1145 5176 η

247 5196 453 5272 (ᾆοείρχί
475 5200 666 5268 Gem.,
698 5202 909 5255 melior
940 5206 1147 5255 auctor
1175 5200 1444 5272 instituit.
1481 5224 1500 5248 η

114 5262 229 5345 ’(31)
251 5268 411 5325 Duos
443 5271 631 5345 hosce
654 5262 1001 5345 iapostatasi
1023 5273 1347 5327 monachos
1371 5271 1496 5345 jam
1525 5287 1702 5342 pers-

68 5335 516 5411 trinxitsanctus
548 5335 924 5410 Ambrosius,
963 5344 1172 5398 Enarr.
1207 5345 1264 5398 in
1296 5335 1454 5397 Psal.
1495 5335 1700 5411 x'xxw,

67 5416 194 5481 Qum.
225 5409 450 5486 49,4ubi
474 5416 658 5486 tacito
691 5409 1180 5483 eorum'nomine,
1201 5432 1374 5486 quam
1410 5409 1705 5468 simillima

68 5490 139 5554 με,
169 5494 292 5554 quin
324 5484 420 5538 hic
455 5485 753 5554 dicuntur,
807 5487 863 5540 in
913 5487 1046 5540 illos
1079 5484 1308 5542 scribit.
1346 5486 1565 5540 Eorum
1597 5503 1705 5538 au-

68 5547 156 5598 tem
187 5547 440 5610 haeresis
473 5573 549 5610 ex
579 5547 1053 5612 tetro'Joviniani
1088 5559 1246 5612 fonte
1278 5561 1472 5612 ortum
1521 5557 1704 5610 duce-

66 5614 255 5734 ξῇξξῃτίθ
286 5627 464 5698 cujus
499 5629 812 5684 erroribus
845 5631 1060 5702 agitur,
1096 5628 1267 5698 epist.
1318 5628 1386 5681 4'2
1434 5628 1508 5682 ad
1538 5627 1706 5698 Syri-

81 5704 214 5746 illim.

117 5769 216 5842 (3'2)
246 5774 328 5832 Ita
361 5783 480 5834 vet.
521 5781 654 5836 edit.
691 5785 747 5836 et
778 5797 950 5844 mss.,
986 5781 1102 5838 nisi
1133 5781 1289 5854 quod
1320 5780 1533 5835 horum
1565 5795 1707 5836 non-

1815 3455 2012 3525 itaque
2043 3454 2436 3509 disseminare
2469 3453 2604 3507 talia
2636 3457 2960 3523 coeperunt,
2985 3454 3202 3523 quibus
3225 3453 3484 3509 incento-

1817 3559 1916 3598 res
1949 3547 2152 3597 essent
2185 3543 2460 3597 vitiorum
2494 3541 2751 3596 omnium
2785 3542 3179 3596 miserabiles.
3211 3543 3486 3597 Perdide-

1819 3635 1954 3686 runt
1983 3633 2184 3704 utique
2216 3631 2374 3702 quod
2399 3631 2824 3702 jejunaverunt
2859 3647 2871 3685 :
2915 3631 3298 3700 perdiderunt
3327 3633 3484 3703 quod

1817 3738 1885 3776 se
1915 3722 2110 3794 aliquo
2141 3721 2559 3778 continuerunt
2591 3724 2873 3789 tempore.
2907 3721 3076 3774 Nunc
3109 3720 3304 3792 itaque
3353 3721 3480 3775 dia-

1814 3811 2009 3867 bolico
2057 3811 2253 3866 studio
2303 3810 2565 3865 invident
2625 3810 2874 3863 aliorum
2937 3809 3218 3879 operibus
3267 3809 3480 3882 bonis,

1816 3917 2068 3974 quorum
2100 3901 2216 3970 ipsi
2245 3900 2442 3956 fructu
2474 3899 2842 3954 exciderunt.

1888 3988 1974 4046 1ο.
2027 3989 2168 4055 Quae
2215 3990 2388 4061 virgo
2438 3984 2652 4043 audiat
2684 3989 2909 4044 nullum
2975 3988 3282 4058 praemium
3345 4005 3484 4044 esse

1822 4079 2014 4143 1025
2059 4078 2432 4151 integritatis,
2480 4083 2535 4132 et
2573 4095 2687 4132 non
2719 4079 3111 4150 ingemiscat;
3143 4079 3298 4132 absit
3330 4080 3485 4134 enim

1816 4174 1878 4224 ut
1929 4170 2099 4225 facile
2151 4170 2370 4240 credat,
2423 4173 2580 4224 certe
2630 4173 2690 4224 ut
2737 4187 2853 4224 non
2896 4170 3089 4224 studia
3120 4171 3395 4240 deponat,
3429 4174 3485 4224 et

1815 4260 2197 4315 intentionem
2227 4276 2354 4313 suae
2386 4261 2599 4314 mentis
2633 4261 2887 4315 inﬂectat
2917 4261 2944 4313 ?
2979 4275 3112 4330 quae
3143 4259 3317 4313 vidua
3349 4275 3482 4312 cum

1817 4350 2170 4420 compererit
2228 4349 2341 4418 (33)
2383 4349 2610 4404 nullum
2656 4365 2796 4404 esse
2843 4349 3102 4404 fructum
3146 4345 3478 4414 viduitatis,

1816 4440 2012 4495 mallet
2039 4455 2286 4494 servare
2319 4439 2491 4493 fidem
2525 4436 2810 4510 conjugii,
2866 4443 2923 4492 et
2970 4438 3030 4492 in
3070 4436 3342 4491 tristibus
3374 4435 3480 4490 de-

1815 4545 1978 4601 gere,
2011 4545 2186 4601 quam
2217 4544 2284 4584 se
2315 4529 2560 4584 credere
2592 4527 2922 4582 laetioribus
2943 4527 2972 4581 ?
3017 4525 3161 4590 Quae
3210 4523 3478 4596 conjugii

1814 4772 1957 4825 nulli
2011 4771 2226 4824 habent
2286 4768 2635 4840 plerumque
2699 4781 2808 4837 pro
2858 4773 2916 4827 τὸ
2956 4766 3242 4838 pleraque
3295 4786 3311 4820 :
3363 4766 3480 4821 illae

1812 4866 1954 4906 vero
2004 4867 2110 4920 pro
2159 4849 2440 4904 deberem
2489 4852 2711 4918 ponunt
2746 4846 3093 4920 deberent;
3125 4846 3481 4920 sicutetiam

1816 4917 2180 4986 Romfcditq
2216 4937 2350 4992 qua}
2380 4917 2886 4992 prsetereageffert,
2926 4942 2947 4966 ιι
2985 4917 3202 4972 caveri.
3239 4917 3478 4992 Monue-

1813 5009 1958 5059 ram,
2010 4993 2154 5045 nihil
2202 4989 2444 5062 profeci.
2486 5015 2507 5039 ιο
2563 4990 2914 5062 lntelligitur
2982 4994 3174 5044 autem
3224 4989 3479 5062 exuistis

1811 5064 2015 5119 verbis
2063 5060 2445 5117 Ambrosium
2495 5078 2603 5131 per
2649 5077 2719 5116 se
2766 5060 2949 5131 hujus
2995 5060 3370 5129 monasterii,
3425 5061 3486 5114 in

1730 5148 1784 5210 D
1815 5151 1930 5208 quo
1979 5134 2621 5210 vixerantSarmation
2668 5150 2741 5210 ac,
2796 5132 3225 5201 Barbatianus,
3279 5147 3482 5210 curam

1816 5203 2047 5281 gerere,
2099 5206 2426 5281 tametsi_ei
2478 5205 2846 5281 sacerdotem
2885 5203 3484 5281 quoque__prmf_ecis_-

1816 5272 1927 5348 set,
1963 5283 2024 5334 ut
2055 5283 2305 5333 testatur
2332 5277 2707 5349 Augustinus
2740 5276 2840 5349 lib.
2865 5272 2962 5349 AD'e
3000 5272 3265 5349 moribus
3313 5272 3478 5349 Elea].

1819 5343 1988 5405 Catii.
2033 5367 2160 5419 cap.
2204 5349 2293 5416 33,
2341 5343 2597 5419 quocum
2643 5363 2777 5420 quae
2827 5347 2981 5401 idem
3029 5346 3130 5401 lib.
3172 5362 3296 5420 vn},
3335 5343 3482 5420 Con-

1813 5422 1959 5477 fess.
1993 5439 2044 5477 c.
2078 5413 2122 5476 ϐ’
2144 5423 2216 5476 de
2245 5413 2451 5476 eodem
2484 5413 2773 5475 ascetério
2796 5421 3100 5487 memorat,
3122 5413 3480 5472 conferenda

1814 5497 1971 5548 sunt

1883 5565 1995 5634 (33)
2028 5566 2177 5620 Edit.
2212 5580 2439 5634 omnes,
2493 5581 2562 5619 ac
2610 5563 2781 5633 pauci
2812 5578 2984 5628 mss.,
3034 5581 3055 5606 α
3094 5571 3227 5611 cum
3259 5569 3476 5634 concc-

1811 5628 2008 5710 pﬁerit;
2041 5661 2062 5686 ι»
2097 5638 2196 5692 alii
2222 5653 2401 5710 mss;
2427 5628 2787 5710 elegantius,
2826 5657 2847 5679 α
2883 5647 3018 5710 cum
3048 5628 3474 5710 compererit...-

1812 5700 1883 5764 Et
1930 5700 2082 5763 infra
2128 5709 2256 5765 cod.
2315 5700 2489 5780 Reg.
2529 5700 2716 5762 iidem
2764 5700 3076 5776 eonjugi...
3121 5700 3218 5753 aut
3264 5700 3484 5759 mentis

1812 5782 2152 5854 fragilitate.
2196 5805 2214 5826 ιν
