  <div class='ocr_page' id='page_1' title='image "/cluster/home/n/w/nwhite01/storage/ocr_20150623/16/hvd.32044096580444/627.png"; bbox 0 0 4070 6180; ppageno 0'>
   <div class='ocr_carea' id='block_1_1' title="bbox 502 236 726 352">
    <p class='ocr_par' dir='ltr' id='par_1_1' title="bbox 502 236 726 352">
     <span class='ocr_line' id='line_1_1' title="bbox 502 236 726 352; baseline 0 0"><span class='ocrx_word' id='word_1_1' title='bbox 502 236 726 352; x_wconf 44' lang='grc' dir='ltr'>ἀέρι</span> 
     </span>
    </p>
   </div>
   <div class='ocr_carea' id='block_1_2' title="bbox 2016 293 2574 364">
    <p class='ocr_par' dir='ltr' id='par_1_2' title="bbox 2016 293 2574 364">
     <span class='ocr_line' id='line_1_2' title="bbox 2016 293 2574 364; baseline 0.009 -5"><span class='ocrx_word' id='word_1_2' title='bbox 2016 293 2081 360; x_wconf 91' lang='lat' dir='ltr'>S.</span> <span class='ocrx_word' id='word_1_3' title='bbox 2129 296 2574 364; x_wconf 83' lang='lat' dir='ltr'>AMBROSII.</span> 
     </span>
    </p>
   </div>
   <div class='ocr_carea' id='block_1_3' title="bbox 3828 322 3938 389">
    <p class='ocr_par' dir='ltr' id='par_1_3' title="bbox 3828 322 3938 389">
     <span class='ocr_line' id='line_1_3' title="bbox 3828 322 3938 389; baseline 0 0"><span class='ocrx_word' id='word_1_4' title='bbox 3828 322 3938 389; x_wconf 74' lang='grc'><strong>1214</strong></span> 
     </span>
    </p>
   </div>
   <div class='ocr_carea' id='block_1_4' title="bbox 571 478 3932 583">
    <p class='ocr_par' dir='ltr' id='par_1_4' title="bbox 571 478 3932 583">
     <span class='ocr_line' id='line_1_4' title="bbox 571 478 3932 583; baseline 0.01 -38"><span class='ocrx_word' id='word_1_5' title='bbox 571 485 835 583; x_wconf 69' lang='lat' dir='ltr'>districta</span> <span class='ocrx_word' id='word_1_6' title='bbox 856 489 1123 583; x_wconf 68' lang='lat' dir='ltr'>vinculo,</span> <span class='ocrx_word' id='word_1_7' title='bbox 1155 492 1210 547; x_wconf 98' lang='lat' dir='ltr'>si</span> <span class='ocrx_word' id='word_1_8' title='bbox 1238 492 1437 583; x_wconf 79' lang='lat' dir='ltr'>audiat</span> <span class='ocrx_word' id='word_1_9' title='bbox 1466 494 1625 567; x_wconf 90' lang='lat' dir='ltr'>quod</span> <span class='ocrx_word' id='word_1_10' title='bbox 1659 495 1863 551; x_wconf 89' lang='lat' dir='ltr'>nullus</span> <span class='ocrx_word' id='word_1_11' title='bbox 1896 496 2092 553; x_wconf 90' lang='lat' dir='ltr'>honos</span> <span class='ocrx_word' id='word_1_12' title='bbox 2140 513 2241 552; x_wconf 90' lang='lat' dir='ltr'>ca-</span> <span class='ocrx_word' id='word_1_13' title='bbox 2269 478 2328 541; x_wconf 81' lang='grc' dir='ltr'>Α</span> <span class='ocrx_word' id='word_1_14' title='bbox 2360 501 2515 557; x_wconf 81' lang='lat' dir='ltr'>sedit</span> <span class='ocrx_word' id='word_1_15' title='bbox 2542 503 2798 576; x_wconf 91' lang='lat' dir='ltr'>populus</span> <span class='ocrx_word' id='word_1_16' title='bbox 2830 506 3186 566; x_wconf 78' lang='lat' dir='ltr'>manducare</span> <span class='ocrx_word' id='word_1_17' title='bbox 3217 511 3276 567; x_wconf 88' lang='lat' dir='ltr'>et</span> <span class='ocrx_word' id='word_1_18' title='bbox 3299 510 3523 583; x_wconf 88' lang='lat' dir='ltr'>bibere,</span> <span class='ocrx_word' id='word_1_19' title='bbox 3554 518 3608 571; x_wconf 88' lang='lat' dir='ltr'>et</span> <span class='ocrx_word' id='word_1_20' title='bbox 3628 528 3932 578; x_wconf 83' lang='lat' dir='ltr'>surrexerunt</span> 
     </span>
    </p>
   </div>
   <div class='ocr_carea' id='block_1_5' title="bbox 569 576 2246 656">
    <p class='ocr_par' dir='ltr' id='par_1_5' title="bbox 569 576 2246 656">
     <span class='ocr_line' id='line_1_5' title="bbox 569 576 2246 656; baseline 0.008 -27"><span class='ocrx_word' id='word_1_21' title='bbox 569 576 785 631; x_wconf 89' lang='lat' dir='ltr'>stitatis</span> <span class='ocrx_word' id='word_1_22' title='bbox 816 577 913 647; x_wconf 91' lang='lat' dir='ltr'>sit,</span> <span class='ocrx_word' id='word_1_23' title='bbox 938 594 1056 635; x_wconf 89' lang='lat' dir='ltr'>non</span> <span class='ocrx_word' id='word_1_24' title='bbox 1085 582 1277 651; x_wconf 84' lang='lat' dir='ltr'>possit</span> <span class='ocrx_word' id='word_1_25' title='bbox 1297 582 1600 639; x_wconf 89' lang='lat' dir='ltr'>incuriosa</span> <span class='ocrx_word' id='word_1_26' title='bbox 1622 585 1835 640; x_wconf 90' lang='lat' dir='ltr'>tentari</span> <span class='ocrx_word' id='word_1_27' title='bbox 1854 586 2122 656; x_wconf 90' lang='lat' dir='ltr'>corporis</span> <span class='ocrx_word' id='word_1_28' title='bbox 2146 589 2246 642; x_wconf 92' lang='lat' dir='ltr'>aut</span> 
     </span>
    </p>
   </div>
   <div class='ocr_carea' id='block_1_6' title="bbox 567 665 2243 745">
    <p class='ocr_par' dir='ltr' id='par_1_6' title="bbox 567 665 2243 745">
     <span class='ocr_line' id='line_1_6' title="bbox 567 665 2243 745; baseline 0.008 -28"><span class='ocrx_word' id='word_1_29' title='bbox 567 665 783 720; x_wconf 89' lang='lat' dir='ltr'>mentis</span> <span class='ocrx_word' id='word_1_30' title='bbox 814 666 1089 725; x_wconf 80' lang='lat' dir='ltr'>facilitate</span> <span class='ocrx_word' id='word_1_31' title='bbox 1109 671 1138 725; x_wconf 66' lang='grc' dir='ltr'>ε)</span> <span class='ocrx_word' id='word_1_32' title='bbox 1169 670 1239 726; x_wconf 90' lang='lat' dir='ltr'>Et</span> <span class='ocrx_word' id='word_1_33' title='bbox 1269 672 1401 727; x_wconf 93' lang='lat' dir='ltr'>ideo</span> <span class='ocrx_word' id='word_1_34' title='bbox 1432 672 1703 728; x_wconf 84' lang='lat' dir='ltr'>Ecclesia</span> <span class='ocrx_word' id='word_1_35' title='bbox 1736 674 1999 745; x_wconf 76' lang='lat' dir='ltr'>quotidie</span> <span class='ocrx_word' id='word_1_36' title='bbox 2026 675 2088 730; x_wconf 91' lang='lat' dir='ltr'>in</span> <span class='ocrx_word' id='word_1_37' title='bbox 2118 676 2243 731; x_wconf 90' lang='lat' dir='ltr'>lec-</span> 
     </span>
    </p>
   </div>
   <div class='ocr_carea' id='block_1_7' title="bbox 567 753 2244 829">
    <p class='ocr_par' dir='ltr' id='par_1_7' title="bbox 567 753 2244 829">
     <span class='ocr_line' id='line_1_7' title="bbox 567 753 2244 829; baseline 0.007 -21"><span class='ocrx_word' id='word_1_38' title='bbox 567 753 830 810; x_wconf 83' lang='lat' dir='ltr'>tionibus</span> <span class='ocrx_word' id='word_1_39' title='bbox 861 759 1075 829; x_wconf 90' lang='lat' dir='ltr'>sacris,</span> <span class='ocrx_word' id='word_1_40' title='bbox 1111 759 1169 814; x_wconf 89' lang='lat' dir='ltr'>in</span> <span class='ocrx_word' id='word_1_41' title='bbox 1199 761 1575 816; x_wconf 82' lang='lat' dir='ltr'>sacerdotum</span> <span class='ocrx_word' id='word_1_42' title='bbox 1617 762 1964 819; x_wconf 78' lang='lat' dir='ltr'>tractatibus</span> <span class='ocrx_word' id='word_1_43' title='bbox 2010 763 2244 820; x_wconf 89' lang='lat' dir='ltr'>laudem</span> 
     </span>
    </p>
   </div>
   <div class='ocr_carea' id='block_1_8' title="bbox 567 842 1885 922">
    <p class='ocr_par' dir='ltr' id='par_1_8' title="bbox 567 842 1885 922">
     <span class='ocr_line' id='line_1_8' title="bbox 567 842 1885 922; baseline 0.009 -27"><span class='ocrx_word' id='word_1_44' title='bbox 567 842 887 914; x_wconf 85' lang='lat' dir='ltr'>pudicitiae,</span> <span class='ocrx_word' id='word_1_45' title='bbox 912 846 1164 918; x_wconf 79' lang='lat' dir='ltr'>gloriam</span> <span class='ocrx_word' id='word_1_46' title='bbox 1194 849 1550 922; x_wconf 84' lang='lat' dir='ltr'>integritatis</span> <span class='ocrx_word' id='word_1_47' title='bbox 1582 854 1885 922; x_wconf 88' lang='lat' dir='ltr'>personat.</span> 
     </span>
    </p>
   </div>
   <div class='ocr_carea' id='block_1_9' title="bbox 638 930 2241 1012">
    <p class='ocr_par' dir='ltr' id='par_1_9' title="bbox 638 930 2241 1012">
     <span class='ocr_line' id='line_1_9' title="bbox 638 930 2241 1012; baseline 0.007 -27"><span class='ocrx_word' id='word_1_48' title='bbox 638 930 726 986; x_wconf 89' lang='grc'>11.</span> <span class='ocrx_word' id='word_1_49' title='bbox 752 931 995 989; x_wconf 81' lang='lat' dir='ltr'>Frustra</span> <span class='ocrx_word' id='word_1_50' title='bbox 1026 952 1171 1009; x_wconf 88' lang='lat' dir='ltr'>ergo</span> <span class='ocrx_word' id='word_1_51' title='bbox 1200 938 1341 992; x_wconf 87' lang='lat' dir='ltr'>dicit</span> <span class='ocrx_word' id='word_1_52' title='bbox 1371 940 1732 1009; x_wconf 85' lang='lat' dir='ltr'>Apostolus:</span> <span class='ocrx_word' id='word_1_53' title='bbox 1760 962 1781 988; x_wconf 83' lang='grc' dir='ltr'>ιι</span> <span class='ocrx_word' id='word_1_54' title='bbox 1818 940 2045 1012; x_wconf 87' lang='lat' dir='ltr'>Scripsi</span> <span class='ocrx_word' id='word_1_55' title='bbox 2067 941 2241 997; x_wconf 81' lang='lat' dir='ltr'>vobis</span> 
     </span>
    </p>
   </div>
   <div class='ocr_carea' id='block_1_10' title="bbox 569 1018 2238 1099">
    <p class='ocr_par' dir='ltr' id='par_1_10' title="bbox 569 1018 2238 1099">
     <span class='ocr_line' id='line_1_10' title="bbox 569 1018 2238 1099; baseline 0.007 -25"><span class='ocrx_word' id='word_1_56' title='bbox 569 1018 629 1074; x_wconf 90' lang='lat' dir='ltr'>in</span> <span class='ocrx_word' id='word_1_57' title='bbox 661 1020 930 1092; x_wconf 89' lang='lat' dir='ltr'>epistola,</span> <span class='ocrx_word' id='word_1_58' title='bbox 978 1040 1052 1080; x_wconf 92' lang='lat' dir='ltr'>ne</span> <span class='ocrx_word' id='word_1_59' title='bbox 1098 1027 1601 1082; x_wconf 87' lang='lat' dir='ltr'>commisceamini</span> <span class='ocrx_word' id='word_1_60' title='bbox 1631 1027 1968 1084; x_wconf 89' lang='lat' dir='ltr'>fornicariis</span> <span class='ocrx_word' id='word_1_61' title='bbox 1998 1029 2059 1099; x_wconf 89' lang='grc' dir='ltr'>(Ι</span> <span class='ocrx_word' id='word_1_62' title='bbox 2103 1030 2238 1086; x_wconf 84' lang='lat' dir='ltr'>Cor.</span> 
     </span>
    </p>
   </div>
   <div class='ocr_carea' id='block_1_11' title="bbox 566 1108 2240 1179">
    <p class='ocr_par' dir='ltr' id='par_1_11' title="bbox 566 1108 2240 1179">
     <span class='ocr_line' id='line_1_11' title="bbox 566 1108 2240 1179; baseline 0.008 -18"><span class='ocrx_word' id='word_1_63' title='bbox 566 1123 624 1177; x_wconf 92' lang='lat' dir='ltr'>v,</span> <span class='ocrx_word' id='word_1_64' title='bbox 647 1108 722 1179; x_wconf 89' lang='grc'>9).</span> <span class='ocrx_word' id='word_1_65' title='bbox 753 1132 775 1158; x_wconf 72' lang='grc' dir='ltr'>ι</span> <span class='ocrx_word' id='word_1_66' title='bbox 812 1110 882 1164; x_wconf 90' lang='lat' dir='ltr'>Et</span> <span class='ocrx_word' id='word_1_67' title='bbox 912 1128 985 1167; x_wconf 89' lang='lat' dir='ltr'>ne</span> <span class='ocrx_word' id='word_1_68' title='bbox 1018 1113 1167 1169; x_wconf 89' lang='lat' dir='ltr'>forte</span> <span class='ocrx_word' id='word_1_69' title='bbox 1197 1114 1396 1170; x_wconf 87' lang='lat' dir='ltr'>dicant</span> <span class='ocrx_word' id='word_1_70' title='bbox 1428 1131 1440 1171; x_wconf 77' lang='grc' dir='ltr'>ε</span> <span class='ocrx_word' id='word_1_71' title='bbox 1475 1116 1608 1171; x_wconf 91' lang='lat' dir='ltr'>Non</span> <span class='ocrx_word' id='word_1_72' title='bbox 1626 1117 1698 1172; x_wconf 92' lang='lat' dir='ltr'>de</span> <span class='ocrx_word' id='word_1_73' title='bbox 1733 1118 2007 1173; x_wconf 90' lang='lat' dir='ltr'>omnibus</span> <span class='ocrx_word' id='word_1_74' title='bbox 2039 1119 2240 1174; x_wconf 87' lang='lat' dir='ltr'>mundi</span> 
     </span>
    </p>
   </div>
   <div class='ocr_carea' id='block_1_12' title="bbox 564 1198 2238 1279">
    <p class='ocr_par' dir='ltr' id='par_1_12' title="bbox 564 1198 2238 1279">
     <span class='ocr_line' id='line_1_12' title="bbox 564 1198 2238 1279; baseline 0.007 -28"><span class='ocrx_word' id='word_1_75' title='bbox 564 1212 675 1252; x_wconf 92' lang='lat' dir='ltr'>nos</span> <span class='ocrx_word' id='word_1_76' title='bbox 704 1198 956 1256; x_wconf 89' lang='lat' dir='ltr'>dicimus</span> <span class='ocrx_word' id='word_1_77' title='bbox 989 1202 1324 1260; x_wconf 88' lang='lat' dir='ltr'>fornicariis</span> <span class='ocrx_word' id='word_1_78' title='bbox 1348 1220 1362 1275; x_wconf 92' lang='lat'>;</span> <span class='ocrx_word' id='word_1_79' title='bbox 1394 1205 1503 1261; x_wconf 90' lang='lat' dir='ltr'>sed</span> <span class='ocrx_word' id='word_1_80' title='bbox 1534 1206 1787 1262; x_wconf 90' lang='lat' dir='ltr'>dicimus</span> <span class='ocrx_word' id='word_1_81' title='bbox 1810 1208 1968 1278; x_wconf 89' lang='lat' dir='ltr'>quod</span> <span class='ocrx_word' id='word_1_82' title='bbox 1992 1207 2094 1279; x_wconf 90' lang='lat' dir='ltr'>qui</span> <span class='ocrx_word' id='word_1_83' title='bbox 2112 1209 2238 1263; x_wconf 82' lang='lat' dir='ltr'>fue-</span> 
     </span>
    </p>
   </div>
   <div class='ocr_carea' id='block_1_13' title="bbox 564 1287 2237 1366">
    <p class='ocr_par' dir='ltr' id='par_1_13' title="bbox 564 1287 2237 1366">
     <span class='ocr_line' id='line_1_13' title="bbox 564 1287 2237 1366; baseline 0.006 -25"><span class='ocrx_word' id='word_1_84' title='bbox 564 1287 641 1342; x_wconf 88' lang='lat' dir='ltr'>rit</span> <span class='ocrx_word' id='word_1_85' title='bbox 668 1287 728 1343; x_wconf 93' lang='lat' dir='ltr'>in</span> <span class='ocrx_word' id='word_1_86' title='bbox 756 1287 1343 1363; x_wconf 86' lang='lat' dir='ltr'>Christobaptizatus,</span> <span class='ocrx_word' id='word_1_87' title='bbox 1364 1294 1569 1349; x_wconf 88' lang='lat' dir='ltr'>haberi</span> <span class='ocrx_word' id='word_1_88' title='bbox 1596 1293 1719 1366; x_wconf 90' lang='lat' dir='ltr'>jam</span> <span class='ocrx_word' id='word_1_89' title='bbox 1741 1312 1859 1350; x_wconf 90' lang='lat' dir='ltr'>non</span> <span class='ocrx_word' id='word_1_90' title='bbox 1881 1296 2091 1351; x_wconf 85' lang='lat' dir='ltr'>debeat</span> <span class='ocrx_word' id='word_1_91' title='bbox 2119 1296 2237 1352; x_wconf 88' lang='lat' dir='ltr'>for-</span> 
     </span>
    </p>
   </div>
   <div class='ocr_carea' id='block_1_14' title="bbox 567 1376 2237 1457">
    <p class='ocr_par' dir='ltr' id='par_1_14' title="bbox 567 1376 2237 1457">
     <span class='ocr_line' id='line_1_14' title="bbox 567 1376 2237 1457; baseline 0.006 -26"><span class='ocrx_word' id='word_1_92' title='bbox 567 1376 828 1433; x_wconf 85' lang='lat' dir='ltr'>uicarius</span> <span class='ocrx_word' id='word_1_93' title='bbox 845 1397 865 1444; x_wconf 85' lang='lat'>;</span> <span class='ocrx_word' id='word_1_94' title='bbox 896 1380 1004 1435; x_wconf 89' lang='lat' dir='ltr'>sed</span> <span class='ocrx_word' id='word_1_95' title='bbox 1034 1382 1464 1456; x_wconf 89' lang='lat' dir='ltr'>qualiscunque</span> <span class='ocrx_word' id='word_1_96' title='bbox 1496 1383 1611 1455; x_wconf 76' lang='grc'>(34)</span> <span class='ocrx_word' id='word_1_97' title='bbox 1644 1384 1762 1439; x_wconf 90' lang='lat' dir='ltr'>vita</span> <span class='ocrx_word' id='word_1_98' title='bbox 1811 1383 1948 1456; x_wconf 84' lang='lat' dir='ltr'>ejus</span> <span class='ocrx_word' id='word_1_99' title='bbox 1996 1388 2237 1457; x_wconf 90' lang='lat' dir='ltr'>accepta</span> 
     </span>
    </p>
   </div>
   <div class='ocr_carea' id='block_1_15' title="bbox 567 1464 2237 1547">
    <p class='ocr_par' dir='ltr' id='par_1_15' title="bbox 567 1464 2237 1547">
     <span class='ocr_line' id='line_1_15' title="bbox 567 1464 2237 1547; baseline 0.007 -28"><span class='ocrx_word' id='word_1_100' title='bbox 567 1464 645 1519; x_wconf 88' lang='lat' dir='ltr'>sit</span> <span class='ocrx_word' id='word_1_101' title='bbox 675 1465 795 1523; x_wconf 93' lang='lat' dir='ltr'>Deo</span> <span class='ocrx_word' id='word_1_102' title='bbox 820 1483 835 1539; x_wconf 94' lang='lat'>;</span> <span class='ocrx_word' id='word_1_103' title='bbox 864 1470 922 1523; x_wconf 91' lang='lat' dir='ltr'>et</span> <span class='ocrx_word' id='word_1_104' title='bbox 952 1469 1084 1525; x_wconf 91' lang='lat' dir='ltr'>ideo</span> <span class='ocrx_word' id='word_1_105' title='bbox 1113 1471 1337 1527; x_wconf 91' lang='lat' dir='ltr'>addidit</span> <span class='ocrx_word' id='word_1_106' title='bbox 1366 1473 1693 1544; x_wconf 84' lang='lat' dir='ltr'>Apostolus</span> <span class='ocrx_word' id='word_1_107' title='bbox 1729 1489 1742 1529; x_wconf 93' lang='lat'>:</span> <span class='ocrx_word' id='word_1_108' title='bbox 1779 1497 1801 1521; x_wconf 80' lang='grc' dir='ltr'>ιι</span> <span class='ocrx_word' id='word_1_109' title='bbox 1856 1474 1989 1530; x_wconf 91' lang='lat' dir='ltr'>Non</span> <span class='ocrx_word' id='word_1_110' title='bbox 2037 1475 2237 1547; x_wconf 89' lang='lat' dir='ltr'>utique</span> 
     </span>
    </p>
   </div>
   <div class='ocr_carea' id='block_1_16' title="bbox 564 1552 2239 1634">
    <p class='ocr_par' dir='ltr' id='par_1_16' title="bbox 564 1552 2239 1634">
     <span class='ocr_line' id='line_1_16' title="bbox 564 1552 2239 1634; baseline 0.005 -26"><span class='ocrx_word' id='word_1_111' title='bbox 564 1552 901 1611; x_wconf 87' lang='lat' dir='ltr'>fornicariis</span> <span class='ocrx_word' id='word_1_112' title='bbox 923 1557 1107 1631; x_wconf 83' lang='lat' dir='ltr'>hujus</span> <span class='ocrx_word' id='word_1_113' title='bbox 1138 1561 1337 1616; x_wconf 89' lang='lat' dir='ltr'>mundi</span> <span class='ocrx_word' id='word_1_114' title='bbox 1370 1561 1689 1634; x_wconf 81' lang='lat' dir='ltr'>(Ibid.tO);</span> <span class='ocrx_word' id='word_1_115' title='bbox 1737 1584 1759 1610; x_wconf 77' lang='grc' dir='ltr'>ι</span> <span class='ocrx_word' id='word_1_116' title='bbox 1794 1565 1852 1617; x_wconf 92' lang='lat' dir='ltr'>et</span> <span class='ocrx_word' id='word_1_117' title='bbox 1882 1562 2034 1618; x_wconf 88' lang='lat' dir='ltr'>infra</span> <span class='ocrx_word' id='word_1_118' title='bbox 2068 1579 2083 1619; x_wconf 88' lang='lat'>:</span> <span class='ocrx_word' id='word_1_119' title='bbox 2120 1586 2141 1609; x_wconf 72' lang='grc' dir='ltr'>ι</span> <span class='ocrx_word' id='word_1_120' title='bbox 2176 1562 2239 1618; x_wconf 92' lang='lat' dir='ltr'>Si</span> 
     </span>
    </p>
   </div>
   <div class='ocr_carea' id='block_1_17' title="bbox 563 1643 2285 1722">
    <p class='ocr_par' dir='ltr' id='par_1_17' title="bbox 563 1643 2285 1722">
     <span class='ocr_line' id='line_1_17' title="bbox 563 1643 2285 1722; baseline 0.006 -26"><span class='ocrx_word' id='word_1_121' title='bbox 563 1643 700 1713; x_wconf 90' lang='lat' dir='ltr'>quis</span> <span class='ocrx_word' id='word_1_122' title='bbox 739 1643 922 1702; x_wconf 82' lang='lat' dir='ltr'>frater</span> <span class='ocrx_word' id='word_1_123' title='bbox 957 1648 1294 1704; x_wconf 91' lang='lat' dir='ltr'>nominatur</span> <span class='ocrx_word' id='word_1_124' title='bbox 1331 1650 1656 1706; x_wconf 77' lang='lat' dir='ltr'>fornicator</span> <span class='ocrx_word' id='word_1_125' title='bbox 1683 1650 1835 1721; x_wconf 89' lang='lat'>(35),</span> <span class='ocrx_word' id='word_1_126' title='bbox 1878 1654 1979 1705; x_wconf 89' lang='lat' dir='ltr'>aut</span> <span class='ocrx_word' id='word_1_127' title='bbox 1997 1667 2236 1722; x_wconf 89' lang='lat' dir='ltr'>avarus,</span> <span class='ocrx_word' id='word_1_128' title='bbox 2279 1675 2285 1681; x_wconf 61' lang='grc'><strong>’</strong></span> 
     </span>
    </p>
   </div>
   <div class='ocr_carea' id='block_1_18' title="bbox 564 1732 2237 1811">
    <p class='ocr_par' dir='ltr' id='par_1_18' title="bbox 564 1732 2237 1811">
     <span class='ocr_line' id='line_1_18' title="bbox 564 1732 2237 1811; baseline 0.007 -27"><span class='ocrx_word' id='word_1_129' title='bbox 564 1733 663 1785; x_wconf 87' lang='lat' dir='ltr'>aut</span> <span class='ocrx_word' id='word_1_130' title='bbox 699 1732 876 1788; x_wconf 89' lang='lat' dir='ltr'>idolis</span> <span class='ocrx_word' id='word_1_131' title='bbox 916 1737 1213 1808; x_wconf 88' lang='lat' dir='ltr'>serviens,</span> <span class='ocrx_word' id='word_1_132' title='bbox 1255 1742 1355 1793; x_wconf 90' lang='lat' dir='ltr'>aut</span> <span class='ocrx_word' id='word_1_133' title='bbox 1392 1738 1718 1794; x_wconf 86' lang='lat' dir='ltr'>maledicus</span> <span class='ocrx_word' id='word_1_134' title='bbox 1745 1781 1758 1808; x_wconf 94' lang='lat'>,</span> <span class='ocrx_word' id='word_1_135' title='bbox 1801 1743 1899 1794; x_wconf 89' lang='lat' dir='ltr'>aut</span> <span class='ocrx_word' id='word_1_136' title='bbox 1937 1740 2237 1811; x_wconf 85' lang='lat' dir='ltr'>ebriosus,</span> 
     </span>
    </p>
   </div>
   <div class='ocr_carea' id='block_1_19' title="bbox 2358 591 3198 667">
    <p class='ocr_par' dir='ltr' id='par_1_19' title="bbox 2358 591 3198 667">
     <span class='ocr_line' id='line_1_19' title="bbox 2358 591 3198 667; baseline 0.01 -21"><span class='ocrx_word' id='word_1_137' title='bbox 2358 591 2569 667; x_wconf 78' lang='lat' dir='ltr'>ludere</span> <span class='ocrx_word' id='word_1_138' title='bbox 2595 594 2811 661; x_wconf 81' lang='lat' dir='ltr'>(Exod.</span> <span class='ocrx_word' id='word_1_139' title='bbox 2844 613 3026 665; x_wconf 74' lang='lat' dir='ltr'><strong>xxx&quot;,</strong></span> <span class='ocrx_word' id='word_1_140' title='bbox 3058 597 3136 667; x_wconf 90' lang='lat'>6).</span> <span class='ocrx_word' id='word_1_141' title='bbox 3174 623 3198 647; x_wconf 90' lang='grc' dir='ltr'>ιι</span> 
     </span>
    </p>
   </div>
   <div class='ocr_carea' id='block_1_20' title="bbox 2432 664 3934 752">
    <p class='ocr_par' dir='ltr' id='par_1_20' title="bbox 2432 664 3934 752">
     <span class='ocr_line' id='line_1_20' title="bbox 2432 664 3934 752; baseline 0.011 -33"><span class='ocrx_word' id='word_1_142' title='bbox 2432 664 2516 721; x_wconf 91' lang='grc'><strong>13.</strong></span> <span class='ocrx_word' id='word_1_143' title='bbox 2551 666 2686 737; x_wconf 89' lang='lat' dir='ltr'>Ipse</span> <span class='ocrx_word' id='word_1_144' title='bbox 2731 684 2967 740; x_wconf 91' lang='lat' dir='ltr'>quoque</span> <span class='ocrx_word' id='word_1_145' title='bbox 2998 664 3313 744; x_wconf 84' lang='lat' dir='ltr'>Epicurus,</span> <span class='ocrx_word' id='word_1_146' title='bbox 3345 688 3523 745; x_wconf 92' lang='lat' dir='ltr'>quem</span> <span class='ocrx_word' id='word_1_147' title='bbox 3560 676 3654 731; x_wconf 88' lang='lat' dir='ltr'>isti</span> <span class='ocrx_word' id='word_1_148' title='bbox 3680 679 3781 733; x_wconf 89' lang='lat' dir='ltr'>sibi</span> <span class='ocrx_word' id='word_1_149' title='bbox 3804 686 3934 752; x_wconf 65' lang='lat' dir='ltr'>magis</span> 
     </span>
    </p>
   </div>
   <div class='ocr_carea' id='block_1_21' title="bbox 2360 755 3932 832">
    <p class='ocr_par' dir='ltr' id='par_1_21' title="bbox 2360 755 3932 832">
     <span class='ocr_line' id='line_1_21' title="bbox 2360 755 3932 832; baseline 0.01 -23"><span class='ocrx_word' id='word_1_150' title='bbox 2360 755 2727 826; x_wconf 87' lang='lat' dir='ltr'>sequendum</span> <span class='ocrx_word' id='word_1_151' title='bbox 2758 772 2934 828; x_wconf 89' lang='lat' dir='ltr'>quam</span> <span class='ocrx_word' id='word_1_152' title='bbox 2964 760 3268 830; x_wconf 87' lang='lat' dir='ltr'>apostolos</span> <span class='ocrx_word' id='word_1_153' title='bbox 3300 766 3525 832; x_wconf 89' lang='lat' dir='ltr'>putant,</span> <span class='ocrx_word' id='word_1_154' title='bbox 3556 770 3797 822; x_wconf 85' lang='lat' dir='ltr'>assertor</span> <span class='ocrx_word' id='word_1_155' title='bbox 3818 771 3932 824; x_wconf 81' lang='lat' dir='ltr'>volu-</span> 
     </span>
    </p>
   </div>
   <div class='ocr_carea' id='block_1_22' title="bbox 2358 845 3933 929">
    <p class='ocr_par' dir='ltr' id='par_1_22' title="bbox 2358 845 3933 929">
     <span class='ocr_line' id='line_1_22' title="bbox 2358 845 3933 929; baseline 0.01 -32"><span class='ocrx_word' id='word_1_156' title='bbox 2358 846 2556 915; x_wconf 90' lang='lat' dir='ltr'>ptatis,</span> <span class='ocrx_word' id='word_1_157' title='bbox 2589 845 2701 901; x_wconf 87' lang='lat' dir='ltr'>etsi</span> <span class='ocrx_word' id='word_1_158' title='bbox 2724 850 2902 919; x_wconf 81' lang='lat' dir='ltr'>neget</span> <span class='ocrx_word' id='word_1_159' title='bbox 2930 847 3314 906; x_wconf 88' lang='lat' dir='ltr'>invectricem</span> <span class='ocrx_word' id='word_1_160' title='bbox 3341 852 3480 907; x_wconf 88' lang='lat' dir='ltr'>mali</span> <span class='ocrx_word' id='word_1_161' title='bbox 3510 853 3617 923; x_wconf 86' lang='lat'>(39)</span> <span class='ocrx_word' id='word_1_162' title='bbox 3636 871 3761 911; x_wconf 90' lang='lat' dir='ltr'>esse</span> <span class='ocrx_word' id='word_1_163' title='bbox 3787 858 3933 929; x_wconf 82' lang='lat' dir='ltr'>volup-</span> 
     </span>
    </p>
   </div>
   <div class='ocr_carea' id='block_1_23' title="bbox 2356 935 3932 1019">
    <p class='ocr_par' dir='ltr' id='par_1_23' title="bbox 2356 935 3932 1019">
     <span class='ocr_line' id='line_1_23' title="bbox 2356 935 3932 1019; baseline 0.01 -33"><span class='ocrx_word' id='word_1_164' title='bbox 2356 935 2553 1005; x_wconf 88' lang='lat' dir='ltr'>tatem,</span> <span class='ocrx_word' id='word_1_165' title='bbox 2586 950 2704 990; x_wconf 91' lang='lat' dir='ltr'>non</span> <span class='ocrx_word' id='word_1_166' title='bbox 2732 939 2909 1009; x_wconf 91' lang='lat' dir='ltr'>negat</span> <span class='ocrx_word' id='word_1_167' title='bbox 2939 939 3133 994; x_wconf 89' lang='lat' dir='ltr'>tamen</span> <span class='ocrx_word' id='word_1_168' title='bbox 3164 954 3241 995; x_wconf 79' lang='lat' dir='ltr'>ex</span> <span class='ocrx_word' id='word_1_169' title='bbox 3267 956 3334 995; x_wconf 92' lang='lat' dir='ltr'>ea</span> <span class='ocrx_word' id='word_1_170' title='bbox 3366 941 3495 996; x_wconf 82' lang='lat' dir='ltr'>fieri</span> <span class='ocrx_word' id='word_1_171' title='bbox 3517 944 3766 1014; x_wconf 69' lang='lat' dir='ltr'>quaedam</span> <span class='ocrx_word' id='word_1_172' title='bbox 3781 960 3838 1000; x_wconf 83' lang='lat' dir='ltr'>ex</span> <span class='ocrx_word' id='word_1_173' title='bbox 3853 949 3932 1019; x_wconf 66' lang='lat' dir='ltr'>qui</span> 
     </span>
    </p>
   </div>
   <div class='ocr_carea' id='block_1_24' title="bbox 2356 1021 3933 1101">
    <p class='ocr_par' dir='ltr' id='par_1_24' title="bbox 2356 1021 3933 1101">
     <span class='ocr_line' id='line_1_24' title="bbox 2356 1021 3933 1101; baseline 0.01 -25"><span class='ocrx_word' id='word_1_174' title='bbox 2356 1021 2473 1078; x_wconf 91' lang='lat' dir='ltr'>bus</span> <span class='ocrx_word' id='word_1_175' title='bbox 2503 1028 2863 1095; x_wconf 78' lang='lat' dir='ltr'>generentur</span> <span class='ocrx_word' id='word_1_176' title='bbox 2904 1026 3057 1081; x_wconf 90' lang='lat' dir='ltr'>mala</span> <span class='ocrx_word' id='word_1_177' title='bbox 3091 1043 3103 1083; x_wconf 89' lang='lat'>:</span> <span class='ocrx_word' id='word_1_178' title='bbox 3138 1027 3394 1101; x_wconf 88' lang='lat' dir='ltr'>denique</span> <span class='ocrx_word' id='word_1_179' title='bbox 3439 1047 3548 1087; x_wconf 91' lang='lat' dir='ltr'>nec</span> <span class='ocrx_word' id='word_1_180' title='bbox 3585 1032 3933 1093; x_wconf 79' lang='lat' dir='ltr'>luxuriosorum</span> 
     </span>
    </p>
   </div>
   <div class='ocr_carea' id='block_1_25' title="bbox 2356 1112 3931 1192">
    <p class='ocr_par' dir='ltr' id='par_1_25' title="bbox 2356 1112 3931 1192">
     <span class='ocr_line' id='line_1_25' title="bbox 2356 1112 3931 1192; baseline 0.01 -27"><span class='ocrx_word' id='word_1_181' title='bbox 2356 1112 2536 1166; x_wconf 90' lang='lat' dir='ltr'>vitam</span> <span class='ocrx_word' id='word_1_182' title='bbox 2566 1113 3097 1184; x_wconf 88' lang='lat' dir='ltr'>reprehensibilem</span> <span class='ocrx_word' id='word_1_183' title='bbox 3126 1116 3334 1189; x_wconf 89' lang='lat' dir='ltr'>videri,</span> <span class='ocrx_word' id='word_1_184' title='bbox 3361 1135 3499 1191; x_wconf 66' lang='lat' dir='ltr'>qua:</span> <span class='ocrx_word' id='word_1_185' title='bbox 3527 1122 3797 1192; x_wconf 81' lang='lat' dir='ltr'>repleatur</span> <span class='ocrx_word' id='word_1_186' title='bbox 3810 1125 3931 1181; x_wconf 77' lang='lat' dir='ltr'>delae-</span> 
     </span>
    </p>
   </div>
   <div class='ocr_carea' id='block_1_26' title="bbox 2353 1201 3932 1286">
    <p class='ocr_par' dir='ltr' id='par_1_26' title="bbox 2353 1201 3932 1286">
     <span class='ocr_line' id='line_1_26' title="bbox 2353 1201 3932 1286; baseline 0.009 -31"><span class='ocrx_word' id='word_1_187' title='bbox 2353 1201 2678 1286; x_wconf 69' lang='lat' dir='ltr'>tationibus</span> <span class='ocrx_word' id='word_1_188' title='bbox 2704 1218 2719 1273; x_wconf 88' lang='lat'>;</span> <span class='ocrx_word' id='word_1_189' title='bbox 2750 1203 2870 1259; x_wconf 88' lang='lat' dir='ltr'>nisi</span> <span class='ocrx_word' id='word_1_190' title='bbox 2899 1205 2994 1259; x_wconf 89' lang='lat' dir='ltr'>vel</span> <span class='ocrx_word' id='word_1_191' title='bbox 3024 1205 3273 1276; x_wconf 91' lang='lat' dir='ltr'>doloris,</span> <span class='ocrx_word' id='word_1_192' title='bbox 3313 1210 3509 1274; x_wconf 80' lang='lat'>1026</span> <span class='ocrx_word' id='word_1_193' title='bbox 3540 1209 3631 1266; x_wconf 89' lang='lat' dir='ltr'>vel</span> <span class='ocrx_word' id='word_1_194' title='bbox 3651 1213 3825 1268; x_wconf 88' lang='lat' dir='ltr'>mortis</span> <span class='ocrx_word' id='word_1_195' title='bbox 3847 1232 3932 1286; x_wconf 77' lang='lat' dir='ltr'>qua-</span> 
     </span>
    </p>
   </div>
   <div class='ocr_carea' id='block_1_27' title="bbox 2355 1276 3930 1362">
    <p class='ocr_par' dir='ltr' id='par_1_27' title="bbox 2355 1276 3930 1362">
     <span class='ocr_line' id='line_1_27' title="bbox 2355 1276 3930 1362; baseline 0.008 -25"><span class='ocrx_word' id='word_1_196' title='bbox 2355 1276 2531 1338; x_wconf 61' lang='lat' dir='ltr'>tiatur</span> <span class='ocrx_word' id='word_1_197' title='bbox 2575 1288 2752 1341; x_wconf 90' lang='lat' dir='ltr'>metu.</span> <span class='ocrx_word' id='word_1_198' title='bbox 2804 1286 2995 1359; x_wconf 83' lang='lat' dir='ltr'>Atque</span> <span class='ocrx_word' id='word_1_199' title='bbox 3042 1288 3139 1343; x_wconf 91' lang='lat' dir='ltr'>hic</span> <span class='ocrx_word' id='word_1_200' title='bbox 3187 1306 3362 1361; x_wconf 88' lang='lat' dir='ltr'>quam</span> <span class='ocrx_word' id='word_1_201' title='bbox 3410 1291 3639 1347; x_wconf 89' lang='lat' dir='ltr'>alienus</span> <span class='ocrx_word' id='word_1_202' title='bbox 3676 1276 3930 1362; x_wconf 59' lang='lat' dir='ltr'>averotit,</span> 
     </span>
    </p>
   </div>
   <div class='ocr_carea' id='block_1_28' title="bbox 2353 1373 3934 1451">
    <p class='ocr_par' dir='ltr' id='par_1_28' title="bbox 2353 1373 3934 1451">
     <span class='ocr_line' id='line_1_28' title="bbox 2353 1373 3934 1451; baseline 0.006 -22"><span class='ocrx_word' id='word_1_203' title='bbox 2353 1373 2523 1429; x_wconf 87' lang='lat' dir='ltr'>etiam</span> <span class='ocrx_word' id='word_1_204' title='bbox 2538 1373 2676 1429; x_wconf 91' lang='lat' dir='ltr'>hinc</span> <span class='ocrx_word' id='word_1_205' title='bbox 2704 1374 3182 1448; x_wconf 88' lang='lat' dir='ltr'>deprehenditur,</span> <span class='ocrx_word' id='word_1_206' title='bbox 3202 1379 3361 1451; x_wconf 91' lang='lat' dir='ltr'>quod</span> <span class='ocrx_word' id='word_1_207' title='bbox 3383 1378 3732 1451; x_wconf 89' lang='lat' dir='ltr'>voluptatem</span> <span class='ocrx_word' id='word_1_208' title='bbox 3746 1382 3796 1437; x_wconf 89' lang='lat' dir='ltr'>in</span> <span class='ocrx_word' id='word_1_209' title='bbox 3819 1382 3934 1438; x_wconf 76' lang='lat' dir='ltr'>homi-</span> 
     </span>
    </p>
   </div>
   <div class='ocr_carea' id='block_1_29' title="bbox 2355 1462 3931 1540">
    <p class='ocr_par' dir='ltr' id='par_1_29' title="bbox 2355 1462 3931 1540">
     <span class='ocr_line' id='line_1_29' title="bbox 2355 1462 3931 1540; baseline 0.004 -21"><span class='ocrx_word' id='word_1_210' title='bbox 2355 1478 2429 1519; x_wconf 88' lang='lat' dir='ltr'>ne</span> <span class='ocrx_word' id='word_1_211' title='bbox 2461 1462 2583 1519; x_wconf 92' lang='lat' dir='ltr'>Deo</span> <span class='ocrx_word' id='word_1_212' title='bbox 2612 1467 2852 1521; x_wconf 89' lang='lat' dir='ltr'>auctore</span> <span class='ocrx_word' id='word_1_213' title='bbox 2882 1470 3143 1522; x_wconf 87' lang='lat' dir='ltr'>creatam</span> <span class='ocrx_word' id='word_1_214' title='bbox 3171 1469 3390 1524; x_wconf 83' lang='lat' dir='ltr'>asserit</span> <span class='ocrx_word' id='word_1_215' title='bbox 3408 1469 3813 1540; x_wconf 85' lang='lat' dir='ltr'>principaliter,</span> <span class='ocrx_word' id='word_1_216' title='bbox 3837 1473 3931 1526; x_wconf 79' lang='lat' dir='ltr'>sicut</span> 
     </span>
    </p>
   </div>
   <div class='ocr_carea' id='block_1_30' title="bbox 2351 1551 3931 1629">
    <p class='ocr_par' dir='ltr' id='par_1_30' title="bbox 2351 1551 3931 1629">
     <span class='ocr_line' id='line_1_30' title="bbox 2351 1551 3931 1629; baseline 0.004 -20"><span class='ocrx_word' id='word_1_217' title='bbox 2351 1552 2727 1611; x_wconf 88' lang='lat' dir='ltr'>Philomarus</span> <span class='ocrx_word' id='word_1_218' title='bbox 2749 1551 2861 1625; x_wconf 67' lang='lat'>(40)</span> <span class='ocrx_word' id='word_1_219' title='bbox 2893 1553 3029 1626; x_wconf 82' lang='lat' dir='ltr'>ejus</span> <span class='ocrx_word' id='word_1_220' title='bbox 3061 1559 3320 1612; x_wconf 89' lang='lat' dir='ltr'>sectator</span> <span class='ocrx_word' id='word_1_221' title='bbox 3349 1559 3413 1613; x_wconf 90' lang='lat' dir='ltr'>in</span> <span class='ocrx_word' id='word_1_222' title='bbox 3436 1558 3706 1629; x_wconf 89' lang='lat' dir='ltr'>epitomis</span> <span class='ocrx_word' id='word_1_223' title='bbox 3734 1558 3837 1615; x_wconf 87' lang='lat' dir='ltr'>suis</span> <span class='ocrx_word' id='word_1_224' title='bbox 3856 1559 3931 1616; x_wconf 73' lang='lat' dir='ltr'>dis-</span> 
     </span>
    </p>
   </div>
   <div class='ocr_carea' id='block_1_31' title="bbox 2354 1636 3931 1719">
    <p class='ocr_par' dir='ltr' id='par_1_31' title="bbox 2354 1636 3931 1719">
     <span class='ocr_line' id='line_1_31' title="bbox 2354 1636 3931 1719; baseline 0.006 -23"><span class='ocrx_word' id='word_1_225' title='bbox 2354 1644 2535 1714; x_wconf 86' lang='lat' dir='ltr'>putat,</span> <span class='ocrx_word' id='word_1_226' title='bbox 2570 1645 2627 1697; x_wconf 93' lang='lat' dir='ltr'>et</span> <span class='ocrx_word' id='word_1_227' title='bbox 2654 1642 2837 1715; x_wconf 85' lang='lat' dir='ltr'>hujus</span> <span class='ocrx_word' id='word_1_228' title='bbox 2874 1636 3093 1717; x_wconf 87' lang='lat' dir='ltr'>allegat</span> <span class='ocrx_word' id='word_1_229' title='bbox 3133 1644 3368 1702; x_wconf 89' lang='lat' dir='ltr'>Stoicos</span> <span class='ocrx_word' id='word_1_230' title='bbox 3417 1646 3535 1719; x_wconf 79' lang='grc'>(41)</span> <span class='ocrx_word' id='word_1_231' title='bbox 3582 1663 3713 1705; x_wconf 90' lang='lat' dir='ltr'>esse</span> <span class='ocrx_word' id='word_1_232' title='bbox 3740 1652 3931 1707; x_wconf 77' lang='lat' dir='ltr'>auctores</span> 
     </span>
    </p>
   </div>
   <div class='ocr_carea' id='block_1_32' title="bbox 2357 1732 2686 1788">
    <p class='ocr_par' dir='ltr' id='par_1_32' title="bbox 2357 1732 2686 1788">
     <span class='ocr_line' id='line_1_32' title="bbox 2357 1732 2686 1788; baseline 0.003 -1"><span class='ocrx_word' id='word_1_233' title='bbox 2357 1732 2686 1788; x_wconf 87' lang='lat' dir='ltr'>sententiae.</span> 
     </span>
    </p>
   </div>
   <div class='ocr_carea' id='block_1_33' title="bbox 563 1805 3931 1901">
    <p class='ocr_par' dir='ltr' id='par_1_33' title="bbox 563 1805 3931 1901">
     <span class='ocr_line' id='line_1_33' title="bbox 563 1805 3931 1901; baseline 0.005 -29"><span class='ocrx_word' id='word_1_234' title='bbox 563 1822 662 1873; x_wconf 90' lang='lat' dir='ltr'>aut</span> <span class='ocrx_word' id='word_1_235' title='bbox 692 1836 916 1893; x_wconf 85' lang='lat' dir='ltr'>rapax;</span> <span class='ocrx_word' id='word_1_236' title='bbox 958 1839 1090 1879; x_wconf 91' lang='lat' dir='ltr'>cum</span> <span class='ocrx_word' id='word_1_237' title='bbox 1130 1805 1427 1898; x_wconf 84' lang='lat' dir='ltr'>ejusmodi</span> <span class='ocrx_word' id='word_1_238' title='bbox 1467 1843 1576 1882; x_wconf 88' lang='lat' dir='ltr'>nec</span> <span class='ocrx_word' id='word_1_239' title='bbox 1617 1805 1815 1883; x_wconf 86' lang='lat' dir='ltr'>cibum</span> <span class='ocrx_word' id='word_1_240' title='bbox 1870 1828 2107 1901; x_wconf 89' lang='lat' dir='ltr'>quidem</span> <span class='ocrx_word' id='word_1_241' title='bbox 2140 1805 2241 1886; x_wconf 51' lang='lat' dir='ltr'>su;</span> <span class='ocrx_word' id='word_1_242' title='bbox 2269 1805 2321 1868; x_wconf 81' lang='grc' dir='ltr'>Β</span> <span class='ocrx_word' id='word_1_243' title='bbox 2428 1820 2515 1877; x_wconf 68' lang='grc'>14.</span> <span class='ocrx_word' id='word_1_244' title='bbox 2536 1820 2652 1877; x_wconf 71' lang='lat' dir='ltr'>Sed</span> <span class='ocrx_word' id='word_1_245' title='bbox 2669 1821 2781 1876; x_wconf 78' lang='lat' dir='ltr'>hoc</span> <span class='ocrx_word' id='word_1_246' title='bbox 2804 1821 3000 1877; x_wconf 74' lang='lat' dir='ltr'>diVina</span> <span class='ocrx_word' id='word_1_247' title='bbox 3039 1821 3343 1895; x_wconf 61' lang='lat' dir='ltr'>Scriptura</span> <span class='ocrx_word' id='word_1_248' title='bbox 3373 1826 3699 1899; x_wconf 71' lang='lat' dir='ltr'>redarguit,</span> <span class='ocrx_word' id='word_1_249' title='bbox 3730 1842 3931 1898; x_wconf 69' lang='lat' dir='ltr'>queser-</span> 
     </span>
    </p>
   </div>
   <div class='ocr_carea' id='block_1_34' title="bbox 563 1909 2240 1990">
    <p class='ocr_par' dir='ltr' id='par_1_34' title="bbox 563 1909 2240 1990">
     <span class='ocr_line' id='line_1_34' title="bbox 563 1909 2240 1990; baseline 0.007 -29"><span class='ocrx_word' id='word_1_250' title='bbox 563 1922 746 1964; x_wconf 91' lang='lat' dir='ltr'>mere.</span> <span class='ocrx_word' id='word_1_251' title='bbox 780 1909 929 1974; x_wconf 91' lang='lat' dir='ltr'>Quid</span> <span class='ocrx_word' id='word_1_252' title='bbox 960 1914 1117 1968; x_wconf 91' lang='lat' dir='ltr'>enim</span> <span class='ocrx_word' id='word_1_253' title='bbox 1148 1915 1292 1969; x_wconf 92' lang='lat' dir='ltr'>mihi</span> <span class='ocrx_word' id='word_1_254' title='bbox 1324 1916 1395 1971; x_wconf 92' lang='lat' dir='ltr'>de</span> <span class='ocrx_word' id='word_1_255' title='bbox 1425 1916 1499 1971; x_wconf 91' lang='lat' dir='ltr'>iis</span> <span class='ocrx_word' id='word_1_256' title='bbox 1522 1917 1622 1988; x_wconf 92' lang='lat' dir='ltr'>qui</span> <span class='ocrx_word' id='word_1_257' title='bbox 1647 1916 1791 1971; x_wconf 90' lang='lat' dir='ltr'>foris</span> <span class='ocrx_word' id='word_1_258' title='bbox 1814 1918 2240 1990; x_wconf 86' lang='lat' dir='ltr'>suntjudicare</span> 
     </span>
    </p>
   </div>
   <div class='ocr_carea' id='block_1_35' title="bbox 562 1995 2240 2076">
    <p class='ocr_par' dir='ltr' id='par_1_35' title="bbox 562 1995 2240 2076">
     <span class='ocr_line' id='line_1_35' title="bbox 562 1995 2240 2076; baseline 0.007 -26"><span class='ocrx_word' id='word_1_259' title='bbox 562 1995 740 2064; x_wconf 85' lang='lat' dir='ltr'>(Ibid.</span> <span class='ocrx_word' id='word_1_260' title='bbox 784 1999 870 2069; x_wconf 88' lang='grc'><strong>11,</strong></span> <span class='ocrx_word' id='word_1_261' title='bbox 914 2001 1003 2073; x_wconf 71' lang='grc'>12)</span> <span class='ocrx_word' id='word_1_262' title='bbox 1032 2004 1061 2057; x_wconf 87' lang='lat'><strong>?</strong></span> <span class='ocrx_word' id='word_1_263' title='bbox 1103 2024 1125 2052; x_wconf 86' lang='grc' dir='ltr'>ιι</span> <span class='ocrx_word' id='word_1_264' title='bbox 1172 2003 1241 2058; x_wconf 87' lang='lat' dir='ltr'>Et</span> <span class='ocrx_word' id='word_1_265' title='bbox 1278 2004 1350 2059; x_wconf 91' lang='lat' dir='ltr'>ad</span> <span class='ocrx_word' id='word_1_266' title='bbox 1391 2004 1686 2076; x_wconf 88' lang='lat' dir='ltr'>Ephesios</span> <span class='ocrx_word' id='word_1_267' title='bbox 1704 1996 1733 2061; x_wconf 62' lang='grc' dir='ltr'>ἐ</span> <span class='ocrx_word' id='word_1_268' title='bbox 1772 2004 2107 2062; x_wconf 89' lang='lat' dir='ltr'>Fornicatio</span> <span class='ocrx_word' id='word_1_269' title='bbox 2138 2023 2240 2062; x_wconf 83' lang='lat' dir='ltr'>au—</span> 
     </span>
    </p>
   </div>
   <div class='ocr_carea' id='block_1_36' title="bbox 560 2086 2237 2163">
    <p class='ocr_par' dir='ltr' id='par_1_36' title="bbox 560 2086 2237 2163">
     <span class='ocr_line' id='line_1_36' title="bbox 560 2086 2237 2163; baseline 0.007 -24"><span class='ocrx_word' id='word_1_270' title='bbox 560 2086 713 2157; x_wconf 87' lang='lat' dir='ltr'>tem,</span> <span class='ocrx_word' id='word_1_271' title='bbox 754 2092 812 2143; x_wconf 86' lang='lat' dir='ltr'>et</span> <span class='ocrx_word' id='word_1_272' title='bbox 850 2091 1043 2146; x_wconf 87' lang='lat' dir='ltr'>omnis</span> <span class='ocrx_word' id='word_1_273' title='bbox 1082 2092 1468 2163; x_wconf 88' lang='lat' dir='ltr'>immunditia,</span> <span class='ocrx_word' id='word_1_274' title='bbox 1519 2097 1574 2148; x_wconf 88' lang='lat' dir='ltr'>et</span> <span class='ocrx_word' id='word_1_275' title='bbox 1604 2094 1847 2148; x_wconf 89' lang='lat' dir='ltr'>avaritia</span> <span class='ocrx_word' id='word_1_276' title='bbox 1886 2110 1995 2149; x_wconf 89' lang='lat' dir='ltr'>nec</span> <span class='ocrx_word' id='word_1_277' title='bbox 2041 2097 2237 2152; x_wconf 88' lang='lat' dir='ltr'>nomi-</span> 
     </span>
    </p>
   </div>
   <div class='ocr_carea' id='block_1_37' title="bbox 563 2176 2233 2257">
    <p class='ocr_par' dir='ltr' id='par_1_37' title="bbox 563 2176 2233 2257">
     <span class='ocr_line' id='line_1_37' title="bbox 563 2176 2233 2257; baseline 0.007 -29"><span class='ocrx_word' id='word_1_278' title='bbox 563 2178 736 2230; x_wconf 88' lang='lat' dir='ltr'>netur</span> <span class='ocrx_word' id='word_1_279' title='bbox 772 2176 832 2232; x_wconf 89' lang='lat' dir='ltr'>in</span> <span class='ocrx_word' id='word_1_280' title='bbox 870 2180 1083 2250; x_wconf 82' lang='lat' dir='ltr'>vobis,</span> <span class='ocrx_word' id='word_1_281' title='bbox 1145 2182 1299 2236; x_wconf 89' lang='lat' dir='ltr'>sicut</span> <span class='ocrx_word' id='word_1_282' title='bbox 1355 2183 1524 2238; x_wconf 88' lang='lat' dir='ltr'>decet</span> <span class='ocrx_word' id='word_1_283' title='bbox 1582 2187 1825 2238; x_wconf 88' lang='lat' dir='ltr'>sanctos</span> <span class='ocrx_word' id='word_1_284' title='bbox 1865 2183 2110 2256; x_wconf 65' lang='lat' dir='ltr'>(Epiros.</span> <span class='ocrx_word' id='word_1_285' title='bbox 2163 2202 2233 2257; x_wconf 90' lang='lat' dir='ltr'>v,</span> 
     </span>
    </p>
   </div>
   <div class='ocr_carea' id='block_1_38' title="bbox 558 2262 2233 2345">
    <p class='ocr_par' dir='ltr' id='par_1_38' title="bbox 558 2262 2233 2345">
     <span class='ocr_line' id='line_1_38' title="bbox 558 2262 2233 2345; baseline 0.007 -27"><span class='ocrx_word' id='word_1_286' title='bbox 558 2262 636 2333; x_wconf 85' lang='lat'>3).</span> <span class='ocrx_word' id='word_1_287' title='bbox 682 2287 705 2314; x_wconf 88' lang='grc' dir='ltr'>ιι</span> <span class='ocrx_word' id='word_1_288' title='bbox 742 2265 815 2321; x_wconf 91' lang='lat' dir='ltr'>Et</span> <span class='ocrx_word' id='word_1_289' title='bbox 843 2269 1040 2324; x_wconf 89' lang='lat' dir='ltr'>statim</span> <span class='ocrx_word' id='word_1_290' title='bbox 1060 2270 1354 2326; x_wconf 83' lang='lat' dir='ltr'>subinfert</span> <span class='ocrx_word' id='word_1_291' title='bbox 1387 2287 1399 2327; x_wconf 89' lang='lat'><strong>:</strong></span> <span class='ocrx_word' id='word_1_292' title='bbox 1438 2295 1460 2320; x_wconf 73' lang='grc' dir='ltr'><strong>α</strong></span> <span class='ocrx_word' id='word_1_293' title='bbox 1501 2272 1627 2327; x_wconf 83' lang='lat' dir='ltr'>lloc</span> <span class='ocrx_word' id='word_1_294' title='bbox 1658 2273 1812 2327; x_wconf 89' lang='lat' dir='ltr'>enim</span> <span class='ocrx_word' id='word_1_295' title='bbox 1843 2273 2054 2328; x_wconf 91' lang='lat' dir='ltr'>scitote</span> <span class='ocrx_word' id='word_1_296' title='bbox 2076 2275 2233 2345; x_wconf 89' lang='lat' dir='ltr'>quod</span> 
     </span>
    </p>
   </div>
   <div class='ocr_carea' id='block_1_39' title="bbox 559 2353 2227 2434">
    <p class='ocr_par' dir='ltr' id='par_1_39' title="bbox 559 2353 2227 2434">
     <span class='ocr_line' id='line_1_39' title="bbox 559 2353 2227 2434; baseline 0.007 -27"><span class='ocrx_word' id='word_1_297' title='bbox 559 2353 753 2409; x_wconf 89' lang='lat' dir='ltr'>omnis</span> <span class='ocrx_word' id='word_1_298' title='bbox 808 2354 1182 2428; x_wconf 90' lang='lat' dir='ltr'>impudicus,</span> <span class='ocrx_word' id='word_1_299' title='bbox 1239 2363 1338 2414; x_wconf 90' lang='lat' dir='ltr'>aut</span> <span class='ocrx_word' id='word_1_300' title='bbox 1394 2360 1765 2430; x_wconf 90' lang='lat' dir='ltr'>immundus,</span> <span class='ocrx_word' id='word_1_301' title='bbox 1824 2364 1924 2416; x_wconf 90' lang='lat' dir='ltr'>aut</span> <span class='ocrx_word' id='word_1_302' title='bbox 1980 2378 2227 2434; x_wconf 89' lang='lat' dir='ltr'>avarus,</span> 
     </span>
    </p>
   </div>
   <div class='ocr_carea' id='block_1_40' title="bbox 432 2440 2230 2518">
    <p class='ocr_par' dir='ltr' id='par_1_40' title="bbox 432 2440 2230 2518">
     <span class='ocr_line' id='line_1_40' title="bbox 432 2440 2230 2518; baseline 0.007 -23"><span class='ocrx_word' id='word_1_303' title='bbox 432 2440 441 2443; x_wconf 81' lang='grc'><em>’</em></span> <span class='ocrx_word' id='word_1_304' title='bbox 558 2442 717 2514; x_wconf 86' lang='lat' dir='ltr'>quod</span> <span class='ocrx_word' id='word_1_305' title='bbox 747 2446 840 2499; x_wconf 87' lang='lat' dir='ltr'>est</span> <span class='ocrx_word' id='word_1_306' title='bbox 876 2444 1204 2502; x_wconf 86' lang='lat' dir='ltr'>idololatria</span> <span class='ocrx_word' id='word_1_307' title='bbox 1254 2448 1395 2518; x_wconf 86' lang='lat'>(36),</span> <span class='ocrx_word' id='word_1_308' title='bbox 1441 2465 1560 2504; x_wconf 90' lang='lat' dir='ltr'>non</span> <span class='ocrx_word' id='word_1_309' title='bbox 1599 2449 1777 2505; x_wconf 83' lang='lat' dir='ltr'>habet</span> <span class='ocrx_word' id='word_1_310' title='bbox 1828 2450 2230 2507; x_wconf 70' lang='lat' dir='ltr'>haereditatem</span> 
     </span>
    </p>
   </div>
   <div class='ocr_carea' id='block_1_41' title="bbox 558 2528 2228 2611">
    <p class='ocr_par' dir='ltr' id='par_1_41' title="bbox 558 2528 2228 2611">
     <span class='ocr_line' id='line_1_41' title="bbox 558 2528 2228 2611; baseline 0.007 -27"><span class='ocrx_word' id='word_1_311' title='bbox 558 2528 617 2585; x_wconf 90' lang='lat' dir='ltr'>in</span> <span class='ocrx_word' id='word_1_312' title='bbox 655 2547 844 2604; x_wconf 90' lang='lat' dir='ltr'>regno</span> <span class='ocrx_word' id='word_1_313' title='bbox 882 2532 1102 2591; x_wconf 81' lang='lat' dir='ltr'>Christi</span> <span class='ocrx_word' id='word_1_314' title='bbox 1159 2540 1216 2592; x_wconf 89' lang='lat' dir='ltr'>et</span> <span class='ocrx_word' id='word_1_315' title='bbox 1254 2538 1359 2594; x_wconf 92' lang='lat' dir='ltr'>Dei</span> <span class='ocrx_word' id='word_1_316' title='bbox 1397 2538 1659 2610; x_wconf 83' lang='lat' dir='ltr'>(Ibid.5).</span> <span class='ocrx_word' id='word_1_317' title='bbox 1715 2560 1736 2588; x_wconf 85' lang='grc' dir='ltr'>ιι</span> <span class='ocrx_word' id='word_1_318' title='bbox 1790 2540 1874 2595; x_wconf 92' lang='lat' dir='ltr'>De</span> <span class='ocrx_word' id='word_1_319' title='bbox 1922 2540 2228 2611; x_wconf 87' lang='lat' dir='ltr'>baptizatis</span> 
     </span>
    </p>
   </div>
   <div class='ocr_carea' id='block_1_42' title="bbox 556 2620 2229 2698">
    <p class='ocr_par' dir='ltr' id='par_1_42' title="bbox 556 2620 2229 2698">
     <span class='ocr_line' id='line_1_42' title="bbox 556 2620 2229 2698; baseline 0.005 -22"><span class='ocrx_word' id='word_1_320' title='bbox 556 2620 760 2692; x_wconf 86' lang='lat' dir='ltr'>utique</span> <span class='ocrx_word' id='word_1_321' title='bbox 801 2622 1019 2679; x_wconf 90' lang='lat' dir='ltr'>dictum</span> <span class='ocrx_word' id='word_1_322' title='bbox 1065 2625 1285 2697; x_wconf 86' lang='lat' dir='ltr'>liquet;</span> <span class='ocrx_word' id='word_1_323' title='bbox 1332 2626 1448 2698; x_wconf 91' lang='lat' dir='ltr'>ipsi</span> <span class='ocrx_word' id='word_1_324' title='bbox 1503 2628 1671 2691; x_wconf 9' lang='lat' dir='ltr'>enim,</span> <span class='ocrx_word' id='word_1_325' title='bbox 1699 2628 1996 2698; x_wconf 88' lang='lat' dir='ltr'>accipiunt</span> <span class='ocrx_word' id='word_1_326' title='bbox 2035 2628 2229 2684; x_wconf 83' lang='lat' dir='ltr'>haere-</span> 
     </span>
    </p>
   </div>
   <div class='ocr_carea' id='block_1_43' title="bbox 556 2706 2233 2786">
    <p class='ocr_par' dir='ltr' id='par_1_43' title="bbox 556 2706 2233 2786">
     <span class='ocr_line' id='line_1_43' title="bbox 556 2706 2233 2786; baseline 0.007 -24"><span class='ocrx_word' id='word_1_327' title='bbox 556 2706 824 2780; x_wconf 83' lang='lat' dir='ltr'>ditatem,</span> <span class='ocrx_word' id='word_1_328' title='bbox 858 2712 959 2782; x_wconf 89' lang='lat' dir='ltr'>qui</span> <span class='ocrx_word' id='word_1_329' title='bbox 997 2712 1366 2784; x_wconf 88' lang='lat' dir='ltr'>baptizantur</span> <span class='ocrx_word' id='word_1_330' title='bbox 1395 2716 1455 2770; x_wconf 91' lang='lat' dir='ltr'>in</span> <span class='ocrx_word' id='word_1_331' title='bbox 1495 2718 1682 2771; x_wconf 86' lang='lat' dir='ltr'>morte</span> <span class='ocrx_word' id='word_1_332' title='bbox 1722 2716 1964 2786; x_wconf 82' lang='lat' dir='ltr'>Christi,</span> <span class='ocrx_word' id='word_1_333' title='bbox 2006 2720 2064 2772; x_wconf 91' lang='lat' dir='ltr'>et</span> <span class='ocrx_word' id='word_1_334' title='bbox 2095 2733 2233 2773; x_wconf 88' lang='lat' dir='ltr'>con-</span> 
     </span>
    </p>
   </div>
   <div class='ocr_carea' id='block_1_44' title="bbox 557 2796 2226 2877">
    <p class='ocr_par' dir='ltr' id='par_1_44' title="bbox 557 2796 2226 2877">
     <span class='ocr_line' id='line_1_44' title="bbox 557 2796 2226 2877; baseline 0.008 -28"><span class='ocrx_word' id='word_1_335' title='bbox 557 2796 926 2866; x_wconf 85' lang='lat' dir='ltr'>sepeliuntur</span> <span class='ocrx_word' id='word_1_336' title='bbox 956 2817 1069 2856; x_wconf 89' lang='lat' dir='ltr'>cun</span> <span class='ocrx_word' id='word_1_337' title='bbox 1101 2803 1232 2873; x_wconf 92' lang='lat' dir='ltr'>ipso</span> <span class='ocrx_word' id='word_1_338' title='bbox 1256 2845 1270 2872; x_wconf 94' lang='lat'>,</span> <span class='ocrx_word' id='word_1_339' title='bbox 1305 2806 1367 2858; x_wconf 91' lang='lat' dir='ltr'>ut</span> <span class='ocrx_word' id='word_1_340' title='bbox 1388 2819 1519 2859; x_wconf 91' lang='lat' dir='ltr'>cum</span> <span class='ocrx_word' id='word_1_341' title='bbox 1552 2805 1683 2875; x_wconf 89' lang='lat' dir='ltr'>ipso</span> <span class='ocrx_word' id='word_1_342' title='bbox 1701 2808 2019 2877; x_wconf 81' lang='lat' dir='ltr'>resurgant</span> <span class='ocrx_word' id='word_1_343' title='bbox 2037 2806 2226 2876; x_wconf 80' lang='lat' dir='ltr'>(Rom.</span> 
     </span>
    </p>
   </div>
   <div class='ocr_carea' id='block_1_45' title="bbox 554 2888 2225 2962">
    <p class='ocr_par' dir='ltr' id='par_1_45' title="bbox 554 2888 2225 2962">
     <span class='ocr_line' id='line_1_45' title="bbox 554 2888 2225 2962; baseline 0.007 -22"><span class='ocrx_word' id='word_1_344' title='bbox 554 2902 633 2956; x_wconf 80' lang='lat' dir='ltr'>vr,</span> <span class='ocrx_word' id='word_1_345' title='bbox 674 2889 751 2957; x_wconf 87' lang='lat'>3).</span> <span class='ocrx_word' id='word_1_346' title='bbox 785 2888 919 2945; x_wconf 90' lang='lat' dir='ltr'>Ideo</span> <span class='ocrx_word' id='word_1_347' title='bbox 943 2889 1216 2947; x_wconf 66' lang='lat' dir='ltr'>heredes</span> <span class='ocrx_word' id='word_1_348' title='bbox 1250 2892 1375 2962; x_wconf 90' lang='lat' dir='ltr'>Dei,</span> <span class='ocrx_word' id='word_1_349' title='bbox 1419 2892 1767 2948; x_wconf 64' lang='lat' dir='ltr'>coheredes</span> <span class='ocrx_word' id='word_1_350' title='bbox 1804 2892 2027 2950; x_wconf 88' lang='lat' dir='ltr'>Christi</span> <span class='ocrx_word' id='word_1_351' title='bbox 2049 2898 2225 2951; x_wconf 89' lang='lat' dir='ltr'>sunt:</span> 
     </span>
    </p>
   </div>
   <div class='ocr_carea' id='block_1_46' title="bbox 555 2976 2228 3059">
    <p class='ocr_par' dir='ltr' id='par_1_46' title="bbox 555 2976 2228 3059">
     <span class='ocr_line' id='line_1_46' title="bbox 555 2976 2228 3059; baseline 0.004 -28"><span class='ocrx_word' id='word_1_352' title='bbox 555 2976 827 3059; x_wconf 71' lang='lat' dir='ltr'>haeredos</span> <span class='ocrx_word' id='word_1_353' title='bbox 869 2979 1013 3050; x_wconf 92' lang='lat' dir='ltr'>Dei;</span> <span class='ocrx_word' id='word_1_354' title='bbox 1053 2980 1191 3051; x_wconf 90' lang='lat' dir='ltr'>quia</span> <span class='ocrx_word' id='word_1_355' title='bbox 1249 2980 1664 3036; x_wconf 90' lang='lat' dir='ltr'>transcribitur</span> <span class='ocrx_word' id='word_1_356' title='bbox 1715 2982 1829 3052; x_wconf 84' lang='lat'>(3&#39;7)</span> <span class='ocrx_word' id='word_1_357' title='bbox 1877 2982 1936 3037; x_wconf 89' lang='lat' dir='ltr'>in</span> <span class='ocrx_word' id='word_1_358' title='bbox 1977 2998 2082 3038; x_wconf 91' lang='lat' dir='ltr'>eos</span> <span class='ocrx_word' id='word_1_359' title='bbox 2122 2983 2228 3039; x_wconf 91' lang='lat' dir='ltr'>Dei</span> 
     </span>
    </p>
   </div>
   <div class='ocr_carea' id='block_1_47' title="bbox 555 3067 2228 3143">
    <p class='ocr_par' dir='ltr' id='par_1_47' title="bbox 555 3067 2228 3143">
     <span class='ocr_line' id='line_1_47' title="bbox 555 3067 2228 3143; baseline 0.005 -24"><span class='ocrx_word' id='word_1_360' title='bbox 555 3067 743 3139; x_wconf 89' lang='lat' dir='ltr'>gratia</span> <span class='ocrx_word' id='word_1_361' title='bbox 788 3083 801 3124; x_wconf 93' lang='lat'>:</span> <span class='ocrx_word' id='word_1_362' title='bbox 848 3068 1196 3125; x_wconf 63' lang='lat' dir='ltr'>cohwredes</span> <span class='ocrx_word' id='word_1_363' title='bbox 1234 3068 1455 3125; x_wconf 87' lang='lat' dir='ltr'>Christi</span> <span class='ocrx_word' id='word_1_364' title='bbox 1494 3085 1509 3141; x_wconf 94' lang='lat'>;</span> <span class='ocrx_word' id='word_1_365' title='bbox 1578 3071 1716 3143; x_wconf 91' lang='lat' dir='ltr'>quia</span> <span class='ocrx_word' id='word_1_366' title='bbox 1767 3074 2126 3127; x_wconf 86' lang='lat' dir='ltr'>renovantur</span> <span class='ocrx_word' id='word_1_367' title='bbox 2167 3072 2228 3127; x_wconf 91' lang='lat' dir='ltr'>in</span> 
     </span>
    </p>
   </div>
   <div class='ocr_carea' id='block_1_48' title="bbox 552 3155 2230 3232">
    <p class='ocr_par' dir='ltr' id='par_1_48' title="bbox 552 3155 2230 3232">
     <span class='ocr_line' id='line_1_48' title="bbox 552 3155 2230 3232; baseline 0.004 -23"><span class='ocrx_word' id='word_1_368' title='bbox 552 3155 734 3211; x_wconf 90' lang='lat' dir='ltr'>vitam</span> <span class='ocrx_word' id='word_1_369' title='bbox 763 3156 956 3230; x_wconf 89' lang='lat' dir='ltr'>ipsius</span> <span class='ocrx_word' id='word_1_370' title='bbox 991 3173 1004 3214; x_wconf 93' lang='lat'>:</span> <span class='ocrx_word' id='word_1_371' title='bbox 1038 3158 1311 3215; x_wconf 89' lang='lat' dir='ltr'>haeredes</span> <span class='ocrx_word' id='word_1_372' title='bbox 1341 3174 1577 3232; x_wconf 88' lang='lat' dir='ltr'>quoque</span> <span class='ocrx_word' id='word_1_373' title='bbox 1608 3159 1862 3230; x_wconf 86' lang='lat' dir='ltr'>Christi;</span> <span class='ocrx_word' id='word_1_374' title='bbox 1892 3160 2029 3232; x_wconf 89' lang='lat' dir='ltr'>quia</span> <span class='ocrx_word' id='word_1_375' title='bbox 2059 3159 2230 3216; x_wconf 89' lang='lat' dir='ltr'>datur</span> 
     </span>
    </p>
   </div>
   <div class='ocr_carea' id='block_1_49' title="bbox 550 3244 2227 3322">
    <p class='ocr_par' dir='ltr' id='par_1_49' title="bbox 550 3244 2227 3322">
     <span class='ocr_line' id='line_1_49' title="bbox 550 3244 2227 3322; baseline 0.005 -25"><span class='ocrx_word' id='word_1_376' title='bbox 550 3244 668 3303; x_wconf 89' lang='lat' dir='ltr'>illis</span> <span class='ocrx_word' id='word_1_377' title='bbox 716 3261 823 3318; x_wconf 87' lang='lat' dir='ltr'>per</span> <span class='ocrx_word' id='word_1_378' title='bbox 860 3250 1107 3304; x_wconf 89' lang='lat' dir='ltr'>mortem</span> <span class='ocrx_word' id='word_1_379' title='bbox 1149 3248 1341 3320; x_wconf 90' lang='lat' dir='ltr'>ipsius</span> <span class='ocrx_word' id='word_1_380' title='bbox 1380 3252 1656 3322; x_wconf 87' lang='lat' dir='ltr'>tanquam</span> <span class='ocrx_word' id='word_1_381' title='bbox 1696 3249 1997 3306; x_wconf 87' lang='lat' dir='ltr'>tcstatoris</span> <span class='ocrx_word' id='word_1_382' title='bbox 2030 3249 2227 3306; x_wconf 63' lang='lat' dir='ltr'>haere-</span> 
     </span>
    </p>
   </div>
   <div class='ocr_carea' id='block_1_50' title="bbox 549 3334 722 3391">
    <p class='ocr_par' dir='ltr' id='par_1_50' title="bbox 549 3334 722 3391">
     <span class='ocr_line' id='line_1_50' title="bbox 549 3334 722 3391; baseline 0 -1"><span class='ocrx_word' id='word_1_383' title='bbox 549 3334 722 3391; x_wconf 87' lang='lat' dir='ltr'>ditas.</span> 
     </span>
    </p>
   </div>
   <div class='ocr_carea' id='block_1_51' title="bbox 620 3420 2229 3501">
    <p class='ocr_par' dir='ltr' id='par_1_51' title="bbox 620 3420 2229 3501">
     <span class='ocr_line' id='line_1_51' title="bbox 620 3420 2229 3501; baseline 0.004 -22"><span class='ocrx_word' id='word_1_384' title='bbox 620 3422 707 3479; x_wconf 76' lang='grc'>12.</span> <span class='ocrx_word' id='word_1_385' title='bbox 748 3425 853 3481; x_wconf 91' lang='lat' dir='ltr'>Isti</span> <span class='ocrx_word' id='word_1_386' title='bbox 892 3426 1075 3499; x_wconf 91' lang='lat' dir='ltr'>igitur</span> <span class='ocrx_word' id='word_1_387' title='bbox 1113 3427 1306 3501; x_wconf 88' lang='lat' dir='ltr'>magis</span> <span class='ocrx_word' id='word_1_388' title='bbox 1345 3426 1465 3483; x_wconf 88' lang='lat' dir='ltr'>sibi</span> <span class='ocrx_word' id='word_1_389' title='bbox 1502 3426 1722 3483; x_wconf 91' lang='lat' dir='ltr'>debent</span> <span class='ocrx_word' id='word_1_390' title='bbox 1758 3427 2098 3500; x_wconf 89' lang='lat' dir='ltr'>attendere,</span> <span class='ocrx_word' id='word_1_391' title='bbox 2124 3420 2229 3501; x_wconf 71' lang='lat' dir='ltr'>qul</span> 
     </span>
    </p>
   </div>
   <div class='ocr_carea' id='block_1_52' title="bbox 547 3515 2229 3589">
    <p class='ocr_par' dir='ltr' id='par_1_52' title="bbox 547 3515 2229 3589">
     <span class='ocr_line' id='line_1_52' title="bbox 547 3515 2229 3589; baseline 0 -17"><span class='ocrx_word' id='word_1_392' title='bbox 547 3515 767 3572; x_wconf 89' lang='lat' dir='ltr'>habent</span> <span class='ocrx_word' id='word_1_393' title='bbox 802 3516 960 3588; x_wconf 88' lang='lat' dir='ltr'>quod</span> <span class='ocrx_word' id='word_1_394' title='bbox 1008 3516 1245 3587; x_wconf 89' lang='lat' dir='ltr'>possint</span> <span class='ocrx_word' id='word_1_395' title='bbox 1281 3517 1568 3585; x_wconf 84' lang='lat' dir='ltr'>amittere,</span> <span class='ocrx_word' id='word_1_396' title='bbox 1609 3532 1787 3589; x_wconf 89' lang='lat' dir='ltr'>quam</span> <span class='ocrx_word' id='word_1_397' title='bbox 1825 3518 1927 3589; x_wconf 88' lang='lat' dir='ltr'>qui</span> <span class='ocrx_word' id='word_1_398' title='bbox 1973 3533 2092 3579; x_wconf 81' lang='lat' dir='ltr'>non</span> <span class='ocrx_word' id='word_1_399' title='bbox 2121 3517 2229 3572; x_wconf 90' lang='lat' dir='ltr'>ha-</span> 
     </span>
    </p>
   </div>
   <div class='ocr_carea' id='block_1_53' title="bbox 544 3604 2227 3679">
    <p class='ocr_par' dir='ltr' id='par_1_53' title="bbox 544 3604 2227 3679">
     <span class='ocr_line' id='line_1_53' title="bbox 544 3604 2227 3679; baseline 0.002 -20"><span class='ocrx_word' id='word_1_400' title='bbox 544 3604 707 3661; x_wconf 86' lang='lat' dir='ltr'>bent.</span> <span class='ocrx_word' id='word_1_401' title='bbox 733 3605 837 3660; x_wconf 83' lang='lat' dir='ltr'>Isti</span> <span class='ocrx_word' id='word_1_402' title='bbox 867 3604 1092 3677; x_wconf 82' lang='lat' dir='ltr'>majore</span> <span class='ocrx_word' id='word_1_403' title='bbox 1135 3622 1318 3679; x_wconf 89' lang='lat' dir='ltr'>agere</span> <span class='ocrx_word' id='word_1_404' title='bbox 1349 3606 1620 3662; x_wconf 91' lang='lat' dir='ltr'>custodia</span> <span class='ocrx_word' id='word_1_405' title='bbox 1659 3604 1774 3676; x_wconf 68' lang='lat'>(.38)</span> <span class='ocrx_word' id='word_1_406' title='bbox 1800 3648 1815 3676; x_wconf 92' lang='lat'>,</span> <span class='ocrx_word' id='word_1_407' title='bbox 1866 3606 1968 3661; x_wconf 88' lang='lat' dir='ltr'>isti</span> <span class='ocrx_word' id='word_1_408' title='bbox 2015 3622 2227 3663; x_wconf 90' lang='lat' dir='ltr'>cavere</span> 
     </span>
    </p>
   </div>
   <div class='ocr_carea' id='block_1_54' title="bbox 548 3695 2224 3768">
    <p class='ocr_par' dir='ltr' id='par_1_54' title="bbox 548 3695 2224 3768">
     <span class='ocr_line' id='line_1_54' title="bbox 548 3695 2224 3768; baseline 0.002 -21"><span class='ocrx_word' id='word_1_409' title='bbox 548 3695 827 3750; x_wconf 90' lang='lat' dir='ltr'>vitiorum</span> <span class='ocrx_word' id='word_1_410' title='bbox 876 3695 1227 3767; x_wconf 88' lang='lat' dir='ltr'>illecebras,</span> <span class='ocrx_word' id='word_1_411' title='bbox 1278 3696 1504 3752; x_wconf 89' lang='lat' dir='ltr'>erroris</span> <span class='ocrx_word' id='word_1_412' title='bbox 1554 3695 1932 3751; x_wconf 88' lang='lat' dir='ltr'>incitamenta</span> <span class='ocrx_word' id='word_1_413' title='bbox 1979 3695 2224 3768; x_wconf 91' lang='lat' dir='ltr'>debent,</span> 
     </span>
    </p>
   </div>
   <div class='ocr_carea' id='block_1_55' title="bbox 546 3784 2227 3857">
    <p class='ocr_par' dir='ltr' id='par_1_55' title="bbox 546 3784 2227 3857">
     <span class='ocr_line' id='line_1_55' title="bbox 546 3784 2227 3857; baseline 0.002 -19"><span class='ocrx_word' id='word_1_414' title='bbox 546 3798 680 3857; x_wconf 68' lang='lat' dir='ltr'>qum</span> <span class='ocrx_word' id='word_1_415' title='bbox 711 3784 966 3841; x_wconf 82' lang='lat' dir='ltr'>maxime</span> <span class='ocrx_word' id='word_1_416' title='bbox 1010 3800 1087 3841; x_wconf 79' lang='lat' dir='ltr'>ex</span> <span class='ocrx_word' id='word_1_417' title='bbox 1131 3784 1265 3841; x_wconf 91' lang='lat' dir='ltr'>cibo</span> <span class='ocrx_word' id='word_1_418' title='bbox 1316 3788 1571 3857; x_wconf 91' lang='lat' dir='ltr'>potuque</span> <span class='ocrx_word' id='word_1_419' title='bbox 1620 3785 1909 3840; x_wconf 90' lang='lat' dir='ltr'>oriuntur.</span> <span class='ocrx_word' id='word_1_420' title='bbox 1960 3784 2227 3857; x_wconf 92' lang='lat' dir='ltr'>Denique</span> 
     </span>
    </p>
   </div>
   <div class='ocr_carea' id='block_1_56' title="bbox 615 3923 2227 3997">
    <p class='ocr_par' dir='ltr' id='par_1_56' title="bbox 615 3923 2227 3997">
     <span class='ocr_line' id='line_1_56' title="bbox 615 3923 2227 3997; baseline 0.001 -17"><span class='ocrx_word' id='word_1_421' title='bbox 615 3925 729 3997; x_wconf 81' lang='lat'>(34)</span> <span class='ocrx_word' id='word_1_422' title='bbox 763 3927 934 3982; x_wconf 83' lang='lat' dir='ltr'>Rom.</span> <span class='ocrx_word' id='word_1_423' title='bbox 967 3927 1132 3997; x_wconf 89' lang='lat' dir='ltr'>edit.,</span> <span class='ocrx_word' id='word_1_424' title='bbox 1171 3950 1194 3974; x_wconf 74' lang='grc' dir='ltr'><strong>α</strong></span> <span class='ocrx_word' id='word_1_425' title='bbox 1229 3926 1439 3986; x_wconf 83' lang='lat' dir='ltr'>Dicant</span> <span class='ocrx_word' id='word_1_426' title='bbox 1470 3923 1587 3981; x_wconf 80' lang='lat' dir='ltr'>non</span> <span class='ocrx_word' id='word_1_427' title='bbox 1617 3926 1689 3982; x_wconf 91' lang='lat' dir='ltr'>de</span> <span class='ocrx_word' id='word_1_428' title='bbox 1721 3925 1997 3997; x_wconf 89' lang='lat' dir='ltr'>omnibus</span> <span class='ocrx_word' id='word_1_429' title='bbox 2021 3926 2227 3982; x_wconf 83' lang='lat' dir='ltr'>mundi</span> 
     </span>
    </p>
   </div>
   <div class='ocr_carea' id='block_1_57' title="bbox 545 3996 2226 4069">
    <p class='ocr_par' dir='ltr' id='par_1_57' title="bbox 545 3996 2226 4069">
     <span class='ocr_line' id='line_1_57' title="bbox 545 3996 2226 4069; baseline 0.001 -17"><span class='ocrx_word' id='word_1_430' title='bbox 545 4009 657 4069; x_wconf 78' lang='lat' dir='ltr'>nos</span> <span class='ocrx_word' id='word_1_431' title='bbox 688 3996 890 4069; x_wconf 89' lang='lat' dir='ltr'>dicere</span> <span class='ocrx_word' id='word_1_432' title='bbox 921 3998 1279 4068; x_wconf 90' lang='lat' dir='ltr'>fornicariis,</span> <span class='ocrx_word' id='word_1_433' title='bbox 1329 3997 1440 4052; x_wconf 89' lang='lat' dir='ltr'>sed</span> <span class='ocrx_word' id='word_1_434' title='bbox 1485 3998 1643 4068; x_wconf 92' lang='lat' dir='ltr'>quod</span> <span class='ocrx_word' id='word_1_435' title='bbox 1697 3997 1800 4069; x_wconf 89' lang='lat' dir='ltr'>qui</span> <span class='ocrx_word' id='word_1_436' title='bbox 1830 3996 2074 4053; x_wconf 89' lang='lat' dir='ltr'>fuerit...</span> <span class='ocrx_word' id='word_1_437' title='bbox 2107 4013 2226 4053; x_wconf 90' lang='lat' dir='ltr'>non</span> 
     </span>
    </p>
   </div>
   <div class='ocr_carea' id='block_1_58' title="bbox 543 4067 2225 4140">
    <p class='ocr_par' dir='ltr' id='par_1_58' title="bbox 543 4067 2225 4140">
     <span class='ocr_line' id='line_1_58' title="bbox 543 4067 2225 4140; baseline 0.001 -18"><span class='ocrx_word' id='word_1_438' title='bbox 543 4067 755 4124; x_wconf 89' lang='lat' dir='ltr'>debeat</span> <span class='ocrx_word' id='word_1_439' title='bbox 797 4068 1179 4138; x_wconf 89' lang='lat' dir='ltr'>fornicarius,</span> <span class='ocrx_word' id='word_1_440' title='bbox 1226 4067 1690 4140; x_wconf 81' lang='lat' dir='ltr'>qualiscunque,</span> <span class='ocrx_word' id='word_1_441' title='bbox 1715 4067 1857 4123; x_wconf 57' lang='lat' dir='ltr'>&#39;etc.</span> <span class='ocrx_word' id='word_1_442' title='bbox 1890 4083 1905 4137; x_wconf 96' lang='lat'>;</span> <span class='ocrx_word' id='word_1_443' title='bbox 1941 4091 1963 4116; x_wconf 81' lang='grc' dir='ltr'>ιι</span> <span class='ocrx_word' id='word_1_444' title='bbox 2018 4085 2225 4124; x_wconf 89' lang='lat' dir='ltr'>omnes</span> 
     </span>
    </p>
   </div>
   <div class='ocr_carea' id='block_1_59' title="bbox 543 4139 2220 4211">
    <p class='ocr_par' dir='ltr' id='par_1_59' title="bbox 543 4139 2220 4211">
     <span class='ocr_line' id='line_1_59' title="bbox 543 4139 2220 4211; baseline 0.002 -19"><span class='ocrx_word' id='word_1_445' title='bbox 543 4155 686 4195; x_wconf 91' lang='lat' dir='ltr'>vero</span> <span class='ocrx_word' id='word_1_446' title='bbox 708 4139 862 4211; x_wconf 62' lang='lat' dir='ltr'>alias,</span> <span class='ocrx_word' id='word_1_447' title='bbox 894 4154 965 4193; x_wconf 92' lang='lat' dir='ltr'>ac</span> <span class='ocrx_word' id='word_1_448' title='bbox 996 4155 1144 4194; x_wconf 90' lang='lat' dir='ltr'>mss.</span> <span class='ocrx_word' id='word_1_449' title='bbox 1178 4139 1328 4195; x_wconf 84' lang='lat' dir='ltr'>utin</span> <span class='ocrx_word' id='word_1_450' title='bbox 1361 4142 1659 4211; x_wconf 79' lang='lat' dir='ltr'>contextu.</span> <span class='ocrx_word' id='word_1_451' title='bbox 1687 4139 1795 4193; x_wconf 86' lang='lat' dir='ltr'>Hic</span> <span class='ocrx_word' id='word_1_452' title='bbox 1817 4143 2010 4211; x_wconf 88' lang='lat' dir='ltr'>autem</span> <span class='ocrx_word' id='word_1_453' title='bbox 2033 4156 2220 4211; x_wconf 87' lang='lat' dir='ltr'>error,</span> 
     </span>
    </p>
   </div>
   <div class='ocr_carea' id='block_1_60' title="bbox 542 4181 2309 4307">
    <p class='ocr_par' dir='ltr' id='par_1_60' title="bbox 542 4181 2309 4307">
     <span class='ocr_line' id='line_1_60' title="bbox 542 4181 2309 4307; baseline 0 -40"><span class='ocrx_word' id='word_1_454' title='bbox 542 4227 661 4283; x_wconf 90' lang='lat' dir='ltr'>quo</span> <span class='ocrx_word' id='word_1_455' title='bbox 700 4211 802 4283; x_wconf 92' lang='lat' dir='ltr'>qui</span> <span class='ocrx_word' id='word_1_456' title='bbox 847 4181 1180 4307; x_wconf 64' lang='lat' dir='ltr'>baptiaatus</span> <span class='ocrx_word' id='word_1_457' title='bbox 1211 4210 1684 4307; x_wconf 41' lang='lat' dir='ltr'>stemelfuiss-‘et,</span> <span class='ocrx_word' id='word_1_458' title='bbox 1719 4210 2049 4307; x_wconf 61' lang='lat' dir='ltr'>negabatur</span> <span class='ocrx_word' id='word_1_459' title='bbox 2077 4183 2221 4282; x_wconf 52' lang='lat' dir='ltr'>pec:</span> <span class='ocrx_word' id='word_1_460' title='bbox 2258 4244 2309 4307; x_wconf 71' lang='grc' dir='ltr'>Ο</span> 
     </span>
    </p>
   </div>
   <div class='ocr_carea' id='block_1_61' title="bbox 542 4281 2220 4354">
    <p class='ocr_par' dir='ltr' id='par_1_61' title="bbox 542 4281 2220 4354">
     <span class='ocr_line' id='line_1_61' title="bbox 542 4281 2220 4354; baseline 0 -16"><span class='ocrx_word' id='word_1_461' title='bbox 542 4281 679 4338; x_wconf 78' lang='lat' dir='ltr'>care</span> <span class='ocrx_word' id='word_1_462' title='bbox 718 4281 1129 4354; x_wconf 34' lang='lat' dir='ltr'>posse,’etiam</span> <span class='ocrx_word' id='word_1_463' title='bbox 1162 4298 1195 4337; x_wconf 92' lang='lat' dir='ltr'>a</span> <span class='ocrx_word' id='word_1_464' title='bbox 1228 4282 1540 4338; x_wconf 83' lang='lat' dir='ltr'>Joviniano</span> <span class='ocrx_word' id='word_1_465' title='bbox 1580 4281 2045 4354; x_wconf 81' lang='lat' dir='ltr'>defendebatur,</span> <span class='ocrx_word' id='word_1_466' title='bbox 2070 4281 2220 4353; x_wconf 85' lang='lat' dir='ltr'>que-</span> 
     </span>
    </p>
   </div>
   <div class='ocr_carea' id='block_1_62' title="bbox 541 4352 2224 4481">
    <p class='ocr_par' dir='ltr' id='par_1_62' title="bbox 541 4352 2224 4481">
     <span class='ocr_line' id='line_1_62' title="bbox 541 4352 2224 4481; baseline 0.001 -72"><span class='ocrx_word' id='word_1_467' title='bbox 541 4352 918 4481; x_wconf 59' lang='lat' dir='ltr'>madrggdum</span> <span class='ocrx_word' id='word_1_468' title='bbox 952 4354 1375 4427; x_wconf 88' lang='lat' dir='ltr'>cognoscimus</span> <span class='ocrx_word' id='word_1_469' title='bbox 1398 4369 1473 4408; x_wconf 82' lang='lat' dir='ltr'>ex</span> <span class='ocrx_word' id='word_1_470' title='bbox 1504 4356 1758 4426; x_wconf 82' lang='lat' dir='ltr'>August.</span> <span class='ocrx_word' id='word_1_471' title='bbox 1792 4352 1873 4407; x_wconf 89' lang='lat' dir='ltr'>lib</span> <span class='ocrx_word' id='word_1_472' title='bbox 1905 4353 1994 4407; x_wconf 88' lang='lat' dir='ltr'>De</span> <span class='ocrx_word' id='word_1_473' title='bbox 2022 4352 2224 4410; x_wconf 69' lang='lat' dir='ltr'>haeres</span> 
     </span>
     <span class='ocr_line' id='line_1_63' title="bbox 543 4441 785 4481; baseline 0 0"><span class='ocrx_word' id='word_1_474' title='bbox 543 4441 671 4481; x_wconf 83' lang='lat' dir='ltr'>can.</span> <span class='ocrx_word' id='word_1_475' title='bbox 771 4468 785 4481; x_wconf 97' lang='lat'>.</span> 
     </span>
    </p>
   </div>
   <div class='ocr_carea' id='block_1_63' title="bbox 543 4441 785 4481">
    <p class='ocr_par' dir='ltr' id='par_1_63' title="bbox 543 4441 785 4481">
     <span class='ocr_line' id='line_1_64' title="bbox 543 4441 785 4481; baseline 0 0"><span class='ocrx_word' id='word_1_476' title='bbox 543 4441 671 4481; x_wconf 82' lang='lat' dir='ltr'>can.</span> <span class='ocrx_word' id='word_1_477' title='bbox 696 4441 785 4481; x_wconf 75' lang='grc' dir='ltr'>δΖ.</span> 
     </span>
    </p>
   </div>
   <div class='ocr_carea' id='block_1_64' title="bbox 635 4496 1122 4580">
    <p class='ocr_par' dir='ltr' id='par_1_64' title="bbox 635 4496 1122 4580">
     <span class='ocr_line' id='line_1_65' title="bbox 635 4496 1122 4580; baseline -0.004 -27"><span class='ocrx_word' id='word_1_478' title='bbox 635 4497 724 4580; x_wconf 64' lang='grc' dir='ltr'>3ᾃ)</span> <span class='ocrx_word' id='word_1_479' title='bbox 757 4499 927 4580; x_wconf 60' lang='lat' dir='ltr'>Rom.</span> <span class='ocrx_word' id='word_1_480' title='bbox 959 4496 1122 4567; x_wconf 91' lang='lat' dir='ltr'>edit.,</span> 
     </span>
    </p>
   </div>
   <div class='ocr_carea' id='block_1_65' title="bbox 541 4568 1487 4624">
    <p class='ocr_par' dir='ltr' id='par_1_65' title="bbox 541 4568 1487 4624">
     <span class='ocr_line' id='line_1_66' title="bbox 541 4568 1487 4624; baseline 0.002 -1"><span class='ocrx_word' id='word_1_481' title='bbox 541 4568 885 4624; x_wconf 80' lang='lat' dir='ltr'>fornicator.</span> <span class='ocrx_word' id='word_1_482' title='bbox 925 4592 946 4616; x_wconf 80' lang='grc' dir='ltr'>ιι</span> <span class='ocrx_word' id='word_1_483' title='bbox 1484 4614 1487 4617; x_wconf 92' lang='grc'>.</span> 
     </span>
    </p>
   </div>
   <div class='ocr_carea' id='block_1_66' title="bbox 613 4637 2216 4767">
    <p class='ocr_par' dir='ltr' id='par_1_66' title="bbox 613 4637 2216 4767">
     <span class='ocr_line' id='line_1_67' title="bbox 613 4637 2216 4767; baseline -0.001 -72"><span class='ocrx_word' id='word_1_484' title='bbox 613 4640 726 4767; x_wconf 54' lang='lat'>(36)</span> <span class='ocrx_word' id='word_1_485' title='bbox 758 4639 1147 4723; x_wconf 76' lang='lat' dir='ltr'>Omnesedit.</span> <span class='ocrx_word' id='word_1_486' title='bbox 1181 4654 1251 4723; x_wconf 79' lang='lat' dir='ltr'>ac</span> <span class='ocrx_word' id='word_1_487' title='bbox 1296 4654 1446 4693; x_wconf 90' lang='lat' dir='ltr'>mss.</span> <span class='ocrx_word' id='word_1_488' title='bbox 1495 4637 1799 4706; x_wconf 88' lang='lat' dir='ltr'>nonnulli,</span> <span class='ocrx_word' id='word_1_489' title='bbox 1846 4659 1869 4685; x_wconf 77' lang='grc' dir='ltr'><strong><em>α</em></strong></span> <span class='ocrx_word' id='word_1_490' title='bbox 1922 4638 2081 4708; x_wconf 89' lang='lat' dir='ltr'>quod</span> <span class='ocrx_word' id='word_1_491' title='bbox 2121 4641 2216 4694; x_wconf 91' lang='lat' dir='ltr'>est</span> 
     </span>
     <span class='ocr_line' id='line_1_68' title="bbox 613 4709 2216 4767; baseline -0.001 -1"><span class='ocrx_word' id='word_1_492' title='bbox 613 4711 698 4766; x_wconf 88' lang='lat' dir='ltr'>olo</span> <span class='ocrx_word' id='word_1_493' title='bbox 724 4716 888 4767; x_wconf 88' lang='lat' dir='ltr'>atra:</span> <span class='ocrx_word' id='word_1_494' title='bbox 935 4735 957 4760; x_wconf 82' lang='grc' dir='ltr'>ιι</span> <span class='ocrx_word' id='word_1_495' title='bbox 1003 4711 1214 4767; x_wconf 78' lang='lat' dir='ltr'>relicui</span> <span class='ocrx_word' id='word_1_496' title='bbox 1259 4725 1474 4767; x_wconf 67' lang='lat' dir='ltr'>magno</span> <span class='ocrx_word' id='word_1_497' title='bbox 1523 4724 1790 4767; x_wconf 88' lang='lat' dir='ltr'>numero.</span> <span class='ocrx_word' id='word_1_498' title='bbox 1844 4728 1871 4759; x_wconf 74' lang='grc' dir='ltr'>ιι</span> <span class='ocrx_word' id='word_1_499' title='bbox 1931 4709 2090 4767; x_wconf 86' lang='lat' dir='ltr'>quod</span> <span class='ocrx_word' id='word_1_500' title='bbox 2128 4714 2216 4766; x_wconf 91' lang='lat' dir='ltr'>est</span> 
     </span>
    </p>
   </div>
   <div class='ocr_carea' id='block_1_67' title="bbox 539 4709 2220 4784">
    <p class='ocr_par' dir='ltr' id='par_1_67' title="bbox 539 4709 2220 4784">
     <span class='ocr_line' id='line_1_69' title="bbox 539 4709 2220 4784; baseline 0 -18"><span class='ocrx_word' id='word_1_501' title='bbox 539 4709 888 4784; x_wconf 85' lang='lat' dir='ltr'>idololatra;</span> <span class='ocrx_word' id='word_1_502' title='bbox 935 4735 957 4760; x_wconf 82' lang='grc' dir='ltr'>ιι</span> <span class='ocrx_word' id='word_1_503' title='bbox 1003 4711 1214 4784; x_wconf 89' lang='lat' dir='ltr'>reliqui</span> <span class='ocrx_word' id='word_1_504' title='bbox 1259 4725 1474 4783; x_wconf 88' lang='lat' dir='ltr'>magno</span> <span class='ocrx_word' id='word_1_505' title='bbox 1523 4724 1790 4779; x_wconf 88' lang='lat' dir='ltr'>numero,</span> <span class='ocrx_word' id='word_1_506' title='bbox 1844 4728 1871 4759; x_wconf 74' lang='grc' dir='ltr'>ιι</span> <span class='ocrx_word' id='word_1_507' title='bbox 1931 4709 2090 4781; x_wconf 89' lang='lat' dir='ltr'>quod</span> <span class='ocrx_word' id='word_1_508' title='bbox 2128 4714 2220 4766; x_wconf 90' lang='lat' dir='ltr'>est</span> 
     </span>
    </p>
   </div>
   <div class='ocr_carea' id='block_1_68' title="bbox 541 4782 951 4839">
    <p class='ocr_par' dir='ltr' id='par_1_68' title="bbox 541 4782 951 4839">
     <span class='ocr_line' id='line_1_70' title="bbox 541 4782 951 4839; baseline -0.005 -3"><span class='ocrx_word' id='word_1_509' title='bbox 541 4782 889 4839; x_wconf 85' lang='lat' dir='ltr'>idololatria.</span> <span class='ocrx_word' id='word_1_510' title='bbox 928 4803 951 4834; x_wconf 70' lang='grc' dir='ltr'><strong>ο</strong></span> 
     </span>
    </p>
   </div>
   <div class='ocr_carea' id='block_1_69' title="bbox 610 4849 2217 4926">
    <p class='ocr_par' dir='ltr' id='par_1_69' title="bbox 610 4849 2217 4926">
     <span class='ocr_line' id='line_1_71' title="bbox 610 4849 2217 4926; baseline -0.001 -17"><span class='ocrx_word' id='word_1_511' title='bbox 610 4853 725 4926; x_wconf 81' lang='lat'>(3&#39;1)</span> <span class='ocrx_word' id='word_1_512' title='bbox 757 4856 928 4911; x_wconf 86' lang='lat' dir='ltr'>Rom.</span> <span class='ocrx_word' id='word_1_513' title='bbox 962 4854 1126 4924; x_wconf 90' lang='lat' dir='ltr'>edit.,</span> <span class='ocrx_word' id='word_1_514' title='bbox 1163 4877 1185 4903; x_wconf 81' lang='grc' dir='ltr'>ιι</span> <span class='ocrx_word' id='word_1_515' title='bbox 1222 4853 1358 4925; x_wconf 87' lang='lat' dir='ltr'>quia</span> <span class='ocrx_word' id='word_1_516' title='bbox 1389 4852 1840 4926; x_wconf 79' lang='lat' dir='ltr'>transmittitur;</span> <span class='ocrx_word' id='word_1_517' title='bbox 1874 4874 1897 4901; x_wconf 87' lang='grc' dir='ltr'>ιι</span> <span class='ocrx_word' id='word_1_518' title='bbox 1919 4849 2051 4906; x_wconf 66' lang='lat' dir='ltr'>alia:</span> <span class='ocrx_word' id='word_1_519' title='bbox 2081 4866 2217 4907; x_wconf 93' lang='lat' dir='ltr'>cum</span> 
     </span>
    </p>
   </div>
   <div class='ocr_carea' id='block_1_70' title="bbox 540 4924 1989 4997">
    <p class='ocr_par' dir='ltr' id='par_1_70' title="bbox 540 4924 1989 4997">
     <span class='ocr_line' id='line_1_72' title="bbox 540 4924 1989 4997; baseline -0.001 -17"><span class='ocrx_word' id='word_1_520' title='bbox 540 4924 904 4997; x_wconf 31' lang='lat' dir='ltr'>mss.‘prope</span> <span class='ocrx_word' id='word_1_521' title='bbox 933 4926 1005 4982; x_wconf 90' lang='lat' dir='ltr'>ad</span> <span class='ocrx_word' id='word_1_522' title='bbox 1037 4924 1257 4994; x_wconf 53' lang='lat' dir='ltr'>unum,</span> <span class='ocrx_word' id='word_1_523' title='bbox 1279 4948 1300 4972; x_wconf 74' lang='grc' dir='ltr'>α</span> <span class='ocrx_word' id='word_1_524' title='bbox 1334 4925 1472 4997; x_wconf 89' lang='lat' dir='ltr'>quia</span> <span class='ocrx_word' id='word_1_525' title='bbox 1501 4924 1933 4997; x_wconf 85' lang='lat' dir='ltr'>transcribitur.</span> <span class='ocrx_word' id='word_1_526' title='bbox 1953 4946 1989 4997; x_wconf 80' lang='lat'>_-</span> 
     </span>
    </p>
   </div>
   <div class='ocr_carea' id='block_1_71' title="bbox 610 4993 2213 5066">
    <p class='ocr_par' dir='ltr' id='par_1_71' title="bbox 610 4993 2213 5066">
     <span class='ocr_line' id='line_1_73' title="bbox 610 4993 2213 5066; baseline -0.001 -15"><span class='ocrx_word' id='word_1_527' title='bbox 610 4993 980 5066; x_wconf 52' lang='lat' dir='ltr'>(38)_Ita&#39;vet.</span> <span class='ocrx_word' id='word_1_528' title='bbox 1015 4998 1153 5053; x_wconf 88' lang='lat' dir='ltr'>edit.</span> <span class='ocrx_word' id='word_1_529' title='bbox 1196 5012 1332 5052; x_wconf 91' lang='lat' dir='ltr'>cum</span> <span class='ocrx_word' id='word_1_530' title='bbox 1352 4993 1509 5051; x_wconf 77' lang='lat' dir='ltr'>mss.</span> <span class='ocrx_word' id='word_1_531' title='bbox 1543 4996 1815 5065; x_wconf 85' lang='lat' dir='ltr'>pluribus</span> <span class='ocrx_word' id='word_1_532' title='bbox 1846 4993 2213 5066; x_wconf 89' lang='lat' dir='ltr'>potioribus-</span> 
     </span>
    </p>
   </div>
   <div class='ocr_carea' id='block_1_72' title="bbox 581 5066 2214 5138">
    <p class='ocr_par' dir='ltr' id='par_1_72' title="bbox 581 5066 2214 5138">
     <span class='ocr_line' id='line_1_74' title="bbox 581 5066 2214 5138; baseline 0 -16"><span class='ocrx_word' id='word_1_533' title='bbox 581 5083 655 5123; x_wconf 94' lang='lat' dir='ltr'>ue</span> <span class='ocrx_word' id='word_1_534' title='bbox 689 5083 701 5125; x_wconf 94' lang='lat'>:</span> <span class='ocrx_word' id='word_1_535' title='bbox 734 5072 792 5123; x_wconf 89' lang='lat' dir='ltr'>at</span> <span class='ocrx_word' id='word_1_536' title='bbox 825 5069 996 5125; x_wconf 77' lang='lat' dir='ltr'>Rom.</span> <span class='ocrx_word' id='word_1_537' title='bbox 1034 5084 1168 5124; x_wconf 91' lang='lat' dir='ltr'>cum</span> <span class='ocrx_word' id='word_1_538' title='bbox 1197 5067 1332 5123; x_wconf 88' lang='lat' dir='ltr'>aliis</span> <span class='ocrx_word' id='word_1_539' title='bbox 1364 5066 1685 5136; x_wconf 89' lang='lat' dir='ltr'>nonnullis,</span> <span class='ocrx_word' id='word_1_540' title='bbox 1723 5088 1746 5113; x_wconf 80' lang='grc' dir='ltr'>ιι</span> <span class='ocrx_word' id='word_1_541' title='bbox 1782 5081 1961 5138; x_wconf 88' lang='lat' dir='ltr'>egere</span> <span class='ocrx_word' id='word_1_542' title='bbox 2010 5068 2214 5122; x_wconf 88' lang='lat' dir='ltr'>custo-</span> 
     </span>
    </p>
   </div>
   <div class='ocr_carea' id='block_1_73' title="bbox 582 5155 655 5194">
    <p class='ocr_par' dir='ltr' id='par_1_73' title="bbox 582 5155 655 5194">
     <span class='ocr_line' id='line_1_75' title="bbox 582 5155 655 5194; baseline 0.014 -1"><span class='ocrx_word' id='word_1_543' title='bbox 582 5155 655 5194; x_wconf 72' lang='lat' dir='ltr'>la.</span> 
     </span>
    </p>
   </div>
   <div class='ocr_carea' id='block_1_74' title="bbox 608 5206 2213 5282">
    <p class='ocr_par' dir='ltr' id='par_1_74' title="bbox 608 5206 2213 5282">
     <span class='ocr_line' id='line_1_76' title="bbox 608 5206 2213 5282; baseline -0.002 -16"><span class='ocrx_word' id='word_1_544' title='bbox 608 5210 720 5282; x_wconf 90' lang='grc'>(39)</span> <span class='ocrx_word' id='word_1_545' title='bbox 753 5211 1035 5268; x_wconf 90' lang='lat' dir='ltr'>Nonnulli</span> <span class='ocrx_word' id='word_1_546' title='bbox 1066 5227 1241 5280; x_wconf 88' lang='lat' dir='ltr'>mss.,</span> <span class='ocrx_word' id='word_1_547' title='bbox 1280 5233 1301 5257; x_wconf 76' lang='grc' dir='ltr'><strong>σε</strong></span> <span class='ocrx_word' id='word_1_548' title='bbox 1338 5209 1731 5282; x_wconf 76' lang='lat' dir='ltr'>inventricem</span> <span class='ocrx_word' id='word_1_549' title='bbox 1766 5208 1923 5282; x_wconf 81' lang='lat' dir='ltr'>mali.</span> <span class='ocrx_word' id='word_1_550' title='bbox 1959 5206 2213 5282; x_wconf 31' lang='lat' dir='ltr'>{Caete-</span> 
     </span>
    </p>
   </div>
   <div class='ocr_carea' id='block_1_75' title="bbox 535 5279 2212 5355">
    <p class='ocr_par' dir='ltr' id='par_1_75' title="bbox 535 5279 2212 5355">
     <span class='ocr_line' id='line_1_77' title="bbox 535 5279 2212 5355; baseline -0.002 -18"><span class='ocrx_word' id='word_1_551' title='bbox 535 5279 668 5355; x_wconf 87' lang='lat' dir='ltr'>rum</span> <span class='ocrx_word' id='word_1_552' title='bbox 698 5279 770 5338; x_wconf 87' lang='lat' dir='ltr'>de</span> <span class='ocrx_word' id='word_1_553' title='bbox 803 5298 873 5338; x_wconf 92' lang='lat' dir='ltr'>eo</span> <span class='ocrx_word' id='word_1_554' title='bbox 907 5283 1064 5355; x_wconf 90' lang='lat' dir='ltr'>quod</span> <span class='ocrx_word' id='word_1_555' title='bbox 1095 5279 1393 5355; x_wconf 86' lang='lat' dir='ltr'>Epic_uru_s_</span> <span class='ocrx_word' id='word_1_556' title='bbox 1422 5281 1494 5335; x_wconf 88' lang='lat' dir='ltr'>ab</span> <span class='ocrx_word' id='word_1_557' title='bbox 1524 5279 1657 5333; x_wconf 90' lang='lat' dir='ltr'>aliis</span> <span class='ocrx_word' id='word_1_558' title='bbox 1680 5279 2212 5355; x_wconf 77' lang='lat' dir='ltr'>philosophis,ma-</span> 
     </span>
    </p>
   </div>
   <div class='ocr_carea' id='block_1_76' title="bbox 535 5351 2212 5420">
    <p class='ocr_par' dir='ltr' id='par_1_76' title="bbox 535 5351 2212 5420">
     <span class='ocr_line' id='line_1_78' title="bbox 535 5351 2212 5420; baseline -0.001 -12"><span class='ocrx_word' id='word_1_559' title='bbox 535 5354 692 5410; x_wconf 83' lang='lat' dir='ltr'>xime</span> <span class='ocrx_word' id='word_1_560' title='bbox 724 5371 866 5410; x_wconf 88' lang='lat' dir='ltr'>vero</span> <span class='ocrx_word' id='word_1_561' title='bbox 898 5351 943 5408; x_wconf 74' lang='grc' dir='ltr'>α’</span> <span class='ocrx_word' id='word_1_562' title='bbox 962 5353 1188 5408; x_wconf 90' lang='lat' dir='ltr'>sanctis</span> <span class='ocrx_word' id='word_1_563' title='bbox 1222 5352 1495 5405; x_wconf 86' lang='lat' dir='ltr'>Patribus</span> <span class='ocrx_word' id='word_1_564' title='bbox 1545 5366 1846 5420; x_wconf 82' lang='lat' dir='ltr'>corporeae</span> <span class='ocrx_word' id='word_1_565' title='bbox 1895 5351 2212 5420; x_wconf 89' lang='lat' dir='ltr'>voluptatis</span> 
     </span>
    </p>
   </div>
   <div class='ocr_carea' id='block_1_77' title="bbox 537 5421 2210 5495">
    <p class='ocr_par' dir='ltr' id='par_1_77' title="bbox 537 5421 2210 5495">
     <span class='ocr_line' id='line_1_79' title="bbox 537 5421 2210 5495; baseline -0.002 -15"><span class='ocrx_word' id='word_1_566' title='bbox 537 5429 825 5495; x_wconf 87' lang='lat' dir='ltr'>patronus</span> <span class='ocrx_word' id='word_1_567' title='bbox 854 5425 1160 5492; x_wconf 87' lang='lat' dir='ltr'>habeatur,</span> <span class='ocrx_word' id='word_1_568' title='bbox 1185 5422 1558 5495; x_wconf 62' lang='lat' dir='ltr'>licetacriter</span> <span class='ocrx_word' id='word_1_569' title='bbox 1572 5421 1922 5495; x_wconf 66' lang='lat' dir='ltr'>defendatur</span> <span class='ocrx_word' id='word_1_570' title='bbox 1948 5437 1981 5475; x_wconf 91' lang='lat' dir='ltr'>a</span> <span class='ocrx_word' id='word_1_571' title='bbox 2013 5422 2210 5495; x_wconf 80' lang='lat' dir='ltr'>multis</span> 
     </span>
    </p>
   </div>
   <div class='ocr_carea' id='block_1_78' title="bbox 537 5490 2213 5551">
    <p class='ocr_par' dir='ltr' id='par_1_78' title="bbox 537 5490 2213 5551">
     <span class='ocr_line' id='line_1_80' title="bbox 537 5490 2213 5551; baseline -0.002 -2"><span class='ocrx_word' id='word_1_572' title='bbox 537 5490 880 5551; x_wconf 77' lang='lat' dir='ltr'>auctoribus</span> <span class='ocrx_word' id='word_1_573' title='bbox 912 5490 1197 5549; x_wconf 30' lang='lat' dir='ltr'>dictum’a</span> <span class='ocrx_word' id='word_1_574' title='bbox 1218 5492 1392 5545; x_wconf 89' lang='lat' dir='ltr'>nobis</span> <span class='ocrx_word' id='word_1_575' title='bbox 1415 5494 1509 5546; x_wconf 91' lang='lat' dir='ltr'>est</span> <span class='ocrx_word' id='word_1_576' title='bbox 1529 5491 1600 5544; x_wconf 87' lang='lat' dir='ltr'>ad</span> <span class='ocrx_word' id='word_1_577' title='bbox 1624 5491 1725 5545; x_wconf 90' lang='lat' dir='ltr'>lib.</span> <span class='ocrx_word' id='word_1_578' title='bbox 1761 5508 1779 5543; x_wconf 87' lang='grc' dir='ltr'>ι</span> <span class='ocrx_word' id='word_1_579' title='bbox 1806 5490 1955 5545; x_wconf 77' lang='grc' dir='ltr'>ΟΠὶο</span> <span class='ocrx_word' id='word_1_580' title='bbox 1990 5508 2118 5551; x_wconf 85' lang='lat' dir='ltr'>cap.</span> <span class='ocrx_word' id='word_1_581' title='bbox 2145 5491 2213 5549; x_wconf 86' lang='grc'><strong>13</strong></span> 
     </span>
    </p>
   </div>
   <div class='ocr_carea' id='block_1_79' title="bbox 536 5560 2211 5633">
    <p class='ocr_par' dir='ltr' id='par_1_79' title="bbox 536 5560 2211 5633">
     <span class='ocr_line' id='line_1_81' title="bbox 536 5560 2211 5633; baseline -0.001 -12"><span class='ocrx_word' id='word_1_582' title='bbox 536 5582 696 5621; x_wconf 90' lang='lat' dir='ltr'>num.</span> <span class='ocrx_word' id='word_1_583' title='bbox 729 5566 818 5620; x_wconf 87' lang='grc'>50.</span> <span class='ocrx_word' id='word_1_584' title='bbox 856 5565 966 5620; x_wconf 81' lang='lat' dir='ltr'>llic</span> <span class='ocrx_word' id='word_1_585' title='bbox 997 5567 1192 5618; x_wconf 91' lang='lat' dir='ltr'>autem</span> <span class='ocrx_word' id='word_1_586' title='bbox 1224 5562 1367 5615; x_wconf 90' lang='lat' dir='ltr'>illud</span> <span class='ocrx_word' id='word_1_587' title='bbox 1399 5577 1579 5633; x_wconf 66' lang='lat' dir='ltr'>unum</span> <span class='ocrx_word' id='word_1_588' title='bbox 1612 5560 1925 5633; x_wconf 84' lang='lat' dir='ltr'>adjicietur</span> <span class='ocrx_word' id='word_1_589' title='bbox 1955 5560 2211 5620; x_wconf 84' lang='lat' dir='ltr'>Ambro-</span> 
     </span>
    </p>
   </div>
   <div class='ocr_carea' id='block_1_80' title="bbox 540 5631 2213 5707">
    <p class='ocr_par' dir='ltr' id='par_1_80' title="bbox 540 5631 2213 5707">
     <span class='ocr_line' id='line_1_82' title="bbox 540 5631 2213 5707; baseline 0.001 -18"><span class='ocrx_word' id='word_1_590' title='bbox 540 5636 695 5690; x_wconf 90' lang='lat' dir='ltr'>sium</span> <span class='ocrx_word' id='word_1_591' title='bbox 727 5636 1140 5707; x_wconf 79' lang='lat' dir='ltr'>quidquidhoc</span> <span class='ocrx_word' id='word_1_592' title='bbox 1160 5634 1294 5707; x_wconf 85' lang='lat' dir='ltr'>loco</span> <span class='ocrx_word' id='word_1_593' title='bbox 1324 5632 1396 5707; x_wconf 84' lang='lat' dir='ltr'>de</span> <span class='ocrx_word' id='word_1_594' title='bbox 1429 5631 1668 5707; x_wconf 67' lang='lat' dir='ltr'>Epicuri</span> <span class='ocrx_word' id='word_1_595' title='bbox 1684 5631 2063 5707; x_wconf 88' lang='lat' dir='ltr'>opinionibus</span> <span class='ocrx_word' id='word_1_596' title='bbox 2093 5651 2213 5691; x_wconf 89' lang='lat' dir='ltr'>me-</span> 
     </span>
    </p>
   </div>
   <div class='ocr_carea' id='block_1_81' title="bbox 541 5703 2212 5785">
    <p class='ocr_par' dir='ltr' id='par_1_81' title="bbox 541 5703 2212 5785">
     <span class='ocr_line' id='line_1_83' title="bbox 541 5703 2212 5785; baseline 0.002 -24"><span class='ocrx_word' id='word_1_597' title='bbox 541 5703 764 5775; x_wconf 59' lang='lat' dir='ltr'>morat;</span> <span class='ocrx_word' id='word_1_598' title='bbox 782 5707 841 5761; x_wconf 90' lang='lat' dir='ltr'>id</span> <span class='ocrx_word' id='word_1_599' title='bbox 870 5703 945 5763; x_wconf 70' lang='grc' dir='ltr'>ἐκ</span> <span class='ocrx_word' id='word_1_600' title='bbox 974 5704 1109 5778; x_wconf 83' lang='lat' dir='ltr'>ejus</span> <span class='ocrx_word' id='word_1_601' title='bbox 1137 5704 1385 5779; x_wconf 88' lang='lat' dir='ltr'>epistola</span> <span class='ocrx_word' id='word_1_602' title='bbox 1406 5703 1481 5760; x_wconf 87' lang='lat' dir='ltr'>ad</span> <span class='ocrx_word' id='word_1_603' title='bbox 1502 5703 1864 5764; x_wconf 83' lang='lat' dir='ltr'>Menaeceum</span> <span class='ocrx_word' id='word_1_604' title='bbox 1892 5722 1926 5762; x_wconf 91' lang='lat' dir='ltr'>a</span> <span class='ocrx_word' id='word_1_605' title='bbox 1948 5706 2212 5785; x_wconf 88' lang='lat' dir='ltr'>Diogene</span> 
     </span>
    </p>
   </div>
   <div class='ocr_carea' id='block_1_82' title="bbox 1180 4494 2224 4568">
    <p class='ocr_par' dir='ltr' id='par_1_82' title="bbox 1180 4494 2224 4568">
     <span class='ocr_line' id='line_1_84' title="bbox 1180 4494 2224 4568; baseline 0.008 -23"><span class='ocrx_word' id='word_1_606' title='bbox 1180 4519 1203 4545; x_wconf 76' lang='grc' dir='ltr'><strong>α</strong></span> <span class='ocrx_word' id='word_1_607' title='bbox 1249 4495 1304 4552; x_wconf 90' lang='lat' dir='ltr'>si</span> <span class='ocrx_word' id='word_1_608' title='bbox 1351 4496 1455 4568; x_wconf 90' lang='lat' dir='ltr'>qui</span> <span class='ocrx_word' id='word_1_609' title='bbox 1497 4494 1679 4551; x_wconf 82' lang='lat' dir='ltr'>frater</span> <span class='ocrx_word' id='word_1_610' title='bbox 1726 4494 2079 4567; x_wconf 89' lang='lat' dir='ltr'>nominatur,</span> <span class='ocrx_word' id='word_1_611' title='bbox 2129 4498 2224 4553; x_wconf 82' lang='lat' dir='ltr'>est</span> 
     </span>
    </p>
   </div>
   <div class='ocr_carea' id='block_1_83' title="bbox 2355 1910 3930 1987">
    <p class='ocr_par' dir='ltr' id='par_1_83' title="bbox 2355 1910 3930 1987">
     <span class='ocr_line' id='line_1_85' title="bbox 2355 1910 3930 1987; baseline 0.004 -22"><span class='ocrx_word' id='word_1_612' title='bbox 2355 1910 2801 1980; x_wconf 90' lang='lat' dir='ltr'>pentisinsidiis</span> <span class='ocrx_word' id='word_1_613' title='bbox 2831 1913 3004 1983; x_wconf 89' lang='lat' dir='ltr'>atque</span> <span class='ocrx_word' id='word_1_614' title='bbox 3039 1912 3342 1970; x_wconf 91' lang='lat' dir='ltr'>illecebris</span> <span class='ocrx_word' id='word_1_615' title='bbox 3379 1915 3641 1971; x_wconf 89' lang='lat' dir='ltr'>infusam</span> <span class='ocrx_word' id='word_1_616' title='bbox 3678 1915 3802 1971; x_wconf 78' lang='lat' dir='ltr'>Adae</span> <span class='ocrx_word' id='word_1_617' title='bbox 3822 1919 3930 1987; x_wconf 80' lang='lat' dir='ltr'>atque</span> 
     </span>
    </p>
   </div>
   <div class='ocr_carea' id='block_1_84' title="bbox 2357 1999 3932 2076">
    <p class='ocr_par' dir='ltr' id='par_1_84' title="bbox 2357 1999 3932 2076">
     <span class='ocr_line' id='line_1_86' title="bbox 2357 1999 3932 2076; baseline 0.003 -22"><span class='ocrx_word' id='word_1_618' title='bbox 2357 1999 2497 2056; x_wconf 63' lang='lat' dir='ltr'>Eva</span> <span class='ocrx_word' id='word_1_619' title='bbox 2520 2000 2877 2071; x_wconf 88' lang='lat' dir='ltr'>voluptatem</span> <span class='ocrx_word' id='word_1_620' title='bbox 2894 2001 3008 2072; x_wconf 73' lang='lat'>(42)</span> <span class='ocrx_word' id='word_1_621' title='bbox 3037 2002 3210 2058; x_wconf 86' lang='lat' dir='ltr'>docet</span> <span class='ocrx_word' id='word_1_622' title='bbox 3238 2003 3416 2068; x_wconf 85' lang='lat' dir='ltr'>(Gen.</span> <span class='ocrx_word' id='word_1_623' title='bbox 3452 2022 3537 2074; x_wconf 89' lang='grc' dir='ltr'><strong><em>ιιι,</em></strong></span> <span class='ocrx_word' id='word_1_624' title='bbox 3575 2005 3700 2076; x_wconf 75' lang='grc'><strong>1-4).</strong></span> <span class='ocrx_word' id='word_1_625' title='bbox 3725 2005 3932 2076; x_wconf 79' lang='lat' dir='ltr'>Siquidem</span> 
     </span>
    </p>
   </div>
   <div class='ocr_carea' id='block_1_85' title="bbox 2355 2088 3929 2163">
    <p class='ocr_par' dir='ltr' id='par_1_85' title="bbox 2355 2088 3929 2163">
     <span class='ocr_line' id='line_1_87' title="bbox 2355 2088 3929 2163; baseline 0.003 -20"><span class='ocrx_word' id='word_1_626' title='bbox 2355 2089 2484 2160; x_wconf 90' lang='lat' dir='ltr'>ipse</span> <span class='ocrx_word' id='word_1_627' title='bbox 2515 2105 2766 2160; x_wconf 91' lang='lat' dir='ltr'>serpens</span> <span class='ocrx_word' id='word_1_628' title='bbox 2795 2088 3069 2162; x_wconf 89' lang='lat' dir='ltr'>voluptas</span> <span class='ocrx_word' id='word_1_629' title='bbox 3098 2092 3196 2163; x_wconf 88' lang='lat' dir='ltr'>sit,</span> <span class='ocrx_word' id='word_1_630' title='bbox 3220 2095 3278 2147; x_wconf 89' lang='lat' dir='ltr'>et</span> <span class='ocrx_word' id='word_1_631' title='bbox 3292 2092 3430 2149; x_wconf 90' lang='lat' dir='ltr'>ideo</span> <span class='ocrx_word' id='word_1_632' title='bbox 3449 2094 3632 2149; x_wconf 81' lang='lat' dir='ltr'>variae</span> <span class='ocrx_word' id='word_1_633' title='bbox 3661 2110 3726 2149; x_wconf 90' lang='lat' dir='ltr'>ac</span> <span class='ocrx_word' id='word_1_634' title='bbox 3750 2093 3929 2157; x_wconf 79' lang='lat' dir='ltr'>lubrica,</span> 
     </span>
    </p>
   </div>
   <div class='ocr_carea' id='block_1_86' title="bbox 2352 2178 3931 2253">
    <p class='ocr_par' dir='ltr' id='par_1_86' title="bbox 2352 2178 3931 2253">
     <span class='ocr_line' id='line_1_88' title="bbox 2352 2178 3931 2253; baseline 0.001 -17"><span class='ocrx_word' id='word_1_635' title='bbox 2352 2182 2411 2236; x_wconf 77' lang='lat' dir='ltr'>et.</span> <span class='ocrx_word' id='word_1_636' title='bbox 2426 2178 2585 2234; x_wconf 91' lang='lat' dir='ltr'>velut</span> <span class='ocrx_word' id='word_1_637' title='bbox 2600 2193 2829 2235; x_wconf 89' lang='lat' dir='ltr'>veneno</span> <span class='ocrx_word' id='word_1_638' title='bbox 2847 2180 3102 2252; x_wconf 90' lang='lat' dir='ltr'>quodam</span> <span class='ocrx_word' id='word_1_639' title='bbox 3134 2181 3607 2253; x_wconf 88' lang='lat' dir='ltr'>corruptelarum</span> <span class='ocrx_word' id='word_1_640' title='bbox 3629 2183 3829 2238; x_wconf 66' lang='lat' dir='ltr'>infectae</span> <span class='ocrx_word' id='word_1_641' title='bbox 3847 2198 3931 2252; x_wconf 76' lang='lat' dir='ltr'>pas-</span> 
     </span>
    </p>
   </div>
   <div class='ocr_carea' id='block_1_87' title="bbox 2352 2267 3931 2345">
    <p class='ocr_par' dir='ltr' id='par_1_87' title="bbox 2352 2267 3931 2345">
     <span class='ocr_line' id='line_1_89' title="bbox 2352 2267 3931 2345; baseline -0.001 -21"><span class='ocrx_word' id='word_1_642' title='bbox 2352 2269 2555 2324; x_wconf 88' lang='lat' dir='ltr'>siones</span> <span class='ocrx_word' id='word_1_643' title='bbox 2585 2267 2902 2339; x_wconf 89' lang='lat' dir='ltr'>voluptatis</span> <span class='ocrx_word' id='word_1_644' title='bbox 2944 2270 3083 2325; x_wconf 91' lang='lat' dir='ltr'>sint.</span> <span class='ocrx_word' id='word_1_645' title='bbox 3117 2271 3477 2342; x_wconf 79' lang='lat' dir='ltr'>Appetentia</span> <span class='ocrx_word' id='word_1_646' title='bbox 3510 2272 3692 2345; x_wconf 88' lang='lat' dir='ltr'>igitur</span> <span class='ocrx_word' id='word_1_647' title='bbox 3708 2271 3931 2342; x_wconf 81' lang='lat' dir='ltr'>voluptatis</span> 
     </span>
    </p>
   </div>
   <div class='ocr_carea' id='block_1_88' title="bbox 2349 2358 3933 2429">
    <p class='ocr_par' dir='ltr' id='par_1_88' title="bbox 2349 2358 3933 2429">
     <span class='ocr_line' id='line_1_90' title="bbox 2349 2358 3933 2429; baseline -0.001 -17"><span class='ocrx_word' id='word_1_648' title='bbox 2349 2360 2581 2413; x_wconf 88' lang='lat' dir='ltr'>constat</span> <span class='ocrx_word' id='word_1_649' title='bbox 2601 2358 2909 2429; x_wconf 90' lang='lat' dir='ltr'>deceptum</span> <span class='ocrx_word' id='word_1_650' title='bbox 2932 2358 3120 2413; x_wconf 81' lang='lat' dir='ltr'>Adam</span> <span class='ocrx_word' id='word_1_651' title='bbox 3146 2360 3454 2417; x_wconf 85' lang='lat' dir='ltr'>excidisse</span> <span class='ocrx_word' id='word_1_652' title='bbox 3470 2377 3504 2415; x_wconf 90' lang='lat' dir='ltr'>a</span> <span class='ocrx_word' id='word_1_653' title='bbox 3537 2361 3788 2416; x_wconf 84' lang='lat' dir='ltr'>mandato</span> <span class='ocrx_word' id='word_1_654' title='bbox 3805 2360 3933 2427; x_wconf 80' lang='lat' dir='ltr'>Dei,et</span> 
     </span>
    </p>
   </div>
   <div class='ocr_carea' id='block_1_89' title="bbox 2347 2445 3932 2521">
    <p class='ocr_par' dir='ltr' id='par_1_89' title="bbox 2347 2445 3932 2521">
     <span class='ocr_line' id='line_1_91' title="bbox 2347 2445 3932 2521; baseline -0.001 -20"><span class='ocrx_word' id='word_1_655' title='bbox 2347 2445 2544 2501; x_wconf 86' lang='lat' dir='ltr'>fructu</span> <span class='ocrx_word' id='word_1_656' title='bbox 2586 2446 2815 2520; x_wconf 81' lang='lat' dir='ltr'>gratiae.</span> <span class='ocrx_word' id='word_1_657' title='bbox 2846 2446 3153 2513; x_wconf 89' lang='lat' dir='ltr'>Quomodo</span> <span class='ocrx_word' id='word_1_658' title='bbox 3176 2448 3361 2520; x_wconf 88' lang='lat' dir='ltr'>igitur</span> <span class='ocrx_word' id='word_1_659' title='bbox 3399 2448 3673 2521; x_wconf 88' lang='lat' dir='ltr'>voluptas</span> <span class='ocrx_word' id='word_1_660' title='bbox 3702 2449 3765 2504; x_wconf 88' lang='lat' dir='ltr'>ad</span> <span class='ocrx_word' id='word_1_661' title='bbox 3781 2448 3932 2520; x_wconf 78' lang='lat' dir='ltr'>paradi-</span> 
     </span>
    </p>
   </div>
   <div class='ocr_carea' id='block_1_90' title="bbox 2348 2537 3931 2610">
    <p class='ocr_par' dir='ltr' id='par_1_90' title="bbox 2348 2537 3931 2610">
     <span class='ocr_line' id='line_1_92' title="bbox 2348 2537 3931 2610; baseline 0.001 -21"><span class='ocrx_word' id='word_1_662' title='bbox 2348 2551 2481 2589; x_wconf 91' lang='lat' dir='ltr'>sum</span> <span class='ocrx_word' id='word_1_663' title='bbox 2495 2550 2778 2591; x_wconf 87' lang='lat' dir='ltr'>revocare</span> <span class='ocrx_word' id='word_1_664' title='bbox 2790 2551 2903 2591; x_wconf 92' lang='lat' dir='ltr'>nos</span> <span class='ocrx_word' id='word_1_665' title='bbox 2915 2538 3270 2609; x_wconf 74' lang='lat' dir='ltr'>potest,quaa</span> <span class='ocrx_word' id='word_1_666' title='bbox 3283 2537 3545 2594; x_wconf 84' lang='lat' dir='ltr'>solanos</span> <span class='ocrx_word' id='word_1_667' title='bbox 3558 2537 3806 2610; x_wconf 88' lang='lat' dir='ltr'>paradiso</span> <span class='ocrx_word' id='word_1_668' title='bbox 3817 2537 3931 2592; x_wconf 65' lang='lat' dir='ltr'>exuit?</span> 
     </span>
    </p>
   </div>
   <div class='ocr_carea' id='block_1_91' title="bbox 2418 2621 3931 2683">
    <p class='ocr_par' dir='ltr' id='par_1_91' title="bbox 2418 2621 3931 2683">
     <span class='ocr_line' id='line_1_93' title="bbox 2418 2621 3931 2683; baseline 0.001 -5"><span class='ocrx_word' id='word_1_669' title='bbox 2418 2621 2507 2679; x_wconf 84' lang='grc'><strong>15.</strong></span> <span class='ocrx_word' id='word_1_670' title='bbox 2539 2624 2709 2680; x_wconf 92' lang='lat' dir='ltr'>Unde</span> <span class='ocrx_word' id='word_1_671' title='bbox 2729 2626 2786 2680; x_wconf 90' lang='lat' dir='ltr'>et</span> <span class='ocrx_word' id='word_1_672' title='bbox 2809 2624 3096 2680; x_wconf 90' lang='lat' dir='ltr'>Dominus</span> <span class='ocrx_word' id='word_1_673' title='bbox 3126 2626 3313 2682; x_wconf 81' lang='lat' dir='ltr'>Jesus</span> <span class='ocrx_word' id='word_1_674' title='bbox 3343 2627 3564 2683; x_wconf 90' lang='lat' dir='ltr'>volens</span> <span class='ocrx_word' id='word_1_675' title='bbox 3593 2643 3701 2683; x_wconf 89' lang='lat' dir='ltr'>nos</span> <span class='ocrx_word' id='word_1_676' title='bbox 3728 2626 3931 2682; x_wconf 80' lang='lat' dir='ltr'>adversus</span> 
     </span>
    </p>
   </div>
   <div class='ocr_carea' id='block_1_92' title="bbox 2347 2712 3931 2785">
    <p class='ocr_par' dir='ltr' id='par_1_92' title="bbox 2347 2712 3931 2785">
     <span class='ocr_line' id='line_1_94' title="bbox 2347 2712 3931 2785; baseline -0.001 -17"><span class='ocrx_word' id='word_1_677' title='bbox 2347 2712 2567 2769; x_wconf 90' lang='lat' dir='ltr'>diaboli</span> <span class='ocrx_word' id='word_1_678' title='bbox 2613 2715 2968 2768; x_wconf 88' lang='lat' dir='ltr'>tentamenta</span> <span class='ocrx_word' id='word_1_679' title='bbox 3030 2713 3320 2770; x_wconf 89' lang='lat' dir='ltr'>fortiores</span> <span class='ocrx_word' id='word_1_680' title='bbox 3361 2715 3644 2785; x_wconf 87' lang='lat' dir='ltr'>reddere,</span> <span class='ocrx_word' id='word_1_681' title='bbox 3689 2718 3931 2771; x_wconf 76' lang='lat' dir='ltr'>certaturus</span> 
     </span>
    </p>
   </div>
   <div class='ocr_carea' id='block_1_93' title="bbox 2341 2800 3931 2876">
    <p class='ocr_par' dir='ltr' id='par_1_93' title="bbox 2341 2800 3931 2876">
     <span class='ocr_line' id='line_1_95' title="bbox 2341 2800 3931 2876; baseline -0.003 -19"><span class='ocrx_word' id='word_1_682' title='bbox 2341 2800 2637 2873; x_wconf 88' lang='lat' dir='ltr'>jejunavit</span> <span class='ocrx_word' id='word_1_683' title='bbox 2663 2802 2776 2873; x_wconf 83' lang='grc'>(43)</span> <span class='ocrx_word' id='word_1_684' title='bbox 2808 2802 3047 2872; x_wconf 75' lang='lat' dir='ltr'>(Matth.</span> <span class='ocrx_word' id='word_1_685' title='bbox 3080 2819 3160 2873; x_wconf 79' lang='grc' dir='ltr'>ιν,</span> <span class='ocrx_word' id='word_1_686' title='bbox 3184 2803 3274 2873; x_wconf 77' lang='grc'>2);</span> <span class='ocrx_word' id='word_1_687' title='bbox 3308 2808 3369 2859; x_wconf 80' lang='grc' dir='ltr'><strong><em>ιιι</em></strong></span> <span class='ocrx_word' id='word_1_688' title='bbox 3403 2805 3699 2861; x_wconf 88' lang='lat' dir='ltr'>sciremus</span> <span class='ocrx_word' id='word_1_689' title='bbox 3734 2804 3846 2876; x_wconf 87' lang='lat' dir='ltr'>quia</span> <span class='ocrx_word' id='word_1_690' title='bbox 3865 2803 3931 2855; x_wconf 77' lang='lat' dir='ltr'>ali-</span> 
     </span>
    </p>
   </div>
   <div class='ocr_carea' id='block_1_94' title="bbox 2345 2890 3931 2963">
    <p class='ocr_par' dir='ltr' id='par_1_94' title="bbox 2345 2890 3931 2963">
     <span class='ocr_line' id='line_1_96' title="bbox 2345 2890 3931 2963; baseline 0 -18"><span class='ocrx_word' id='word_1_691' title='bbox 2345 2894 2437 2945; x_wconf 90' lang='lat' dir='ltr'>ter</span> <span class='ocrx_word' id='word_1_692' title='bbox 2466 2890 2778 2947; x_wconf 91' lang='lat' dir='ltr'>illecebras</span> <span class='ocrx_word' id='word_1_693' title='bbox 2809 2890 2946 2945; x_wconf 92' lang='lat' dir='ltr'>mali</span> <span class='ocrx_word' id='word_1_694' title='bbox 2968 2906 3086 2946; x_wconf 92' lang='lat' dir='ltr'>non</span> <span class='ocrx_word' id='word_1_695' title='bbox 3113 2907 3446 2962; x_wconf 88' lang='lat' dir='ltr'>possumus</span> <span class='ocrx_word' id='word_1_696' title='bbox 3469 2895 3721 2963; x_wconf 88' lang='lat' dir='ltr'>vincere,</span> <span class='ocrx_word' id='word_1_697' title='bbox 3752 2891 3931 2961; x_wconf 77' lang='lat' dir='ltr'>Denique</span> 
     </span>
    </p>
   </div>
   <div class='ocr_carea' id='block_1_95' title="bbox 2344 2978 3931 3050">
    <p class='ocr_par' dir='ltr' id='par_1_95' title="bbox 2344 2978 3931 3050">
     <span class='ocr_line' id='line_1_97' title="bbox 2344 2978 3931 3050; baseline -0.001 -18"><span class='ocrx_word' id='word_1_698' title='bbox 2344 2979 2473 3050; x_wconf 89' lang='lat' dir='ltr'>ipse</span> <span class='ocrx_word' id='word_1_699' title='bbox 2494 2978 2767 3035; x_wconf 88' lang='lat' dir='ltr'>diabolus</span> <span class='ocrx_word' id='word_1_700' title='bbox 2799 2980 3050 3050; x_wconf 89' lang='lat' dir='ltr'>primum</span> <span class='ocrx_word' id='word_1_701' title='bbox 3080 2984 3581 3039; x_wconf 86' lang='lat' dir='ltr'>tentamentorum</span> <span class='ocrx_word' id='word_1_702' title='bbox 3607 2997 3824 3038; x_wconf 87' lang='lat' dir='ltr'>suorum</span> <span class='ocrx_word' id='word_1_703' title='bbox 3855 2979 3931 3048; x_wconf 87' lang='lat' dir='ltr'>spi-</span> 
     </span>
    </p>
   </div>
   <div class='ocr_carea' id='block_1_96' title="bbox 2346 3067 3989 3155">
    <p class='ocr_par' dir='ltr' id='par_1_96' title="bbox 2346 3067 3989 3155">
     <span class='ocr_line' id='line_1_98' title="bbox 2346 3067 3989 3155; baseline -0.002 -32"><span class='ocrx_word' id='word_1_704' title='bbox 2346 3068 2543 3123; x_wconf 91' lang='lat' dir='ltr'>culum</span> <span class='ocrx_word' id='word_1_705' title='bbox 2592 3068 2665 3125; x_wconf 90' lang='lat' dir='ltr'>de</span> <span class='ocrx_word' id='word_1_706' title='bbox 2706 3068 3003 3141; x_wconf 90' lang='lat' dir='ltr'>voluptate</span> <span class='ocrx_word' id='word_1_707' title='bbox 3052 3071 3307 3141; x_wconf 88' lang='lat' dir='ltr'>intorsit,</span> <span class='ocrx_word' id='word_1_708' title='bbox 3356 3071 3619 3130; x_wconf 89' lang='lat' dir='ltr'>dicens:</span> <span class='ocrx_word' id='word_1_709' title='bbox 3659 3092 3681 3122; x_wconf 78' lang='grc' dir='ltr'>ι</span> <span class='ocrx_word' id='word_1_710' title='bbox 3727 3070 3782 3126; x_wconf 90' lang='lat' dir='ltr'>Si</span> <span class='ocrx_word' id='word_1_711' title='bbox 3812 3067 3931 3124; x_wconf 85' lang='lat' dir='ltr'>Filius</span> <span class='ocrx_word' id='word_1_712' title='bbox 3988 3108 3989 3155; x_wconf 40' lang='lat'><strong>1</strong></span> 
     </span>
    </p>
   </div>
   <div class='ocr_carea' id='block_1_97' title="bbox 2346 3155 3931 3232">
    <p class='ocr_par' dir='ltr' id='par_1_97' title="bbox 2346 3155 3931 3232">
     <span class='ocr_line' id='line_1_99' title="bbox 2346 3155 3931 3232; baseline -0.001 -20"><span class='ocrx_word' id='word_1_713' title='bbox 2346 3158 2453 3213; x_wconf 91' lang='lat' dir='ltr'>Dei</span> <span class='ocrx_word' id='word_1_714' title='bbox 2470 3173 2558 3228; x_wconf 90' lang='lat' dir='ltr'>es,</span> <span class='ocrx_word' id='word_1_715' title='bbox 2579 3158 2673 3214; x_wconf 87' lang='lat' dir='ltr'>dic</span> <span class='ocrx_word' id='word_1_716' title='bbox 2695 3160 2757 3213; x_wconf 90' lang='lat' dir='ltr'>ut</span> <span class='ocrx_word' id='word_1_717' title='bbox 2773 3158 3114 3229; x_wconf 91' lang='lat' dir='ltr'>lapidesisti</span> <span class='ocrx_word' id='word_1_718' title='bbox 3131 3176 3316 3231; x_wconf 89' lang='lat' dir='ltr'>panes</span> <span class='ocrx_word' id='word_1_719' title='bbox 3339 3160 3487 3216; x_wconf 82' lang='lat' dir='ltr'>ﬁant</span> <span class='ocrx_word' id='word_1_720' title='bbox 3507 3160 3681 3232; x_wconf 85' lang='lat' dir='ltr'>(Ibid.</span> <span class='ocrx_word' id='word_1_721' title='bbox 3699 3159 3766 3229; x_wconf 84' lang='lat'>3).</span> <span class='ocrx_word' id='word_1_722' title='bbox 3788 3180 3807 3208; x_wconf 83' lang='grc' dir='ltr'>ι</span> <span class='ocrx_word' id='word_1_723' title='bbox 3829 3155 3931 3211; x_wconf 80' lang='lat' dir='ltr'>Unde</span> 
     </span>
    </p>
   </div>
   <div class='ocr_carea' id='block_1_98' title="bbox 2347 3242 3930 3321">
    <p class='ocr_par' dir='ltr' id='par_1_98' title="bbox 2347 3242 3930 3321">
     <span class='ocr_line' id='line_1_100' title="bbox 2347 3242 3930 3321; baseline 0.001 -20"><span class='ocrx_word' id='word_1_724' title='bbox 2347 3247 2427 3302; x_wconf 87' lang='lat' dir='ltr'>ait</span> <span class='ocrx_word' id='word_1_725' title='bbox 2458 3247 2746 3303; x_wconf 91' lang='lat' dir='ltr'>Dominus</span> <span class='ocrx_word' id='word_1_726' title='bbox 2780 3267 2798 3303; x_wconf 90' lang='lat'><strong><em>:</em></strong></span> <span class='ocrx_word' id='word_1_727' title='bbox 2833 3270 2855 3297; x_wconf 74' lang='grc' dir='ltr'><strong><em>α</em></strong></span> <span class='ocrx_word' id='word_1_728' title='bbox 2889 3248 3025 3304; x_wconf 92' lang='lat' dir='ltr'>Non</span> <span class='ocrx_word' id='word_1_729' title='bbox 3055 3250 3115 3305; x_wconf 92' lang='lat' dir='ltr'>in</span> <span class='ocrx_word' id='word_1_730' title='bbox 3145 3265 3295 3321; x_wconf 88' lang='lat' dir='ltr'>pane</span> <span class='ocrx_word' id='word_1_731' title='bbox 3324 3250 3465 3306; x_wconf 91' lang='lat' dir='ltr'>solo</span> <span class='ocrx_word' id='word_1_732' title='bbox 3493 3250 3639 3305; x_wconf 90' lang='lat' dir='ltr'>vivit</span> <span class='ocrx_word' id='word_1_733' title='bbox 3680 3248 3845 3316; x_wconf 90' lang='lat' dir='ltr'>homo,</span> <span class='ocrx_word' id='word_1_734' title='bbox 3869 3242 3930 3299; x_wconf 73' lang='lat' dir='ltr'>sed</span> 
     </span>
    </p>
   </div>
   <div class='ocr_carea' id='block_1_99' title="bbox 2345 3336 3930 3410">
    <p class='ocr_par' dir='ltr' id='par_1_99' title="bbox 2345 3336 3930 3410">
     <span class='ocr_line' id='line_1_101' title="bbox 2345 3336 3930 3410; baseline -0.004 -18"><span class='ocrx_word' id='word_1_735' title='bbox 2345 3337 2405 3392; x_wconf 89' lang='lat' dir='ltr'>in</span> <span class='ocrx_word' id='word_1_736' title='bbox 2440 3336 2598 3392; x_wconf 91' lang='lat' dir='ltr'>omni</span> <span class='ocrx_word' id='word_1_737' title='bbox 2630 3336 2817 3393; x_wconf 89' lang='lat' dir='ltr'>verbo</span> <span class='ocrx_word' id='word_1_738' title='bbox 2848 3337 2956 3393; x_wconf 93' lang='lat' dir='ltr'>Dei</span> <span class='ocrx_word' id='word_1_739' title='bbox 2990 3337 3168 3409; x_wconf 82' lang='lat' dir='ltr'>(Ibid.</span> <span class='ocrx_word' id='word_1_740' title='bbox 3200 3338 3279 3410; x_wconf 77' lang='grc'>4),</span> <span class='ocrx_word' id='word_1_741' title='bbox 3315 3361 3337 3388; x_wconf 84' lang='grc' dir='ltr'>ιι</span> <span class='ocrx_word' id='word_1_742' title='bbox 3373 3342 3435 3395; x_wconf 90' lang='lat' dir='ltr'>et</span> <span class='ocrx_word' id='word_1_743' title='bbox 3451 3338 3636 3397; x_wconf 89' lang='lat' dir='ltr'>noluit</span> <span class='ocrx_word' id='word_1_744' title='bbox 3664 3338 3831 3393; x_wconf 86' lang='lat' dir='ltr'>facere</span> <span class='ocrx_word' id='word_1_745' title='bbox 3851 3347 3930 3387; x_wconf 85' lang='lat' dir='ltr'>cum</span> 
     </span>
    </p>
   </div>
   <div class='ocr_carea' id='block_1_100' title="bbox 2343 3419 3929 3501">
    <p class='ocr_par' dir='ltr' id='par_1_100' title="bbox 2343 3419 3929 3501">
     <span class='ocr_line' id='line_1_102' title="bbox 2343 3419 3929 3501; baseline -0.003 -19"><span class='ocrx_word' id='word_1_746' title='bbox 2343 3429 2574 3497; x_wconf 86' lang='lat' dir='ltr'>posset,</span> <span class='ocrx_word' id='word_1_747' title='bbox 2605 3429 2680 3482; x_wconf 74' lang='lat' dir='ltr'>’ut</span> <span class='ocrx_word' id='word_1_748' title='bbox 2722 3426 2915 3500; x_wconf 90' lang='lat' dir='ltr'>magis</span> <span class='ocrx_word' id='word_1_749' title='bbox 2960 3426 3234 3483; x_wconf 86' lang='lat' dir='ltr'>lectionis</span> <span class='ocrx_word' id='word_1_750' title='bbox 3282 3428 3485 3485; x_wconf 91' lang='lat' dir='ltr'>studio</span> <span class='ocrx_word' id='word_1_751' title='bbox 3524 3443 3696 3501; x_wconf 88' lang='lat' dir='ltr'>quam</span> <span class='ocrx_word' id='word_1_752' title='bbox 3734 3419 3929 3494; x_wconf 72' lang='lat' dir='ltr'>voluptati</span> 
     </span>
    </p>
   </div>
   <div class='ocr_carea' id='block_1_101' title="bbox 2344 3510 3929 3589">
    <p class='ocr_par' dir='ltr' id='par_1_101' title="bbox 2344 3510 3929 3589">
     <span class='ocr_line' id='line_1_103' title="bbox 2344 3510 3929 3589; baseline -0.001 -19"><span class='ocrx_word' id='word_1_753' title='bbox 2344 3516 2653 3571; x_wconf 86' lang='lat' dir='ltr'>intendere</span> <span class='ocrx_word' id='word_1_754' title='bbox 2685 3531 2798 3571; x_wconf 81' lang='lat' dir='ltr'>nos</span> <span class='ocrx_word' id='word_1_755' title='bbox 2832 3516 3078 3571; x_wconf 86' lang='lat' dir='ltr'>salutari</span> <span class='ocrx_word' id='word_1_756' title='bbox 3129 3521 3433 3589; x_wconf 63' lang='lat' dir='ltr'>pracepto</span> <span class='ocrx_word' id='word_1_757' title='bbox 3482 3518 3733 3574; x_wconf 84' lang='lat' dir='ltr'>doceret.</span> <span class='ocrx_word' id='word_1_758' title='bbox 3772 3510 3929 3581; x_wconf 72' lang='lat' dir='ltr'>Etan</span> 
     </span>
    </p>
   </div>
   <div class='ocr_carea' id='block_1_102' title="bbox 2344 3596 3987 3678">
    <p class='ocr_par' dir='ltr' id='par_1_102' title="bbox 2344 3596 3987 3678">
     <span class='ocr_line' id='line_1_104' title="bbox 2344 3596 3987 3678; baseline -0.001 -19"><span class='ocrx_word' id='word_1_759' title='bbox 2344 3604 2445 3660; x_wconf 91' lang='lat' dir='ltr'>isti</span> <span class='ocrx_word' id='word_1_760' title='bbox 2488 3603 2881 3678; x_wconf 87' lang='lat' dir='ltr'>jejudandum</span> <span class='ocrx_word' id='word_1_761' title='bbox 2921 3609 3175 3678; x_wconf 88' lang='lat' dir='ltr'>negant,</span> <span class='ocrx_word' id='word_1_762' title='bbox 3217 3621 3333 3677; x_wconf 91' lang='lat' dir='ltr'>qua</span> <span class='ocrx_word' id='word_1_763' title='bbox 3386 3621 3576 3662; x_wconf 91' lang='lat' dir='ltr'>causa</span> <span class='ocrx_word' id='word_1_764' title='bbox 3611 3604 3849 3662; x_wconf 82' lang='lat' dir='ltr'>Christus</span> <span class='ocrx_word' id='word_1_765' title='bbox 3872 3596 3929 3669; x_wconf 72' lang='lat' dir='ltr'>je-</span> <span class='ocrx_word' id='word_1_766' title='bbox 3986 3622 3987 3678; x_wconf 32' lang='grc' dir='ltr'><strong>ᾖ</strong></span> 
     </span>
    </p>
   </div>
   <div class='ocr_carea' id='block_1_103' title="bbox 2340 3662 3987 3767">
    <p class='ocr_par' dir='ltr' id='par_1_103' title="bbox 2340 3662 3987 3767">
     <span class='ocr_line' id='line_1_105' title="bbox 2340 3662 3987 3767; baseline -0.005 -17"><span class='ocrx_word' id='word_1_767' title='bbox 2340 3662 2660 3767; x_wconf 46' lang='lat' dir='ltr'>junave&#39;rit,</span> <span class='ocrx_word' id='word_1_768' title='bbox 2702 3662 3035 3765; x_wconf 48' lang='lat' dir='ltr'>astruant:</span> <span class='ocrx_word' id='word_1_769' title='bbox 3056 3693 3173 3749; x_wconf 90' lang='lat' dir='ltr'>nisi</span> <span class='ocrx_word' id='word_1_770' title='bbox 3223 3662 3283 3751; x_wconf 62' lang='lat' dir='ltr'>tit</span> <span class='ocrx_word' id='word_1_771' title='bbox 3319 3694 3500 3751; x_wconf 90' lang='lat' dir='ltr'>nobis</span> <span class='ocrx_word' id='word_1_772' title='bbox 3553 3692 3798 3765; x_wconf 76' lang='lat' dir='ltr'>exemplo</span> <span class='ocrx_word' id='word_1_773' title='bbox 3827 3688 3928 3744; x_wconf 77' lang='lat' dir='ltr'>esset</span> <span class='ocrx_word' id='word_1_774' title='bbox 3986 3662 3987 3699; x_wconf 49' lang='grc'><strong>¹</strong></span> 
     </span>
    </p>
   </div>
   <div class='ocr_carea' id='block_1_104' title="bbox 2344 3773 3928 3857">
    <p class='ocr_par' dir='ltr' id='par_1_104' title="bbox 2344 3773 3928 3857">
     <span class='ocr_line' id='line_1_106' title="bbox 2344 3773 3928 3857; baseline -0.003 -18"><span class='ocrx_word' id='word_1_775' title='bbox 2344 3782 2481 3857; x_wconf 91' lang='lat' dir='ltr'>ejus</span> <span class='ocrx_word' id='word_1_776' title='bbox 2528 3782 2845 3856; x_wconf 90' lang='lat' dir='ltr'>jejunium.</span> <span class='ocrx_word' id='word_1_777' title='bbox 2911 3782 3177 3856; x_wconf 90' lang='lat' dir='ltr'>Denique</span> <span class='ocrx_word' id='word_1_778' title='bbox 3227 3784 3287 3839; x_wconf 89' lang='lat' dir='ltr'>in</span> <span class='ocrx_word' id='word_1_779' title='bbox 3339 3784 3764 3856; x_wconf 88' lang='lat' dir='ltr'>posterioribus</span> <span class='ocrx_word' id='word_1_780' title='bbox 3802 3773 3928 3835; x_wconf 69' lang='lat' dir='ltr'>docuit</span> 
     </span>
    </p>
   </div>
   <div class='ocr_carea' id='block_1_105' title="bbox 2344 3920 3985 3997">
    <p class='ocr_par' dir='ltr' id='par_1_105' title="bbox 2344 3920 3985 3997">
     <span class='ocr_line' id='line_1_107' title="bbox 2344 3920 3985 3997; baseline -0.004 -15"><span class='ocrx_word' id='word_1_781' title='bbox 2344 3926 2543 3982; x_wconf 90' lang='lat' dir='ltr'>Laert.</span> <span class='ocrx_word' id='word_1_782' title='bbox 2566 3926 2667 3982; x_wconf 94' lang='lat' dir='ltr'>lib.</span> <span class='ocrx_word' id='word_1_783' title='bbox 2692 3944 2730 3981; x_wconf 86' lang='lat' dir='ltr'><strong>x</strong></span> <span class='ocrx_word' id='word_1_784' title='bbox 2749 3927 3072 3997; x_wconf 87' lang='lat' dir='ltr'>proposita.</span> <span class='ocrx_word' id='word_1_785' title='bbox 3104 3925 3219 3996; x_wconf 91' lang='lat' dir='ltr'>vel,</span> <span class='ocrx_word' id='word_1_786' title='bbox 3243 3930 3307 3983; x_wconf 89' lang='lat' dir='ltr'>ut</span> <span class='ocrx_word' id='word_1_787' title='bbox 3325 3927 3676 3985; x_wconf 83' lang='lat' dir='ltr'>Gassen‘dus</span> <span class='ocrx_word' id='word_1_788' title='bbox 3695 3920 3924 3983; x_wconf 74' lang='lat' dir='ltr'>existimat,</span> <span class='ocrx_word' id='word_1_789' title='bbox 3984 3960 3985 3997; x_wconf 34' lang='grc' dir='ltr'>ι</span> 
     </span>
    </p>
   </div>
   <div class='ocr_carea' id='block_1_106' title="bbox 2344 3992 3985 4055">
    <p class='ocr_par' dir='ltr' id='par_1_106' title="bbox 2344 3992 3985 4055">
     <span class='ocr_line' id='line_1_108' title="bbox 2344 3992 3985 4055; baseline 0.002 -2"><span class='ocrx_word' id='word_1_790' title='bbox 2344 4013 2376 4054; x_wconf 90' lang='lat' dir='ltr'>e</span> <span class='ocrx_word' id='word_1_791' title='bbox 2409 3998 2722 4053; x_wconf 87' lang='lat' dir='ltr'>Demarchi</span> <span class='ocrx_word' id='word_1_792' title='bbox 2743 3992 2895 4054; x_wconf 80' lang='lat' dir='ltr'>libro</span> <span class='ocrx_word' id='word_1_793' title='bbox 2935 4013 3075 4054; x_wconf 90' lang='lat' dir='ltr'>esse</span> <span class='ocrx_word' id='word_1_794' title='bbox 3102 3992 3454 4055; x_wconf 85' lang='lat' dir='ltr'>mutuatum.</span> <span class='ocrx_word' id='word_1_795' title='bbox 3984 3992 3985 4019; x_wconf 75' lang='lat'>‘</span> 
     </span>
    </p>
   </div>
   <div class='ocr_carea' id='block_1_107' title="bbox 2413 4065 3921 4139">
    <p class='ocr_par' dir='ltr' id='par_1_107' title="bbox 2413 4065 3921 4139">
     <span class='ocr_line' id='line_1_109' title="bbox 2413 4065 3921 4139; baseline -0.004 -14"><span class='ocrx_word' id='word_1_796' title='bbox 2413 4069 2527 4139; x_wconf 74' lang='lat'>(40)</span> <span class='ocrx_word' id='word_1_797' title='bbox 2558 4069 2708 4123; x_wconf 89' lang='lat' dir='ltr'>Mira</span> <span class='ocrx_word' id='word_1_798' title='bbox 2737 4071 2831 4125; x_wconf 90' lang='lat' dir='ltr'>est</span> <span class='ocrx_word' id='word_1_799' title='bbox 2860 4069 2918 4124; x_wconf 91' lang='lat' dir='ltr'>in</span> <span class='ocrx_word' id='word_1_800' title='bbox 2952 4070 3066 4125; x_wconf 92' lang='lat' dir='ltr'>hoc</span> <span class='ocrx_word' id='word_1_801' title='bbox 3096 4072 3332 4126; x_wconf 89' lang='lat' dir='ltr'>nomine</span> <span class='ocrx_word' id='word_1_802' title='bbox 3362 4071 3682 4128; x_wconf 89' lang='lat' dir='ltr'>scribendo</span> <span class='ocrx_word' id='word_1_803' title='bbox 3710 4065 3921 4139; x_wconf 72' lang='lat' dir='ltr'>vari_e_ta_§1</span> 
     </span>
    </p>
   </div>
   <div class='ocr_carea' id='block_1_108' title="bbox 2341 4131 3924 4216">
    <p class='ocr_par' dir='ltr' id='par_1_108' title="bbox 2341 4131 3924 4216">
     <span class='ocr_line' id='line_1_110' title="bbox 2341 4131 3924 4216; baseline -0.003 -21"><span class='ocrx_word' id='word_1_804' title='bbox 2341 4131 2650 4196; x_wconf 44' lang='lat' dir='ltr'>cdidfvet.</span> <span class='ocrx_word' id='word_1_805' title='bbox 2675 4141 3009 4216; x_wconf 60' lang='lat' dir='ltr'>praeferunt</span> <span class='ocrx_word' id='word_1_806' title='bbox 3026 4140 3487 4216; x_wconf 65' lang='grc' dir='ltr'>⁸ΡΙιὶΙιιιιιὶιιεινίιι</span> <span class='ocrx_word' id='word_1_807' title='bbox 3508 4162 3527 4208; x_wconf 88' lang='grc'><strong><em>;</em></strong></span> <span class='ocrx_word' id='word_1_808' title='bbox 3555 4145 3753 4216; x_wconf 46' lang='grc' dir='ltr'>ξορρ</span> <span class='ocrx_word' id='word_1_809' title='bbox 3790 4131 3924 4216; x_wconf 63' lang='lat' dir='ltr'>Plit/0-</span> 
     </span>
    </p>
   </div>
   <div class='ocr_carea' id='block_1_109' title="bbox 2341 4210 3920 4283">
    <p class='ocr_par' dir='ltr' id='par_1_109' title="bbox 2341 4210 3920 4283">
     <span class='ocr_line' id='line_1_111' title="bbox 2341 4210 3920 4283; baseline -0.001 -17"><span class='ocrx_word' id='word_1_810' title='bbox 2341 4228 2543 4283; x_wconf 73' lang='lat' dir='ltr'>merus</span> <span class='ocrx_word' id='word_1_811' title='bbox 2559 4231 2579 4278; x_wconf 85' lang='lat'>;</span> <span class='ocrx_word' id='word_1_812' title='bbox 2602 4210 2750 4266; x_wconf 82' lang='lat' dir='ltr'>mss.</span> <span class='ocrx_word' id='word_1_813' title='bbox 2775 4212 3324 4283; x_wconf 16' lang='lat' dir='ltr'>vero,7FiIominus;</span> <span class='ocrx_word' id='word_1_814' title='bbox 3347 4213 3635 4281; x_wconf 88' lang='lat' dir='ltr'>nonnulli,</span> <span class='ocrx_word' id='word_1_815' title='bbox 3659 4210 3920 4283; x_wconf 68' lang='lat' dir='ltr'>Filuraiaus-</span> 
     </span>
    </p>
   </div>
   <div class='ocr_carea' id='block_1_110' title="bbox 2340 4278 3983 4365">
    <p class='ocr_par' dir='ltr' id='par_1_110' title="bbox 2340 4278 3983 4365">
     <span class='ocr_line' id='line_1_112' title="bbox 2340 4278 3983 4365; baseline -0.001 -26"><span class='ocrx_word' id='word_1_816' title='bbox 2340 4282 2487 4339; x_wconf 80' lang='lat' dir='ltr'>Cum</span> <span class='ocrx_word' id='word_1_817' title='bbox 2516 4298 2707 4365; x_wconf 36' lang='lat' dir='ltr'>porro‘</span> <span class='ocrx_word' id='word_1_818' title='bbox 2727 4283 2880 4365; x_wconf 76' lang='lat' dir='ltr'>inter</span> <span class='ocrx_word' id='word_1_819' title='bbox 2903 4282 3239 4365; x_wconf 59' lang='lat' dir='ltr'>Epicureos</span> <span class='ocrx_word' id='word_1_820' title='bbox 3262 4278 3509 4365; x_wconf 67' lang='lat' dir='ltr'>nullum</span> <span class='ocrx_word' id='word_1_821' title='bbox 3538 4278 3630 4359; x_wconf 81' lang='lat' dir='ltr'>sic</span> <span class='ocrx_word' id='word_1_822' title='bbox 3658 4278 3920 4365; x_wconf 30' lang='lat' dir='ltr'>appellatislt</span> <span class='ocrx_word' id='word_1_823' title='bbox 3982 4290 3983 4337; x_wconf 58' lang='grc' dir='ltr'>ξ</span> 
     </span>
    </p>
   </div>
   <div class='ocr_carea' id='block_1_111' title="bbox 2339 4354 3917 4428">
    <p class='ocr_par' dir='ltr' id='par_1_111' title="bbox 2339 4354 3917 4428">
     <span class='ocr_line' id='line_1_113' title="bbox 2339 4354 3917 4428; baseline -0.003 -18"><span class='ocrx_word' id='word_1_824' title='bbox 2339 4354 2611 4428; x_wconf 75' lang='lat' dir='ltr'>reperire</span> <span class='ocrx_word' id='word_1_825' title='bbox 2634 4354 2734 4422; x_wconf 90' lang='lat' dir='ltr'>sit,</span> <span class='ocrx_word' id='word_1_826' title='bbox 2768 4354 2924 4428; x_wconf 74' lang='lat' dir='ltr'>haud</span> <span class='ocrx_word' id='word_1_827' title='bbox 2955 4355 3123 4428; x_wconf 87' lang='lat' dir='ltr'>inviti</span> <span class='ocrx_word' id='word_1_828' title='bbox 3140 4354 3795 4428; x_wconf 48' lang='lat' dir='ltr'>crederemus‘eumdem</span> <span class='ocrx_word' id='word_1_829' title='bbox 3817 4356 3917 4428; x_wconf 41' lang='lat' dir='ltr'>esse</span> 
     </span>
    </p>
   </div>
   <div class='ocr_carea' id='block_1_112' title="bbox 2339 4417 3917 4501">
    <p class='ocr_par' dir='ltr' id='par_1_112' title="bbox 2339 4417 3917 4501">
     <span class='ocr_line' id='line_1_114' title="bbox 2339 4417 3917 4501; baseline -0.003 -20"><span class='ocrx_word' id='word_1_830' title='bbox 2339 4417 2521 4501; x_wconf 70' lang='lat' dir='ltr'>quem</span> <span class='ocrx_word' id='word_1_831' title='bbox 2548 4417 2849 4501; x_wconf 78' lang='lat' dir='ltr'>Diogenes</span> <span class='ocrx_word' id='word_1_832' title='bbox 2880 4426 3257 4501; x_wconf 67' lang='lat' dir='ltr'>Lae_rt_.initio</span> <span class='ocrx_word' id='word_1_833' title='bbox 3286 4427 3693 4501; x_wconf 60' lang='lat' dir='ltr'>Philodemum</span> <span class='ocrx_word' id='word_1_834' title='bbox 3718 4417 3917 4501; x_wconf 49' lang='lat' dir='ltr'>nominat:</span> 
     </span>
    </p>
   </div>
   <div class='ocr_carea' id='block_1_113' title="bbox 2339 4484 3919 4579">
    <p class='ocr_par' dir='ltr' id='par_1_113' title="bbox 2339 4484 3919 4579">
     <span class='ocr_line' id='line_1_115' title="bbox 2339 4484 3919 4579; baseline -0.004 -26"><span class='ocrx_word' id='word_1_835' title='bbox 2339 4484 2397 4579; x_wconf 61' lang='grc' dir='ltr'>ἐς</span> <span class='ocrx_word' id='word_1_836' title='bbox 2425 4497 2602 4579; x_wconf 68' lang='lat' dir='ltr'>cujus</span> <span class='ocrx_word' id='word_1_837' title='bbox 2626 4484 2800 4552; x_wconf 72' lang='lat' dir='ltr'>etiam</span> <span class='ocrx_word' id='word_1_838' title='bbox 2832 4496 3095 4579; x_wconf 69' lang='lat' dir='ltr'>meminit</span> <span class='ocrx_word' id='word_1_839' title='bbox 3139 4497 3347 4579; x_wconf 73' lang='lat' dir='ltr'>Cicero</span> <span class='ocrx_word' id='word_1_840' title='bbox 3396 4498 3576 4579; x_wconf 89' lang='grc' dir='ltr'>ιι</span> <span class='ocrx_word' id='word_1_841' title='bbox 3605 4496 3689 4552; x_wconf 86' lang='lat' dir='ltr'>De</span> <span class='ocrx_word' id='word_1_842' title='bbox 3714 4484 3919 4579; x_wconf 35' lang='lat' dir='ltr'>(inibi.</span> 
     </span>
    </p>
   </div>
   <div class='ocr_carea' id='block_1_114' title="bbox 2339 4567 3918 4643">
    <p class='ocr_par' dir='ltr' id='par_1_114' title="bbox 2339 4567 3918 4643">
     <span class='ocr_line' id='line_1_116' title="bbox 2339 4567 3918 4643; baseline -0.002 -19"><span class='ocrx_word' id='word_1_843' title='bbox 2339 4567 2611 4643; x_wconf 79' lang='lat' dir='ltr'>similiter</span> <span class='ocrx_word' id='word_1_844' title='bbox 2642 4584 2758 4623; x_wconf 92' lang='lat' dir='ltr'>non</span> <span class='ocrx_word' id='word_1_845' title='bbox 2808 4569 2936 4643; x_wconf 76' lang='lat' dir='ltr'>sine</span> <span class='ocrx_word' id='word_1_846' title='bbox 2966 4568 3162 4643; x_wconf 76' lang='lat' dir='ltr'>aliqua</span> <span class='ocrx_word' id='word_1_847' title='bbox 3210 4568 3603 4643; x_wconf 62' lang='lat' dir='ltr'>diversitate;</span> <span class='ocrx_word' id='word_1_848' title='bbox 3652 4567 3918 4643; x_wconf 56' lang='lat' dir='ltr'>cuntjpStllf</span> 
     </span>
    </p>
   </div>
   <div class='ocr_carea' id='block_1_115' title="bbox 2339 4634 3917 4723">
    <p class='ocr_par' dir='ltr' id='par_1_115' title="bbox 2339 4634 3917 4723">
     <span class='ocr_line' id='line_1_117' title="bbox 2339 4634 3917 4723; baseline -0.001 -29"><span class='ocrx_word' id='word_1_849' title='bbox 2339 4641 2487 4723; x_wconf 46' lang='lat' dir='ltr'>edit.</span> <span class='ocrx_word' id='word_1_850' title='bbox 2509 4656 2577 4723; x_wconf 78' lang='lat' dir='ltr'>ac</span> <span class='ocrx_word' id='word_1_851' title='bbox 2609 4655 2756 4694; x_wconf 91' lang='lat' dir='ltr'>mss.</span> <span class='ocrx_word' id='word_1_852' title='bbox 2778 4639 3017 4711; x_wconf 91' lang='lat' dir='ltr'>quidam</span> <span class='ocrx_word' id='word_1_853' title='bbox 3038 4634 3295 4723; x_wconf 60' lang='lat' dir='ltr'>habeant</span> <span class='ocrx_word' id='word_1_854' title='bbox 3310 4634 3715 4723; x_wconf 44' lang='lat' dir='ltr'>Polxdemum,</span> <span class='ocrx_word' id='word_1_855' title='bbox 3729 4634 3917 4723; x_wconf 37' lang='lat' dir='ltr'>alii}?</span> 
     </span>
    </p>
   </div>
   <div class='ocr_carea' id='block_1_116' title="bbox 2337 4702 3918 4782">
    <p class='ocr_par' dir='ltr' id='par_1_116' title="bbox 2337 4702 3918 4782">
     <span class='ocr_line' id='line_1_118' title="bbox 2337 4702 3918 4782; baseline -0.009 -17"><span class='ocrx_word' id='word_1_856' title='bbox 2337 4711 2750 4767; x_wconf 77' lang='lat' dir='ltr'>Philodemum</span> <span class='ocrx_word' id='word_1_857' title='bbox 2784 4702 2817 4765; x_wconf 67' lang='grc' dir='ltr'><em>ε’</em></span> <span class='ocrx_word' id='word_1_858' title='bbox 2832 4725 3007 4782; x_wconf 88' lang='lat' dir='ltr'>quem</span> <span class='ocrx_word' id='word_1_859' title='bbox 3033 4710 3384 4767; x_wconf 58' lang='lat' dir='ltr'>Gmdareum</span> <span class='ocrx_word' id='word_1_860' title='bbox 3416 4702 3581 4766; x_wconf 72' lang='lat' dir='ltr'>illum</span> <span class='ocrx_word' id='word_1_861' title='bbox 3600 4702 3918 4782; x_wconf 67' lang='lat' dir='ltr'>essearbitra-</span> 
     </span>
    </p>
   </div>
   <div class='ocr_carea' id='block_1_117' title="bbox 2335 4775 3915 4854">
    <p class='ocr_par' dir='ltr' id='par_1_117' title="bbox 2335 4775 3915 4854">
     <span class='ocr_line' id='line_1_119' title="bbox 2335 4775 3915 4854; baseline -0.006 -17"><span class='ocrx_word' id='word_1_862' title='bbox 2335 4785 2433 4837; x_wconf 91' lang='lat' dir='ltr'>tur</span> <span class='ocrx_word' id='word_1_863' title='bbox 2469 4775 2868 4852; x_wconf 52' lang='lat' dir='ltr'>Gassendusf</span> <span class='ocrx_word' id='word_1_864' title='bbox 2885 4780 3063 4854; x_wconf 90' lang='lat' dir='ltr'>cujus</span> <span class='ocrx_word' id='word_1_865' title='bbox 3105 4782 3261 4854; x_wconf 89' lang='lat' dir='ltr'>apud</span> <span class='ocrx_word' id='word_1_866' title='bbox 3300 4782 3665 4849; x_wconf 87' lang='lat' dir='ltr'>Strabonem,</span> <span class='ocrx_word' id='word_1_867' title='bbox 3702 4775 3789 4833; x_wconf 88' lang='lat' dir='ltr'>lib.</span> <span class='ocrx_word' id='word_1_868' title='bbox 3827 4781 3915 4829; x_wconf 66' lang='lat' dir='ltr'>XIV.</span> 
     </span>
    </p>
   </div>
   <div class='ocr_carea' id='block_1_118' title="bbox 2335 4855 2799 4910">
    <p class='ocr_par' dir='ltr' id='par_1_118' title="bbox 2335 4855 2799 4910">
     <span class='ocr_line' id='line_1_120' title="bbox 2335 4855 2799 4910; baseline -0.004 -1"><span class='ocrx_word' id='word_1_869' title='bbox 2335 4855 2552 4910; x_wconf 90' lang='lat' dir='ltr'>mentio</span> <span class='ocrx_word' id='word_1_870' title='bbox 2585 4856 2799 4909; x_wconf 81' lang='lat' dir='ltr'>exstat.</span> 
     </span>
    </p>
   </div>
   <div class='ocr_carea' id='block_1_119' title="bbox 2406 4907 3916 4996">
    <p class='ocr_par' dir='ltr' id='par_1_119' title="bbox 2406 4907 3916 4996">
     <span class='ocr_line' id='line_1_121' title="bbox 2406 4907 3916 4996; baseline -0.01 -13"><span class='ocrx_word' id='word_1_871' title='bbox 2406 4907 2711 4996; x_wconf 51' lang='grc' dir='ltr'>(ἐίῖἵΕῶι.</span> <span class='ocrx_word' id='word_1_872' title='bbox 2744 4907 2861 4980; x_wconf 85' lang='lat' dir='ltr'>vet.</span> <span class='ocrx_word' id='word_1_873' title='bbox 2887 4964 2927 4996; x_wconf 76' lang='lat'>,__</span> <span class='ocrx_word' id='word_1_874' title='bbox 2975 4946 2998 4971; x_wconf 74' lang='grc' dir='ltr'><strong><em>α</em></strong></span> <span class='ocrx_word' id='word_1_875' title='bbox 3041 4923 3256 4996; x_wconf 87' lang='lat' dir='ltr'>allegat</span> <span class='ocrx_word' id='word_1_876' title='bbox 3303 4924 3617 4980; x_wconf 90' lang='lat' dir='ltr'>historicos</span> <span class='ocrx_word' id='word_1_877' title='bbox 3656 4944 3677 4969; x_wconf 79' lang='grc' dir='ltr'>ι</span> <span class='ocrx_word' id='word_1_878' title='bbox 3722 4917 3853 4972; x_wconf 82' lang='lat' dir='ltr'>Rom.</span> <span class='ocrx_word' id='word_1_879' title='bbox 3881 4907 3916 4959; x_wconf 71' lang='grc' dir='ltr'>εί</span> 
     </span>
    </p>
   </div>
   <div class='ocr_carea' id='block_1_120' title="bbox 2333 4994 3413 5067">
    <p class='ocr_par' dir='ltr' id='par_1_120' title="bbox 2333 4994 3413 5067">
     <span class='ocr_line' id='line_1_122' title="bbox 2333 4994 3413 5067; baseline -0.002 -15"><span class='ocrx_word' id='word_1_880' title='bbox 2333 4994 2541 5052; x_wconf 84' lang='lat' dir='ltr'>omnes</span> <span class='ocrx_word' id='word_1_881' title='bbox 2578 5012 2753 5063; x_wconf 92' lang='lat' dir='ltr'>mss.,</span> <span class='ocrx_word' id='word_1_882' title='bbox 2799 5018 2821 5043; x_wconf 76' lang='grc' dir='ltr'><strong><em>α</em></strong></span> <span class='ocrx_word' id='word_1_883' title='bbox 2857 4994 3074 5067; x_wconf 90' lang='lat' dir='ltr'>allegat</span> <span class='ocrx_word' id='word_1_884' title='bbox 3106 4994 3351 5067; x_wconf 81' lang='lat' dir='ltr'>stoicos.</span> <span class='ocrx_word' id='word_1_885' title='bbox 3391 5019 3413 5044; x_wconf 80' lang='grc' dir='ltr'>ιι</span> 
     </span>
    </p>
   </div>
   <div class='ocr_carea' id='block_1_121' title="bbox 2403 5049 3913 5139">
    <p class='ocr_par' dir='ltr' id='par_1_121' title="bbox 2403 5049 3913 5139">
     <span class='ocr_line' id='line_1_123' title="bbox 2403 5049 3913 5139; baseline -0.01 -16"><span class='ocrx_word' id='word_1_886' title='bbox 2403 5049 2671 5139; x_wconf 53' lang='lat' dir='ltr'>(times.</span> <span class='ocrx_word' id='word_1_887' title='bbox 2690 5049 3164 5139; x_wconf 48' lang='lat' dir='ltr'>aliquotpa’rtim,</span> <span class='ocrx_word' id='word_1_888' title='bbox 3182 5049 3213 5114; x_wconf 19' lang='grc' dir='ltr'>ίκ</span> <span class='ocrx_word' id='word_1_889' title='bbox 3230 5049 3487 5139; x_wconf 87' lang='lat' dir='ltr'>infusam</span> <span class='ocrx_word' id='word_1_890' title='bbox 3508 5049 3913 5139; x_wconf 50' lang='lat' dir='ltr'>illatamquoEif</span> 
     </span>
    </p>
   </div>
   <div class='ocr_carea' id='block_1_122' title="bbox 2330 5109 3911 5214">
    <p class='ocr_par' dir='ltr' id='par_1_122' title="bbox 2330 5109 3911 5214">
     <span class='ocr_line' id='line_1_124' title="bbox 2330 5109 3911 5214; baseline 0.009 -34"><span class='ocrx_word' id='word_1_891' title='bbox 2330 5109 2711 5214; x_wconf 56' lang='grc' dir='ltr'>νοᾚίόιέιθιη,</span> <span class='ocrx_word' id='word_1_892' title='bbox 2736 5162 2758 5186; x_wconf 70' lang='grc' dir='ltr'>ιι</span> <span class='ocrx_word' id='word_1_893' title='bbox 2777 5109 3013 5214; x_wconf 46' lang='lat' dir='ltr'>Samii},</span> <span class='ocrx_word' id='word_1_894' title='bbox 3031 5158 3053 5188; x_wconf 77' lang='grc' dir='ltr'>ι</span> <span class='ocrx_word' id='word_1_895' title='bbox 3076 5109 3333 5192; x_wconf 68' lang='lat' dir='ltr'>infusam</span> <span class='ocrx_word' id='word_1_896' title='bbox 3351 5138 3507 5214; x_wconf 73' lang='lat' dir='ltr'>illam</span> <span class='ocrx_word' id='word_1_897' title='bbox 3527 5109 3911 5214; x_wconf 50' lang='grc' dir='ltr'>ῑωςᾳδῖιιᾶξγῗθ</span> 
     </span>
    </p>
   </div>
   <div class='ocr_carea' id='block_1_123' title="bbox 2332 5198 3909 5280">
    <p class='ocr_par' dir='ltr' id='par_1_123' title="bbox 2332 5198 3909 5280">
     <span class='ocr_line' id='line_1_125' title="bbox 2332 5198 3909 5280; baseline 0 -17"><span class='ocrx_word' id='word_1_898' title='bbox 2332 5198 2720 5280; x_wconf 68' lang='lat' dir='ltr'>voluptatem;</span> <span class='ocrx_word' id='word_1_899' title='bbox 2756 5198 2796 5257; x_wconf 75' lang='grc' dir='ltr'>»ι’</span> <span class='ocrx_word' id='word_1_900' title='bbox 2815 5198 3036 5280; x_wconf 70' lang='lat' dir='ltr'>caeteri,</span> <span class='ocrx_word' id='word_1_901' title='bbox 3070 5213 3126 5263; x_wconf 93' lang='lat' dir='ltr'>et</span> <span class='ocrx_word' id='word_1_902' title='bbox 3157 5223 3363 5263; x_wconf 90' lang='lat' dir='ltr'>omnes</span> <span class='ocrx_word' id='word_1_903' title='bbox 3396 5209 3532 5264; x_wconf 88' lang='lat' dir='ltr'>edit.</span> <span class='ocrx_word' id='word_1_904' title='bbox 3577 5198 3714 5260; x_wconf 59' lang='lat' dir='ltr'>ut&#39;in</span> <span class='ocrx_word' id='word_1_905' title='bbox 3740 5198 3909 5280; x_wconf 43' lang='lat' dir='ltr'>eo”???</span> 
     </span>
    </p>
   </div>
   <div class='ocr_carea' id='block_1_124' title="bbox 2331 5264 3909 5351">
    <p class='ocr_par' dir='ltr' id='par_1_124' title="bbox 2331 5264 3909 5351">
     <span class='ocr_line' id='line_1_126' title="bbox 2331 5264 3909 5351; baseline -0.004 -15"><span class='ocrx_word' id='word_1_906' title='bbox 2331 5264 2413 5336; x_wconf 86' lang='lat' dir='ltr'>tu.</span> <span class='ocrx_word' id='word_1_907' title='bbox 2446 5264 2613 5335; x_wconf 69' lang='lat' dir='ltr'>Infra</span> <span class='ocrx_word' id='word_1_908' title='bbox 2637 5264 2801 5351; x_wconf 73' lang='lat' dir='ltr'>vero,</span> <span class='ocrx_word' id='word_1_909' title='bbox 2835 5280 2936 5335; x_wconf 90' lang='lat' dir='ltr'>ubi</span> <span class='ocrx_word' id='word_1_910' title='bbox 2965 5264 3102 5335; x_wconf 81' lang='lat' dir='ltr'>edit.</span> <span class='ocrx_word' id='word_1_911' title='bbox 3156 5286 3212 5334; x_wconf 89' lang='lat' dir='ltr'>et</span> <span class='ocrx_word' id='word_1_912' title='bbox 3244 5280 3479 5351; x_wconf 89' lang='lat' dir='ltr'>quidam</span> <span class='ocrx_word' id='word_1_913' title='bbox 3525 5293 3683 5351; x_wconf 87' lang='lat' dir='ltr'>mss.,</span> <span class='ocrx_word' id='word_1_914' title='bbox 3718 5290 3737 5320; x_wconf 77' lang='grc' dir='ltr'>ι</span> <span class='ocrx_word' id='word_1_915' title='bbox 3766 5264 3909 5351; x_wconf 52' lang='grc' dir='ltr'>νοιξξξν</span> 
     </span>
    </p>
   </div>
   <div class='ocr_carea' id='block_1_125' title="bbox 2331 5332 3906 5424">
    <p class='ocr_par' dir='ltr' id='par_1_125' title="bbox 2331 5332 3906 5424">
     <span class='ocr_line' id='line_1_127' title="bbox 2331 5332 3906 5424; baseline 0.006 -17"><span class='ocrx_word' id='word_1_916' title='bbox 2331 5332 3019 5424; x_wconf 51' lang='grc' dir='ltr'>ἱᾶίίξέἷιιὶζλὶιῦθέξιιιῖθ</span> <span class='ocrx_word' id='word_1_917' title='bbox 3051 5332 3232 5424; x_wconf 56' lang='lat' dir='ltr'>igitur</span> <span class='ocrx_word' id='word_1_918' title='bbox 3262 5332 3622 5424; x_wconf 38' lang='lat' dir='ltr'>seruatas;</span> <span class='ocrx_word' id='word_1_919' title='bbox 3661 5332 3906 5424; x_wconf 48' lang='grc' dir='ltr'>ἐροίη-ἕξ</span> 
     </span>
    </p>
   </div>
   <div class='ocr_carea' id='block_1_126' title="bbox 2332 5408 3905 5493">
    <p class='ocr_par' dir='ltr' id='par_1_126' title="bbox 2332 5408 3905 5493">
     <span class='ocr_line' id='line_1_128' title="bbox 2332 5408 3905 5493; baseline -0.01 -14"><span class='ocrx_word' id='word_1_920' title='bbox 2332 5440 2433 5479; x_wconf 90' lang='lat' dir='ltr'>res</span> <span class='ocrx_word' id='word_1_921' title='bbox 2450 5440 2599 5478; x_wconf 91' lang='lat' dir='ltr'>mss.</span> <span class='ocrx_word' id='word_1_922' title='bbox 2625 5408 2923 5491; x_wconf 70' lang='lat' dir='ltr'>exhibent,</span> <span class='ocrx_word' id='word_1_923' title='bbox 2950 5444 2971 5469; x_wconf 77' lang='grc' dir='ltr'><strong><em>«ι</em></strong></span> <span class='ocrx_word' id='word_1_924' title='bbox 2991 5408 3308 5493; x_wconf 69' lang='lat' dir='ltr'>voluptatis</span> <span class='ocrx_word' id='word_1_925' title='bbox 3323 5408 3442 5476; x_wconf 73' lang='lat' dir='ltr'>sint</span> <span class='ocrx_word' id='word_1_926' title='bbox 3453 5408 3766 5491; x_wconf 74' lang='lat' dir='ltr'>appetentis.</span> <span class='ocrx_word' id='word_1_927' title='bbox 3782 5408 3905 5477; x_wconf 73' lang='lat' dir='ltr'>igitllr</span> 
     </span>
    </p>
   </div>
   <div class='ocr_carea' id='block_1_127' title="bbox 2331 5496 2852 5564">
    <p class='ocr_par' dir='ltr' id='par_1_127' title="bbox 2331 5496 2852 5564">
     <span class='ocr_line' id='line_1_129' title="bbox 2331 5496 2852 5564; baseline 0.002 -16"><span class='ocrx_word' id='word_1_928' title='bbox 2331 5496 2646 5564; x_wconf 86' lang='lat' dir='ltr'>voluptate,</span> <span class='ocrx_word' id='word_1_929' title='bbox 2683 5517 2705 5543; x_wconf 88' lang='grc' dir='ltr'>ιι</span> <span class='ocrx_word' id='word_1_930' title='bbox 2740 5497 2852 5549; x_wconf 90' lang='lat' dir='ltr'>etc.</span> 
     </span>
    </p>
   </div>
   <div class='ocr_carea' id='block_1_128' title="bbox 2334 5565 3043 5642">
    <p class='ocr_par' dir='ltr' id='par_1_128' title="bbox 2334 5565 3043 5642">
     <span class='ocr_line' id='line_1_130' title="bbox 2334 5565 3043 5642; baseline -0.006 -19"><span class='ocrx_word' id='word_1_931' title='bbox 2334 5631 2345 5642; x_wconf 33' lang='grc' dir='ltr'><strong>ε</strong></span> <span class='ocrx_word' id='word_1_932' title='bbox 2400 5565 2513 5642; x_wconf 75' lang='lat'>(43)</span> <span class='ocrx_word' id='word_1_933' title='bbox 2545 5565 2825 5625; x_wconf 86' lang='lat' dir='ltr'>Nonnulli</span> <span class='ocrx_word' id='word_1_934' title='bbox 2862 5581 3043 5635; x_wconf 93' lang='lat' dir='ltr'>mss.,</span> 
     </span>
    </p>
   </div>
   <div class='ocr_carea' id='block_1_129' title="bbox 2330 5640 2508 5694">
    <p class='ocr_par' dir='ltr' id='par_1_129' title="bbox 2330 5640 2508 5694">
     <span class='ocr_line' id='line_1_131' title="bbox 2330 5640 2508 5694; baseline -0.006 0"><span class='ocrx_word' id='word_1_935' title='bbox 2330 5640 2508 5694; x_wconf 78' lang='lat' dir='ltr'>navit.</span> 
     </span>
    </p>
   </div>
   <div class='ocr_carea' id='block_1_130' title="bbox 3094 5541 3901 5623">
    <p class='ocr_par' dir='ltr' id='par_1_130' title="bbox 3094 5541 3901 5623">
     <span class='ocr_line' id='line_1_132' title="bbox 3094 5541 3901 5623; baseline -0.032 3"><span class='ocrx_word' id='word_1_936' title='bbox 3094 5587 3116 5612; x_wconf 75' lang='grc' dir='ltr'><strong>α</strong></span> <span class='ocrx_word' id='word_1_937' title='bbox 3160 5565 3409 5623; x_wconf 89' lang='lat' dir='ltr'>reddere</span> <span class='ocrx_word' id='word_1_938' title='bbox 3447 5563 3759 5620; x_wconf 87' lang='lat' dir='ltr'>certaturos,</span> <span class='ocrx_word' id='word_1_939' title='bbox 3786 5541 3901 5618; x_wconf 80' lang='lat' dir='ltr'>jeju-</span> 
     </span>
    </p>
   </div>
  </div>
