4070 6180
55 390 258 452 1249

1280 387 1896 456 EPISTOLARUM
1945 382 2288 454 CLASSIS
2346 387 2392 455 Ῑ.

3400 351 3560 456 ιὲεο

67 590 238 644 bum
271 589 409 644 suis
439 589 742 644 inclinavit
774 588 1025 660 jejuniis
1059 589 1332 659 (Esther.
1365 607 1445 659 ιν,
1469 589 1579 660 16).
1612 591 1781 646 Anna
1804 572 1864 634 Α
1894 594 2090 646 autem
2119 593 2178 646 et
2215 592 2525 647 mulierem
2567 609 2706 650 caro
2745 594 2933 666 ejecta
2982 595 3054 650 de
3101 595 3401 666 paradiso,
3454 609 3562 664 per

73 679 407 750 octoginta
437 677 550 747 (60)
582 681 835 748 quatuor
866 694 1054 733 annos
1088 679 1146 731 in
1177 679 1460 733 viduitate
1496 696 1604 733 sua
1626 679 1782 751 jeju-

70 769 211 821 niis
248 772 310 822 et
344 767 864 822 obsecrationibus
896 768 955 820 in
986 769 1200 838 templo
1234 768 1328 822 die
1358 785 1425 822 ac
1458 772 1628 823 nocte
1652 784 1780 823 ser-

72 855 300 925 viens,
357 856 662 910 Christum
710 857 952 927 agnovit
1002 858 1164 926 (Luc.
1218 875 1279 926 ιι,
1321 857 1412 926 37,
1451 857 1564 926 38),
1607 873 1782 928 quem

70 944 371 999 Joannes
422 945 793 999 abstinentiae
848 946 1140 1018 magister
1187 950 1244 1001 et
1293 947 1532 1017 quidam
1587 962 1781 1001 novus

70 1038 410 1088 terrarum
452 1034 704 1104 angelus
751 1035 1116 1089 annuntiavit
1163 1035 1402 1105 (Matth.
1453 1052 1535 1104 ιιι,
1584 1035 1637 1104 4,
1691 1033 1779 1104 11,

76 1121 211 1192 12).

167 1211 267 1266 30.
285 1211 335 1265 Ο
347 1211 595 1266 stultum
607 1211 891 1268 Elisaeum
904 1213 1004 1284 qui
1019 1213 1402 1268 silvestribus
1424 1211 1656 1285 grumis
1671 1209 1782 1281 (61)

82 1305 155 1355 et
201 1301 430 1355 amaris
472 1301 757 1370 pascebat
796 1302 1119 1372 prophetas
1167 1303 1219 1371 (1
1233 1301 1281 1355 V
1321 1302 1471 1374 Reg.
1521 1319 1602 1371 iv,
1651 1298 1780 1371 39)!

83 1391 523 1445 immemorem
561 1389 1006 1460 Scripturarum
1046 1391 1320 1459 Esdram,
1361 1391 1462 1463 qui
1501 1389 1785 1446 memoria

86 1478 461 1548 Scripturas
500 1478 754 1534 reddidit
782 1479 868 1548 (ΙΙ
899 1480 1085 1534 Esdr.
1120 1497 1242 1550 vm,
1275 1477 1368 1548 2)!
1410 1479 1785 1549 insipientem

86 1568 387 1636 Paulum,
423 1568 524 1638 qui
556 1568 848 1639 gloriatur
876 1568 936 1622 in
967 1567 1218 1641 jejuniis
1258 1568 1344 1638 (II
1371 1567 1507 1624 Cor.
1543 1585 1621 1637 xi,
1653 1565 1781 1635 2’7);

90 1656 163 1710 si
199 1656 350 1710 nihil
379 1660 636 1727 prosunt
657 1655 889 1728 jejunis
914 1656 926 1712 ι

175 1745 273 1800 31.
308 1744 426 1800 Sed
457 1745 752 1816 quomodo
779 1761 897 1801 non
927 1751 1198 1815 prosunt,
1229 1746 1448 1817 quibus
1473 1745 1612 1800 vitia
1639 1760 1784 1815 pur-

92 1837 337 1905 gantur
357 1834 385 1887 ?
414 1834 556 1899 Quaa
589 1835 642 1887 si
665 1835 903 1889 deferas
927 1851 1061 1889 cum
1083 1835 1424 1905 humilitate,
1453 1850 1586 1890 cum
1615 1834 1788 1888 mise-

96 1923 403 1992 ricordia,
437 1927 500 1978 ut
532 1923 719 1977 Isaias
751 1923 973 1993 Spiritu
1003 1924 1198 1978 divino
1236 1925 1470 1979 locutus
1500 1926 1612 1993 est,
1645 1938 1787 1978 ossa

95 2016 216 2066 tua
249 2012 666 2084 pinguescent,
701 2016 762 2066 et
797 2013 918 2067 eris
961 2013 1116 2068 sicut
1155 2013 1367 2068 hortus
1407 2013 1613 2068 ebrius
1645 2011 1784 2082 (Isa.

97 2117 276 2170 LVIII,
313 2101 424 2170 11).
454 2101 804 2172 Pinguescit
832 2102 1017 2174 igitur
1045 2103 1237 2156 anima
1267 2106 1383 2171 tua,
1418 2103 1788 2172 virtutesque

99 2189 256 2260 ejus
286 2189 535 2260 spiritali
566 2190 735 2260 adipe
759 2189 996 2261 jejunii,
1031 2195 1088 2245 et
1129 2191 1364 2245 fructus
1394 2191 1478 2245 tui
1506 2189 1788 2259 multipli-

100 2283 328 2332 cantur
358 2279 632 2333 ubertate
661 2279 876 2334 mentis
909 2283 1024 2334 tuae
1048 2298 1062 2346 ;
1098 2285 1160 2335 ut
1191 2281 1270 2334 sit
1289 2280 1349 2333 in
1369 2284 1426 2334 te
1449 2278 1790 2334 sobrietatis

101 2367 381 2421 ebrietas
422 2367 555 2437 (62),
599 2367 754 2422 sicut
792 2368 934 2422 illud
975 2373 1068 2423 est
1103 2369 1401 2438 poculum,
1445 2368 1517 2422 de
1557 2382 1673 2438 quo
1713 2366 1792 2421 ait

103 2455 420 2525 Propheta
445 2473 457 2510 :
497 2477 520 2506 ι
549 2457 620 2510 Ει
640 2457 918 2526 poculum
941 2461 1106 2512 tuum
1127 2457 1428 2512 inebrians
1449 2472 1626 2529 quam
1644 2472 1792 2528 prae-

103 2543 349 2598 clarum
379 2548 471 2598 est
500 2545 687 2614 (Psal.
721 2563 860 2616 XXII,
892 2543 984 2615 5)!
1025 2570 1047 2595 ι»

191 2632 284 2688 32.
319 2633 435 2688 Sed
466 2651 582 2690 non
613 2635 713 2689 illa
746 2636 941 2690 solum
971 2636 1305 2705 laudabilis,
1330 2651 1464 2707 qua
1493 2651 1673 2706 parca
1700 2638 1794 2690 est

104 2723 395 2778 ciborum
427 2724 832 2794 temperantia,
867 2724 974 2779 sed
1003 2725 1177 2779 etiam
1207 2725 1307 2780 illa
1345 2741 1480 2796 quae
1510 2724 1793 2794 concupi-

105 2812 391 2868 scentiae.
433 2812 698 2884 Denique
739 2815 1026 2884 scriptum
1065 2818 1193 2870 est:
1253 2837 1275 2862 «ι
1319 2815 1462 2869 Post
1509 2813 1793 2883 concupi-

106 2903 386 2958 scentias
419 2906 548 2957 tuas
583 2918 656 2957 ne
687 2918 814 2976 eas,
851 2907 908 2959 et
935 2919 969 2957 a
990 2904 1288 2974 voluptate
1317 2907 1413 2958 tua
1433 2906 1636 2959 vetare
1659 2901 1790 2973 (63).

107 2993 184 3047 Si
210 2991 451 3046 dederis
476 2992 686 3047 animae
711 2996 826 3048 tuae
851 2992 1410 3064 concupiscentiam,
1435 2992 1650 3065 gaudio
1673 2992 1793 3047 eris

109 3081 382 3135 inimicis
412 3081 536 3135 tuis
569 3081 782 3151 (Echi.
817 3100 981 3154 xvm,
1012 3083 1102 3154 30,
1132 3082 1264 3152 31);
1303 3106 1324 3130 η
1361 3087 1418 3138 et
1439 3083 1612 3139 infra.
1653 3105 1675 3131 α
1703 3082 1796 3135 Vi-

113 3185 272 3224 num
303 3174 357 3224 et
387 3171 670 3226 mulieres
701 3175 1036 3242 apostatare
1058 3173 1279 3228 faciunt
1299 3173 1473 3228 etiam
1495 3172 1794 3242 sapientes

116 3259 344 3330 (Eccli.
397 3277 518 3329 xix,
571 3260 647 3329 2).
695 3281 718 3311 ι
763 3261 934 3317 Unde
972 3267 1029 3317 et
1066 3263 1289 3317 Paulus
1334 3262 1509 3317 etiam
1546 3261 1606 3315 in
1643 3261 1794 3331 ipsis

119 3348 432 3420 coniugiis
478 3351 926 3420 temperantiam
964 3351 1136 3407 docet
1166 3351 1222 3421 (Ι
1249 3350 1386 3407 Cor.
1419 3367 1521 3420 vn,
1553 3351 1608 3421 5)
1638 3369 1652 3417 ;
1704 3353 1797 3404 est

121 3438 288 3493 enim
318 3439 477 3494 velut
507 3439 746 3510 quidam
774 3440 1002 3496 adulter
1033 3441 1404 3495 incontinens
1427 3440 1796 3495 inmatrimo-

121 3530 254 3598 nio,
286 3529 385 3599 qui
413 3529 606 3600 legem
634 3530 1020 3600 apostolicam
1048 3531 1500 3601 praevaricatum

200 3616 292 3672 33.
341 3617 491 3682 Quid
540 3621 734 3672 autem
781 3619 992 3691 loquar
1039 3624 1255 3690 quanta
1311 3620 1390 3675 sit
1434 3619 1796 3692 virginitatis

127 3707 327 3779 gratia
365 3706 498 3776 (64),
531 3723 665 3778 quae
705 3709 922 3762 meruit
961 3725 994 3763 a
1031 3709 1270 3765 Christo
1307 3709 1483 3782 elegi,
1526 3713 1589 3764 ut
1635 3713 1799 3765 esset

130 3799 312 3852 etiam
341 3797 650 3866 corporale
682 3797 789 3852 Dei
817 3798 1117 3870 templum,
1152 3798 1210 3852 in
1241 3815 1355 3870 qua
1385 3799 1795 3869 corporaliter,

132 3892 201 3942 ut
233 3885 485 3958 legimus
518 3885 769 3958 (Coloss.
801 3904 862 3957 ιι,
895 3887 972 3958 9),
1005 3887 1288 3943 habitavit
1315 3889 1614 3958 plenitudo
1643 3889 1797 3944 divi-

133 3975 339 4030 nitatis
359 3977 389 4030 ?
417 3976 604 4049 Virgo
636 3976 840 4048 genuit
859 3978 1062 4031 mundi
1083 3978 1352 4048 salutem,
1375 3978 1550 4050 virgo
1571 3981 1799 4049 peperit

129 4066 315 4120 vitam
342 4065 784 4121 universorum.
815 4066 953 4125 Sola
981 4068 1125 4139 ergo
1155 4084 1272 4122 non
1300 4067 1474 4123 debet
1502 4084 1642 4124 esse
1671 4068 1798 4122 vir-

133 4155 378 4228 ginitas,
423 4171 557 4227 quae
596 4156 872 4211 omnibus
911 4155 1250 4223 inChristo
1299 4157 1568 4228 profuit?
1615 4158 1800 4230 Virgo

136 4245 417 4316 portavit,
461 4260 638 4316 quem
676 4246 934 4301 mundus
973 4245 1088 4302 iste
1135 4261 1349 4317 capere
1395 4264 1464 4302 ac
1504 4248 1805 4302 sustinere

137 4350 259 4389 non
296 4337 510 4404 potest.
543 4334 654 4399 Qui
694 4351 829 4390 cum
869 4350 943 4392 ex
981 4336 1186 4392 Maria
1227 4340 1578 4392 nasceretur
1615 4339 1803 4405 utero,

140 4423 418 4496 genitalis
465 4428 656 4478 tamen
704 4424 816 4495 (65)
867 4428 1100 4495 septum
1146 4427 1413 4497 pudoris,
1455 4428 1512 4481 et
1557 4425 1807 4480 inteme-

142 4515 274 4567 rata
311 4514 669 4586 virginitatis
709 4516 1089 4570 conservavit
1127 4515 1454 4588 signacula.
1496 4515 1700 4586 Itaque
1749 4514 1807 4567 in

144 4602 390 4673 Virgine
429 4602 709 4658 Christus
749 4603 989 4674 reperit,
1023 4605 1178 4676 quod
1218 4621 1392 4659 suum
1431 4619 1571 4659 esse
1610 4604 1805 4674 vellet,

145 4691 305 4764 quod
335 4691 450 4746 sibi
481 4692 742 4748 omnium
772 4693 1060 4748 Dominus
1091 4696 1446 4748 assumeret.
1471 4693 1586 4748 Per
1614 4692 1810 4746 virum

224 4834 332 4908 (60)
362 4834 560 4908 Codex
601 4836 834 4908 Remig.
869 4839 927 4892 et
965 4837 1153 4908 Reg.,
1195 4856 1238 4908 ς
1263 4834 1744 4908 octogintatres.
1784 4859 1806 4884 »ι

218 4906 328 4976 (61)
361 4907 486 4987 vet.
521 4908 660 4987 edi_t.
697 4924 765 4962 ac
784 4906 944 4987 _m_s_s.
978 4906 1264 4987 nonnulli,
1304 4927 1326 4957 ι
1362 4906 1478 4987 (χιιι.
1503 4907 1810 4987 sylvestri:

146 4980 265 5034 bus
297 4979 498 5033 ramis.
538 5003 561 5028 ι»
601 4981 770 5035 Rom.
805 4980 1041 5048 edit.,...
1074 4979 1322 5050 glumis;
1363 4979 1578 5048 optime
1610 4979 1813 5050 caeteri

147 5065 326 5132 mss,
358 5073 379 5095 ιι
415 5051 515 5121 qui
541 5048 1243 5132 sylvestribushgrumis‘.
1291 5074 1312 5132 ξ»
1350 5051 1498 5104 Nam
1522 5048 1812 5132 quidquid

148 5123 434 5176 minutum
465 5126 557 5176 est
579 5121 832 5191 grumus
855 5121 1088 5189 dicitur,
1114 5121 1269 5175 unde
1289 5122 1540 5191 ipsemet
1564 5121 1814 5174 Ambro-

149 5194 280 5248 sius
315 5192 414 5247 lib.
446 5193 535 5248 De
562 5192 700 5247 Elia
733 5199 792 5248 et
822 5193 1018 5261 Jejun.
1044 5209 1171 5261 cap.
1204 5193 1257 5256 6,
1288 5209 1448 5246 num.
1474 5193 1559 5260 18,
1586 5193 1643 5244 in
1668 5207 1816 5245 eam-

152 5265 285 5318 dem
308 5265 656 5319 sententiam
687 5265 764 5319 ait
789 5282 799 5318 :
840 5286 862 5312 ιι

153 5351 257 5389 sas
287 5336 586 5390 onerabat.
625 5360 646 5384 η

225 5405 334 5478 (62)
366 5406 539 5478 Edit.,
579 5427 601 5457 α
636 5407 693 5461 in
722 5409 779 5460 te
812 5406 1013 5462 sobria
1045 5406 1323 5462 ebrietas.
1362 5431 1382 5453 υ

226 5476 334 5547 (63)
373 5477 514 5534 Cod.
548 5479 716 5551 Laat.,
749 5479 914 5534 Gem.
950 5482 1007 5533 et
1045 5479 1201 5551 Big.,
1237 5499 1261 5530 α
1305 5494 1338 5532 a
1379 5477 1675 5547 voluptate
1718 5479 1814 5529 tua

157 5552 440 5604 avertere.
479 5573 500 5597 υ

229 5620 338 5689 (64)
365 5620 582 5695 Omnes
614 5622 775 5695 edit.,
814 5643 837 5674 ι
875 5621 1229 5695 virginitatis
1276 5618 1504 5694 gloria;
1553 5640 1574 5669 ι
1611 5633 1814 5674 omnes

161 5707 328 5767 mea”
367 5715 392 5767 ξ
420 5693 781 5766 virginitatis
811 5693 1020 5767 gratia.
1060 5716 1082 5743 υ

233 5763 338 5837 (65)
371 5763 456 5821 Ita
485 5763 632 5822 nias.
665 5763 851 5839 prope
882 5766 1148 5824 universi
1173 5784 1188 5838 ;
1231 5763 1495 5822 nonnulli
1534 5764 1728 5819 tamen
1759 5763 1816 5818 et

940 5265 1038 5319 itis
1060 5266 1320 5336 agrestis
1345 5264 1636 5336 grumulis
1662 5279 1816 5316 men-

1895 681 2187 751 virginem
2213 681 2418 752 juncta
2448 685 2541 736 est
2571 683 2712 737 Deo.

1965 769 2054 824 34.
2097 769 2248 834 Quid
2289 770 2360 825 de
2401 771 2584 826 altera
2624 773 2816 843 Moysi
2859 789 3070 828 sorore
3112 773 3293 826 Maria
3331 774 3560 844 loquar,

1896 873 2029 928 quae
2060 858 2298 913 feminei
2330 859 2448 914 dux
2479 861 2754 932 agminis,
2788 863 2973 931 pedes
3005 862 3338 916 transmisit
3368 862 3563 934 pelagi

1897 947 2048 1000 freta
2078 947 2294 1016 (Exod.
2327 965 2424 1018 xv,
2460 949 2552 1019 20)
2573 951 2600 1004 ει
2629 950 2756 1016 Quo
2787 966 3032 1005 munere
3066 955 3261 1004 autem
3309 966 3564 1005 venera-

1896 1036 2035 1090 bilis
2065 1036 2284 1091 Thecla
2313 1039 2486 1091 etiam
2517 1038 2790 1094 leonibus
2809 1038 2916 1093 fuit
2934 1058 2947 1104 ;
2973 1044 3034 1094 ut
3057 1040 3127 1093 ad
3150 1040 3332 1108 pedes
3369 1031 3555 1093 1031

1896 1125 2118 1194 praedae
2133 1142 2260 1180 suae
2285 1129 2489 1181 stratae
2506 1127 2775 1197 impasta:
2787 1128 3000 1183 bestiae
3016 1144 3254 1182 sacrum
3267 1128 3583 1184 deferrent.

1886 1212 2188 1284 jejunium
2234 1213 2386 1285 (66);
2438 1231 2546 1270 nec
2594 1217 2833 1286 procaci
2877 1218 3047 1272 oculo
3090 1217 3406 1288 virginem,
3458 1232 3570 1272 nec

1897 1317 2097 1374 ungue
2128 1303 2416 1359 violarent
2447 1321 2662 1375 aspero
2689 1323 2704 1371 ;
2748 1308 3024 1377 quoniam
3063 1311 3119 1362 et
3154 1307 3285 1376 ipso
3326 1310 3570 1376 aspectu

1897 1391 2259 1462 virginitatis
2290 1392 2544 1448 violatur
2582 1396 2888 1450 sanctitas.

1968 1479 2059 1533 35.
2093 1480 2356 1552 Denique
2398 1499 2512 1553 qua
2552 1486 2889 1539 reverentia
2931 1485 3291 1557 virginitatis
3333 1485 3568 1540 locutus
3681 1467 3684 1470 I

1899 1571 1993 1623 est
2023 1573 2268 1624 sanctus
2290 1570 2614 1638 Apostolus
2641 1589 2652 1627 :
2695 1596 2716 1620 α
2743 1573 2826 1627 De
2849 1575 3186 1646 virginibus
3208 1577 3571 1644 praeceptum

1901 1657 2131 1712 Domini
2162 1674 2278 1712 non
2320 1658 2530 1724 habeo,
2574 1662 2889 1716 consilium
2927 1667 3120 1717 autem
3163 1663 3258 1730 do,
3293 1667 3571 1735 tanquam

1901 1746 2374 1801 misericordiam
2413 1752 2772 1803 consecutus
2813 1765 2848 1803 a
2889 1750 3135 1805 Domino
3175 1751 3232 1820 (Ι
3278 1751 3413 1806 Cor.
3468 1768 3570 1820 vn,

1901 1834 2013 1904 25).
2053 1856 2075 1882 ι
2103 1836 2474 1905 Praeceptum
2495 1852 2611 1890 non
2641 1836 2837 1906 habet,
2872 1839 3187 1892 consilium
3220 1839 3422 1905 habet;
3457 1854 3574 1894 non

1903 1923 2057 1978 enim
2087 1924 2433 1994 praecipitur
2462 1925 2619 1996 quod
2653 1920 2847 1996 supra
2868 1926 3063 1998 legem
3093 1931 3212 1982 est:
3249 1927 3358 1982 sed
3379 1927 3575 2000 magis

1821 1993 1874 2055 Β
1903 2013 2036 2067 dato
2069 1993 2355 2067 suadetur
2387 1993 2658 2068 consilio.
2691 1993 2816 2070 Nec
2849 1993 3136 2070 autoritas
3168 1993 3575 2086 praesumitur,

1905 2101 2013 2156 sed
2047 2102 2486 2156 demonstratur
2505 2103 2694 2173 gratia
2719 2120 2731 2157 :
2767 2119 2875 2158 nec
2908 2121 2939 2158 a
2963 2119 3317 2176 quocunque
3339 2106 3578 2160 demon-

1905 2193 2148 2261 stratur,
2166 2191 2274 2246 sed
2296 2191 2369 2245 ab
2391 2207 2460 2246 eo
2484 2191 2583 2262 qui
2603 2192 3075 2247 misericordiam
3095 2193 3325 2248 Domini
3337 2193 3571 2249 meruit.

1904 2280 2133 2334 Horum
2171 2295 2316 2350 ergo
2346 2280 2594 2334 meliora
2623 2295 2799 2350 quam
2841 2281 3245 2350 apostolorum
3275 2281 3524 2337 consilia
3550 2283 3581 2338 ?

1904 2369 2230 2439 Apostolus
2260 2369 2438 2423 dicit:
2477 2392 2498 2416 ει
2537 2368 2864 2424 Consilium
2897 2370 3011 2435 do;
3049 2392 3072 2418 ι
3109 2369 3210 2424 isti
3232 2370 3581 2426 dissuaden-

1905 2458 2042 2512 dum
2063 2459 2269 2528 putant
2296 2457 2430 2528 (67),
2463 2473 2536 2512 ne
2568 2473 2684 2528 qua
2713 2458 2948 2512 studeat
2980 2458 3323 2530 virginitati.

1974 2547 2065 2603 86.
2097 2547 2287 2619 quus
2317 2551 2594 2617 quantam
2624 2547 2857 2602 laudem
2892 2547 3065 2602 brevi
3097 2548 3401 2603 versiculo
3432 2564 3576 2619 pro-

1903 2635 2079 2706 pheta
2110 2636 2499 2706 expresserit,
2533 2636 2627 2690 vel
2658 2636 2856 2705 potius
2886 2636 3164 2691 Christus
3188 2637 3246 2690 in
3267 2637 3576 2709 propheta,

1906 2725 2192 2781 debemus
2205 2740 2598 2798 cognoscere.
2618 2747 2639 2774 α
2657 2725 2905 2794 Hortus,
2920 2726 3129 2797 inquit,
3147 2726 3390 2781 clausus
3405 2743 3580 2782 soror

1905 2830 2036 2869 mea
2064 2814 2315 2884 Sponsa,
2351 2815 2561 2869 hortus
2595 2814 2859 2884 clausus,
2897 2813 3032 2869 fons
3063 2815 3338 2886 signatus
3379 2815 3574 2886 (Cant.

1906 2921 1986 2974 IV,
2030 2904 2139 2973 12).
2176 2925 2199 2953 ι
2240 2903 2516 2959 Christus
2557 2903 2669 2958 hoc
2715 2904 2856 2958 dicit
2895 2904 2966 2958 ad
3015 2904 3360 2973 Ecclesium,
3405 2920 3582 2975 quam

1905 2994 2031 3047 vult
2061 3009 2202 3048 esse
2231 2993 2548 3065 virginem,
2583 2993 2713 3048 sine
2745 2993 2996 3062 macula,
3024 2993 3154 3048 sine
3176 3010 3349 3065 ruga.
3373 2994 3576 3049 Bonus

1909 3083 2117 3137 hortus
2145 3082 2483 3154 virginitas,
2519 3097 2652 3152 quae
2683 3082 2971 3151 plurimos
2999 3082 3140 3136 boni
3161 3082 3315 3136 ferat
3344 3082 3580 3138 fructus

1908 3171 2131 3226 odoris.
2163 3193 2184 3221 α
2211 3171 2434 3226 Hortus
2450 3171 2693 3226 clausus
2719 3187 2734 3240 ;
2764 3195 2786 3219 ι»
2813 3173 2950 3242 quia
2970 3171 3232 3242 undique
3253 3170 3468 3225 vallata
3489 3173 3583 3226 est

1907 3276 2078 3316 muro
2110 3261 2420 3316 castitatis.
2457 3284 2479 3308 ιι
2515 3259 2677 3315 Fons
2706 3260 2981 3332 signatus
3006 3278 3021 3326 ;
3063 3283 3086 3308 ιι
3120 3275 3190 3314 eo
3213 3259 3371 3330 quod
3390 3260 3580 3331 virgi-

1909 3350 2063 3405 nitas
2113 3350 2191 3405 sit
2240 3350 2378 3405 fons
2425 3353 2484 3406 et
2530 3350 2701 3422 origo
2748 3349 3071 3429 pudicitiae,
3121 3365 3254 3420 quae
3303 3348 3584 3403 inviolata

1911 3439 2204 3495 custodiat
2235 3439 2591 3512 integritatis
2623 3437 2933 3511 signacula
2959 3454 2972 3493 :
3005 3438 3067 3492 in
3098 3453 3216 3509 quo
3248 3436 3408 3492 fonte
3438 3436 3584 3492 ima-

1909 3545 1988 3601 go
2031 3529 2138 3584 Dei
2174 3529 2386 3599 luceat,
2426 3529 2566 3599 quia
2606 3543 2742 3582 cum
2782 3526 3067 3582 munditia
3115 3527 3388 3597 corporis
3434 3542 3580 3582 con-

1910 3618 2071 3690 gruit
2100 3617 2276 3672 etiam
2304 3617 2531 3687 puritas
2563 3615 2981 3686 simplicitatis.

1981 3705 2070 3761 3'7.
2106 3706 2231 3761 Nec
2258 3708 2454 3776 potest
2482 3704 2749 3760 dubitare
2780 3706 3095 3776 quisquam
3118 3706 3276 3776 quod
3309 3703 3580 3761 Ecclesia

1911 3797 2084 3870 virgo
2115 3798 2212 3866 sit,
2244 3811 2419 3867 quam
2439 3795 2614 3850 etiam
2644 3794 2704 3848 in
2731 3791 3054 3849 Corinthiis
3086 3793 3402 3864 despondit
3433 3810 3579 3864 apo-

1873 3955 1882 3962 .
1913 3887 2104 3944 stolus
2133 3885 2376 3955 Paulus,
2408 3883 2703 3956 virginem
2735 3885 2958 3938 castam
2988 3884 3306 3954 assignare
3338 3882 3578 3936 Christo

1867 3961 1999 4048 ’ίι(ΙΙ
2025 3976 2161 4032 Cor.
2194 3992 2276 4045 xi,
2306 3975 2383 4044 2).
2407 3973 2472 4028 In
2494 3973 2803 4045 superiore
2825 3973 3008 4044 igitur
3028 3971 3295 4043 Epistola
3315 3971 3413 4025 dat
3436 3987 3581 4027 con-

1917 4067 2136 4135 silium,
2172 4067 2230 4120 et
2258 4064 2556 4119 existimat
2577 4062 2800 4117 bonum
2822 4077 2962 4116 esse
2985 4077 3202 4116 munus
3223 4061 3584 4133 virginitatis

1918 4157 1974 4228 (I
2000 4156 2135 4211 Cor.
2168 4171 2269 4222 vn,
2299 4153 2410 4223 26),
2442 4156 2506 4207 ut
2534 4153 2713 4206 nullis
2753 4150 3028 4206 instantis
3071 4151 3279 4206 sweuli
3317 4150 3588 4205 turbetur

1918 4243 2401 4312 necessitatibus,
2423 4241 2580 4296 nulla
2593 4241 2796 4295 illuvie
2810 4239 3244 4312 coinquinetur,
3259 4239 3440 4294 nullis
3453 4255 3586 4294 exa-

1920 4334 2142 4406 gitetur
2160 4332 2468 4404 procellis:
2496 4331 2555 4385 in
2577 4329 2908 4401 posteriore
2931 4345 3191 4399 sponsor
3210 4333 3303 4383 est
3323 4328 3586 4396 Christo,

1837 4432 1890 4493 Ι)
1921 4423 2078 4494 quod
2109 4422 2507 4493 virginitatem
2547 4419 2834 4474 Ecclesiae
2864 4419 2924 4472 in
2958 4418 3119 4473 illius
3150 4416 3343 4488 plebis
3386 4414 3590 4470 consi-

1921 4527 2106 4585 gnare
2134 4511 2327 4582 possit
2357 4509 2711 4581 integritate.

1991 4601 2082 4656 38.
2117 4599 2436 4671 Responde
2457 4597 2602 4652 mihi
2624 4611 2800 4666 nunc,
2830 4595 3026 4662 Paule,
3053 4609 3167 4665 qua
3199 4593 3428 4647 ratione
3457 4603 3592 4661 pro-

1921 4693 2053 4763 pter
2069 4690 2388 4744 instantem
2417 4685 2836 4742 necessitatem
2869 4684 2978 4738 des
3010 4682 3329 4737 consilium
3361 4678 3596 4750 (Ibid.)?

1926 4834 2088 4903 edit.,
2125 4855 2146 4879 α
2183 4829 2439 4904 genitale
2480 4831 2695 4904 tamen,
2731 4828 2843 4882 etc.
2872 4843 2886 4890 ;
2936 4823 3191 4904 {obiter
3209 4825 3426 4904 autem
3463 4822 3594 4904 ani-l

1925 4895 2229 4958 madverte
2260 4916 2434 4972 quam
2466 4895 3049 4972 apertepronuntiet
3089 4896 3161 4950 de
3209 4895 3415 4972 Mariae
3459 4897 3598 4965 post

1926 4980 2157 5044 partum
2185 4967 2522 5044 integritate
2553 4967 2728 5023 etiam
2760 4983 3069 5044 corporea,
3104 4972 3161 5022 et
3191 4967 3437 5044 consule
3461 4981 3593 5044 quae

1927 5038 2039 5100 nos
2068 5043 2140 5098 ad
2172 5044 2274 5098 lib.
2313 5038 2355 5096 ῐι
2381 5043 2441 5096 in
2480 5042 2618 5095 Luc.
2661 5056 2823 5095 num.
2856 5038 2945 5108 57,
2981 5055 3092 5093 nec
3133 5054 3251 5094 non
3298 5038 3370 5092 ad
3419 5039 3592 5108 epist.

1927 5117 2016 5187 42,
2046 5133 2104 5170 n.
2137 5116 2191 5184 4,
2228 5113 2704 5187 observavimus.

1999 5180 2113 5258 (66)
2146 5180 2317 5242 Rom.
2351 5185 2520 5255 edit.,
2560 5206 2580 5234 ι
2616 5198 2793 5259 sacro
2815 5180 3416 5259 deferrentjejunio;
3456 5202 3476 5229 ιο
3513 5194 3599 5259 re-

1928 5253 2106 5330 liquae
2128 5274 2391 5330 acimss.,
2420 5279 2441 5303 «ι
2466 5253 2706 5330 sacrum
2729 5254 3034 5330 deferrent
3048 5253 3381 5330 jejunium;
3418 5275 3439 5299 ι»
3476 5253 3598 5330 qui-

1929 5323 2082 5397 dam,
2118 5323 2425 5395 diﬂ‘erent,
2458 5327 2696 5380 minime
2727 5325 2899 5392 male,
2935 5323 3070 5379 cum
3113 5323 3266 5397 idem
3305 5323 3406 5397 hic
3432 5324 3598 5397 esset

1929 5419 1997 5456 ac
2029 5393 2450 5471 producerent.
2493 5397 2730 5471 Theclae
2767 5411 2945 5471 porro
2979 5396 3331 5471 exemplum,
3357 5393 3512 5447 sicut
3541 5393 3598 5443 et

1929 5465 2201 5542 subjecta
2249 5469 2554 5525 ratiocinia
2592 5465 2916 5539 quam‘sint
2955 5468 3272 5522 Ambrosio
3311 5465 3372 5518 in
3413 5475 3594 5542 causa

1931 5533 2111 5599 simili
2155 5542 2498 5612 familiaria,
2543 5533 3049 5611 supervacaneum
3081 5542 3352 5609 putamus
3392 5533 3599 5586 admo-

1930 5631 2071 5671 nere
2081 5657 2095 5670 .

1999 5687 2114 5759 (67)
2147 5685 2295 5740 Mss.
2329 5700 2446 5741 non
2475 5683 2667 5756 pauci,
2716 5705 2738 5731 ιι
2781 5681 2959 5738 dicit:
3011 5678 3294 5750 Consilio,
3325 5673 3429 5729 isti
3477 5671 3600 5733 di8«

1931 5759 2323 5818 suadendum.
2361 5780 2383 5807 η
