  <div class='ocr_page' id='page_1' title='image "/cluster/home/n/w/nwhite01/storage/ocr_20150623/16/hvd.32044096580444/631.png"; bbox 0 0 4070 6180; ppageno 0'>
   <div class='ocr_carea' id='block_1_1' title="bbox 613 356 767 430">
    <p class='ocr_par' dir='ltr' id='par_1_1' title="bbox 613 356 767 430">
     <span class='ocr_line' id='line_1_1' title="bbox 613 356 767 430; baseline -0.006 -1"><span class='ocrx_word' id='word_1_1' title='bbox 613 356 767 430; x_wconf 83' lang='grc'><strong>1251</strong></span> 
     </span>
    </p>
   </div>
   <div class='ocr_carea' id='block_1_2' title="bbox 2046 336 3977 441">
    <p class='ocr_par' dir='ltr' id='par_1_2' title="bbox 2046 336 3977 441">
     <span class='ocr_line' id='line_1_2' title="bbox 2046 336 3977 441; baseline 0.009 -18"><span class='ocrx_word' id='word_1_2' title='bbox 2046 346 2111 425; x_wconf 83' lang='lat' dir='ltr'><strong>s.</strong></span> <span class='ocrx_word' id='word_1_3' title='bbox 2153 346 2597 427; x_wconf 76' lang='lat' dir='ltr'><strong>AMBROSII.</strong></span> <span class='ocrx_word' id='word_1_4' title='bbox 3842 366 3932 441; x_wconf 67' lang='lat' dir='ltr'><strong>12a</strong></span> <span class='ocrx_word' id='word_1_5' title='bbox 3976 336 3977 377; x_wconf 63' lang='lat'>‘</span> 
     </span>
    </p>
   </div>
   <div class='ocr_carea' id='block_1_3' title="bbox 618 546 3933 635">
    <p class='ocr_par' dir='ltr' id='par_1_3' title="bbox 618 546 3933 635">
     <span class='ocr_line' id='line_1_3' title="bbox 618 546 3933 635; baseline 0.003 -17"><span class='ocrx_word' id='word_1_6' title='bbox 618 562 905 628; x_wconf 81' lang='lat' dir='ltr'><strong>Quoniam</strong></span> <span class='ocrx_word' id='word_1_7' title='bbox 938 584 962 611; x_wconf 74' lang='grc' dir='ltr'><strong>«ι</strong></span> <span class='ocrx_word' id='word_1_8' title='bbox 996 562 1098 634; x_wconf 90' lang='lat' dir='ltr'><strong>qui</strong></span> <span class='ocrx_word' id='word_1_9' title='bbox 1114 563 1246 619; x_wconf 88' lang='lat' dir='ltr'><strong>sine</strong></span> <span class='ocrx_word' id='word_1_10' title='bbox 1276 577 1463 619; x_wconf 86' lang='lat' dir='ltr'><strong>uxore</strong></span> <span class='ocrx_word' id='word_1_11' title='bbox 1483 566 1596 633; x_wconf 89' lang='lat' dir='ltr'><strong>est,</strong></span> <span class='ocrx_word' id='word_1_12' title='bbox 1620 562 1941 633; x_wconf 90' lang='lat' dir='ltr'><strong>sollicitus,</strong></span> <span class='ocrx_word' id='word_1_13' title='bbox 1962 562 2171 634; x_wconf 93' lang='lat' dir='ltr'><strong>inquit,</strong></span> <span class='ocrx_word' id='word_1_14' title='bbox 2196 546 2530 620; x_wconf 38' lang='lat' dir='ltr'><strong>est&#39;l&#39;est:</strong></span> <span class='ocrx_word' id='word_1_15' title='bbox 2572 586 2594 612; x_wconf 83' lang='grc' dir='ltr'>ιι</span> <span class='ocrx_word' id='word_1_16' title='bbox 2630 562 2829 618; x_wconf 89' lang='lat' dir='ltr'><strong>Locus</strong></span> <span class='ocrx_word' id='word_1_17' title='bbox 2861 564 3018 618; x_wconf 90' lang='lat' dir='ltr'><strong>enim</strong></span> <span class='ocrx_word' id='word_1_18' title='bbox 3046 564 3106 619; x_wconf 90' lang='lat' dir='ltr'><strong>in</strong></span> <span class='ocrx_word' id='word_1_19' title='bbox 3134 579 3250 635; x_wconf 89' lang='lat' dir='ltr'><strong>quo</strong></span> <span class='ocrx_word' id='word_1_20' title='bbox 3280 567 3341 619; x_wconf 90' lang='lat' dir='ltr'><strong>tu</strong></span> <span class='ocrx_word' id='word_1_21' title='bbox 3373 568 3517 635; x_wconf 87' lang='lat' dir='ltr'><strong>stas,</strong></span> <span class='ocrx_word' id='word_1_22' title='bbox 3546 569 3694 621; x_wconf 89' lang='lat' dir='ltr'><strong>terra</strong></span> <span class='ocrx_word' id='word_1_23' title='bbox 3717 576 3933 629; x_wconf 69' lang='lat' dir='ltr'><strong>sanctus:</strong></span> 
     </span>
    </p>
   </div>
   <div class='ocr_carea' id='block_1_4' title="bbox 618 651 2286 724">
    <p class='ocr_par' dir='ltr' id='par_1_4' title="bbox 618 651 2286 724">
     <span class='ocr_line' id='line_1_4' title="bbox 618 651 2286 724; baseline 0 -19"><span class='ocrx_word' id='word_1_24' title='bbox 618 667 752 723; x_wconf 70' lang='lat' dir='ltr'><strong>qum</strong></span> <span class='ocrx_word' id='word_1_25' title='bbox 777 651 1010 706; x_wconf 88' lang='lat' dir='ltr'><strong>Domini</strong></span> <span class='ocrx_word' id='word_1_26' title='bbox 1036 654 1195 723; x_wconf 89' lang='lat' dir='ltr'><strong>sunt,</strong></span> <span class='ocrx_word' id='word_1_27' title='bbox 1221 651 1517 724; x_wconf 90' lang='lat' dir='ltr'><strong>quomodo</strong></span> <span class='ocrx_word' id='word_1_28' title='bbox 1537 651 1765 723; x_wconf 80' lang='lat' dir='ltr'><strong>placeat</strong></span> <span class='ocrx_word' id='word_1_29' title='bbox 1786 652 1909 708; x_wconf 89' lang='lat' dir='ltr'><strong>Deo</strong></span> <span class='ocrx_word' id='word_1_30' title='bbox 1931 651 2109 722; x_wconf 81' lang='lat' dir='ltr'><strong>(Ibid.</strong></span> <span class='ocrx_word' id='word_1_31' title='bbox 2124 651 2237 722; x_wconf 75' lang='lat'><strong>82).</strong></span> <span class='ocrx_word' id='word_1_32' title='bbox 2265 672 2286 700; x_wconf 76' lang='grc' dir='ltr'><strong>ι</strong></span> 
     </span>
    </p>
   </div>
   <div class='ocr_carea' id='block_1_5' title="bbox 619 739 1061 797">
    <p class='ocr_par' dir='ltr' id='par_1_5' title="bbox 619 739 1061 797">
     <span class='ocr_line' id='line_1_5' title="bbox 619 739 1061 797; baseline -0.014 -2"><span class='ocrx_word' id='word_1_33' title='bbox 619 739 693 795; x_wconf 89' lang='lat' dir='ltr'><strong>Et</strong></span> <span class='ocrx_word' id='word_1_34' title='bbox 737 740 990 797; x_wconf 75' lang='lat' dir='ltr'><strong>addidit:</strong></span> <span class='ocrx_word' id='word_1_35' title='bbox 1039 763 1061 789; x_wconf 74' lang='grc' dir='ltr'><strong>σι</strong></span> 
     </span>
    </p>
   </div>
   <div class='ocr_carea' id='block_1_6' title="bbox 620 918 2294 992">
    <p class='ocr_par' dir='ltr' id='par_1_6' title="bbox 620 918 2294 992">
     <span class='ocr_line' id='line_1_6' title="bbox 620 918 2294 992; baseline -0.001 -19"><span class='ocrx_word' id='word_1_36' title='bbox 620 918 801 990; x_wconf 84' lang='lat' dir='ltr'><strong>(Ibid.</strong></span> <span class='ocrx_word' id='word_1_37' title='bbox 833 919 945 989; x_wconf 74' lang='lat'><strong>34).</strong></span> <span class='ocrx_word' id='word_1_38' title='bbox 987 941 1007 967; x_wconf 78' lang='grc' dir='ltr'><strong>ιι</strong></span> <span class='ocrx_word' id='word_1_39' title='bbox 1060 919 1254 974; x_wconf 82' lang='lat' dir='ltr'><strong>Habet</strong></span> <span class='ocrx_word' id='word_1_40' title='bbox 1293 919 1476 992; x_wconf 78' lang='lat' dir='ltr'><strong>igitur</strong></span> <span class='ocrx_word' id='word_1_41' title='bbox 1511 935 1746 974; x_wconf 90' lang='lat' dir='ltr'><strong>murum</strong></span> <span class='ocrx_word' id='word_1_42' title='bbox 1781 935 1958 974; x_wconf 91' lang='lat' dir='ltr'><strong>suum</strong></span> <span class='ocrx_word' id='word_1_43' title='bbox 1998 918 2294 972; x_wconf 88' lang='lat' dir='ltr'><strong>adversus</strong></span> 
     </span>
    </p>
   </div>
   <div class='ocr_carea' id='block_1_7' title="bbox 631 1006 2299 1079">
    <p class='ocr_par' dir='ltr' id='par_1_7' title="bbox 631 1006 2299 1079">
     <span class='ocr_line' id='line_1_7' title="bbox 631 1006 2299 1079; baseline -0.001 -18"><span class='ocrx_word' id='word_1_44' title='bbox 631 1008 837 1063; x_wconf 91' lang='lat' dir='ltr'><strong>mundi</strong></span> <span class='ocrx_word' id='word_1_45' title='bbox 867 1007 1050 1079; x_wconf 85' lang='lat' dir='ltr'><strong>hujus</strong></span> <span class='ocrx_word' id='word_1_46' title='bbox 1080 1008 1377 1079; x_wconf 79' lang='lat' dir='ltr'><strong>turbines,</strong></span> <span class='ocrx_word' id='word_1_47' title='bbox 1408 1011 1464 1063; x_wconf 90' lang='lat' dir='ltr'><strong>et</strong></span> <span class='ocrx_word' id='word_1_48' title='bbox 1491 1008 1622 1064; x_wconf 90' lang='lat' dir='ltr'><strong>ideo</strong></span> <span class='ocrx_word' id='word_1_49' title='bbox 1646 1009 1815 1079; x_wconf 87' lang='lat' dir='ltr'><strong>septo</strong></span> <span class='ocrx_word' id='word_1_50' title='bbox 1838 1007 2054 1062; x_wconf 74' lang='lat' dir='ltr'><strong>divinae</strong></span> <span class='ocrx_word' id='word_1_51' title='bbox 2078 1006 2299 1061; x_wconf 89' lang='lat' dir='ltr'><strong>munita</strong></span> 
     </span>
    </p>
   </div>
   <div class='ocr_carea' id='block_1_8' title="bbox 631 1096 2295 1168">
    <p class='ocr_par' dir='ltr' id='par_1_8' title="bbox 631 1096 2295 1168">
     <span class='ocr_line' id='line_1_8' title="bbox 631 1096 2295 1168; baseline -0.002 -17"><span class='ocrx_word' id='word_1_52' title='bbox 631 1096 1023 1168; x_wconf 89' lang='lat' dir='ltr'><strong>protectionis</strong></span> <span class='ocrx_word' id='word_1_53' title='bbox 1055 1097 1166 1168; x_wconf 88' lang='lat'><strong>(68)</strong></span> <span class='ocrx_word' id='word_1_54' title='bbox 1196 1097 1376 1153; x_wconf 91' lang='lat' dir='ltr'><strong>nullis</strong></span> <span class='ocrx_word' id='word_1_55' title='bbox 1415 1097 1626 1152; x_wconf 69' lang='lat' dir='ltr'><strong>smculi</strong></span> <span class='ocrx_word' id='word_1_56' title='bbox 1666 1096 1872 1152; x_wconf 85' lang='lat' dir='ltr'><strong>ﬂabris</strong></span> <span class='ocrx_word' id='word_1_57' title='bbox 1915 1096 2295 1167; x_wconf 89' lang='lat' dir='ltr'><strong>inquietatur.</strong></span> 
     </span>
    </p>
   </div>
   <div class='ocr_carea' id='block_1_9' title="bbox 635 1183 2296 1258">
    <p class='ocr_par' dir='ltr' id='par_1_9' title="bbox 635 1183 2296 1258">
     <span class='ocr_line' id='line_1_9' title="bbox 635 1183 2296 1258; baseline -0.002 -17"><span class='ocrx_word' id='word_1_58' title='bbox 635 1186 863 1241; x_wconf 89' lang='lat' dir='ltr'><strong>Bonum</strong></span> <span class='ocrx_word' id='word_1_59' title='bbox 894 1201 1041 1258; x_wconf 87' lang='lat' dir='ltr'><strong>ergo</strong></span> <span class='ocrx_word' id='word_1_60' title='bbox 1072 1186 1409 1256; x_wconf 85' lang='lat' dir='ltr'><strong>consilium,</strong></span> <span class='ocrx_word' id='word_1_61' title='bbox 1433 1185 1570 1258; x_wconf 87' lang='lat' dir='ltr'><strong>quia</strong></span> <span class='ocrx_word' id='word_1_62' title='bbox 1590 1186 1648 1239; x_wconf 90' lang='lat' dir='ltr'><strong>in</strong></span> <span class='ocrx_word' id='word_1_63' title='bbox 1671 1185 1920 1241; x_wconf 93' lang='lat' dir='ltr'><strong>consilio</strong></span> <span class='ocrx_word' id='word_1_64' title='bbox 1939 1183 2160 1239; x_wconf 80' lang='lat' dir='ltr'><strong>utilitas</strong></span> <span class='ocrx_word' id='word_1_65' title='bbox 2183 1185 2296 1253; x_wconf 89' lang='lat' dir='ltr'><strong>est,</strong></span> 
     </span>
    </p>
   </div>
   <div class='ocr_carea' id='block_1_10' title="bbox 630 1272 2293 1347">
    <p class='ocr_par' dir='ltr' id='par_1_10' title="bbox 630 1272 2293 1347">
     <span class='ocr_line' id='line_1_10' title="bbox 630 1272 2293 1347; baseline -0.001 -19"><span class='ocrx_word' id='word_1_66' title='bbox 630 1276 692 1329; x_wconf 91' lang='lat' dir='ltr'><strong>in</strong></span> <span class='ocrx_word' id='word_1_67' title='bbox 713 1278 1010 1345; x_wconf 83' lang='lat' dir='ltr'><strong>praecepto</strong></span> <span class='ocrx_word' id='word_1_68' title='bbox 1033 1275 1305 1347; x_wconf 84' lang='lat' dir='ltr'><strong>laqueus.</strong></span> <span class='ocrx_word' id='word_1_69' title='bbox 1329 1274 1656 1330; x_wconf 89' lang='lat' dir='ltr'><strong>Consilium</strong></span> <span class='ocrx_word' id='word_1_70' title='bbox 1676 1274 1880 1329; x_wconf 85' lang='lat' dir='ltr'><strong>invitat</strong></span> <span class='ocrx_word' id='word_1_71' title='bbox 1901 1272 2293 1341; x_wconf 89' lang='lat' dir='ltr'><strong>voluntarios,</strong></span> 
     </span>
    </p>
   </div>
   <div class='ocr_carea' id='block_1_11' title="bbox 500 1363 2295 1436">
    <p class='ocr_par' dir='ltr' id='par_1_11' title="bbox 500 1363 2295 1436">
     <span class='ocr_line' id='line_1_11' title="bbox 500 1363 2295 1436; baseline -0.002 -17"><span class='ocrx_word' id='word_1_72' title='bbox 500 1416 503 1419; x_wconf 77' lang='lat'><strong>.</strong></span> <span class='ocrx_word' id='word_1_73' title='bbox 617 1367 983 1435; x_wconf 60' lang='lat' dir='ltr'><strong>preceptum</strong></span> <span class='ocrx_word' id='word_1_74' title='bbox 1026 1364 1304 1436; x_wconf 80' lang='lat' dir='ltr'><strong>astringit</strong></span> <span class='ocrx_word' id='word_1_75' title='bbox 1338 1364 1580 1419; x_wconf 91' lang='lat' dir='ltr'><strong>invitos.</strong></span> <span class='ocrx_word' id='word_1_76' title='bbox 1616 1364 1679 1420; x_wconf 88' lang='lat' dir='ltr'><strong>Si</strong></span> <span class='ocrx_word' id='word_1_77' title='bbox 1725 1379 1840 1436; x_wconf 92' lang='lat' dir='ltr'><strong>qua</strong></span> <span class='ocrx_word' id='word_1_78' title='bbox 1887 1378 2036 1436; x_wconf 89' lang='lat' dir='ltr'><strong>ergo</strong></span> <span class='ocrx_word' id='word_1_79' title='bbox 2086 1363 2295 1417; x_wconf 91' lang='lat' dir='ltr'><strong>secuta</strong></span> 
     </span>
    </p>
   </div>
   <div class='ocr_carea' id='block_1_12' title="bbox 624 1449 2305 1525">
    <p class='ocr_par' dir='ltr' id='par_1_12' title="bbox 624 1449 2305 1525">
     <span class='ocr_line' id='line_1_12' title="bbox 624 1449 2305 1525; baseline -0.002 -18"><span class='ocrx_word' id='word_1_80' title='bbox 624 1452 804 1508; x_wconf 90' lang='lat' dir='ltr'><strong>fuerit</strong></span> <span class='ocrx_word' id='word_1_81' title='bbox 834 1453 1172 1522; x_wconf 87' lang='lat' dir='ltr'><strong>consilium,</strong></span> <span class='ocrx_word' id='word_1_82' title='bbox 1205 1456 1262 1509; x_wconf 89' lang='lat' dir='ltr'><strong>et</strong></span> <span class='ocrx_word' id='word_1_83' title='bbox 1282 1469 1414 1509; x_wconf 90' lang='lat' dir='ltr'><strong>eam</strong></span> <span class='ocrx_word' id='word_1_84' title='bbox 1442 1469 1563 1509; x_wconf 90' lang='lat' dir='ltr'><strong>non</strong></span> <span class='ocrx_word' id='word_1_85' title='bbox 1587 1453 1949 1525; x_wconf 83' lang='lat' dir='ltr'><strong>paenituerit,</strong></span> <span class='ocrx_word' id='word_1_86' title='bbox 1981 1449 2305 1523; x_wconf 83' lang='lat' dir='ltr'><strong>acquisivit</strong></span> 
     </span>
    </p>
   </div>
   <div class='ocr_carea' id='block_1_13' title="bbox 623 1538 2305 1614">
    <p class='ocr_par' dir='ltr' id='par_1_13' title="bbox 623 1538 2305 1614">
     <span class='ocr_line' id='line_1_13' title="bbox 623 1538 2305 1614; baseline -0.002 -18"><span class='ocrx_word' id='word_1_87' title='bbox 623 1541 968 1597; x_wconf 87' lang='lat' dir='ltr'><strong>utilitatem:</strong></span> <span class='ocrx_word' id='word_1_88' title='bbox 1023 1542 1079 1597; x_wconf 89' lang='lat' dir='ltr'><strong>si</strong></span> <span class='ocrx_word' id='word_1_89' title='bbox 1120 1557 1297 1614; x_wconf 90' lang='lat' dir='ltr'><strong>quam</strong></span> <span class='ocrx_word' id='word_1_90' title='bbox 1344 1557 1490 1598; x_wconf 89' lang='lat' dir='ltr'><strong>vero</strong></span> <span class='ocrx_word' id='word_1_91' title='bbox 1540 1541 1906 1613; x_wconf 80' lang='lat' dir='ltr'><strong>paenituerit,</strong></span> <span class='ocrx_word' id='word_1_92' title='bbox 1957 1556 2077 1596; x_wconf 92' lang='lat' dir='ltr'><strong>non</strong></span> <span class='ocrx_word' id='word_1_93' title='bbox 2127 1538 2305 1594; x_wconf 84' lang='lat' dir='ltr'><strong>habet</strong></span> 
     </span>
    </p>
   </div>
   <div class='ocr_carea' id='block_1_14' title="bbox 624 1628 2301 1703">
    <p class='ocr_par' dir='ltr' id='par_1_14' title="bbox 624 1628 2301 1703">
     <span class='ocr_line' id='line_1_14' title="bbox 624 1628 2301 1703; baseline -0.002 -17"><span class='ocrx_word' id='word_1_94' title='bbox 624 1630 787 1703; x_wconf 91' lang='lat' dir='ltr'><strong>quod</strong></span> <span class='ocrx_word' id='word_1_95' title='bbox 815 1634 1060 1687; x_wconf 86' lang='lat' dir='ltr'><strong>accuset</strong></span> <span class='ocrx_word' id='word_1_96' title='bbox 1088 1631 1441 1702; x_wconf 84' lang='lat' dir='ltr'><strong>Apostolum</strong></span> <span class='ocrx_word' id='word_1_97' title='bbox 1469 1647 1485 1701; x_wconf 89' lang='lat'><strong>;</strong></span> <span class='ocrx_word' id='word_1_98' title='bbox 1512 1631 1643 1702; x_wconf 91' lang='lat' dir='ltr'><strong>ipsa</strong></span> <span class='ocrx_word' id='word_1_99' title='bbox 1673 1631 1831 1687; x_wconf 90' lang='lat' dir='ltr'><strong>enim</strong></span> <span class='ocrx_word' id='word_1_100' title='bbox 1860 1630 1933 1686; x_wconf 89' lang='lat' dir='ltr'><strong>de</strong></span> <span class='ocrx_word' id='word_1_101' title='bbox 1964 1628 2301 1695; x_wconf 78' lang='lat' dir='ltr'><strong>infirmitate</strong></span> 
     </span>
    </p>
   </div>
   <div class='ocr_carea' id='block_1_15' title="bbox 505 1718 2302 1791">
    <p class='ocr_par' dir='ltr' id='par_1_15' title="bbox 505 1718 2302 1791">
     <span class='ocr_line' id='line_1_15' title="bbox 505 1718 2302 1791; baseline -0.002 -16"><span class='ocrx_word' id='word_1_102' title='bbox 505 1730 520 1745; x_wconf 83' lang='lat'><strong><em>‘</em></strong></span> <span class='ocrx_word' id='word_1_103' title='bbox 622 1735 733 1775; x_wconf 84' lang='lat' dir='ltr'><strong>sua</strong></span> <span class='ocrx_word' id='word_1_104' title='bbox 771 1718 1043 1791; x_wconf 78' lang='lat' dir='ltr'><strong>judicare</strong></span> <span class='ocrx_word' id='word_1_105' title='bbox 1089 1719 1326 1776; x_wconf 86' lang='lat' dir='ltr'><strong>debuit:</strong></span> <span class='ocrx_word' id='word_1_106' title='bbox 1378 1723 1440 1775; x_wconf 92' lang='lat' dir='ltr'><strong>et</strong></span> <span class='ocrx_word' id='word_1_107' title='bbox 1477 1719 1610 1775; x_wconf 90' lang='lat' dir='ltr'><strong>ideo</strong></span> <span class='ocrx_word' id='word_1_108' title='bbox 1652 1719 1770 1774; x_wconf 87' lang='lat' dir='ltr'><strong>sibi</strong></span> <span class='ocrx_word' id='word_1_109' title='bbox 1807 1718 2133 1774; x_wconf 84' lang='lat' dir='ltr'><strong>voluntatis</strong></span> <span class='ocrx_word' id='word_1_110' title='bbox 2174 1732 2302 1772; x_wconf 66' lang='lat' dir='ltr'><strong>sum</strong></span> 
     </span>
    </p>
   </div>
   <div class='ocr_carea' id='block_1_16' title="bbox 620 1805 2305 1880">
    <p class='ocr_par' dir='ltr' id='par_1_16' title="bbox 620 1805 2305 1880">
     <span class='ocr_line' id='line_1_16' title="bbox 620 1805 2305 1880; baseline -0.001 -18"><span class='ocrx_word' id='word_1_111' title='bbox 620 1823 724 1862; x_wconf 91' lang='lat' dir='ltr'><strong>rea</strong></span> <span class='ocrx_word' id='word_1_112' title='bbox 754 1810 866 1878; x_wconf 91' lang='lat' dir='ltr'><strong>est,</strong></span> <span class='ocrx_word' id='word_1_113' title='bbox 901 1807 1079 1879; x_wconf 75' lang='lat' dir='ltr'><strong>cujus</strong></span> <span class='ocrx_word' id='word_1_114' title='bbox 1111 1808 1390 1879; x_wconf 80' lang='lat' dir='ltr'><strong>graviore</strong></span> <span class='ocrx_word' id='word_1_115' title='bbox 1420 1824 1599 1880; x_wconf 88' lang='lat' dir='ltr'><strong>quam</strong></span> <span class='ocrx_word' id='word_1_116' title='bbox 1644 1807 1806 1864; x_wconf 89' lang='lat' dir='ltr'><strong>ferre</strong></span> <span class='ocrx_word' id='word_1_117' title='bbox 1838 1810 2057 1879; x_wconf 85' lang='lat' dir='ltr'><strong>potest,</strong></span> <span class='ocrx_word' id='word_1_118' title='bbox 2090 1805 2305 1878; x_wconf 89' lang='lat' dir='ltr'><strong>laqueo</strong></span> 
     </span>
    </p>
   </div>
   <div class='ocr_carea' id='block_1_17' title="bbox 627 1896 1240 1968">
    <p class='ocr_par' dir='ltr' id='par_1_17' title="bbox 627 1896 1240 1968">
     <span class='ocr_line' id='line_1_17' title="bbox 627 1896 1240 1968; baseline 0.002 -16"><span class='ocrx_word' id='word_1_119' title='bbox 627 1911 696 1952; x_wconf 89' lang='lat' dir='ltr'><strong>se</strong></span> <span class='ocrx_word' id='word_1_120' title='bbox 728 1911 797 1951; x_wconf 91' lang='lat' dir='ltr'><strong>ac</strong></span> <span class='ocrx_word' id='word_1_121' title='bbox 828 1896 984 1952; x_wconf 92' lang='lat' dir='ltr'><strong>nodo</strong></span> <span class='ocrx_word' id='word_1_122' title='bbox 1014 1896 1240 1968; x_wconf 89' lang='lat' dir='ltr'><strong>ligavit.</strong></span> 
     </span>
    </p>
   </div>
   <div class='ocr_carea' id='block_1_18' title="bbox 694 2001 2308 2075">
    <p class='ocr_par' dir='ltr' id='par_1_18' title="bbox 694 2001 2308 2075">
     <span class='ocr_line' id='line_1_18' title="bbox 694 2001 2308 2075; baseline -0.001 -17"><span class='ocrx_word' id='word_1_123' title='bbox 694 2003 784 2058; x_wconf 85' lang='lat'><strong>39.</strong></span> <span class='ocrx_word' id='word_1_124' title='bbox 812 2002 1012 2074; x_wconf 87' lang='lat' dir='ltr'><strong>Itaque</strong></span> <span class='ocrx_word' id='word_1_125' title='bbox 1038 2005 1317 2075; x_wconf 87' lang='lat' dir='ltr'><strong>tanquam</strong></span> <span class='ocrx_word' id='word_1_126' title='bbox 1353 2003 1549 2059; x_wconf 91' lang='lat' dir='ltr'><strong>bonus</strong></span> <span class='ocrx_word' id='word_1_127' title='bbox 1588 2003 1884 2075; x_wconf 90' lang='lat' dir='ltr'><strong>medicus,</strong></span> <span class='ocrx_word' id='word_1_128' title='bbox 1916 2002 2014 2075; x_wconf 87' lang='lat' dir='ltr'><strong>qui</strong></span> <span class='ocrx_word' id='word_1_129' title='bbox 2050 2005 2107 2058; x_wconf 90' lang='lat' dir='ltr'><strong>et</strong></span> <span class='ocrx_word' id='word_1_130' title='bbox 2135 2001 2308 2057; x_wconf 88' lang='lat' dir='ltr'><strong>forti-</strong></span> 
     </span>
    </p>
   </div>
   <div class='ocr_carea' id='block_1_19' title="bbox 625 2091 2304 2163">
    <p class='ocr_par' dir='ltr' id='par_1_19' title="bbox 625 2091 2304 2163">
     <span class='ocr_line' id='line_1_19' title="bbox 625 2091 2304 2163; baseline -0.001 -17"><span class='ocrx_word' id='word_1_131' title='bbox 625 2092 742 2147; x_wconf 91' lang='lat' dir='ltr'><strong>bus</strong></span> <span class='ocrx_word' id='word_1_132' title='bbox 782 2092 1165 2147; x_wconf 88' lang='lat' dir='ltr'><strong>stabilitatem</strong></span> <span class='ocrx_word' id='word_1_133' title='bbox 1213 2093 1453 2147; x_wconf 89' lang='lat' dir='ltr'><strong>virtutis</strong></span> <span class='ocrx_word' id='word_1_134' title='bbox 1485 2108 1848 2148; x_wconf 88' lang='lat' dir='ltr'><strong>conservare</strong></span> <span class='ocrx_word' id='word_1_135' title='bbox 1881 2092 2096 2163; x_wconf 89' lang='lat' dir='ltr'><strong>cupiat,</strong></span> <span class='ocrx_word' id='word_1_136' title='bbox 2130 2094 2187 2146; x_wconf 92' lang='lat' dir='ltr'><strong>et</strong></span> <span class='ocrx_word' id='word_1_137' title='bbox 2217 2091 2304 2145; x_wconf 90' lang='lat' dir='ltr'><strong>in-</strong></span> 
     </span>
    </p>
   </div>
   <div class='ocr_carea' id='block_1_20' title="bbox 625 2179 2305 2250">
    <p class='ocr_par' dir='ltr' id='par_1_20' title="bbox 625 2179 2305 2250">
     <span class='ocr_line' id='line_1_20' title="bbox 625 2179 2305 2250; baseline -0.001 -16"><span class='ocrx_word' id='word_1_138' title='bbox 625 2179 818 2235; x_wconf 81' lang='lat' dir='ltr'><strong>firmis</strong></span> <span class='ocrx_word' id='word_1_139' title='bbox 858 2180 1265 2235; x_wconf 87' lang='lat' dir='ltr'><strong>salubritatem</strong></span> <span class='ocrx_word' id='word_1_140' title='bbox 1298 2181 1459 2250; x_wconf 88' lang='lat' dir='ltr'><strong>dare,</strong></span> <span class='ocrx_word' id='word_1_141' title='bbox 1501 2181 1635 2235; x_wconf 90' lang='lat' dir='ltr'><strong>aliis</strong></span> <span class='ocrx_word' id='word_1_142' title='bbox 1668 2182 1766 2236; x_wconf 90' lang='lat' dir='ltr'><strong>dat</strong></span> <span class='ocrx_word' id='word_1_143' title='bbox 1797 2181 2132 2250; x_wconf 89' lang='lat' dir='ltr'><strong>consilium,</strong></span> <span class='ocrx_word' id='word_1_144' title='bbox 2169 2180 2305 2234; x_wconf 88' lang='lat' dir='ltr'><strong>aliis</strong></span> 
     </span>
    </p>
   </div>
   <div class='ocr_carea' id='block_1_21' title="bbox 624 2260 2305 2336">
    <p class='ocr_par' dir='ltr' id='par_1_21' title="bbox 624 2260 2305 2336">
     <span class='ocr_line' id='line_1_21' title="bbox 624 2260 2305 2336; baseline -0.001 -10"><span class='ocrx_word' id='word_1_145' title='bbox 624 2272 994 2326; x_wconf 84' lang='lat' dir='ltr'><strong>demonstrat</strong></span> <span class='ocrx_word' id='word_1_146' title='bbox 1033 2269 1396 2324; x_wconf 89' lang='lat' dir='ltr'><strong>remedium:</strong></span> <span class='ocrx_word' id='word_1_147' title='bbox 1434 2291 1457 2317; x_wconf 76' lang='grc' dir='ltr'>α</span> <span class='ocrx_word' id='word_1_148' title='bbox 1491 2267 1602 2334; x_wconf 87' lang='lat' dir='ltr'><strong>Qui</strong></span> <span class='ocrx_word' id='word_1_149' title='bbox 1646 2269 1923 2324; x_wconf 80' lang='lat' dir='ltr'><strong>infirmus</strong></span> <span class='ocrx_word' id='word_1_150' title='bbox 1954 2271 2068 2336; x_wconf 91' lang='lat' dir='ltr'><strong>est,</strong></span> <span class='ocrx_word' id='word_1_151' title='bbox 2109 2260 2305 2325; x_wconf 85' lang='grc'><strong>1032</strong></span> 
     </span>
    </p>
   </div>
   <div class='ocr_carea' id='block_1_22' title="bbox 627 2357 2303 2428">
    <p class='ocr_par' dir='ltr' id='par_1_22' title="bbox 627 2357 2303 2428">
     <span class='ocr_line' id='line_1_22' title="bbox 627 2357 2303 2428; baseline -0.001 -13"><span class='ocrx_word' id='word_1_152' title='bbox 627 2359 791 2415; x_wconf 89' lang='lat' dir='ltr'><strong>olera</strong></span> <span class='ocrx_word' id='word_1_153' title='bbox 829 2358 1144 2413; x_wconf 88' lang='lat' dir='ltr'><strong>manducet</strong></span> <span class='ocrx_word' id='word_1_154' title='bbox 1170 2357 1358 2428; x_wconf 83' lang='lat' dir='ltr'><strong>(Rom.</strong></span> <span class='ocrx_word' id='word_1_155' title='bbox 1396 2374 1517 2428; x_wconf 78' lang='lat' dir='ltr'><strong>xiv,</strong></span> <span class='ocrx_word' id='word_1_156' title='bbox 1551 2358 1628 2428; x_wconf 76' lang='lat'><strong>2),</strong></span> <span class='ocrx_word' id='word_1_157' title='bbox 1679 2382 1701 2405; x_wconf 73' lang='grc' dir='ltr'><strong>ι»</strong></span> <span class='ocrx_word' id='word_1_158' title='bbox 1738 2357 1988 2428; x_wconf 90' lang='lat' dir='ltr'><strong>accipiat</strong></span> <span class='ocrx_word' id='word_1_159' title='bbox 2018 2372 2303 2413; x_wconf 88' lang='lat' dir='ltr'><strong>uxorem:</strong></span> 
     </span>
    </p>
   </div>
   <div class='ocr_carea' id='block_1_23' title="bbox 628 2445 2304 2521">
    <p class='ocr_par' dir='ltr' id='par_1_23' title="bbox 628 2445 2304 2521">
     <span class='ocr_line' id='line_1_23' title="bbox 628 2445 2304 2521; baseline -0.001 -18"><span class='ocrx_word' id='word_1_160' title='bbox 628 2449 732 2521; x_wconf 91' lang='lat' dir='ltr'><strong>qui</strong></span> <span class='ocrx_word' id='word_1_161' title='bbox 743 2447 995 2502; x_wconf 87' lang='lat' dir='ltr'><strong>validior</strong></span> <span class='ocrx_word' id='word_1_162' title='bbox 1012 2450 1125 2517; x_wconf 91' lang='lat' dir='ltr'><strong>est,</strong></span> <span class='ocrx_word' id='word_1_163' title='bbox 1141 2445 1447 2502; x_wconf 81' lang='lat' dir='ltr'><strong>fortiorem</strong></span> <span class='ocrx_word' id='word_1_164' title='bbox 1458 2446 1696 2501; x_wconf 90' lang='lat' dir='ltr'><strong>virtutis</strong></span> <span class='ocrx_word' id='word_1_165' title='bbox 1711 2448 1907 2502; x_wconf 90' lang='lat' dir='ltr'><strong>cibum</strong></span> <span class='ocrx_word' id='word_1_166' title='bbox 1920 2449 2155 2518; x_wconf 81' lang='lat' dir='ltr'><strong>expetat</strong></span> <span class='ocrx_word' id='word_1_167' title='bbox 2169 2445 2304 2517; x_wconf 87' lang='lat'><strong>(69).</strong></span> 
     </span>
    </p>
   </div>
   <div class='ocr_carea' id='block_1_24' title="bbox 628 2535 2304 2609">
    <p class='ocr_par' dir='ltr' id='par_1_24' title="bbox 628 2535 2304 2609">
     <span class='ocr_line' id='line_1_24' title="bbox 628 2535 2304 2609; baseline -0.002 -16"><span class='ocrx_word' id='word_1_168' title='bbox 628 2538 957 2609; x_wconf 76' lang='lat' dir='ltr'><strong>Meritoque</strong></span> <span class='ocrx_word' id='word_1_169' title='bbox 977 2536 1073 2607; x_wconf 81' lang='lat' dir='ltr'><strong>adj</strong></span> <span class='ocrx_word' id='word_1_170' title='bbox 1084 2537 1286 2607; x_wconf 91' lang='lat' dir='ltr'><strong>ungit:</strong></span> <span class='ocrx_word' id='word_1_171' title='bbox 1327 2558 1349 2583; x_wconf 73' lang='grc' dir='ltr'>α</span> <span class='ocrx_word' id='word_1_172' title='bbox 1372 2536 1522 2589; x_wconf 91' lang='lat' dir='ltr'><strong>Nam</strong></span> <span class='ocrx_word' id='word_1_173' title='bbox 1543 2536 1640 2608; x_wconf 89' lang='lat' dir='ltr'><strong>qui</strong></span> <span class='ocrx_word' id='word_1_174' title='bbox 1674 2536 1877 2591; x_wconf 91' lang='lat' dir='ltr'><strong>statuit</strong></span> <span class='ocrx_word' id='word_1_175' title='bbox 1907 2535 1967 2590; x_wconf 90' lang='lat' dir='ltr'><strong>in</strong></span> <span class='ocrx_word' id='word_1_176' title='bbox 1988 2535 2165 2591; x_wconf 90' lang='lat' dir='ltr'><strong>corde</strong></span> <span class='ocrx_word' id='word_1_177' title='bbox 2192 2550 2304 2590; x_wconf 90' lang='lat' dir='ltr'><strong>suo</strong></span> 
     </span>
    </p>
   </div>
   <div class='ocr_carea' id='block_1_25' title="bbox 612 2624 2304 2695">
    <p class='ocr_par' dir='ltr' id='par_1_25' title="bbox 612 2624 2304 2695">
     <span class='ocr_line' id='line_1_25' title="bbox 612 2624 2304 2695; baseline -0.002 -14"><span class='ocrx_word' id='word_1_178' title='bbox 612 2626 863 2695; x_wconf 34' lang='lat' dir='ltr'><strong>,ﬂrmus,</strong></span> <span class='ocrx_word' id='word_1_179' title='bbox 884 2641 1001 2681; x_wconf 87' lang='lat' dir='ltr'><strong>non</strong></span> <span class='ocrx_word' id='word_1_180' title='bbox 1022 2624 1250 2680; x_wconf 86' lang='lat' dir='ltr'><strong>habens</strong></span> <span class='ocrx_word' id='word_1_181' title='bbox 1272 2624 1712 2694; x_wconf 88' lang='lat' dir='ltr'><strong>necessitatem,</strong></span> <span class='ocrx_word' id='word_1_182' title='bbox 1736 2628 2087 2695; x_wconf 90' lang='lat' dir='ltr'><strong>potestatem</strong></span> <span class='ocrx_word' id='word_1_183' title='bbox 2110 2627 2304 2678; x_wconf 89' lang='lat' dir='ltr'><strong>autem</strong></span> 
     </span>
    </p>
   </div>
   <div class='ocr_carea' id='block_1_26' title="bbox 629 2713 2303 2784">
    <p class='ocr_par' dir='ltr' id='par_1_26' title="bbox 629 2713 2303 2784">
     <span class='ocr_line' id='line_1_26' title="bbox 629 2713 2303 2784; baseline -0.001 -14"><span class='ocrx_word' id='word_1_184' title='bbox 629 2715 859 2770; x_wconf 89' lang='lat' dir='ltr'><strong>habens</strong></span> <span class='ocrx_word' id='word_1_185' title='bbox 899 2730 1027 2769; x_wconf 69' lang='lat' dir='ltr'><strong>sum</strong></span> <span class='ocrx_word' id='word_1_186' title='bbox 1058 2713 1418 2779; x_wconf 87' lang='lat' dir='ltr'><strong>voluntatis;</strong></span> <span class='ocrx_word' id='word_1_187' title='bbox 1467 2716 1524 2769; x_wconf 92' lang='lat' dir='ltr'><strong>et</strong></span> <span class='ocrx_word' id='word_1_188' title='bbox 1552 2713 1665 2769; x_wconf 87' lang='lat' dir='ltr'><strong>hoc</strong></span> <span class='ocrx_word' id='word_1_189' title='bbox 1706 2713 2000 2784; x_wconf 81' lang='lat' dir='ltr'><strong>judicavit</strong></span> <span class='ocrx_word' id='word_1_190' title='bbox 2032 2715 2092 2767; x_wconf 92' lang='lat' dir='ltr'><strong>in</strong></span> <span class='ocrx_word' id='word_1_191' title='bbox 2124 2713 2303 2769; x_wconf 89' lang='lat' dir='ltr'><strong>corde</strong></span> 
     </span>
    </p>
   </div>
   <div class='ocr_carea' id='block_1_27' title="bbox 628 2802 2304 2874">
    <p class='ocr_par' dir='ltr' id='par_1_27' title="bbox 628 2802 2304 2874">
     <span class='ocr_line' id='line_1_27' title="bbox 628 2802 2304 2874; baseline -0.001 -15"><span class='ocrx_word' id='word_1_192' title='bbox 628 2819 741 2860; x_wconf 91' lang='lat' dir='ltr'><strong>suo</strong></span> <span class='ocrx_word' id='word_1_193' title='bbox 766 2818 1010 2859; x_wconf 89' lang='lat' dir='ltr'><strong>servare</strong></span> <span class='ocrx_word' id='word_1_194' title='bbox 1033 2802 1330 2874; x_wconf 88' lang='lat' dir='ltr'><strong>virginem</strong></span> <span class='ocrx_word' id='word_1_195' title='bbox 1351 2818 1543 2873; x_wconf 90' lang='lat' dir='ltr'><strong>suam,</strong></span> <span class='ocrx_word' id='word_1_196' title='bbox 1566 2803 1718 2858; x_wconf 88' lang='lat' dir='ltr'><strong>bene</strong></span> <span class='ocrx_word' id='word_1_197' title='bbox 1741 2802 1900 2857; x_wconf 86' lang='lat' dir='ltr'><strong>facit.</strong></span> <span class='ocrx_word' id='word_1_198' title='bbox 1927 2802 2117 2874; x_wconf 91' lang='lat' dir='ltr'><strong>Igitur</strong></span> <span class='ocrx_word' id='word_1_199' title='bbox 2130 2803 2304 2874; x_wconf 90' lang='lat' dir='ltr'><strong>etqui</strong></span> 
     </span>
    </p>
   </div>
   <div class='ocr_carea' id='block_1_28' title="bbox 626 2890 2307 2965">
    <p class='ocr_par' dir='ltr' id='par_1_28' title="bbox 626 2890 2307 2965">
     <span class='ocr_line' id='line_1_28' title="bbox 626 2890 2307 2965; baseline 0 -18"><span class='ocrx_word' id='word_1_200' title='bbox 626 2893 999 2948; x_wconf 91' lang='lat' dir='ltr'><strong>matrimonio</strong></span> <span class='ocrx_word' id='word_1_201' title='bbox 1035 2890 1241 2964; x_wconf 80' lang='lat' dir='ltr'><strong>jungit</strong></span> <span class='ocrx_word' id='word_1_202' title='bbox 1297 2891 1591 2965; x_wconf 87' lang='lat' dir='ltr'><strong>virginem</strong></span> <span class='ocrx_word' id='word_1_203' title='bbox 1622 2908 1815 2962; x_wconf 92' lang='lat' dir='ltr'><strong>suam,</strong></span> <span class='ocrx_word' id='word_1_204' title='bbox 1846 2892 1998 2947; x_wconf 89' lang='lat' dir='ltr'><strong>bene</strong></span> <span class='ocrx_word' id='word_1_205' title='bbox 2031 2892 2211 2948; x_wconf 89' lang='lat' dir='ltr'><strong>facit:</strong></span> <span class='ocrx_word' id='word_1_206' title='bbox 2250 2895 2307 2947; x_wconf 90' lang='lat' dir='ltr'><strong>et</strong></span> 
     </span>
    </p>
   </div>
   <div class='ocr_carea' id='block_1_29' title="bbox 629 2979 2302 3054">
    <p class='ocr_par' dir='ltr' id='par_1_29' title="bbox 629 2979 2302 3054">
     <span class='ocr_line' id='line_1_29' title="bbox 629 2979 2302 3054; baseline -0.002 -17"><span class='ocrx_word' id='word_1_207' title='bbox 629 2982 731 3053; x_wconf 86' lang='lat' dir='ltr'><strong>qui</strong></span> <span class='ocrx_word' id='word_1_208' title='bbox 761 2996 877 3036; x_wconf 91' lang='lat' dir='ltr'><strong>non</strong></span> <span class='ocrx_word' id='word_1_209' title='bbox 900 2980 1121 3053; x_wconf 83' lang='lat' dir='ltr'><strong>jungit,</strong></span> <span class='ocrx_word' id='word_1_210' title='bbox 1156 2980 1372 3035; x_wconf 88' lang='lat' dir='ltr'><strong>melius</strong></span> <span class='ocrx_word' id='word_1_211' title='bbox 1404 2979 1565 3035; x_wconf 91' lang='lat' dir='ltr'><strong>facit.</strong></span> <span class='ocrx_word' id='word_1_212' title='bbox 1589 2980 1801 3036; x_wconf 83' lang='lat' dir='ltr'><strong>Mulier</strong></span> <span class='ocrx_word' id='word_1_213' title='bbox 1821 2980 2017 3037; x_wconf 88' lang='lat' dir='ltr'><strong>vincta</strong></span> <span class='ocrx_word' id='word_1_214' title='bbox 2040 2985 2132 3036; x_wconf 92' lang='lat' dir='ltr'><strong>est</strong></span> <span class='ocrx_word' id='word_1_215' title='bbox 2160 2982 2302 3054; x_wconf 88' lang='lat' dir='ltr'><strong>legi,</strong></span> 
     </span>
    </p>
   </div>
   <div class='ocr_carea' id='block_1_30' title="bbox 626 3068 2308 3143">
    <p class='ocr_par' dir='ltr' id='par_1_30' title="bbox 626 3068 2308 3143">
     <span class='ocr_line' id='line_1_30' title="bbox 626 3068 2308 3143; baseline 0 -18"><span class='ocrx_word' id='word_1_216' title='bbox 626 3072 845 3143; x_wconf 90' lang='lat' dir='ltr'><strong>quanto</strong></span> <span class='ocrx_word' id='word_1_217' title='bbox 874 3074 1139 3140; x_wconf 89' lang='lat' dir='ltr'><strong>tempore</strong></span> <span class='ocrx_word' id='word_1_218' title='bbox 1187 3070 1283 3125; x_wconf 91' lang='lat' dir='ltr'><strong>vir</strong></span> <span class='ocrx_word' id='word_1_219' title='bbox 1313 3069 1448 3142; x_wconf 88' lang='lat' dir='ltr'><strong>ejus</strong></span> <span class='ocrx_word' id='word_1_220' title='bbox 1496 3069 1660 3125; x_wconf 89' lang='lat' dir='ltr'><strong>vivit.</strong></span> <span class='ocrx_word' id='word_1_221' title='bbox 1713 3068 1881 3135; x_wconf 89' lang='lat' dir='ltr'><strong>Quod</strong></span> <span class='ocrx_word' id='word_1_222' title='bbox 1912 3069 1967 3125; x_wconf 89' lang='lat' dir='ltr'><strong>si</strong></span> <span class='ocrx_word' id='word_1_223' title='bbox 1997 3069 2308 3125; x_wconf 89' lang='lat' dir='ltr'><strong>dormierit</strong></span> 
     </span>
    </p>
   </div>
   <div class='ocr_carea' id='block_1_31' title="bbox 629 3158 2305 3232">
    <p class='ocr_par' dir='ltr' id='par_1_31' title="bbox 629 3158 2305 3232">
     <span class='ocr_line' id='line_1_31' title="bbox 629 3158 2305 3232; baseline -0.001 -19"><span class='ocrx_word' id='word_1_224' title='bbox 629 3160 725 3214; x_wconf 92' lang='lat' dir='ltr'><strong>vir</strong></span> <span class='ocrx_word' id='word_1_225' title='bbox 770 3158 929 3232; x_wconf 82' lang='lat' dir='ltr'><strong>ejus,</strong></span> <span class='ocrx_word' id='word_1_226' title='bbox 980 3158 1226 3215; x_wconf 87' lang='lat' dir='ltr'><strong>liberata</strong></span> <span class='ocrx_word' id='word_1_227' title='bbox 1279 3163 1408 3215; x_wconf 89' lang='lat' dir='ltr'><strong>est:</strong></span> <span class='ocrx_word' id='word_1_228' title='bbox 1461 3160 1557 3214; x_wconf 92' lang='lat' dir='ltr'><strong>cui</strong></span> <span class='ocrx_word' id='word_1_229' title='bbox 1585 3160 1711 3214; x_wconf 91' lang='lat' dir='ltr'><strong>vult</strong></span> <span class='ocrx_word' id='word_1_230' title='bbox 1741 3158 1941 3229; x_wconf 89' lang='lat' dir='ltr'><strong>nubat,</strong></span> <span class='ocrx_word' id='word_1_231' title='bbox 1984 3162 2209 3214; x_wconf 91' lang='lat' dir='ltr'><strong>tantum</strong></span> <span class='ocrx_word' id='word_1_232' title='bbox 2247 3158 2305 3213; x_wconf 92' lang='lat' dir='ltr'><strong>in</strong></span> 
     </span>
    </p>
   </div>
   <div class='ocr_carea' id='block_1_32' title="bbox 630 3247 2302 3319">
    <p class='ocr_par' dir='ltr' id='par_1_32' title="bbox 630 3247 2302 3319">
     <span class='ocr_line' id='line_1_32' title="bbox 630 3247 2302 3319; baseline -0.001 -16"><span class='ocrx_word' id='word_1_233' title='bbox 630 3247 900 3305; x_wconf 90' lang='lat' dir='ltr'><strong>Domino.</strong></span> <span class='ocrx_word' id='word_1_234' title='bbox 945 3248 1179 3304; x_wconf 89' lang='lat' dir='ltr'><strong>Beatior</strong></span> <span class='ocrx_word' id='word_1_235' title='bbox 1217 3251 1413 3303; x_wconf 89' lang='lat' dir='ltr'><strong>autem</strong></span> <span class='ocrx_word' id='word_1_236' title='bbox 1450 3248 1583 3317; x_wconf 89' lang='lat' dir='ltr'><strong>erit,</strong></span> <span class='ocrx_word' id='word_1_237' title='bbox 1633 3249 1687 3302; x_wconf 90' lang='lat' dir='ltr'><strong>si</strong></span> <span class='ocrx_word' id='word_1_238' title='bbox 1738 3248 1828 3303; x_wconf 91' lang='lat' dir='ltr'><strong>sic</strong></span> <span class='ocrx_word' id='word_1_239' title='bbox 1884 3248 2302 3319; x_wconf 87' lang='lat' dir='ltr'><strong>permanserit,</strong></span> 
     </span>
    </p>
   </div>
   <div class='ocr_carea' id='block_1_33' title="bbox 629 3334 2303 3409">
    <p class='ocr_par' dir='ltr' id='par_1_33' title="bbox 629 3334 2303 3409">
     <span class='ocr_line' id='line_1_33' title="bbox 629 3334 2303 3409; baseline 0 -16"><span class='ocrx_word' id='word_1_240' title='bbox 629 3338 960 3394; x_wconf 89' lang='lat' dir='ltr'><strong>secundum</strong></span> <span class='ocrx_word' id='word_1_241' title='bbox 1016 3353 1213 3393; x_wconf 91' lang='lat' dir='ltr'><strong>meum</strong></span> <span class='ocrx_word' id='word_1_242' title='bbox 1269 3337 1603 3408; x_wconf 90' lang='lat' dir='ltr'><strong>consilium,</strong></span> <span class='ocrx_word' id='word_1_243' title='bbox 1666 3340 1806 3408; x_wconf 94' lang='lat' dir='ltr'><strong>puto</strong></span> <span class='ocrx_word' id='word_1_244' title='bbox 1858 3338 2035 3408; x_wconf 90' lang='lat' dir='ltr'><strong>enim,</strong></span> <span class='ocrx_word' id='word_1_245' title='bbox 2094 3334 2152 3393; x_wconf 88' lang='lat' dir='ltr'><strong>et</strong></span> <span class='ocrx_word' id='word_1_246' title='bbox 2190 3354 2303 3409; x_wconf 88' lang='lat' dir='ltr'><strong>ego</strong></span> 
     </span>
    </p>
   </div>
   <div class='ocr_carea' id='block_1_34' title="bbox 628 3425 2304 3497">
    <p class='ocr_par' dir='ltr' id='par_1_34' title="bbox 628 3425 2304 3497">
     <span class='ocr_line' id='line_1_34' title="bbox 628 3425 2304 3497; baseline 0 -15"><span class='ocrx_word' id='word_1_247' title='bbox 628 3426 913 3497; x_wconf 89' lang='lat' dir='ltr'><strong>Spiritum</strong></span> <span class='ocrx_word' id='word_1_248' title='bbox 951 3426 1059 3481; x_wconf 90' lang='lat' dir='ltr'><strong>Dei</strong></span> <span class='ocrx_word' id='word_1_249' title='bbox 1104 3425 1294 3481; x_wconf 87' lang='lat' dir='ltr'><strong>habeo</strong></span> <span class='ocrx_word' id='word_1_250' title='bbox 1325 3426 1383 3497; x_wconf 90' lang='grc' dir='ltr'><strong>(Ι</strong></span> <span class='ocrx_word' id='word_1_251' title='bbox 1423 3426 1559 3482; x_wconf 85' lang='lat' dir='ltr'><strong>Cor.</strong></span> <span class='ocrx_word' id='word_1_252' title='bbox 1594 3442 1695 3495; x_wconf 80' lang='lat' dir='ltr'><strong>vn,</strong></span> <span class='ocrx_word' id='word_1_253' title='bbox 1740 3427 1950 3497; x_wconf 81' lang='lat'><strong>37-40).</strong></span> <span class='ocrx_word' id='word_1_254' title='bbox 1995 3450 2017 3476; x_wconf 77' lang='grc' dir='ltr'><strong>ι»</strong></span> <span class='ocrx_word' id='word_1_255' title='bbox 2053 3427 2179 3482; x_wconf 84' lang='lat' dir='ltr'><strong>Hoc</strong></span> <span class='ocrx_word' id='word_1_256' title='bbox 2211 3429 2304 3482; x_wconf 90' lang='lat' dir='ltr'><strong>est</strong></span> 
     </span>
    </p>
   </div>
   <div class='ocr_carea' id='block_1_35' title="bbox 632 3514 2300 3589">
    <p class='ocr_par' dir='ltr' id='par_1_35' title="bbox 632 3514 2300 3589">
     <span class='ocr_line' id='line_1_35' title="bbox 632 3514 2300 3589; baseline -0.001 -18"><span class='ocrx_word' id='word_1_257' title='bbox 632 3515 950 3571; x_wconf 88' lang='lat' dir='ltr'><strong>consilium</strong></span> <span class='ocrx_word' id='word_1_258' title='bbox 984 3515 1090 3570; x_wconf 91' lang='lat' dir='ltr'><strong>Dei</strong></span> <span class='ocrx_word' id='word_1_259' title='bbox 1121 3514 1364 3586; x_wconf 90' lang='lat' dir='ltr'><strong>habere,</strong></span> <span class='ocrx_word' id='word_1_260' title='bbox 1389 3516 1704 3586; x_wconf 87' lang='lat' dir='ltr'><strong>explorare</strong></span> <span class='ocrx_word' id='word_1_261' title='bbox 1724 3516 2043 3589; x_wconf 89' lang='lat' dir='ltr'><strong>diligenter</strong></span> <span class='ocrx_word' id='word_1_262' title='bbox 2068 3516 2300 3587; x_wconf 87' lang='lat' dir='ltr'><strong>omnia;</strong></span> 
     </span>
    </p>
   </div>
   <div class='ocr_carea' id='block_1_36' title="bbox 633 3604 2305 3678">
    <p class='ocr_par' dir='ltr' id='par_1_36' title="bbox 633 3604 2305 3678">
     <span class='ocr_line' id='line_1_36' title="bbox 633 3604 2305 3678; baseline 0 -18"><span class='ocrx_word' id='word_1_263' title='bbox 633 3608 691 3661; x_wconf 92' lang='lat' dir='ltr'><strong>et</strong></span> <span class='ocrx_word' id='word_1_264' title='bbox 712 3621 846 3677; x_wconf 81' lang='lat' dir='ltr'><strong>quae</strong></span> <span class='ocrx_word' id='word_1_265' title='bbox 874 3604 1116 3660; x_wconf 88' lang='lat' dir='ltr'><strong>meliora</strong></span> <span class='ocrx_word' id='word_1_266' title='bbox 1146 3607 1304 3677; x_wconf 91' lang='lat' dir='ltr'><strong>sunt,</strong></span> <span class='ocrx_word' id='word_1_267' title='bbox 1329 3605 1615 3678; x_wconf 85' lang='lat' dir='ltr'><strong>suadere;</strong></span> <span class='ocrx_word' id='word_1_268' title='bbox 1646 3621 1779 3677; x_wconf 79' lang='lat' dir='ltr'><strong>quae</strong></span> <span class='ocrx_word' id='word_1_269' title='bbox 1800 3605 2035 3677; x_wconf 89' lang='lat' dir='ltr'><strong>tutiora,</strong></span> <span class='ocrx_word' id='word_1_270' title='bbox 2069 3606 2305 3661; x_wconf 89' lang='lat' dir='ltr'><strong>demon-</strong></span> 
     </span>
    </p>
   </div>
   <div class='ocr_carea' id='block_1_37' title="bbox 639 3697 850 3751">
    <p class='ocr_par' dir='ltr' id='par_1_37' title="bbox 639 3697 850 3751">
     <span class='ocr_line' id='line_1_37' title="bbox 639 3697 850 3751; baseline 0.009 -2"><span class='ocrx_word' id='word_1_271' title='bbox 639 3697 850 3751; x_wconf 86' lang='lat' dir='ltr'><strong>strare.</strong></span> 
     </span>
    </p>
   </div>
   <div class='ocr_carea' id='block_1_38' title="bbox 702 3783 2303 3856">
    <p class='ocr_par' dir='ltr' id='par_1_38' title="bbox 702 3783 2303 3856">
     <span class='ocr_line' id='line_1_38' title="bbox 702 3783 2303 3856; baseline 0 -17"><span class='ocrx_word' id='word_1_272' title='bbox 702 3783 793 3839; x_wconf 74' lang='lat'><strong>40.</strong></span> <span class='ocrx_word' id='word_1_273' title='bbox 824 3783 1123 3841; x_wconf 88' lang='lat' dir='ltr'><strong>Providus</strong></span> <span class='ocrx_word' id='word_1_274' title='bbox 1149 3783 1360 3840; x_wconf 91' lang='lat' dir='ltr'><strong>ductor</strong></span> <span class='ocrx_word' id='word_1_275' title='bbox 1387 3783 1602 3840; x_wconf 89' lang='lat' dir='ltr'><strong>multas</strong></span> <span class='ocrx_word' id='word_1_276' title='bbox 1633 3784 1891 3840; x_wconf 90' lang='lat' dir='ltr'><strong>ostendit</strong></span> <span class='ocrx_word' id='word_1_277' title='bbox 1920 3784 2070 3855; x_wconf 90' lang='lat' dir='ltr'><strong>vias,</strong></span> <span class='ocrx_word' id='word_1_278' title='bbox 2094 3786 2158 3840; x_wconf 91' lang='lat' dir='ltr'><strong>ut</strong></span> <span class='ocrx_word' id='word_1_279' title='bbox 2187 3800 2303 3856; x_wconf 88' lang='lat' dir='ltr'><strong>qua</strong></span> 
     </span>
    </p>
   </div>
   <div class='ocr_carea' id='block_1_39' title="bbox 631 3872 2303 3946">
    <p class='ocr_par' dir='ltr' id='par_1_39' title="bbox 631 3872 2303 3946">
     <span class='ocr_line' id='line_1_39' title="bbox 631 3872 2303 3946; baseline 0 -18"><span class='ocrx_word' id='word_1_280' title='bbox 631 3872 758 3928; x_wconf 88' lang='lat' dir='ltr'><strong>vult</strong></span> <span class='ocrx_word' id='word_1_281' title='bbox 786 3874 1223 3945; x_wconf 88' lang='lat' dir='ltr'><strong>unusquisque,</strong></span> <span class='ocrx_word' id='word_1_282' title='bbox 1243 3890 1419 3946; x_wconf 92' lang='lat' dir='ltr'><strong>quam</strong></span> <span class='ocrx_word' id='word_1_283' title='bbox 1444 3874 1559 3928; x_wconf 90' lang='lat' dir='ltr'><strong>sibi</strong></span> <span class='ocrx_word' id='word_1_284' title='bbox 1590 3873 2029 3929; x_wconf 91' lang='lat' dir='ltr'><strong>accommodam</strong></span> <span class='ocrx_word' id='word_1_285' title='bbox 2050 3874 2303 3929; x_wconf 87' lang='lat' dir='ltr'><strong>arbitra-</strong></span> 
     </span>
    </p>
   </div>
   <div class='ocr_carea' id='block_1_40' title="bbox 635 3962 2304 4034">
    <p class='ocr_par' dir='ltr' id='par_1_40' title="bbox 635 3962 2304 4034">
     <span class='ocr_line' id='line_1_40' title="bbox 635 3962 2304 4034; baseline 0 -17"><span class='ocrx_word' id='word_1_286' title='bbox 635 3966 749 4033; x_wconf 89' lang='lat' dir='ltr'><strong>tur,</strong></span> <span class='ocrx_word' id='word_1_287' title='bbox 782 3962 1047 4032; x_wconf 86' lang='lat' dir='ltr'><strong>incedat;</strong></span> <span class='ocrx_word' id='word_1_288' title='bbox 1081 3962 1395 4018; x_wconf 88' lang='lat' dir='ltr'><strong>dummodo</strong></span> <span class='ocrx_word' id='word_1_289' title='bbox 1426 3965 1718 4032; x_wconf 89' lang='lat' dir='ltr'><strong>occurrat,</strong></span> <span class='ocrx_word' id='word_1_290' title='bbox 1753 3978 1869 4034; x_wconf 92' lang='lat' dir='ltr'><strong>quo</strong></span> <span class='ocrx_word' id='word_1_291' title='bbox 1900 3963 2093 4033; x_wconf 90' lang='lat' dir='ltr'><strong>possit</strong></span> <span class='ocrx_word' id='word_1_292' title='bbox 2122 3963 2182 4018; x_wconf 91' lang='lat' dir='ltr'><strong>in</strong></span> <span class='ocrx_word' id='word_1_293' title='bbox 2213 3977 2304 4017; x_wconf 88' lang='lat' dir='ltr'><strong>ca-</strong></span> 
     </span>
    </p>
   </div>
   <div class='ocr_carea' id='block_1_41' title="bbox 633 4051 2301 4124">
    <p class='ocr_par' dir='ltr' id='par_1_41' title="bbox 633 4051 2301 4124">
     <span class='ocr_line' id='line_1_41' title="bbox 633 4051 2301 4124; baseline -0.001 -17"><span class='ocrx_word' id='word_1_294' title='bbox 633 4051 778 4107; x_wconf 90' lang='lat' dir='ltr'><strong>stris</strong></span> <span class='ocrx_word' id='word_1_295' title='bbox 799 4052 1193 4123; x_wconf 71' lang='lat' dir='ltr'><strong>praetendere.</strong></span> <span class='ocrx_word' id='word_1_296' title='bbox 1219 4052 1379 4107; x_wconf 90' lang='lat' dir='ltr'><strong>Bona</strong></span> <span class='ocrx_word' id='word_1_297' title='bbox 1393 4051 1755 4124; x_wconf 75' lang='lat' dir='ltr'><strong>virginitatis</strong></span> <span class='ocrx_word' id='word_1_298' title='bbox 1770 4052 1885 4121; x_wconf 91' lang='lat' dir='ltr'><strong>via,</strong></span> <span class='ocrx_word' id='word_1_299' title='bbox 1904 4051 2010 4107; x_wconf 89' lang='lat' dir='ltr'><strong>sed</strong></span> <span class='ocrx_word' id='word_1_300' title='bbox 2025 4051 2301 4106; x_wconf 89' lang='lat' dir='ltr'><strong>sublimis</strong></span> 
     </span>
    </p>
   </div>
   <div class='ocr_carea' id='block_1_42' title="bbox 635 4140 2299 4212">
    <p class='ocr_par' dir='ltr' id='par_1_42' title="bbox 635 4140 2299 4212">
     <span class='ocr_line' id='line_1_42' title="bbox 635 4140 2299 4212; baseline -0.001 -15"><span class='ocrx_word' id='word_1_301' title='bbox 635 4144 693 4197; x_wconf 91' lang='lat' dir='ltr'><strong>et</strong></span> <span class='ocrx_word' id='word_1_302' title='bbox 721 4141 905 4197; x_wconf 91' lang='lat' dir='ltr'><strong>ardua</strong></span> <span class='ocrx_word' id='word_1_303' title='bbox 933 4140 1254 4195; x_wconf 87' lang='lat' dir='ltr'><strong>validiores</strong></span> <span class='ocrx_word' id='word_1_304' title='bbox 1283 4140 1554 4212; x_wconf 88' lang='lat' dir='ltr'><strong>requirit.</strong></span> <span class='ocrx_word' id='word_1_305' title='bbox 1589 4141 1749 4195; x_wconf 90' lang='lat' dir='ltr'><strong>Bona</strong></span> <span class='ocrx_word' id='word_1_306' title='bbox 1779 4141 1954 4195; x_wconf 90' lang='lat' dir='ltr'><strong>etiam</strong></span> <span class='ocrx_word' id='word_1_307' title='bbox 1975 4140 2299 4211; x_wconf 90' lang='lat' dir='ltr'><strong>viduitatis,</strong></span> 
     </span>
    </p>
   </div>
   <div class='ocr_carea' id='block_1_43' title="bbox 636 4218 2304 4302">
    <p class='ocr_par' dir='ltr' id='par_1_43' title="bbox 636 4218 2304 4302">
     <span class='ocr_line' id='line_1_43' title="bbox 636 4218 2304 4302; baseline -0.001 -15"><span class='ocrx_word' id='word_1_308' title='bbox 636 4247 754 4287; x_wconf 90' lang='lat' dir='ltr'><strong>non</strong></span> <span class='ocrx_word' id='word_1_309' title='bbox 795 4233 913 4285; x_wconf 88' lang='lat' dir='ltr'><strong>tam</strong></span> <span class='ocrx_word' id='word_1_310' title='bbox 956 4229 1241 4301; x_wconf 81' lang='lat' dir='ltr'><strong>difficilis,</strong></span> <span class='ocrx_word' id='word_1_311' title='bbox 1275 4232 1338 4285; x_wconf 90' lang='lat' dir='ltr'><strong>ut</strong></span> <span class='ocrx_word' id='word_1_312' title='bbox 1373 4218 1679 4299; x_wconf 84' lang='lat' dir='ltr'><strong>superior:</strong></span> <span class='ocrx_word' id='word_1_313' title='bbox 1716 4230 1825 4284; x_wconf 92' lang='lat' dir='ltr'><strong>sed</strong></span> <span class='ocrx_word' id='word_1_314' title='bbox 1854 4228 2214 4302; x_wconf 88' lang='lat' dir='ltr'><strong>confragosa</strong></span> <span class='ocrx_word' id='word_1_315' title='bbox 2246 4232 2304 4285; x_wconf 90' lang='lat' dir='ltr'><strong>et</strong></span> 
     </span>
    </p>
   </div>
   <div class='ocr_carea' id='block_1_44' title="bbox 634 4317 2299 4391">
    <p class='ocr_par' dir='ltr' id='par_1_44' title="bbox 634 4317 2299 4391">
     <span class='ocr_line' id='line_1_44' title="bbox 634 4317 2299 4391; baseline -0.003 -15"><span class='ocrx_word' id='word_1_316' title='bbox 634 4336 851 4391; x_wconf 89' lang='lat' dir='ltr'><strong>aspera</strong></span> <span class='ocrx_word' id='word_1_317' title='bbox 890 4320 1186 4375; x_wconf 88' lang='lat' dir='ltr'><strong>cautiores</strong></span> <span class='ocrx_word' id='word_1_318' title='bbox 1234 4318 1439 4391; x_wconf 88' lang='lat' dir='ltr'><strong>exigit.</strong></span> <span class='ocrx_word' id='word_1_319' title='bbox 1490 4319 1653 4373; x_wconf 86' lang='lat' dir='ltr'><strong>Bona</strong></span> <span class='ocrx_word' id='word_1_320' title='bbox 1702 4318 1875 4374; x_wconf 91' lang='lat' dir='ltr'><strong>etiam</strong></span> <span class='ocrx_word' id='word_1_321' title='bbox 1923 4317 2299 4388; x_wconf 88' lang='lat' dir='ltr'><strong>matrimonii,</strong></span> 
     </span>
    </p>
   </div>
   <div class='ocr_carea' id='block_1_45' title="bbox 635 4407 2302 4481">
    <p class='ocr_par' dir='ltr' id='par_1_45' title="bbox 635 4407 2302 4481">
     <span class='ocr_line' id='line_1_45' title="bbox 635 4407 2302 4481; baseline -0.002 -16"><span class='ocrx_word' id='word_1_322' title='bbox 635 4410 808 4481; x_wconf 89' lang='lat' dir='ltr'><strong>plana</strong></span> <span class='ocrx_word' id='word_1_323' title='bbox 839 4412 896 4465; x_wconf 90' lang='lat' dir='ltr'><strong>et</strong></span> <span class='ocrx_word' id='word_1_324' title='bbox 923 4409 1146 4464; x_wconf 90' lang='lat' dir='ltr'><strong>directa</strong></span> <span class='ocrx_word' id='word_1_325' title='bbox 1173 4408 1443 4480; x_wconf 90' lang='lat' dir='ltr'><strong>longiore</strong></span> <span class='ocrx_word' id='word_1_326' title='bbox 1473 4407 1723 4463; x_wconf 90' lang='lat' dir='ltr'><strong>circuitu</strong></span> <span class='ocrx_word' id='word_1_327' title='bbox 1752 4407 1826 4462; x_wconf 90' lang='lat' dir='ltr'><strong>ad</strong></span> <span class='ocrx_word' id='word_1_328' title='bbox 1856 4410 2053 4462; x_wconf 89' lang='lat' dir='ltr'><strong>castra</strong></span> <span class='ocrx_word' id='word_1_329' title='bbox 2074 4408 2302 4463; x_wconf 89' lang='lat' dir='ltr'><strong>sancto-</strong></span> 
     </span>
    </p>
   </div>
   <div class='ocr_carea' id='block_1_46' title="bbox 634 4495 2303 4571">
    <p class='ocr_par' dir='ltr' id='par_1_46' title="bbox 634 4495 2303 4571">
     <span class='ocr_line' id='line_1_46' title="bbox 634 4495 2303 4571; baseline -0.002 -17"><span class='ocrx_word' id='word_1_330' title='bbox 634 4515 768 4555; x_wconf 88' lang='lat' dir='ltr'><strong>rum</strong></span> <span class='ocrx_word' id='word_1_331' title='bbox 794 4499 1082 4571; x_wconf 90' lang='lat' dir='ltr'><strong>pervenit,</strong></span> <span class='ocrx_word' id='word_1_332' title='bbox 1116 4513 1185 4553; x_wconf 87' lang='lat' dir='ltr'><strong>ea</strong></span> <span class='ocrx_word' id='word_1_333' title='bbox 1213 4496 1501 4568; x_wconf 90' lang='lat' dir='ltr'><strong>plurimos</strong></span> <span class='ocrx_word' id='word_1_334' title='bbox 1533 4497 1759 4567; x_wconf 89' lang='lat' dir='ltr'><strong>recipit.</strong></span> <span class='ocrx_word' id='word_1_335' title='bbox 1785 4495 1934 4551; x_wconf 90' lang='lat' dir='ltr'><strong>Sunt</strong></span> <span class='ocrx_word' id='word_1_336' title='bbox 1962 4512 2106 4568; x_wconf 87' lang='lat' dir='ltr'><strong>ergo</strong></span> <span class='ocrx_word' id='word_1_337' title='bbox 2124 4495 2303 4569; x_wconf 88' lang='lat' dir='ltr'><strong>virgi-</strong></span> 
     </span>
    </p>
   </div>
   <div class='ocr_carea' id='block_1_47' title="bbox 635 4584 2306 4659">
    <p class='ocr_par' dir='ltr' id='par_1_47' title="bbox 635 4584 2306 4659">
     <span class='ocr_line' id='line_1_47' title="bbox 635 4584 2306 4659; baseline -0.003 -15"><span class='ocrx_word' id='word_1_338' title='bbox 635 4589 837 4644; x_wconf 90' lang='lat' dir='ltr'><strong>nitatis</strong></span> <span class='ocrx_word' id='word_1_339' title='bbox 857 4588 1122 4659; x_wconf 87' lang='lat' dir='ltr'><strong>praemia,</strong></span> <span class='ocrx_word' id='word_1_340' title='bbox 1147 4590 1286 4642; x_wconf 90' lang='lat' dir='ltr'><strong>sunt</strong></span> <span class='ocrx_word' id='word_1_341' title='bbox 1306 4586 1512 4640; x_wconf 79' lang='lat' dir='ltr'><strong>merita</strong></span> <span class='ocrx_word' id='word_1_342' title='bbox 1532 4584 1853 4655; x_wconf 89' lang='lat' dir='ltr'><strong>viduitatis,</strong></span> <span class='ocrx_word' id='word_1_343' title='bbox 1871 4585 2147 4640; x_wconf 91' lang='lat' dir='ltr'><strong>estetiam</strong></span> <span class='ocrx_word' id='word_1_344' title='bbox 2168 4601 2306 4640; x_wconf 84' lang='lat' dir='ltr'><strong>con-</strong></span> 
     </span>
    </p>
   </div>
   <div class='ocr_carea' id='block_1_48' title="bbox 627 4674 2301 4751">
    <p class='ocr_par' dir='ltr' id='par_1_48' title="bbox 627 4674 2301 4751">
     <span class='ocr_line' id='line_1_48' title="bbox 627 4674 2301 4751; baseline -0.003 -17"><span class='ocrx_word' id='word_1_345' title='bbox 627 4677 825 4751; x_wconf 80' lang='lat' dir='ltr'><strong>jugali</strong></span> <span class='ocrx_word' id='word_1_346' title='bbox 852 4676 1150 4748; x_wconf 67' lang='lat' dir='ltr'><strong>pudicitia:</strong></span> <span class='ocrx_word' id='word_1_347' title='bbox 1180 4676 1369 4731; x_wconf 93' lang='lat' dir='ltr'><strong>locus.</strong></span> <span class='ocrx_word' id='word_1_348' title='bbox 1400 4674 1633 4730; x_wconf 89' lang='lat' dir='ltr'><strong>Gradus</strong></span> <span class='ocrx_word' id='word_1_349' title='bbox 1672 4674 2044 4746; x_wconf 87' lang='lat' dir='ltr'><strong>singularum</strong></span> <span class='ocrx_word' id='word_1_350' title='bbox 2076 4678 2216 4729; x_wconf 92' lang='lat' dir='ltr'><strong>sunt</strong></span> <span class='ocrx_word' id='word_1_351' title='bbox 2243 4677 2301 4729; x_wconf 90' lang='lat' dir='ltr'><strong>et</strong></span> 
     </span>
    </p>
   </div>
   <div class='ocr_carea' id='block_1_49' title="bbox 634 4766 1332 4822">
    <p class='ocr_par' dir='ltr' id='par_1_49' title="bbox 634 4766 1332 4822">
     <span class='ocr_line' id='line_1_49' title="bbox 634 4766 1332 4822; baseline -0.003 -1"><span class='ocrx_word' id='word_1_352' title='bbox 634 4767 998 4822; x_wconf 89' lang='lat' dir='ltr'><strong>incrementa</strong></span> <span class='ocrx_word' id='word_1_353' title='bbox 1027 4766 1332 4821; x_wconf 88' lang='lat' dir='ltr'><strong>virtutum.</strong></span> 
     </span>
    </p>
   </div>
   <div class='ocr_carea' id='block_1_50' title="bbox 707 4852 2299 4927">
    <p class='ocr_par' dir='ltr' id='par_1_50' title="bbox 707 4852 2299 4927">
     <span class='ocr_line' id='line_1_50' title="bbox 707 4852 2299 4927; baseline -0.001 -16"><span class='ocrx_word' id='word_1_354' title='bbox 707 4855 797 4911; x_wconf 75' lang='grc'><strong>41.</strong></span> <span class='ocrx_word' id='word_1_355' title='bbox 820 4855 978 4910; x_wconf 88' lang='lat' dir='ltr'><strong>State</strong></span> <span class='ocrx_word' id='word_1_356' title='bbox 1009 4854 1190 4927; x_wconf 85' lang='lat' dir='ltr'><strong>igitur</strong></span> <span class='ocrx_word' id='word_1_357' title='bbox 1216 4856 1276 4910; x_wconf 91' lang='lat' dir='ltr'><strong>in</strong></span> <span class='ocrx_word' id='word_1_358' title='bbox 1309 4852 1486 4909; x_wconf 87' lang='lat' dir='ltr'><strong>corde</strong></span> <span class='ocrx_word' id='word_1_359' title='bbox 1514 4856 1739 4923; x_wconf 89' lang='lat' dir='ltr'><strong>vestro,</strong></span> <span class='ocrx_word' id='word_1_360' title='bbox 1764 4868 1837 4908; x_wconf 92' lang='lat' dir='ltr'><strong>ne</strong></span> <span class='ocrx_word' id='word_1_361' title='bbox 1859 4852 1994 4925; x_wconf 89' lang='lat' dir='ltr'><strong>quis</strong></span> <span class='ocrx_word' id='word_1_362' title='bbox 2012 4867 2121 4908; x_wconf 91' lang='lat' dir='ltr'><strong>vos</strong></span> <span class='ocrx_word' id='word_1_363' title='bbox 2150 4852 2299 4909; x_wconf 83' lang='lat' dir='ltr'><strong>sub-</strong></span> 
     </span>
    </p>
   </div>
   <div class='ocr_carea' id='block_1_51' title="bbox 637 4942 2300 5014">
    <p class='ocr_par' dir='ltr' id='par_1_51' title="bbox 637 4942 2300 5014">
     <span class='ocr_line' id='line_1_51' title="bbox 637 4942 2300 5014; baseline -0.001 -15"><span class='ocrx_word' id='word_1_364' title='bbox 637 4946 786 5013; x_wconf 87' lang='lat' dir='ltr'><strong>ruat,</strong></span> <span class='ocrx_word' id='word_1_365' title='bbox 821 4959 895 4998; x_wconf 91' lang='lat' dir='ltr'><strong>ne</strong></span> <span class='ocrx_word' id='word_1_366' title='bbox 923 4944 1058 5014; x_wconf 90' lang='lat' dir='ltr'><strong>quis</strong></span> <span class='ocrx_word' id='word_1_367' title='bbox 1095 4944 1288 5013; x_wconf 89' lang='lat' dir='ltr'><strong>possit</strong></span> <span class='ocrx_word' id='word_1_368' title='bbox 1325 4943 1695 4999; x_wconf 84' lang='lat' dir='ltr'><strong>subvertere.</strong></span> <span class='ocrx_word' id='word_1_369' title='bbox 1739 4942 1948 4998; x_wconf 91' lang='lat' dir='ltr'><strong>Docuit</strong></span> <span class='ocrx_word' id='word_1_370' title='bbox 1986 4958 2097 4997; x_wconf 91' lang='lat' dir='ltr'><strong>nos</strong></span> <span class='ocrx_word' id='word_1_371' title='bbox 2138 4942 2300 5013; x_wconf 84' lang='lat' dir='ltr'><strong>Apo-</strong></span> 
     </span>
    </p>
   </div>
   <div class='ocr_carea' id='block_1_52' title="bbox 638 5031 2300 5104">
    <p class='ocr_par' dir='ltr' id='par_1_52' title="bbox 638 5031 2300 5104">
     <span class='ocr_line' id='line_1_52' title="bbox 638 5031 2300 5104; baseline -0.001 -16"><span class='ocrx_word' id='word_1_372' title='bbox 638 5032 829 5088; x_wconf 88' lang='lat' dir='ltr'><strong>stolus</strong></span> <span class='ocrx_word' id='word_1_373' title='bbox 859 5032 998 5103; x_wconf 87' lang='lat' dir='ltr'><strong>quid</strong></span> <span class='ocrx_word' id='word_1_374' title='bbox 1028 5032 1106 5087; x_wconf 89' lang='lat' dir='ltr'><strong>sit</strong></span> <span class='ocrx_word' id='word_1_375' title='bbox 1143 5036 1321 5103; x_wconf 89' lang='lat' dir='ltr'><strong>stare,</strong></span> <span class='ocrx_word' id='word_1_376' title='bbox 1356 5032 1468 5087; x_wconf 88' lang='lat' dir='ltr'><strong>hoc</strong></span> <span class='ocrx_word' id='word_1_377' title='bbox 1510 5035 1620 5104; x_wconf 89' lang='lat' dir='ltr'><strong>est,</strong></span> <span class='ocrx_word' id='word_1_378' title='bbox 1660 5032 1819 5104; x_wconf 93' lang='lat' dir='ltr'><strong>quod</strong></span> <span class='ocrx_word' id='word_1_379' title='bbox 1857 5031 2050 5102; x_wconf 81' lang='lat' dir='ltr'><strong>Moysi</strong></span> <span class='ocrx_word' id='word_1_380' title='bbox 2079 5031 2300 5086; x_wconf 89' lang='lat' dir='ltr'><strong>dictum</strong></span> 
     </span>
    </p>
   </div>
   <div class='ocr_carea' id='block_1_53' title="bbox 709 5246 2296 5320">
    <p class='ocr_par' dir='ltr' id='par_1_53' title="bbox 709 5246 2296 5320">
     <span class='ocr_line' id='line_1_53' title="bbox 709 5246 2296 5320; baseline -0.003 -15"><span class='ocrx_word' id='word_1_381' title='bbox 709 5248 822 5320; x_wconf 84' lang='lat'><strong>(68)</strong></span> <span class='ocrx_word' id='word_1_382' title='bbox 843 5248 1035 5304; x_wconf 87' lang='lat' dir='ltr'><strong>Paris.</strong></span> <span class='ocrx_word' id='word_1_383' title='bbox 1061 5248 1329 5320; x_wconf 68' lang='lat' dir='ltr'><strong>quaedam</strong></span> <span class='ocrx_word' id='word_1_384' title='bbox 1350 5248 1511 5317; x_wconf 91' lang='lat' dir='ltr'><strong>edit.,</strong></span> <span class='ocrx_word' id='word_1_385' title='bbox 1541 5271 1562 5296; x_wconf 77' lang='grc' dir='ltr'><strong>«ι</strong></span> <span class='ocrx_word' id='word_1_386' title='bbox 1588 5248 1810 5303; x_wconf 90' lang='lat' dir='ltr'><strong>munita</strong></span> <span class='ocrx_word' id='word_1_387' title='bbox 1830 5246 2234 5318; x_wconf 87' lang='lat' dir='ltr'><strong>perfectionis.</strong></span> <span class='ocrx_word' id='word_1_388' title='bbox 2274 5269 2296 5296; x_wconf 76' lang='grc' dir='ltr'><strong>π</strong></span> 
     </span>
    </p>
   </div>
   <div class='ocr_carea' id='block_1_54' title="bbox 709 5321 2295 5393">
    <p class='ocr_par' dir='ltr' id='par_1_54' title="bbox 709 5321 2295 5393">
     <span class='ocr_line' id='line_1_54' title="bbox 709 5321 2295 5393; baseline -0.003 -16"><span class='ocrx_word' id='word_1_389' title='bbox 709 5321 822 5393; x_wconf 85' lang='grc'>(69)</span> <span class='ocrx_word' id='word_1_390' title='bbox 860 5321 1015 5393; x_wconf 84' lang='lat' dir='ltr'><strong>Mss.</strong></span> <span class='ocrx_word' id='word_1_391' title='bbox 1048 5321 1287 5392; x_wconf 88' lang='lat' dir='ltr'><strong>aliquot,</strong></span> <span class='ocrx_word' id='word_1_392' title='bbox 1336 5343 1356 5367; x_wconf 85' lang='lat'><strong>«</strong></span> <span class='ocrx_word' id='word_1_393' title='bbox 1396 5321 1634 5375; x_wconf 89' lang='lat' dir='ltr'><strong>virtutis</strong></span> <span class='ocrx_word' id='word_1_394' title='bbox 1677 5321 1872 5375; x_wconf 90' lang='lat' dir='ltr'><strong>cibum</strong></span> <span class='ocrx_word' id='word_1_395' title='bbox 1913 5321 2235 5393; x_wconf 85' lang='lat' dir='ltr'><strong>exspectet.</strong></span> <span class='ocrx_word' id='word_1_396' title='bbox 2273 5340 2295 5366; x_wconf 78' lang='grc' dir='ltr'><strong>ι·</strong></span> 
     </span>
    </p>
   </div>
   <div class='ocr_carea' id='block_1_55' title="bbox 707 5390 2300 5473">
    <p class='ocr_par' dir='ltr' id='par_1_55' title="bbox 707 5390 2300 5473">
     <span class='ocr_line' id='line_1_55' title="bbox 707 5390 2300 5473; baseline -0.003 -24"><span class='ocrx_word' id='word_1_397' title='bbox 707 5390 820 5473; x_wconf 73' lang='lat' dir='ltr'><strong>(7Q)</strong></span> <span class='ocrx_word' id='word_1_398' title='bbox 853 5392 1005 5447; x_wconf 85' lang='lat' dir='ltr'><strong>Edit.</strong></span> <span class='ocrx_word' id='word_1_399' title='bbox 1038 5390 1163 5447; x_wconf 61' lang='lat' dir='ltr'><strong>vet:</strong></span> <span class='ocrx_word' id='word_1_400' title='bbox 1183 5408 1314 5473; x_wconf 71' lang='lat' dir='ltr'><strong>cum</strong></span> <span class='ocrx_word' id='word_1_401' title='bbox 1349 5392 1553 5462; x_wconf 91' lang='lat' dir='ltr'><strong>paucis</strong></span> <span class='ocrx_word' id='word_1_402' title='bbox 1582 5407 1754 5473; x_wconf 43' lang='lat' dir='ltr'><strong>mss”</strong></span> <span class='ocrx_word' id='word_1_403' title='bbox 1793 5414 1814 5439; x_wconf 73' lang='grc' dir='ltr'>α</span> <span class='ocrx_word' id='word_1_404' title='bbox 1844 5391 2021 5473; x_wconf 67' lang='lat' dir='ltr'><strong>quasi</strong></span> <span class='ocrx_word' id='word_1_405' title='bbox 2053 5390 2169 5446; x_wconf 91' lang='lat' dir='ltr'><strong>otio</strong></span> <span class='ocrx_word' id='word_1_406' title='bbox 2200 5404 2300 5473; x_wconf 56' lang='grc' dir='ltr'><strong>ἰξο-</strong></span> 
     </span>
    </p>
   </div>
   <div class='ocr_carea' id='block_1_56' title="bbox 635 5461 2299 5535">
    <p class='ocr_par' dir='ltr' id='par_1_56' title="bbox 635 5461 2299 5535">
     <span class='ocr_line' id='line_1_56' title="bbox 635 5461 2299 5535; baseline -0.005 -13"><span class='ocrx_word' id='word_1_407' title='bbox 635 5461 887 5522; x_wconf 86' lang='lat' dir='ltr'><strong>solvitur</strong></span> <span class='ocrx_word' id='word_1_408' title='bbox 904 5478 1173 5535; x_wconf 83' lang='lat' dir='ltr'><strong>corpore,</strong></span> <span class='ocrx_word' id='word_1_409' title='bbox 1200 5488 1222 5512; x_wconf 81' lang='lat'><strong>»</strong></span> <span class='ocrx_word' id='word_1_410' title='bbox 1249 5461 1463 5519; x_wconf 77' lang='lat' dir='ltr'><strong>Rom...</strong></span> <span class='ocrx_word' id='word_1_411' title='bbox 1490 5465 1789 5535; x_wconf 77' lang='lat' dir='ltr'><strong>corporis:</strong></span> <span class='ocrx_word' id='word_1_412' title='bbox 1807 5461 2066 5535; x_wconf 80' lang='lat' dir='ltr'><strong>aliimss.</strong></span> <span class='ocrx_word' id='word_1_413' title='bbox 2087 5461 2299 5535; x_wconf 78' lang='lat' dir='ltr'><strong>partim</strong></span> 
     </span>
    </p>
   </div>
   <div class='ocr_carea' id='block_1_57' title="bbox 639 5532 2299 5610">
    <p class='ocr_par' dir='ltr' id='par_1_57' title="bbox 639 5532 2299 5610">
     <span class='ocr_line' id='line_1_57' title="bbox 639 5532 2299 5610; baseline -0.005 -16"><span class='ocrx_word' id='word_1_414' title='bbox 639 5561 661 5587; x_wconf 70' lang='grc' dir='ltr'>α</span> <span class='ocrx_word' id='word_1_415' title='bbox 699 5538 871 5610; x_wconf 90' lang='lat' dir='ltr'><strong>quasi</strong></span> <span class='ocrx_word' id='word_1_416' title='bbox 901 5532 1029 5592; x_wconf 47' lang='lat' dir='ltr'><strong>otio&#39;</strong></span> <span class='ocrx_word' id='word_1_417' title='bbox 1048 5532 1368 5592; x_wconf 77' lang='lat' dir='ltr'><strong>resOlvitur</strong></span> <span class='ocrx_word' id='word_1_418' title='bbox 1396 5532 1645 5605; x_wconf 82' lang='lat' dir='ltr'><strong>corpora</strong></span> <span class='ocrx_word' id='word_1_419' title='bbox 1669 5550 1683 5605; x_wconf 93' lang='lat'><strong>;</strong></span> <span class='ocrx_word' id='word_1_420' title='bbox 1711 5556 1733 5582; x_wconf 77' lang='grc' dir='ltr'><em>η</em></span> <span class='ocrx_word' id='word_1_421' title='bbox 1767 5532 1977 5603; x_wconf 85' lang='lat' dir='ltr'><strong>partim</strong></span> <span class='ocrx_word' id='word_1_422' title='bbox 2006 5537 2069 5588; x_wconf 89' lang='lat' dir='ltr'><strong>ut</strong></span> <span class='ocrx_word' id='word_1_423' title='bbox 2097 5548 2208 5588; x_wconf 91' lang='lat' dir='ltr'><strong>nos</strong></span> <span class='ocrx_word' id='word_1_424' title='bbox 2239 5532 2299 5585; x_wconf 90' lang='lat' dir='ltr'><strong>in</strong></span> 
     </span>
    </p>
   </div>
   <div class='ocr_carea' id='block_1_58' title="bbox 632 5613 2292 5750">
    <p class='ocr_par' dir='ltr' id='par_1_58' title="bbox 632 5613 2292 5750">
     <span class='ocr_line' id='line_1_58' title="bbox 632 5613 2292 5750; baseline -0.006 -15"><span class='ocrx_word' id='word_1_425' title='bbox 632 5613 820 5750; x_wconf 30' lang='grc' dir='ltr'><strong>έθῗέῗῇ</strong></span> <span class='ocrx_word' id='word_1_426' title='bbox 852 5681 1020 5736; x_wconf 81' lang='lat' dir='ltr'><strong>Rom.</strong></span> <span class='ocrx_word' id='word_1_427' title='bbox 1055 5678 1216 5748; x_wconf 89' lang='lat' dir='ltr'><strong>edit.,</strong></span> <span class='ocrx_word' id='word_1_428' title='bbox 1254 5699 1277 5729; x_wconf 73' lang='grc' dir='ltr'>ι</span> <span class='ocrx_word' id='word_1_429' title='bbox 1321 5681 1455 5732; x_wconf 88' lang='lat' dir='ltr'><strong>ante</strong></span> <span class='ocrx_word' id='word_1_430' title='bbox 1502 5676 1915 5750; x_wconf 72' lang='lat' dir='ltr'><strong>exspectatum</strong></span> <span class='ocrx_word' id='word_1_431' title='bbox 1942 5674 2232 5744; x_wconf 80' lang='lat' dir='ltr'><strong>praelium.</strong></span> <span class='ocrx_word' id='word_1_432' title='bbox 2266 5697 2292 5750; x_wconf 9' lang='grc' dir='ltr'><strong>ἓ»</strong></span> 
     </span>
    </p>
   </div>
   <div class='ocr_carea' id='block_1_59' title="bbox 637 5746 2300 5817">
    <p class='ocr_par' dir='ltr' id='par_1_59' title="bbox 637 5746 2300 5817">
     <span class='ocr_line' id='line_1_59' title="bbox 637 5746 2300 5817; baseline -0.004 -12"><span class='ocrx_word' id='word_1_433' title='bbox 637 5746 835 5805; x_wconf 82' lang='lat' dir='ltr'><strong>Minus</strong></span> <span class='ocrx_word' id='word_1_434' title='bbox 857 5751 1161 5804; x_wconf 89' lang='lat' dir='ltr'><strong>commode</strong></span> <span class='ocrx_word' id='word_1_435' title='bbox 1186 5746 1209 5814; x_wconf 31' lang='lat'><strong>;&#39;</strong></span> <span class='ocrx_word' id='word_1_436' title='bbox 1234 5749 1317 5803; x_wconf 87' lang='lat' dir='ltr'><strong>ibi</strong></span> <span class='ocrx_word' id='word_1_437' title='bbox 1346 5749 1501 5802; x_wconf 88' lang='lat' dir='ltr'><strong>enim</strong></span> <span class='ocrx_word' id='word_1_438' title='bbox 1531 5746 2157 5817; x_wconf 80' lang='lat' dir='ltr'><strong>intelligiturtempus,</strong></span> <span class='ocrx_word' id='word_1_439' title='bbox 2189 5748 2300 5799; x_wconf 87' lang='lat' dir='ltr'><strong>est-</strong></span> 
     </span>
    </p>
   </div>
   <div class='ocr_carea' id='block_1_60' title="bbox 640 5815 2299 5901">
    <p class='ocr_par' dir='ltr' id='par_1_60' title="bbox 640 5815 2299 5901">
     <span class='ocr_line' id='line_1_60' title="bbox 640 5815 2299 5901; baseline 0 -26"><span class='ocrx_word' id='word_1_440' title='bbox 640 5835 755 5901; x_wconf 88' lang='lat' dir='ltr'><strong>que</strong></span> <span class='ocrx_word' id='word_1_441' title='bbox 780 5820 1089 5883; x_wconf 80' lang='lat' dir='ltr'><strong>manifesta</strong></span> <span class='ocrx_word' id='word_1_442' title='bbox 1105 5819 1348 5876; x_wconf 89' lang='lat' dir='ltr'><strong>imitatio</strong></span> <span class='ocrx_word' id='word_1_443' title='bbox 1367 5832 1588 5875; x_wconf 87' lang='lat' dir='ltr'><strong>versus</strong></span> <span class='ocrx_word' id='word_1_444' title='bbox 1601 5815 1768 5899; x_wconf 74' lang='lat' dir='ltr'><strong>Virg.</strong></span> <span class='ocrx_word' id='word_1_445' title='bbox 1794 5830 1825 5872; x_wconf 90' lang='lat' dir='ltr'><strong>e</strong></span> <span class='ocrx_word' id='word_1_446' title='bbox 1845 5816 1946 5874; x_wconf 85' lang='lat' dir='ltr'><strong>lib.</strong></span> <span class='ocrx_word' id='word_1_447' title='bbox 1971 5815 2038 5872; x_wconf 43' lang='lat' dir='ltr'><strong>iv’</strong></span> <span class='ocrx_word' id='word_1_448' title='bbox 2055 5815 2299 5892; x_wconf 80' lang='lat' dir='ltr'><strong>Georg.:</strong></span> 
     </span>
    </p>
   </div>
   <div class='ocr_carea' id='block_1_61' title="bbox 2423 652 2877 707">
    <p class='ocr_par' dir='ltr' id='par_1_61' title="bbox 2423 652 2877 707">
     <span class='ocr_line' id='line_1_61' title="bbox 2423 652 2877 707; baseline 0.002 -1"><span class='ocrx_word' id='word_1_449' title='bbox 2423 652 2614 707; x_wconf 79' lang='lat' dir='ltr'><strong>Exod.</strong></span> <span class='ocrx_word' id='word_1_450' title='bbox 2638 668 2722 707; x_wconf 81' lang='lat' dir='ltr'><strong>In.</strong></span> <span class='ocrx_word' id='word_1_451' title='bbox 2746 652 2823 707; x_wconf 74' lang='lat'><strong>5).</strong></span> <span class='ocrx_word' id='word_1_452' title='bbox 2855 675 2877 700; x_wconf 76' lang='grc' dir='ltr'><strong>ιι</strong></span> 
     </span>
    </p>
   </div>
   <div class='ocr_carea' id='block_1_62' title="bbox 1117 650 3979 839">
    <p class='ocr_par' dir='ltr' id='par_1_62' title="bbox 1117 650 3979 839">
     <span class='ocr_line' id='line_1_62' title="bbox 1117 650 3932 727; baseline 0.003 -20"><span class='ocrx_word' id='word_1_453' title='bbox 1117 654 1195 723; x_wconf 90' lang='lat' dir='ltr'><strong>nt,</strong></span> <span class='ocrx_word' id='word_1_454' title='bbox 1221 651 1517 724; x_wconf 90' lang='lat' dir='ltr'><strong>quomodo</strong></span> <span class='ocrx_word' id='word_1_455' title='bbox 1537 651 1765 723; x_wconf 93' lang='lat' dir='ltr'><strong>placeat</strong></span> <span class='ocrx_word' id='word_1_456' title='bbox 1786 652 1909 708; x_wconf 89' lang='lat' dir='ltr'><strong>Deo</strong></span> <span class='ocrx_word' id='word_1_457' title='bbox 1931 651 2109 722; x_wconf 81' lang='lat' dir='ltr'><strong>(Ibid.</strong></span> <span class='ocrx_word' id='word_1_458' title='bbox 2124 651 2237 722; x_wconf 75' lang='lat'><strong>82).</strong></span> <span class='ocrx_word' id='word_1_459' title='bbox 2265 672 2286 700; x_wconf 76' lang='grc' dir='ltr'><strong>ι</strong></span> <span class='ocrx_word' id='word_1_460' title='bbox 2396 650 2614 723; x_wconf 79' lang='lat' dir='ltr'><strong>(Exod.</strong></span> <span class='ocrx_word' id='word_1_461' title='bbox 2638 668 2722 723; x_wconf 79' lang='lat' dir='ltr'><strong>Ill,</strong></span> <span class='ocrx_word' id='word_1_462' title='bbox 2746 651 2823 721; x_wconf 93' lang='lat'><strong>5),</strong></span> <span class='ocrx_word' id='word_1_463' title='bbox 2855 675 2877 700; x_wconf 75' lang='grc' dir='ltr'><strong>ιι</strong></span> <span class='ocrx_word' id='word_1_464' title='bbox 2922 666 3093 708; x_wconf 90' lang='lat' dir='ltr'><strong>nemo</strong></span> <span class='ocrx_word' id='word_1_465' title='bbox 3134 653 3289 708; x_wconf 89' lang='lat' dir='ltr'><strong>enim</strong></span> <span class='ocrx_word' id='word_1_466' title='bbox 3326 657 3461 723; x_wconf 87' lang='lat' dir='ltr'><strong>stat,</strong></span> <span class='ocrx_word' id='word_1_467' title='bbox 3503 654 3613 709; x_wconf 86' lang='lat' dir='ltr'><strong>nisi</strong></span> <span class='ocrx_word' id='word_1_468' title='bbox 3640 658 3728 727; x_wconf 91' lang='lat' dir='ltr'><strong>qui</strong></span> <span class='ocrx_word' id='word_1_469' title='bbox 3750 658 3838 714; x_wconf 81' lang='lat' dir='ltr'><strong>ﬁde</strong></span> <span class='ocrx_word' id='word_1_470' title='bbox 3858 668 3932 725; x_wconf 76' lang='lat' dir='ltr'><strong>stat,</strong></span> 
     </span>
     <span class='ocr_line' id='line_1_63' title="bbox 1117 739 3979 839; baseline 0.002 -43"><span class='ocrx_word' id='word_1_471' title='bbox 1229 740 1445 839; x_wconf 64' lang='lat' dir='ltr'><strong>mulier</strong></span> <span class='ocrx_word' id='word_1_472' title='bbox 1481 741 1722 839; x_wconf 85' lang='lat' dir='ltr'><strong>innupta</strong></span> <span class='ocrx_word' id='word_1_473' title='bbox 1762 744 1820 796; x_wconf 91' lang='lat' dir='ltr'><strong>et</strong></span> <span class='ocrx_word' id='word_1_474' title='bbox 1862 741 2047 839; x_wconf 28' lang='lat' dir='ltr'><strong>virgo.</strong></span> <span class='ocrx_word' id='word_1_475' title='bbox 2075 739 2296 839; x_wconf 73' lang='lat' dir='ltr'><strong>cogitat</strong></span> <span class='ocrx_word' id='word_1_476' title='bbox 2394 741 2627 839; x_wconf 75' lang='lat' dir='ltr'><strong>nisiqui</strong></span> <span class='ocrx_word' id='word_1_477' title='bbox 2656 741 3305 839; x_wconf 32' lang='lat' dir='ltr'><strong>ﬁxu-sstat‘suicordis</strong></span> <span class='ocrx_word' id='word_1_478' title='bbox 3339 740 3933 839; x_wconf 44' lang='lat' dir='ltr'><strong>sententiaLAIibiqueque</strong></span> <span class='ocrx_word' id='word_1_479' title='bbox 3978 790 3979 839; x_wconf 32' lang='grc' dir='ltr'>ι</span> 
     </span>
    </p>
   </div>
   <div class='ocr_carea' id='block_1_63' title="bbox 627 828 3929 906">
    <p class='ocr_par' dir='ltr' id='par_1_63' title="bbox 627 828 3929 906">
     <span class='ocr_line' id='line_1_64' title="bbox 627 828 3929 906; baseline 0 -21"><span class='ocrx_word' id='word_1_480' title='bbox 627 845 762 902; x_wconf 81' lang='lat' dir='ltr'><strong>quae</strong></span> <span class='ocrx_word' id='word_1_481' title='bbox 794 833 934 886; x_wconf 90' lang='lat' dir='ltr'><strong>sunt</strong></span> <span class='ocrx_word' id='word_1_482' title='bbox 962 830 1232 901; x_wconf 90' lang='lat' dir='ltr'><strong>Domini;</strong></span> <span class='ocrx_word' id='word_1_483' title='bbox 1280 833 1348 885; x_wconf 92' lang='lat' dir='ltr'><strong>ut</strong></span> <span class='ocrx_word' id='word_1_484' title='bbox 1371 830 1449 885; x_wconf 90' lang='lat' dir='ltr'><strong>sit</strong></span> <span class='ocrx_word' id='word_1_485' title='bbox 1478 834 1686 885; x_wconf 90' lang='lat' dir='ltr'><strong>sancta</strong></span> <span class='ocrx_word' id='word_1_486' title='bbox 1714 845 1967 901; x_wconf 86' lang='lat' dir='ltr'><strong>corpore</strong></span> <span class='ocrx_word' id='word_1_487' title='bbox 1997 832 2055 885; x_wconf 88' lang='lat' dir='ltr'><strong>et</strong></span> <span class='ocrx_word' id='word_1_488' title='bbox 2085 828 2299 899; x_wconf 89' lang='lat' dir='ltr'><strong>spiritu</strong></span> <span class='ocrx_word' id='word_1_489' title='bbox 2396 830 2684 900; x_wconf 86' lang='lat' dir='ltr'><strong>legimus:</strong></span> <span class='ocrx_word' id='word_1_490' title='bbox 2714 852 2736 877; x_wconf 70' lang='grc' dir='ltr'><strong>α</strong></span> <span class='ocrx_word' id='word_1_491' title='bbox 2765 828 2854 885; x_wconf 93' lang='lat' dir='ltr'><strong>Tu</strong></span> <span class='ocrx_word' id='word_1_492' title='bbox 2871 834 3065 886; x_wconf 88' lang='lat' dir='ltr'><strong>autem</strong></span> <span class='ocrx_word' id='word_1_493' title='bbox 3084 830 3178 886; x_wconf 90' lang='lat' dir='ltr'><strong>hic</strong></span> <span class='ocrx_word' id='word_1_494' title='bbox 3212 834 3305 886; x_wconf 91' lang='lat' dir='ltr'><strong>sta</strong></span> <span class='ocrx_word' id='word_1_495' title='bbox 3332 846 3562 887; x_wconf 90' lang='lat' dir='ltr'><strong>mecum</strong></span> <span class='ocrx_word' id='word_1_496' title='bbox 3591 831 3762 903; x_wconf 84' lang='lat' dir='ltr'><strong>(Deut.</strong></span> <span class='ocrx_word' id='word_1_497' title='bbox 3780 837 3929 906; x_wconf 73' lang='lat' dir='ltr'><strong>v,31)..</strong></span> 
     </span>
    </p>
   </div>
   <div class='ocr_carea' id='block_1_64' title="bbox 2922 653 3932 727">
    <p class='ocr_par' dir='ltr' id='par_1_64' title="bbox 2922 653 3932 727">
     <span class='ocr_line' id='line_1_65' title="bbox 2922 653 3932 727; baseline 0.008 -20"><span class='ocrx_word' id='word_1_498' title='bbox 2922 666 3093 708; x_wconf 90' lang='lat' dir='ltr'><strong>nemo</strong></span> <span class='ocrx_word' id='word_1_499' title='bbox 3134 653 3289 708; x_wconf 89' lang='lat' dir='ltr'><strong>enim</strong></span> <span class='ocrx_word' id='word_1_500' title='bbox 3326 657 3461 723; x_wconf 87' lang='lat' dir='ltr'><strong>stat,</strong></span> <span class='ocrx_word' id='word_1_501' title='bbox 3503 654 3613 709; x_wconf 86' lang='lat' dir='ltr'><strong>nisi</strong></span> <span class='ocrx_word' id='word_1_502' title='bbox 3640 658 3728 727; x_wconf 91' lang='lat' dir='ltr'><strong>qui</strong></span> <span class='ocrx_word' id='word_1_503' title='bbox 3750 658 3838 714; x_wconf 81' lang='lat' dir='ltr'><strong>ﬁde</strong></span> <span class='ocrx_word' id='word_1_504' title='bbox 3858 668 3932 725; x_wconf 76' lang='lat' dir='ltr'><strong>stat,</strong></span> 
     </span>
    </p>
   </div>
   <div class='ocr_carea' id='block_1_65' title="bbox 2402 916 3931 992">
    <p class='ocr_par' dir='ltr' id='par_1_65' title="bbox 2402 916 3931 992">
     <span class='ocr_line' id='line_1_66' title="bbox 2402 916 3931 992; baseline 0.004 -19"><span class='ocrx_word' id='word_1_505' title='bbox 2402 916 2734 991; x_wconf 83' lang='lat' dir='ltr'><strong>Utrumque</strong></span> <span class='ocrx_word' id='word_1_506' title='bbox 2784 920 2858 974; x_wconf 92' lang='lat' dir='ltr'><strong>ad</strong></span> <span class='ocrx_word' id='word_1_507' title='bbox 2906 919 3152 992; x_wconf 72' lang='lat' dir='ltr'><strong>Moysen</strong></span> <span class='ocrx_word' id='word_1_508' title='bbox 3200 936 3234 974; x_wconf 92' lang='lat' dir='ltr'><strong>a</strong></span> <span class='ocrx_word' id='word_1_509' title='bbox 3263 920 3510 975; x_wconf 90' lang='lat' dir='ltr'><strong>Domino</strong></span> <span class='ocrx_word' id='word_1_510' title='bbox 3556 920 3751 977; x_wconf 90' lang='lat' dir='ltr'><strong>dictum</strong></span> <span class='ocrx_word' id='word_1_511' title='bbox 3788 928 3931 991; x_wconf 64' lang='lat' dir='ltr'><strong>este!-</strong></span> 
     </span>
    </p>
   </div>
   <div class='ocr_carea' id='block_1_66' title="bbox 2406 1008 3979 1081">
    <p class='ocr_par' dir='ltr' id='par_1_66' title="bbox 2406 1008 3979 1081">
     <span class='ocr_line' id='line_1_67' title="bbox 2406 1008 3979 1081; baseline 0.003 -19"><span class='ocrx_word' id='word_1_512' title='bbox 2406 1031 2427 1056; x_wconf 76' lang='grc' dir='ltr'>α</span> <span class='ocrx_word' id='word_1_513' title='bbox 2446 1008 2563 1064; x_wconf 89' lang='lat' dir='ltr'><strong>Ubi</strong></span> <span class='ocrx_word' id='word_1_514' title='bbox 2576 1011 2637 1063; x_wconf 93' lang='lat' dir='ltr'><strong>tu</strong></span> <span class='ocrx_word' id='word_1_515' title='bbox 2654 1012 2801 1078; x_wconf 90' lang='lat' dir='ltr'><strong>stas,</strong></span> <span class='ocrx_word' id='word_1_516' title='bbox 2818 1013 2981 1064; x_wconf 90' lang='lat' dir='ltr'><strong>terra</strong></span> <span class='ocrx_word' id='word_1_517' title='bbox 2995 1012 3198 1064; x_wconf 88' lang='lat' dir='ltr'><strong>sancta</strong></span> <span class='ocrx_word' id='word_1_518' title='bbox 3211 1013 3322 1080; x_wconf 91' lang='lat' dir='ltr'><strong>est,</strong></span> <span class='ocrx_word' id='word_1_519' title='bbox 3342 1033 3365 1058; x_wconf 77' lang='grc' dir='ltr'>ιι</span> <span class='ocrx_word' id='word_1_520' title='bbox 3385 1013 3470 1065; x_wconf 90' lang='lat' dir='ltr'><strong>et:</strong></span> <span class='ocrx_word' id='word_1_521' title='bbox 3497 1030 3519 1058; x_wconf 76' lang='grc' dir='ltr'><strong><em>α</em></strong></span> <span class='ocrx_word' id='word_1_522' title='bbox 3540 1009 3642 1064; x_wconf 85' lang='lat' dir='ltr'><strong>Hic</strong></span> <span class='ocrx_word' id='word_1_523' title='bbox 3658 1014 3929 1081; x_wconf 34' lang='lat' dir='ltr'><strong>stamecnmp</strong></span> <span class='ocrx_word' id='word_1_524' title='bbox 3978 1034 3979 1039; x_wconf 48' lang='grc' dir='ltr'><strong>η</strong></span> 
     </span>
    </p>
   </div>
   <div class='ocr_carea' id='block_1_67' title="bbox 2404 1095 3933 1169">
    <p class='ocr_par' dir='ltr' id='par_1_67' title="bbox 2404 1095 3933 1169">
     <span class='ocr_line' id='line_1_68' title="bbox 2404 1095 3933 1169; baseline 0.003 -18"><span class='ocrx_word' id='word_1_525' title='bbox 2404 1098 2517 1153; x_wconf 90' lang='lat' dir='ltr'><strong>hoc</strong></span> <span class='ocrx_word' id='word_1_526' title='bbox 2538 1102 2650 1168; x_wconf 91' lang='lat' dir='ltr'><strong>est,</strong></span> <span class='ocrx_word' id='word_1_527' title='bbox 2677 1113 2911 1153; x_wconf 91' lang='lat' dir='ltr'><strong>mecum</strong></span> <span class='ocrx_word' id='word_1_528' title='bbox 2933 1102 3082 1169; x_wconf 90' lang='lat' dir='ltr'><strong>stas,</strong></span> <span class='ocrx_word' id='word_1_529' title='bbox 3109 1098 3161 1153; x_wconf 91' lang='lat' dir='ltr'><strong>si</strong></span> <span class='ocrx_word' id='word_1_530' title='bbox 3186 1102 3313 1153; x_wconf 88' lang='lat' dir='ltr'><strong>stes</strong></span> <span class='ocrx_word' id='word_1_531' title='bbox 3336 1098 3396 1151; x_wconf 92' lang='lat' dir='ltr'><strong>in</strong></span> <span class='ocrx_word' id='word_1_532' title='bbox 3433 1095 3706 1153; x_wconf 87' lang='lat' dir='ltr'><strong>Ecclesia.</strong></span> <span class='ocrx_word' id='word_1_533' title='bbox 3741 1099 3840 1169; x_wconf 85' lang='lat' dir='ltr'><strong>Ipse</strong></span> <span class='ocrx_word' id='word_1_534' title='bbox 3852 1106 3933 1155; x_wconf 79' lang='lat' dir='ltr'><strong>enin</strong></span> 
     </span>
    </p>
   </div>
   <div class='ocr_carea' id='block_1_68' title="bbox 2405 1186 3934 1258">
    <p class='ocr_par' dir='ltr' id='par_1_68' title="bbox 2405 1186 3934 1258">
     <span class='ocr_line' id='line_1_69' title="bbox 2405 1186 3934 1258; baseline 0.003 -17"><span class='ocrx_word' id='word_1_535' title='bbox 2405 1186 2575 1241; x_wconf 91' lang='lat' dir='ltr'><strong>locus</strong></span> <span class='ocrx_word' id='word_1_536' title='bbox 2598 1188 2691 1242; x_wconf 92' lang='lat' dir='ltr'><strong>est</strong></span> <span class='ocrx_word' id='word_1_537' title='bbox 2707 1190 2974 1258; x_wconf 88' lang='lat' dir='ltr'><strong>sanctus,</strong></span> <span class='ocrx_word' id='word_1_538' title='bbox 3010 1188 3142 1257; x_wconf 90' lang='lat' dir='ltr'><strong>ipsa</strong></span> <span class='ocrx_word' id='word_1_539' title='bbox 3169 1189 3333 1243; x_wconf 89' lang='lat' dir='ltr'><strong>terra</strong></span> <span class='ocrx_word' id='word_1_540' title='bbox 3363 1186 3612 1243; x_wconf 88' lang='lat' dir='ltr'><strong>fecunda</strong></span> <span class='ocrx_word' id='word_1_541' title='bbox 3630 1188 3891 1258; x_wconf 81' lang='lat' dir='ltr'><strong>sanctilatis,</strong></span> <span class='ocrx_word' id='word_1_542' title='bbox 3908 1202 3934 1245; x_wconf 78' lang='lat' dir='ltr'><strong>et</strong></span> 
     </span>
    </p>
   </div>
   <div class='ocr_carea' id='block_1_69' title="bbox 2403 1248 3981 1347">
    <p class='ocr_par' dir='ltr' id='par_1_69' title="bbox 2403 1248 3981 1347">
     <span class='ocr_line' id='line_1_70' title="bbox 2403 1248 3981 1347; baseline 0.001 -16"><span class='ocrx_word' id='word_1_543' title='bbox 2403 1276 2596 1347; x_wconf 85' lang='lat' dir='ltr'><strong>Opima</strong></span> <span class='ocrx_word' id='word_1_544' title='bbox 2625 1277 2910 1332; x_wconf 89' lang='lat' dir='ltr'><strong>virtutum</strong></span> <span class='ocrx_word' id='word_1_545' title='bbox 2939 1277 3265 1332; x_wconf 89' lang='lat' dir='ltr'><strong>messibus.</strong></span> 
     </span>
    </p>
   </div>
   <div class='ocr_carea' id='block_1_70' title="bbox 2472 1328 3981 1438">
    <p class='ocr_par' dir='ltr' id='par_1_70' title="bbox 2472 1328 3981 1438">
     <span class='ocr_line' id='line_1_71' title="bbox 2472 1328 3981 1438; baseline 0.001 -18"><span class='ocrx_word' id='word_1_546' title='bbox 2472 1328 2595 1420; x_wconf 49' lang='lat' dir='ltr'><strong>te.&quot;</strong></span> <span class='ocrx_word' id='word_1_547' title='bbox 2617 1328 3289 1438; x_wconf 54' lang='lat' dir='ltr'><strong>sgg‘.;g.‘n&#39;e;n;;;.,</strong></span> <span class='ocrx_word' id='word_1_548' title='bbox 3328 1368 3425 1420; x_wconf 91' lang='lat' dir='ltr'><strong>sta</strong></span> <span class='ocrx_word' id='word_1_549' title='bbox 3445 1365 3547 1420; x_wconf 91' lang='lat' dir='ltr'><strong>ubi</strong></span> <span class='ocrx_word' id='word_1_550' title='bbox 3566 1364 3665 1421; x_wconf 91' lang='lat' dir='ltr'><strong>tibi</strong></span> <span class='ocrx_word' id='word_1_551' title='bbox 3699 1368 3933 1437; x_wconf 62' lang='lat' dir='ltr'><strong>appet-uiis</strong></span> 
     </span>
    </p>
   </div>
   <div class='ocr_carea' id='block_1_71' title="bbox 2403 1428 3981 1537">
    <p class='ocr_par' dir='ltr' id='par_1_71' title="bbox 2403 1428 3981 1537">
     <span class='ocr_line' id='line_1_72' title="bbox 2403 1428 3981 1537; baseline 0.001 -28"><span class='ocrx_word' id='word_1_552' title='bbox 2403 1470 2518 1526; x_wconf 89' lang='lat' dir='ltr'><strong>ego</strong></span> <span class='ocrx_word' id='word_1_553' title='bbox 2554 1458 2750 1509; x_wconf 89' lang='lat' dir='ltr'><strong>tecum</strong></span> <span class='ocrx_word' id='word_1_554' title='bbox 2786 1428 2941 1510; x_wconf 64' lang='lat' dir='ltr'><strong>sum.</strong></span> <span class='ocrx_word' id='word_1_555' title='bbox 2989 1454 3105 1509; x_wconf 88' lang='lat' dir='ltr'><strong>Ubi</strong></span> <span class='ocrx_word' id='word_1_556' title='bbox 3153 1456 3248 1509; x_wconf 90' lang='lat' dir='ltr'><strong>est</strong></span> <span class='ocrx_word' id='word_1_557' title='bbox 3277 1428 3588 1525; x_wconf 40' lang='lat' dir='ltr'><strong>&#39;Ecclesia,</strong></span> <span class='ocrx_word' id='word_1_558' title='bbox 3617 1428 3934 1510; x_wconf 91' lang='lat' dir='ltr'><strong>ibi</strong></span> 
     </span>
    </p>
   </div>
   <div class='ocr_carea' id='block_1_72' title="bbox 2406 1542 3981 1607">
    <p class='ocr_par' dir='ltr' id='par_1_72' title="bbox 2406 1542 3981 1607">
     <span class='ocr_line' id='line_1_73' title="bbox 2406 1542 3981 1607; baseline -0.002 -8"><span class='ocrx_word' id='word_1_559' title='bbox 2406 1544 2580 1599; x_wconf 88' lang='lat' dir='ltr'><strong>statio</strong></span> <span class='ocrx_word' id='word_1_560' title='bbox 2601 1546 2717 1599; x_wconf 69' lang='lat' dir='ltr'><strong>tuae</strong></span> <span class='ocrx_word' id='word_1_561' title='bbox 2753 1544 2970 1599; x_wconf 90' lang='lat' dir='ltr'><strong>mentis</strong></span> <span class='ocrx_word' id='word_1_562' title='bbox 3011 1546 3135 1599; x_wconf 89' lang='lat' dir='ltr'><strong>est:</strong></span> <span class='ocrx_word' id='word_1_563' title='bbox 3169 1542 3252 1598; x_wconf 87' lang='lat' dir='ltr'><strong>ibi</strong></span> <span class='ocrx_word' id='word_1_564' title='bbox 3284 1543 3718 1599; x_wconf 88' lang='lat' dir='ltr'><strong>fundamentum</strong></span> <span class='ocrx_word' id='word_1_565' title='bbox 3742 1545 3933 1607; x_wconf 54' lang='lat' dir='ltr'><strong>animitui</strong></span> <span class='ocrx_word' id='word_1_566' title='bbox 3980 1558 3981 1573; x_wconf 54' lang='grc' dir='ltr'>ι</span> 
     </span>
    </p>
   </div>
   <div class='ocr_carea' id='block_1_73' title="bbox 2404 1632 3933 1706">
    <p class='ocr_par' dir='ltr' id='par_1_73' title="bbox 2404 1632 3933 1706">
     <span class='ocr_line' id='line_1_74' title="bbox 2404 1632 3933 1706; baseline -0.001 -18"><span class='ocrx_word' id='word_1_567' title='bbox 2404 1633 2507 1688; x_wconf 90' lang='lat' dir='ltr'><strong>ubi</strong></span> <span class='ocrx_word' id='word_1_568' title='bbox 2544 1632 2652 1689; x_wconf 91' lang='lat' dir='ltr'><strong>tibi</strong></span> <span class='ocrx_word' id='word_1_569' title='bbox 2690 1632 2762 1687; x_wconf 93' lang='lat' dir='ltr'><strong>de</strong></span> <span class='ocrx_word' id='word_1_570' title='bbox 2802 1633 2954 1688; x_wconf 87' lang='lat' dir='ltr'><strong>rubo</strong></span> <span class='ocrx_word' id='word_1_571' title='bbox 3014 1632 3282 1706; x_wconf 78' lang='lat' dir='ltr'><strong>apparui.</strong></span> <span class='ocrx_word' id='word_1_572' title='bbox 3325 1632 3415 1688; x_wconf 92' lang='lat' dir='ltr'><strong>Tu</strong></span> <span class='ocrx_word' id='word_1_573' title='bbox 3471 1632 3673 1703; x_wconf 88' lang='lat' dir='ltr'><strong>rubus,</strong></span> <span class='ocrx_word' id='word_1_574' title='bbox 3710 1649 3799 1705; x_wconf 83' lang='lat' dir='ltr'><strong>ego</strong></span> <span class='ocrx_word' id='word_1_575' title='bbox 3825 1635 3933 1705; x_wconf 78' lang='lat' dir='ltr'><strong>ignis:</strong></span> 
     </span>
    </p>
   </div>
   <div class='ocr_carea' id='block_1_74' title="bbox 2407 1721 3935 1794">
    <p class='ocr_par' dir='ltr' id='par_1_74' title="bbox 2407 1721 3935 1794">
     <span class='ocr_line' id='line_1_75' title="bbox 2407 1721 3935 1794; baseline 0 -19"><span class='ocrx_word' id='word_1_576' title='bbox 2407 1722 2566 1794; x_wconf 88' lang='lat' dir='ltr'><strong>ignis</strong></span> <span class='ocrx_word' id='word_1_577' title='bbox 2604 1722 2665 1776; x_wconf 91' lang='lat' dir='ltr'><strong>in</strong></span> <span class='ocrx_word' id='word_1_578' title='bbox 2702 1721 2875 1793; x_wconf 91' lang='lat' dir='ltr'><strong>rubo,</strong></span> <span class='ocrx_word' id='word_1_579' title='bbox 2919 1737 3031 1794; x_wconf 85' lang='lat' dir='ltr'><strong>ego</strong></span> <span class='ocrx_word' id='word_1_580' title='bbox 3070 1722 3129 1776; x_wconf 90' lang='lat' dir='ltr'><strong>in</strong></span> <span class='ocrx_word' id='word_1_581' title='bbox 3168 1735 3369 1777; x_wconf 89' lang='lat' dir='ltr'><strong>carne.</strong></span> <span class='ocrx_word' id='word_1_582' title='bbox 3411 1722 3720 1792; x_wconf 84' lang='lat' dir='ltr'><strong>Propterea</strong></span> <span class='ocrx_word' id='word_1_583' title='bbox 3758 1722 3881 1794; x_wconf 83' lang='lat' dir='ltr'><strong>ignis,</strong></span> <span class='ocrx_word' id='word_1_584' title='bbox 3908 1730 3935 1775; x_wconf 74' lang='lat' dir='ltr'><strong>nt</strong></span> 
     </span>
    </p>
   </div>
   <div class='ocr_carea' id='block_1_75' title="bbox 2405 1811 3936 1883">
    <p class='ocr_par' dir='ltr' id='par_1_75' title="bbox 2405 1811 3936 1883">
     <span class='ocr_line' id='line_1_76' title="bbox 2405 1811 3936 1883; baseline -0.001 -17"><span class='ocrx_word' id='word_1_585' title='bbox 2405 1812 2513 1867; x_wconf 87' lang='lat' dir='ltr'><strong>tibi</strong></span> <span class='ocrx_word' id='word_1_586' title='bbox 2543 1811 2793 1881; x_wconf 89' lang='lat' dir='ltr'><strong>luceam,</strong></span> <span class='ocrx_word' id='word_1_587' title='bbox 2824 1815 2888 1865; x_wconf 90' lang='lat' dir='ltr'><strong>ut</strong></span> <span class='ocrx_word' id='word_1_588' title='bbox 2919 1815 3053 1867; x_wconf 89' lang='lat' dir='ltr'><strong>tuas</strong></span> <span class='ocrx_word' id='word_1_589' title='bbox 3085 1811 3311 1883; x_wconf 91' lang='lat' dir='ltr'><strong>spinas,</strong></span> <span class='ocrx_word' id='word_1_590' title='bbox 3346 1812 3413 1867; x_wconf 92' lang='lat' dir='ltr'><strong>ut</strong></span> <span class='ocrx_word' id='word_1_591' title='bbox 3460 1816 3559 1866; x_wconf 90' lang='lat' dir='ltr'><strong>tua</strong></span> <span class='ocrx_word' id='word_1_592' title='bbox 3587 1816 3794 1881; x_wconf 85' lang='lat' dir='ltr'><strong>peccata</strong></span> <span class='ocrx_word' id='word_1_593' title='bbox 3815 1827 3936 1865; x_wconf 73' lang='lat' dir='ltr'><strong>consu-</strong></span> 
     </span>
    </p>
   </div>
   <div class='ocr_carea' id='block_1_76' title="bbox 2335 1900 3747 1990">
    <p class='ocr_par' dir='ltr' id='par_1_76' title="bbox 2335 1900 3747 1990">
     <span class='ocr_line' id='line_1_77' title="bbox 2335 1900 3747 1990; baseline 0 -35"><span class='ocrx_word' id='word_1_594' title='bbox 2335 1915 2579 1990; x_wconf 78' lang='lat' dir='ltr'><strong>Bmam,</strong></span> <span class='ocrx_word' id='word_1_595' title='bbox 2609 1903 2672 1990; x_wconf 87' lang='lat' dir='ltr'><strong>et</strong></span> <span class='ocrx_word' id='word_1_596' title='bbox 2699 1915 2890 1955; x_wconf 91' lang='lat' dir='ltr'><strong>meam</strong></span> <span class='ocrx_word' id='word_1_597' title='bbox 2918 1900 3463 1990; x_wconf 12' lang='lat' dir='ltr'><strong>tibiidemonstrem</strong></span> <span class='ocrx_word' id='word_1_598' title='bbox 3494 1900 3747 1990; x_wconf 83' lang='lat' dir='ltr'><strong>gratiam.</strong></span> 
     </span>
    </p>
   </div>
   <div class='ocr_carea' id='block_1_77' title="bbox 2475 1987 3935 2061">
    <p class='ocr_par' dir='ltr' id='par_1_77' title="bbox 2475 1987 3935 2061">
     <span class='ocr_line' id='line_1_78' title="bbox 2475 1987 3935 2061; baseline -0.003 -16"><span class='ocrx_word' id='word_1_599' title='bbox 2475 1990 2565 2046; x_wconf 79' lang='lat'><strong>43.</strong></span> <span class='ocrx_word' id='word_1_600' title='bbox 2592 1989 2829 2045; x_wconf 90' lang='lat' dir='ltr'><strong>Stantes</strong></span> <span class='ocrx_word' id='word_1_601' title='bbox 2851 2004 2997 2061; x_wconf 91' lang='lat' dir='ltr'><strong>ergo</strong></span> <span class='ocrx_word' id='word_1_602' title='bbox 3034 1989 3093 2043; x_wconf 90' lang='lat' dir='ltr'><strong>in</strong></span> <span class='ocrx_word' id='word_1_603' title='bbox 3119 1989 3301 2045; x_wconf 92' lang='lat' dir='ltr'><strong>corde</strong></span> <span class='ocrx_word' id='word_1_604' title='bbox 3328 1993 3539 2045; x_wconf 87' lang='lat' dir='ltr'><strong>vestro</strong></span> <span class='ocrx_word' id='word_1_605' title='bbox 3567 1989 3729 2059; x_wconf 88' lang='lat' dir='ltr'><strong>lupos</strong></span> <span class='ocrx_word' id='word_1_606' title='bbox 3754 1987 3887 2061; x_wconf 78' lang='lat' dir='ltr'><strong>fugate</strong></span> <span class='ocrx_word' id='word_1_607' title='bbox 3903 1990 3935 2041; x_wconf 75' lang='lat' dir='ltr'><strong>ai</strong></span> 
     </span>
    </p>
   </div>
   <div class='ocr_carea' id='block_1_78' title="bbox 2407 2077 3937 2151">
    <p class='ocr_par' dir='ltr' id='par_1_78' title="bbox 2407 2077 3937 2151">
     <span class='ocr_line' id='line_1_79' title="bbox 2407 2077 3937 2151; baseline -0.002 -18"><span class='ocrx_word' id='word_1_608' title='bbox 2407 2078 2677 2134; x_wconf 89' lang='lat' dir='ltr'><strong>Ecclesia</strong></span> <span class='ocrx_word' id='word_1_609' title='bbox 2697 2081 3037 2151; x_wconf 71' lang='lat' dir='ltr'><strong>quaerentes</strong></span> <span class='ocrx_word' id='word_1_610' title='bbox 3057 2078 3319 2149; x_wconf 60' lang='lat' dir='ltr'><strong>praedam</strong></span> <span class='ocrx_word' id='word_1_611' title='bbox 3339 2078 3570 2134; x_wconf 89' lang='lat' dir='ltr'><strong>tollere.</strong></span> <span class='ocrx_word' id='word_1_612' title='bbox 3590 2078 3712 2134; x_wconf 85' lang='lat' dir='ltr'><strong>Non</strong></span> <span class='ocrx_word' id='word_1_613' title='bbox 3726 2078 3835 2133; x_wconf 87' lang='lat' dir='ltr'><strong>sitin</strong></span> <span class='ocrx_word' id='word_1_614' title='bbox 3847 2077 3937 2130; x_wconf 78' lang='lat' dir='ltr'><strong>vobis</strong></span> 
     </span>
    </p>
   </div>
   <div class='ocr_carea' id='block_1_79' title="bbox 2407 2166 3937 2241">
    <p class='ocr_par' dir='ltr' id='par_1_79' title="bbox 2407 2166 3937 2241">
     <span class='ocr_line' id='line_1_80' title="bbox 2407 2166 3937 2241; baseline -0.003 -18"><span class='ocrx_word' id='word_1_615' title='bbox 2407 2168 2655 2238; x_wconf 88' lang='lat' dir='ltr'><strong>desidia,</strong></span> <span class='ocrx_word' id='word_1_616' title='bbox 2686 2184 2802 2223; x_wconf 92' lang='lat' dir='ltr'><strong>non</strong></span> <span class='ocrx_word' id='word_1_617' title='bbox 2832 2167 2911 2223; x_wconf 89' lang='lat' dir='ltr'><strong>sit</strong></span> <span class='ocrx_word' id='word_1_618' title='bbox 2934 2183 3182 2238; x_wconf 90' lang='lat' dir='ltr'><strong>pravum</strong></span> <span class='ocrx_word' id='word_1_619' title='bbox 3212 2182 3304 2238; x_wconf 92' lang='lat' dir='ltr'><strong>os,</strong></span> <span class='ocrx_word' id='word_1_620' title='bbox 3338 2168 3546 2241; x_wconf 91' lang='lat' dir='ltr'><strong>lingua</strong></span> <span class='ocrx_word' id='word_1_621' title='bbox 3577 2168 3812 2222; x_wconf 88' lang='lat' dir='ltr'><strong>amarior.</strong></span> <span class='ocrx_word' id='word_1_622' title='bbox 3835 2166 3937 2220; x_wconf 72' lang='lat' dir='ltr'><strong>Nolite</strong></span> 
     </span>
    </p>
   </div>
   <div class='ocr_carea' id='block_1_80' title="bbox 2405 2255 3937 2328">
    <p class='ocr_par' dir='ltr' id='par_1_80' title="bbox 2405 2255 3937 2328">
     <span class='ocr_line' id='line_1_81' title="bbox 2405 2255 3937 2328; baseline -0.004 -15"><span class='ocrx_word' id='word_1_623' title='bbox 2405 2258 2465 2313; x_wconf 93' lang='lat' dir='ltr'><strong>in</strong></span> <span class='ocrx_word' id='word_1_624' title='bbox 2495 2257 2745 2314; x_wconf 91' lang='lat' dir='ltr'><strong>concilio</strong></span> <span class='ocrx_word' id='word_1_625' title='bbox 2795 2256 3071 2312; x_wconf 87' lang='lat' dir='ltr'><strong>vanitatis</strong></span> <span class='ocrx_word' id='word_1_626' title='bbox 3118 2256 3373 2323; x_wconf 85' lang='lat' dir='ltr'><strong>sedere;</strong></span> <span class='ocrx_word' id='word_1_627' title='bbox 3423 2256 3705 2328; x_wconf 88' lang='lat' dir='ltr'><strong>scriptum</strong></span> <span class='ocrx_word' id='word_1_628' title='bbox 3746 2258 3815 2310; x_wconf 85' lang='lat' dir='ltr'><strong>est</strong></span> <span class='ocrx_word' id='word_1_629' title='bbox 3835 2255 3937 2308; x_wconf 86' lang='lat' dir='ltr'><strong>enim:</strong></span> 
     </span>
    </p>
   </div>
   <div class='ocr_carea' id='block_1_81' title="bbox 2411 2343 3938 2416">
    <p class='ocr_par' dir='ltr' id='par_1_81' title="bbox 2411 2343 3938 2416">
     <span class='ocr_line' id='line_1_82' title="bbox 2411 2343 3938 2416; baseline -0.003 -17"><span class='ocrx_word' id='word_1_630' title='bbox 2411 2372 2433 2399; x_wconf 72' lang='grc' dir='ltr'><strong><em>α</em></strong></span> <span class='ocrx_word' id='word_1_631' title='bbox 2468 2346 2603 2402; x_wconf 90' lang='lat' dir='ltr'><strong>Non</strong></span> <span class='ocrx_word' id='word_1_632' title='bbox 2649 2346 2779 2402; x_wconf 88' lang='lat' dir='ltr'><strong>sedi</strong></span> <span class='ocrx_word' id='word_1_633' title='bbox 2808 2346 2867 2400; x_wconf 92' lang='lat' dir='ltr'><strong>in</strong></span> <span class='ocrx_word' id='word_1_634' title='bbox 2914 2344 3165 2401; x_wconf 91' lang='lat' dir='ltr'><strong>concilio</strong></span> <span class='ocrx_word' id='word_1_635' title='bbox 3212 2346 3497 2400; x_wconf 89' lang='lat' dir='ltr'><strong>vanitatis</strong></span> <span class='ocrx_word' id='word_1_636' title='bbox 3545 2345 3724 2416; x_wconf 85' lang='lat' dir='ltr'><strong>(Psal.</strong></span> <span class='ocrx_word' id='word_1_637' title='bbox 3752 2343 3938 2413; x_wconf 56' lang='lat' dir='ltr'><strong>nm.»</strong></span> 
     </span>
    </p>
   </div>
   <div class='ocr_carea' id='block_1_82' title="bbox 2406 2432 3940 2506">
    <p class='ocr_par' dir='ltr' id='par_1_82' title="bbox 2406 2432 3940 2506">
     <span class='ocr_line' id='line_1_83' title="bbox 2406 2432 3940 2506; baseline -0.005 -15"><span class='ocrx_word' id='word_1_638' title='bbox 2406 2437 2601 2492; x_wconf 89' lang='lat' dir='ltr'><strong>Nolite</strong></span> <span class='ocrx_word' id='word_1_639' title='bbox 2638 2436 2847 2491; x_wconf 90' lang='lat' dir='ltr'><strong>audire</strong></span> <span class='ocrx_word' id='word_1_640' title='bbox 2901 2435 3284 2491; x_wconf 86' lang='lat' dir='ltr'><strong>detrahentes</strong></span> <span class='ocrx_word' id='word_1_641' title='bbox 3335 2434 3412 2490; x_wconf 89' lang='lat' dir='ltr'><strong>de</strong></span> <span class='ocrx_word' id='word_1_642' title='bbox 3460 2436 3757 2506; x_wconf 83' lang='lat' dir='ltr'><strong>proximis,</strong></span> <span class='ocrx_word' id='word_1_643' title='bbox 3794 2449 3846 2487; x_wconf 87' lang='lat' dir='ltr'><strong>ne</strong></span> <span class='ocrx_word' id='word_1_644' title='bbox 3875 2432 3940 2484; x_wconf 79' lang='lat' dir='ltr'><strong>dun</strong></span> 
     </span>
    </p>
   </div>
   <div class='ocr_carea' id='block_1_83' title="bbox 2406 2522 3941 2595">
    <p class='ocr_par' dir='ltr' id='par_1_83' title="bbox 2406 2522 3941 2595">
     <span class='ocr_line' id='line_1_84' title="bbox 2406 2522 3941 2595; baseline -0.003 -14"><span class='ocrx_word' id='word_1_645' title='bbox 2406 2526 2622 2582; x_wconf 90' lang='lat' dir='ltr'><strong>auditis</strong></span> <span class='ocrx_word' id='word_1_646' title='bbox 2671 2525 2847 2595; x_wconf 90' lang='lat' dir='ltr'><strong>alios,</strong></span> <span class='ocrx_word' id='word_1_647' title='bbox 2899 2524 3324 2595; x_wconf 88' lang='lat' dir='ltr'><strong>provocemini,</strong></span> <span class='ocrx_word' id='word_1_648' title='bbox 3385 2528 3455 2580; x_wconf 91' lang='lat' dir='ltr'><strong>ut</strong></span> <span class='ocrx_word' id='word_1_649' title='bbox 3510 2527 3567 2580; x_wconf 93' lang='lat' dir='ltr'><strong>et</strong></span> <span class='ocrx_word' id='word_1_650' title='bbox 3613 2524 3720 2595; x_wconf 88' lang='lat' dir='ltr'><strong>ipsi</strong></span> <span class='ocrx_word' id='word_1_651' title='bbox 3759 2522 3941 2593; x_wconf 74' lang='lat' dir='ltr'><strong>dei-egetis</strong></span> 
     </span>
    </p>
   </div>
   <div class='ocr_carea' id='block_1_84' title="bbox 2410 2610 3942 2687">
    <p class='ocr_par' dir='ltr' id='par_1_84' title="bbox 2410 2610 3942 2687">
     <span class='ocr_line' id='line_1_85' title="bbox 2410 2610 3942 2687; baseline -0.006 -15"><span class='ocrx_word' id='word_1_652' title='bbox 2410 2615 2721 2687; x_wconf 81' lang='lat' dir='ltr'><strong>proximis,</strong></span> <span class='ocrx_word' id='word_1_653' title='bbox 2753 2618 2813 2669; x_wconf 91' lang='lat' dir='ltr'><strong>et</strong></span> <span class='ocrx_word' id='word_1_654' title='bbox 2840 2614 3070 2668; x_wconf 90' lang='lat' dir='ltr'><strong>dicatur</strong></span> <span class='ocrx_word' id='word_1_655' title='bbox 3093 2614 3418 2686; x_wconf 86' lang='lat' dir='ltr'><strong>unicuique</strong></span> <span class='ocrx_word' id='word_1_656' title='bbox 3450 2617 3743 2669; x_wconf 89' lang='lat' dir='ltr'><strong>vestrum:</strong></span> <span class='ocrx_word' id='word_1_657' title='bbox 3773 2633 3794 2663; x_wconf 74' lang='grc' dir='ltr'><strong>α</strong></span> <span class='ocrx_word' id='word_1_658' title='bbox 3816 2610 3942 2666; x_wconf 71' lang='lat' dir='ltr'><strong>Sedens</strong></span> 
     </span>
    </p>
   </div>
   <div class='ocr_carea' id='block_1_85' title="bbox 2412 2699 3939 2773">
    <p class='ocr_par' dir='ltr' id='par_1_85' title="bbox 2412 2699 3939 2773">
     <span class='ocr_line' id='line_1_86' title="bbox 2412 2699 3939 2773; baseline -0.001 -12"><span class='ocrx_word' id='word_1_659' title='bbox 2412 2705 2705 2761; x_wconf 90' lang='lat' dir='ltr'><strong>adversus</strong></span> <span class='ocrx_word' id='word_1_660' title='bbox 2718 2703 2961 2758; x_wconf 90' lang='lat' dir='ltr'><strong>fratrem</strong></span> <span class='ocrx_word' id='word_1_661' title='bbox 2974 2705 3137 2758; x_wconf 89' lang='lat' dir='ltr'><strong>tuum</strong></span> <span class='ocrx_word' id='word_1_662' title='bbox 3155 2703 3518 2759; x_wconf 88' lang='lat' dir='ltr'><strong>detrahebas</strong></span> <span class='ocrx_word' id='word_1_663' title='bbox 3537 2702 3715 2773; x_wconf 87' lang='lat' dir='ltr'><strong>(Psal.</strong></span> <span class='ocrx_word' id='word_1_664' title='bbox 3736 2699 3939 2769; x_wconf 48' lang='lat' dir='ltr'><strong>mam</strong></span> 
     </span>
    </p>
   </div>
   <div class='ocr_carea' id='block_1_86' title="bbox 3978 2112 3986 2421">
    <p class='ocr_par' dir='ltr' id='par_1_86' title="bbox 3978 2112 3986 2421">
     <span class='ocr_line' id='line_1_87' title="bbox 3978 2112 3986 2421; baseline 0 0"><span class='ocrx_word' id='word_1_665' title='bbox 3978 2112 3986 2421; x_wconf 66' lang='lat'><strong>1</strong></span> 
     </span>
    </p>
   </div>
   <div class='ocr_carea' id='block_1_87' title="bbox 2484 2789 3946 2863">
    <p class='ocr_par' dir='ltr' id='par_1_87' title="bbox 2484 2789 3946 2863">
     <span class='ocr_line' id='line_1_88' title="bbox 2484 2789 3946 2863; baseline -0.006 -13"><span class='ocrx_word' id='word_1_666' title='bbox 2484 2795 2575 2850; x_wconf 70' lang='lat'><strong>44.</strong></span> <span class='ocrx_word' id='word_1_667' title='bbox 2598 2793 2887 2849; x_wconf 90' lang='lat' dir='ltr'><strong>Sedentes</strong></span> <span class='ocrx_word' id='word_1_668' title='bbox 2907 2792 3243 2863; x_wconf 89' lang='lat' dir='ltr'><strong>detrahunt,</strong></span> <span class='ocrx_word' id='word_1_669' title='bbox 3265 2795 3499 2849; x_wconf 90' lang='lat' dir='ltr'><strong>stantes</strong></span> <span class='ocrx_word' id='word_1_670' title='bbox 3538 2797 3722 2848; x_wconf 88' lang='lat' dir='ltr'><strong>autem</strong></span> <span class='ocrx_word' id='word_1_671' title='bbox 3755 2789 3946 2846; x_wconf 72' lang='lat' dir='ltr'><strong>Dominun</strong></span> 
     </span>
    </p>
   </div>
   <div class='ocr_carea' id='block_1_88' title="bbox 2411 2878 3943 2954">
    <p class='ocr_par' dir='ltr' id='par_1_88' title="bbox 2411 2878 3943 2954">
     <span class='ocr_line' id='line_1_89' title="bbox 2411 2878 3943 2954; baseline -0.009 -13"><span class='ocrx_word' id='word_1_672' title='bbox 2411 2883 2788 2952; x_wconf 92' lang='lat' dir='ltr'><strong>benedicunt,</strong></span> <span class='ocrx_word' id='word_1_673' title='bbox 2813 2881 3034 2954; x_wconf 91' lang='lat' dir='ltr'><strong>quibus</strong></span> <span class='ocrx_word' id='word_1_674' title='bbox 3052 2882 3296 2939; x_wconf 87' lang='lat' dir='ltr'><strong>dicitur:</strong></span> <span class='ocrx_word' id='word_1_675' title='bbox 3332 2905 3354 2930; x_wconf 73' lang='grc' dir='ltr'><strong>α</strong></span> <span class='ocrx_word' id='word_1_676' title='bbox 3384 2882 3544 2938; x_wconf 91' lang='lat' dir='ltr'><strong>Ecce</strong></span> <span class='ocrx_word' id='word_1_677' title='bbox 3564 2898 3708 2937; x_wconf 89' lang='lat' dir='ltr'><strong>nunc</strong></span> <span class='ocrx_word' id='word_1_678' title='bbox 3738 2878 3943 2935; x_wconf 63' lang='lat' dir='ltr'><strong>benedicit:</strong></span> 
     </span>
    </p>
   </div>
   <div class='ocr_carea' id='block_1_89' title="bbox 2409 2967 3944 3045">
    <p class='ocr_par' dir='ltr' id='par_1_89' title="bbox 2409 2967 3944 3045">
     <span class='ocr_line' id='line_1_90' title="bbox 2409 2967 3944 3045; baseline -0.008 -16"><span class='ocrx_word' id='word_1_679' title='bbox 2409 2974 2744 3043; x_wconf 91' lang='lat' dir='ltr'><strong>Dominum,</strong></span> <span class='ocrx_word' id='word_1_680' title='bbox 2769 2987 2978 3028; x_wconf 90' lang='lat' dir='ltr'><strong>omnes</strong></span> <span class='ocrx_word' id='word_1_681' title='bbox 3001 2972 3165 3027; x_wconf 90' lang='lat' dir='ltr'><strong>servi</strong></span> <span class='ocrx_word' id='word_1_682' title='bbox 3202 2972 3461 3044; x_wconf 90' lang='lat' dir='ltr'><strong>Domini,</strong></span> <span class='ocrx_word' id='word_1_683' title='bbox 3500 2972 3601 3045; x_wconf 90' lang='lat' dir='ltr'><strong>qui</strong></span> <span class='ocrx_word' id='word_1_684' title='bbox 3623 2972 3775 3027; x_wconf 85' lang='lat' dir='ltr'><strong>statis</strong></span> <span class='ocrx_word' id='word_1_685' title='bbox 3793 2970 3837 3022; x_wconf 90' lang='lat' dir='ltr'><strong>in</strong></span> <span class='ocrx_word' id='word_1_686' title='bbox 3858 2967 3944 3020; x_wconf 52' lang='lat' dir='ltr'><strong>dom:</strong></span> 
     </span>
    </p>
   </div>
   <div class='ocr_carea' id='block_1_90' title="bbox 2409 3059 3946 3133">
    <p class='ocr_par' dir='ltr' id='par_1_90' title="bbox 2409 3059 3946 3133">
     <span class='ocr_line' id='line_1_91' title="bbox 2409 3059 3946 3133; baseline -0.004 -15"><span class='ocrx_word' id='word_1_687' title='bbox 2409 3063 2643 3119; x_wconf 89' lang='lat' dir='ltr'><strong>Domini</strong></span> <span class='ocrx_word' id='word_1_688' title='bbox 2664 3060 2853 3133; x_wconf 84' lang='lat' dir='ltr'><strong>(Psal.</strong></span> <span class='ocrx_word' id='word_1_689' title='bbox 2876 3077 3119 3132; x_wconf 84' lang='lat' dir='ltr'><strong>cxxxm,</strong></span> <span class='ocrx_word' id='word_1_690' title='bbox 3146 3061 3219 3132; x_wconf 89' lang='grc'><strong>1).</strong></span> <span class='ocrx_word' id='word_1_691' title='bbox 3258 3084 3281 3110; x_wconf 70' lang='grc' dir='ltr'>ι</span> <span class='ocrx_word' id='word_1_692' title='bbox 3316 3059 3431 3128; x_wconf 91' lang='lat' dir='ltr'><strong>Qui</strong></span> <span class='ocrx_word' id='word_1_693' title='bbox 3465 3062 3648 3131; x_wconf 90' lang='lat' dir='ltr'><strong>sedet,</strong></span> <span class='ocrx_word' id='word_1_694' title='bbox 3680 3063 3735 3116; x_wconf 92' lang='lat' dir='ltr'><strong>ut</strong></span> <span class='ocrx_word' id='word_1_695' title='bbox 3764 3059 3822 3114; x_wconf 85' lang='lat' dir='ltr'><strong>de</strong></span> <span class='ocrx_word' id='word_1_696' title='bbox 3837 3070 3946 3124; x_wconf 64' lang='lat' dir='ltr'><strong>corps-</strong></span> 
     </span>
    </p>
   </div>
   <div class='ocr_carea' id='block_1_91' title="bbox 2407 3145 3929 3223">
    <p class='ocr_par' dir='ltr' id='par_1_91' title="bbox 2407 3145 3929 3223">
     <span class='ocr_line' id='line_1_92' title="bbox 2407 3145 3929 3223; baseline -0.005 -14"><span class='ocrx_word' id='word_1_697' title='bbox 2407 3169 2510 3209; x_wconf 89' lang='lat' dir='ltr'><strong>reo</strong></span> <span class='ocrx_word' id='word_1_698' title='bbox 2529 3152 2886 3223; x_wconf 90' lang='lat' dir='ltr'><strong>usuloquar,</strong></span> <span class='ocrx_word' id='word_1_699' title='bbox 2901 3151 3073 3222; x_wconf 91' lang='lat' dir='ltr'><strong>quasi</strong></span> <span class='ocrx_word' id='word_1_700' title='bbox 3096 3151 3285 3206; x_wconf 91' lang='lat' dir='ltr'><strong>otioso</strong></span> <span class='ocrx_word' id='word_1_701' title='bbox 3326 3151 3651 3207; x_wconf 90' lang='lat' dir='ltr'><strong>resolvitur</strong></span> <span class='ocrx_word' id='word_1_702' title='bbox 3673 3162 3870 3220; x_wconf 85' lang='lat' dir='ltr'><strong>corpore</strong></span> <span class='ocrx_word' id='word_1_703' title='bbox 3881 3145 3929 3211; x_wconf 67' lang='grc' dir='ltr'><strong>(Ἷῦ</strong></span> 
     </span>
    </p>
   </div>
   <div class='ocr_carea' id='block_1_92' title="bbox 2411 3232 3945 3314">
    <p class='ocr_par' dir='ltr' id='par_1_92' title="bbox 2411 3232 3945 3314">
     <span class='ocr_line' id='line_1_93' title="bbox 2411 3232 3945 3314; baseline -0.007 -17"><span class='ocrx_word' id='word_1_704' title='bbox 2411 3245 2585 3314; x_wconf 90' lang='lat' dir='ltr'><strong>atque</strong></span> <span class='ocrx_word' id='word_1_705' title='bbox 2619 3232 2815 3296; x_wconf 81' lang='lat'><strong>1033</strong></span> <span class='ocrx_word' id='word_1_706' title='bbox 2846 3241 3229 3295; x_wconf 91' lang='lat' dir='ltr'><strong>intentionem</strong></span> <span class='ocrx_word' id='word_1_707' title='bbox 3260 3241 3481 3296; x_wconf 90' lang='lat' dir='ltr'><strong>mentis</strong></span> <span class='ocrx_word' id='word_1_708' title='bbox 3528 3241 3757 3296; x_wconf 84' lang='lat' dir='ltr'><strong>relaxat.</strong></span> <span class='ocrx_word' id='word_1_709' title='bbox 3794 3237 3882 3292; x_wconf 81' lang='lat' dir='ltr'><strong>Stat</strong></span> <span class='ocrx_word' id='word_1_710' title='bbox 3898 3250 3945 3286; x_wconf 76' lang='lat' dir='ltr'><strong>au-</strong></span> 
     </span>
    </p>
   </div>
   <div class='ocr_carea' id='block_1_93' title="bbox 2413 3329 3945 3402">
    <p class='ocr_par' dir='ltr' id='par_1_93' title="bbox 2413 3329 3945 3402">
     <span class='ocr_line' id='line_1_94' title="bbox 2413 3329 3945 3402; baseline -0.003 -15"><span class='ocrx_word' id='word_1_711' title='bbox 2413 3337 2527 3387; x_wconf 89' lang='lat' dir='ltr'><strong>tem</strong></span> <span class='ocrx_word' id='word_1_712' title='bbox 2558 3330 2897 3401; x_wconf 90' lang='lat' dir='ltr'><strong>speculator</strong></span> <span class='ocrx_word' id='word_1_713' title='bbox 2925 3329 3237 3401; x_wconf 90' lang='lat' dir='ltr'><strong>providus,</strong></span> <span class='ocrx_word' id='word_1_714' title='bbox 3273 3331 3616 3402; x_wconf 88' lang='lat' dir='ltr'><strong>explorator</strong></span> <span class='ocrx_word' id='word_1_715' title='bbox 3640 3330 3864 3400; x_wconf 83' lang='lat' dir='ltr'><strong>impiger,</strong></span> <span class='ocrx_word' id='word_1_716' title='bbox 3886 3337 3945 3394; x_wconf 66' lang='lat' dir='ltr'><strong>per-</strong></span> 
     </span>
    </p>
   </div>
   <div class='ocr_carea' id='block_1_94' title="bbox 2412 3416 3946 3493">
    <p class='ocr_par' dir='ltr' id='par_1_94' title="bbox 2412 3416 3946 3493">
     <span class='ocr_line' id='line_1_95' title="bbox 2412 3416 3946 3493; baseline -0.005 -17"><span class='ocrx_word' id='word_1_717' title='bbox 2412 3421 2557 3493; x_wconf 89' lang='lat' dir='ltr'><strong>vigil</strong></span> <span class='ocrx_word' id='word_1_718' title='bbox 2587 3423 2815 3491; x_wconf 85' lang='lat' dir='ltr'><strong>custos,</strong></span> <span class='ocrx_word' id='word_1_719' title='bbox 2849 3419 2951 3492; x_wconf 89' lang='lat' dir='ltr'><strong>qui</strong></span> <span class='ocrx_word' id='word_1_720' title='bbox 2981 3418 3294 3491; x_wconf 83' lang='lat' dir='ltr'><strong>praetendit</strong></span> <span class='ocrx_word' id='word_1_721' title='bbox 3315 3418 3376 3473; x_wconf 91' lang='lat' dir='ltr'><strong>in</strong></span> <span class='ocrx_word' id='word_1_722' title='bbox 3400 3420 3641 3475; x_wconf 87' lang='lat' dir='ltr'><strong>castris.</strong></span> <span class='ocrx_word' id='word_1_723' title='bbox 3664 3416 3946 3483; x_wconf 70' lang='lat' dir='ltr'><strong>Bellatorth</strong></span> 
     </span>
    </p>
   </div>
   <div class='ocr_carea' id='block_1_95' title="bbox 2411 3500 3945 3583">
    <p class='ocr_par' dir='ltr' id='par_1_95' title="bbox 2411 3500 3945 3583">
     <span class='ocr_line' id='line_1_96' title="bbox 2411 3500 3945 3583; baseline -0.007 -16"><span class='ocrx_word' id='word_1_724' title='bbox 2411 3527 2526 3583; x_wconf 91' lang='lat' dir='ltr'><strong>que</strong></span> <span class='ocrx_word' id='word_1_725' title='bbox 2557 3512 2839 3566; x_wconf 88' lang='lat' dir='ltr'><strong>strenuus</strong></span> <span class='ocrx_word' id='word_1_726' title='bbox 2868 3512 3001 3564; x_wconf 88' lang='lat' dir='ltr'><strong>ante</strong></span> <span class='ocrx_word' id='word_1_727' title='bbox 3032 3502 3444 3579; x_wconf 85' lang='lat' dir='ltr'><strong>exspectatum</strong></span> <span class='ocrx_word' id='word_1_728' title='bbox 3474 3511 3590 3565; x_wconf 89' lang='lat' dir='ltr'><strong>stat</strong></span> <span class='ocrx_word' id='word_1_729' title='bbox 3610 3509 3667 3563; x_wconf 92' lang='lat' dir='ltr'><strong>in</strong></span> <span class='ocrx_word' id='word_1_730' title='bbox 3687 3500 3945 3580; x_wconf 67' lang='lat' dir='ltr'><strong>agmineUl&#39;L</strong></span> 
     </span>
    </p>
   </div>
   <div class='ocr_carea' id='block_1_96' title="bbox 2410 3598 3685 3673">
    <p class='ocr_par' dir='ltr' id='par_1_96' title="bbox 2410 3598 3685 3673">
     <span class='ocr_line' id='line_1_97' title="bbox 2410 3598 3685 3673; baseline -0.002 -16"><span class='ocrx_word' id='word_1_731' title='bbox 2410 3600 2514 3673; x_wconf 89' lang='lat' dir='ltr'><strong>qui</strong></span> <span class='ocrx_word' id='word_1_732' title='bbox 2542 3600 2667 3657; x_wconf 89' lang='lat' dir='ltr'><strong>vult</strong></span> <span class='ocrx_word' id='word_1_733' title='bbox 2695 3599 3024 3655; x_wconf 89' lang='lat' dir='ltr'><strong>adversarii</strong></span> <span class='ocrx_word' id='word_1_734' title='bbox 3053 3598 3301 3654; x_wconf 92' lang='lat' dir='ltr'><strong>consilia</strong></span> <span class='ocrx_word' id='word_1_735' title='bbox 3331 3600 3685 3669; x_wconf 58' lang='lat' dir='ltr'><strong>pravenire.</strong></span> 
     </span>
    </p>
   </div>
   <div class='ocr_carea' id='block_1_97' title="bbox 2480 3680 3945 3761">
    <p class='ocr_par' dir='ltr' id='par_1_97' title="bbox 2480 3680 3945 3761">
     <span class='ocr_line' id='line_1_98' title="bbox 2480 3680 3945 3761; baseline -0.008 -16"><span class='ocrx_word' id='word_1_736' title='bbox 2480 3691 2570 3745; x_wconf 76' lang='lat'><strong>45.</strong></span> <span class='ocrx_word' id='word_1_737' title='bbox 2606 3690 2716 3756; x_wconf 91' lang='lat' dir='ltr'><strong>Qui</strong></span> <span class='ocrx_word' id='word_1_738' title='bbox 2752 3692 2887 3759; x_wconf 90' lang='lat' dir='ltr'><strong>stat,</strong></span> <span class='ocrx_word' id='word_1_739' title='bbox 2937 3710 2960 3735; x_wconf 73' lang='grc' dir='ltr'><strong>α</strong></span> <span class='ocrx_word' id='word_1_740' title='bbox 3012 3688 3209 3743; x_wconf 89' lang='lat' dir='ltr'><strong>videat</strong></span> <span class='ocrx_word' id='word_1_741' title='bbox 3247 3703 3321 3744; x_wconf 90' lang='lat' dir='ltr'><strong>ne</strong></span> <span class='ocrx_word' id='word_1_742' title='bbox 3355 3689 3531 3744; x_wconf 89' lang='lat' dir='ltr'><strong>cadat</strong></span> <span class='ocrx_word' id='word_1_743' title='bbox 3557 3687 3616 3761; x_wconf 94' lang='lat' dir='ltr'><strong>(I</strong></span> <span class='ocrx_word' id='word_1_744' title='bbox 3642 3687 3764 3744; x_wconf 81' lang='lat' dir='ltr'><strong>Cor.</strong></span> <span class='ocrx_word' id='word_1_745' title='bbox 3790 3701 3836 3752; x_wconf 75' lang='grc' dir='ltr'><strong>ι,</strong></span> <span class='ocrx_word' id='word_1_746' title='bbox 3860 3680 3945 3747; x_wconf 61' lang='lat'><strong>11).!</strong></span> 
     </span>
    </p>
   </div>
   <div class='ocr_carea' id='block_1_98' title="bbox 2411 3766 3948 3850">
    <p class='ocr_par' dir='ltr' id='par_1_98' title="bbox 2411 3766 3948 3850">
     <span class='ocr_line' id='line_1_99' title="bbox 2411 3766 3948 3850; baseline -0.007 -15"><span class='ocrx_word' id='word_1_747' title='bbox 2411 3779 2523 3846; x_wconf 92' lang='lat' dir='ltr'><strong>Qui</strong></span> <span class='ocrx_word' id='word_1_748' title='bbox 2544 3782 2679 3850; x_wconf 90' lang='lat' dir='ltr'><strong>stat,</strong></span> <span class='ocrx_word' id='word_1_749' title='bbox 2700 3779 3030 3834; x_wconf 88' lang='lat' dir='ltr'><strong>obtrectare</strong></span> <span class='ocrx_word' id='word_1_750' title='bbox 3052 3777 3250 3848; x_wconf 89' lang='lat' dir='ltr'><strong>nesci;</strong></span> <span class='ocrx_word' id='word_1_751' title='bbox 3274 3778 3604 3834; x_wconf 90' lang='lat' dir='ltr'><strong>otiosorum</strong></span> <span class='ocrx_word' id='word_1_752' title='bbox 3628 3775 3814 3833; x_wconf 88' lang='lat' dir='ltr'><strong>etenim</strong></span> <span class='ocrx_word' id='word_1_753' title='bbox 3829 3766 3948 3826; x_wconf 71' lang='lat' dir='ltr'><strong>fabul!</strong></span> 
     </span>
    </p>
   </div>
   <div class='ocr_carea' id='block_1_99' title="bbox 2413 3856 3948 3940">
    <p class='ocr_par' dir='ltr' id='par_1_99' title="bbox 2413 3856 3948 3940">
     <span class='ocr_line' id='line_1_100' title="bbox 2413 3856 3948 3940; baseline -0.008 -15"><span class='ocrx_word' id='word_1_754' title='bbox 2413 3872 2571 3938; x_wconf 88' lang='lat' dir='ltr'><strong>sunt,</strong></span> <span class='ocrx_word' id='word_1_755' title='bbox 2607 3867 2826 3940; x_wconf 90' lang='lat' dir='ltr'><strong>quibus</strong></span> <span class='ocrx_word' id='word_1_756' title='bbox 2855 3866 3201 3922; x_wconf 89' lang='lat' dir='ltr'><strong>obtrectatio</strong></span> <span class='ocrx_word' id='word_1_757' title='bbox 3232 3867 3475 3940; x_wconf 89' lang='lat' dir='ltr'><strong>seritur,</strong></span> <span class='ocrx_word' id='word_1_758' title='bbox 3509 3867 3817 3938; x_wconf 85' lang='lat' dir='ltr'><strong>malignitas</strong></span> <span class='ocrx_word' id='word_1_759' title='bbox 3839 3856 3948 3931; x_wconf 68' lang='lat' dir='ltr'><strong>prodi-</strong></span> 
     </span>
    </p>
   </div>
   <div class='ocr_carea' id='block_1_100' title="bbox 2409 3951 3948 4028">
    <p class='ocr_par' dir='ltr' id='par_1_100' title="bbox 2409 3951 3948 4028">
     <span class='ocr_line' id='line_1_101' title="bbox 2409 3951 3948 4028; baseline -0.011 -13"><span class='ocrx_word' id='word_1_760' title='bbox 2409 3962 2526 4015; x_wconf 89' lang='lat' dir='ltr'><strong>tur.</strong></span> <span class='ocrx_word' id='word_1_761' title='bbox 2553 3958 2722 4013; x_wconf 86' lang='lat' dir='ltr'><strong>Unde</strong></span> <span class='ocrx_word' id='word_1_762' title='bbox 2743 3957 2823 4012; x_wconf 87' lang='lat' dir='ltr'><strong>ait</strong></span> <span class='ocrx_word' id='word_1_763' title='bbox 2841 3955 3125 4026; x_wconf 88' lang='lat' dir='ltr'><strong>propheta</strong></span> <span class='ocrx_word' id='word_1_764' title='bbox 3146 3970 3159 4011; x_wconf 90' lang='lat'><strong>:</strong></span> <span class='ocrx_word' id='word_1_765' title='bbox 3180 3954 3325 4011; x_wconf 92' lang='lat' dir='ltr'><strong>Odio</strong></span> <span class='ocrx_word' id='word_1_766' title='bbox 3342 3955 3526 4012; x_wconf 90' lang='lat' dir='ltr'><strong>habui</strong></span> <span class='ocrx_word' id='word_1_767' title='bbox 3557 3951 3948 4028; x_wconf 74' lang='lat' dir='ltr'><strong>congregationem</strong></span> 
     </span>
    </p>
   </div>
   <div class='ocr_carea' id='block_1_101' title="bbox 2411 4039 3947 4123">
    <p class='ocr_par' dir='ltr' id='par_1_101' title="bbox 2411 4039 3947 4123">
     <span class='ocr_line' id='line_1_102' title="bbox 2411 4039 3947 4123; baseline -0.007 -20"><span class='ocrx_word' id='word_1_768' title='bbox 2411 4049 2826 4123; x_wconf 87' lang='lat' dir='ltr'><strong>malignorum,</strong></span> <span class='ocrx_word' id='word_1_769' title='bbox 2848 4048 2906 4101; x_wconf 92' lang='lat' dir='ltr'><strong>et</strong></span> <span class='ocrx_word' id='word_1_770' title='bbox 2925 4060 3059 4099; x_wconf 92' lang='lat' dir='ltr'><strong>cum</strong></span> <span class='ocrx_word' id='word_1_771' title='bbox 3076 4044 3275 4115; x_wconf 90' lang='lat' dir='ltr'><strong>impiis</strong></span> <span class='ocrx_word' id='word_1_772' title='bbox 3316 4060 3434 4100; x_wconf 93' lang='lat' dir='ltr'><strong>non</strong></span> <span class='ocrx_word' id='word_1_773' title='bbox 3456 4045 3676 4102; x_wconf 89' lang='lat' dir='ltr'><strong>sedebo</strong></span> <span class='ocrx_word' id='word_1_774' title='bbox 3704 4039 3855 4113; x_wconf 81' lang='lat' dir='ltr'><strong>(Psal.</strong></span> <span class='ocrx_word' id='word_1_775' title='bbox 3877 4049 3947 4123; x_wconf 55' lang='lat' dir='ltr'><strong>nt.</strong></span> 
     </span>
    </p>
   </div>
   <div class='ocr_carea' id='block_1_102' title="bbox 2411 4122 3947 4208">
    <p class='ocr_par' dir='ltr' id='par_1_102' title="bbox 2411 4122 3947 4208">
     <span class='ocr_line' id='line_1_103' title="bbox 2411 4122 3947 4208; baseline -0.001 -14"><span class='ocrx_word' id='word_1_776' title='bbox 2411 4122 2487 4208; x_wconf 89' lang='lat'><strong>5):</strong></span> <span class='ocrx_word' id='word_1_777' title='bbox 2515 4161 2537 4187; x_wconf 72' lang='grc' dir='ltr'><strong><em>η</em></strong></span> <span class='ocrx_word' id='word_1_778' title='bbox 2559 4136 2633 4191; x_wconf 91' lang='lat' dir='ltr'><strong>Et</strong></span> <span class='ocrx_word' id='word_1_779' title='bbox 2662 4135 2723 4190; x_wconf 93' lang='lat' dir='ltr'><strong>in</strong></span> <span class='ocrx_word' id='word_1_780' title='bbox 2738 4133 3044 4190; x_wconf 91' lang='lat' dir='ltr'><strong>tricesimo</strong></span> <span class='ocrx_word' id='word_1_781' title='bbox 3074 4137 3244 4189; x_wconf 86' lang='lat' dir='ltr'><strong>sexto</strong></span> <span class='ocrx_word' id='word_1_782' title='bbox 3273 4134 3528 4206; x_wconf 90' lang='lat' dir='ltr'><strong>psalmo,</strong></span> <span class='ocrx_word' id='word_1_783' title='bbox 3550 4150 3717 4207; x_wconf 90' lang='lat' dir='ltr'><strong>quem</strong></span> <span class='ocrx_word' id='word_1_784' title='bbox 3748 4122 3947 4202; x_wconf 58' lang='grc' dir='ltr'><strong>Ρωοερθέ</strong></span> 
     </span>
    </p>
   </div>
   <div class='ocr_carea' id='block_1_103' title="bbox 2409 4213 3989 4297">
    <p class='ocr_par' dir='ltr' id='par_1_103' title="bbox 2409 4213 3989 4297">
     <span class='ocr_line' id='line_1_104' title="bbox 2409 4213 3989 4297; baseline -0.011 -14"><span class='ocrx_word' id='word_1_785' title='bbox 2409 4226 2654 4283; x_wconf 88' lang='lat' dir='ltr'><strong>refersit</strong></span> <span class='ocrx_word' id='word_1_786' title='bbox 2672 4222 3000 4279; x_wconf 90' lang='lat' dir='ltr'><strong>moralibus</strong></span> <span class='ocrx_word' id='word_1_787' title='bbox 3030 4223 3164 4295; x_wconf 81' lang='lat'><strong>(&#39;72),</strong></span> <span class='ocrx_word' id='word_1_788' title='bbox 3203 4222 3264 4277; x_wconf 91' lang='lat' dir='ltr'><strong>in</strong></span> <span class='ocrx_word' id='word_1_789' title='bbox 3293 4224 3587 4295; x_wconf 89' lang='lat' dir='ltr'><strong>principio</strong></span> <span class='ocrx_word' id='word_1_790' title='bbox 3615 4222 3791 4278; x_wconf 90' lang='lat' dir='ltr'><strong>statim</strong></span> <span class='ocrx_word' id='word_1_791' title='bbox 3813 4213 3947 4289; x_wconf 70' lang='lat' dir='ltr'><strong>posuit—</strong></span> 
     </span>
    </p>
   </div>
   <div class='ocr_carea' id='block_1_104' title="bbox 2416 4303 3947 4386">
    <p class='ocr_par' dir='ltr' id='par_1_104' title="bbox 2416 4303 3947 4386">
     <span class='ocr_line' id='line_1_105' title="bbox 2416 4303 3947 4386; baseline -0.007 -15"><span class='ocrx_word' id='word_1_792' title='bbox 2416 4340 2438 4365; x_wconf 73' lang='grc' dir='ltr'><strong><em>α</em></strong></span> <span class='ocrx_word' id='word_1_793' title='bbox 2463 4314 2597 4371; x_wconf 91' lang='lat' dir='ltr'><strong>Noli</strong></span> <span class='ocrx_word' id='word_1_794' title='bbox 2614 4312 2929 4386; x_wconf 89' lang='lat' dir='ltr'><strong>malignari</strong></span> <span class='ocrx_word' id='word_1_795' title='bbox 2948 4313 3102 4368; x_wconf 89' lang='lat' dir='ltr'><strong>inter</strong></span> <span class='ocrx_word' id='word_1_796' title='bbox 3112 4311 3527 4385; x_wconf 90' lang='lat' dir='ltr'><strong>malignantes,</strong></span> <span class='ocrx_word' id='word_1_797' title='bbox 3551 4326 3733 4385; x_wconf 87' lang='lat' dir='ltr'><strong>neque</strong></span> <span class='ocrx_word' id='word_1_798' title='bbox 3753 4303 3947 4365; x_wconf 55' lang='lat' dir='ltr'><strong>aemulam</strong></span> 
     </span>
    </p>
   </div>
   <div class='ocr_carea' id='block_1_105' title="bbox 2409 4387 3989 4474">
    <p class='ocr_par' dir='ltr' id='par_1_105' title="bbox 2409 4387 3989 4474">
     <span class='ocr_line' id='line_1_106' title="bbox 2409 4387 3989 4474; baseline -0.008 -12"><span class='ocrx_word' id='word_1_799' title='bbox 2409 4405 2599 4462; x_wconf 88' lang='lat' dir='ltr'><strong>fueris</strong></span> <span class='ocrx_word' id='word_1_800' title='bbox 2631 4402 2918 4459; x_wconf 85' lang='lat' dir='ltr'><strong>facientes</strong></span> <span class='ocrx_word' id='word_1_801' title='bbox 2947 4402 3312 4473; x_wconf 89' lang='lat' dir='ltr'><strong>iniquitatem</strong></span> <span class='ocrx_word' id='word_1_802' title='bbox 3342 4402 3537 4474; x_wconf 84' lang='lat' dir='ltr'><strong>(Psal.</strong></span> <span class='ocrx_word' id='word_1_803' title='bbox 3570 4418 3754 4471; x_wconf 77' lang='lat' dir='ltr'><strong>xxxvi,</strong></span> <span class='ocrx_word' id='word_1_804' title='bbox 3784 4397 3841 4465; x_wconf 81' lang='lat' dir='ltr'><strong>l).</strong></span> <span class='ocrx_word' id='word_1_805' title='bbox 3859 4387 3946 4443; x_wconf 57' lang='grc' dir='ltr'><strong>»κθ</strong></span> <span class='ocrx_word' id='word_1_806' title='bbox 3988 4396 3989 4407; x_wconf 76' lang='lat'>‘</span> 
     </span>
    </p>
   </div>
   <div class='ocr_carea' id='block_1_106' title="bbox 2407 4479 3948 4572">
    <p class='ocr_par' dir='ltr' id='par_1_106' title="bbox 2407 4479 3948 4572">
     <span class='ocr_line' id='line_1_107' title="bbox 2407 4479 3948 4572; baseline -0.004 -25"><span class='ocrx_word' id='word_1_807' title='bbox 2407 4495 2650 4569; x_wconf 90' lang='lat' dir='ltr'><strong>lignitas</strong></span> <span class='ocrx_word' id='word_1_808' title='bbox 2681 4492 2819 4565; x_wconf 89' lang='lat' dir='ltr'><strong>plus</strong></span> <span class='ocrx_word' id='word_1_809' title='bbox 2849 4494 3022 4547; x_wconf 87' lang='lat' dir='ltr'><strong>nocet</strong></span> <span class='ocrx_word' id='word_1_810' title='bbox 3050 4506 3228 4563; x_wconf 89' lang='lat' dir='ltr'><strong>quam</strong></span> <span class='ocrx_word' id='word_1_811' title='bbox 3276 4491 3498 4546; x_wconf 90' lang='lat' dir='ltr'><strong>malitia</strong></span> <span class='ocrx_word' id='word_1_812' title='bbox 3523 4507 3539 4563; x_wconf 92' lang='lat'><strong>;</strong></span> <span class='ocrx_word' id='word_1_813' title='bbox 3571 4492 3702 4563; x_wconf 90' lang='lat' dir='ltr'><strong>quia</strong></span> <span class='ocrx_word' id='word_1_814' title='bbox 3728 4479 3948 4572; x_wconf 45' lang='lat' dir='ltr'><strong>maligna:5</strong></span> 
     </span>
    </p>
   </div>
   <div class='ocr_carea' id='block_1_107' title="bbox 2408 4564 3947 4656">
    <p class='ocr_par' dir='ltr' id='par_1_107' title="bbox 2408 4564 3947 4656">
     <span class='ocr_line' id='line_1_108' title="bbox 2408 4564 3947 4656; baseline -0.009 -15"><span class='ocrx_word' id='word_1_815' title='bbox 2408 4564 2518 4641; x_wconf 75' lang='lat' dir='ltr'><strong>nec</strong></span> <span class='ocrx_word' id='word_1_816' title='bbox 2538 4564 2747 4656; x_wconf 87' lang='lat' dir='ltr'><strong>puram</strong></span> <span class='ocrx_word' id='word_1_817' title='bbox 2769 4580 3207 4652; x_wconf 90' lang='lat' dir='ltr'><strong>simplicitatem</strong></span> <span class='ocrx_word' id='word_1_818' title='bbox 3226 4579 3424 4651; x_wconf 88' lang='lat' dir='ltr'><strong>habet,</strong></span> <span class='ocrx_word' id='word_1_819' title='bbox 3458 4596 3571 4636; x_wconf 90' lang='lat' dir='ltr'><strong>nec</strong></span> <span class='ocrx_word' id='word_1_820' title='bbox 3617 4582 3839 4650; x_wconf 88' lang='lat' dir='ltr'><strong>apertam</strong></span> <span class='ocrx_word' id='word_1_821' title='bbox 3860 4564 3947 4623; x_wconf 56' lang='grc' dir='ltr'>ωιῦ</span> 
     </span>
    </p>
   </div>
   <div class='ocr_carea' id='block_1_108' title="bbox 2412 4656 3950 4730">
    <p class='ocr_par' dir='ltr' id='par_1_108' title="bbox 2412 4656 3950 4730">
     <span class='ocr_line' id='line_1_109' title="bbox 2412 4656 3950 4730; baseline -0.012 0"><span class='ocrx_word' id='word_1_822' title='bbox 2412 4677 2584 4730; x_wconf 91' lang='lat' dir='ltr'><strong>tiam:</strong></span> <span class='ocrx_word' id='word_1_823' title='bbox 2634 4672 2741 4728; x_wconf 90' lang='lat' dir='ltr'><strong>sed</strong></span> <span class='ocrx_word' id='word_1_824' title='bbox 2781 4669 3190 4726; x_wconf 89' lang='lat' dir='ltr'><strong>absconditam</strong></span> <span class='ocrx_word' id='word_1_825' title='bbox 3230 4669 3713 4725; x_wconf 85' lang='lat' dir='ltr'><strong>malevolentiam.</strong></span> <span class='ocrx_word' id='word_1_826' title='bbox 3743 4656 3950 4719; x_wconf 71' lang='lat' dir='ltr'><strong>Dil‘flcilin5</strong></span> 
     </span>
    </p>
   </div>
   <div class='ocr_carea' id='block_1_109' title="bbox 2409 4745 3949 4830">
    <p class='ocr_par' dir='ltr' id='par_1_109' title="bbox 2409 4745 3949 4830">
     <span class='ocr_line' id='line_1_110' title="bbox 2409 4745 3949 4830; baseline -0.01 -9"><span class='ocrx_word' id='word_1_827' title='bbox 2409 4768 2604 4821; x_wconf 91' lang='lat' dir='ltr'><strong>autem</strong></span> <span class='ocrx_word' id='word_1_828' title='bbox 2633 4764 2919 4818; x_wconf 90' lang='lat' dir='ltr'><strong>caventur</strong></span> <span class='ocrx_word' id='word_1_829' title='bbox 2945 4757 3176 4814; x_wconf 83' lang='lat' dir='ltr'><strong>Occulta</strong></span> <span class='ocrx_word' id='word_1_830' title='bbox 3209 4800 3223 4830; x_wconf 95' lang='lat'><strong>,</strong></span> <span class='ocrx_word' id='word_1_831' title='bbox 3258 4774 3434 4829; x_wconf 88' lang='lat' dir='ltr'><strong>quam</strong></span> <span class='ocrx_word' id='word_1_832' title='bbox 3464 4774 3597 4830; x_wconf 69' lang='lat' dir='ltr'><strong>qum</strong></span> <span class='ocrx_word' id='word_1_833' title='bbox 3642 4757 3766 4812; x_wconf 90' lang='lat' dir='ltr'><strong>sunt</strong></span> <span class='ocrx_word' id='word_1_834' title='bbox 3790 4745 3949 4830; x_wconf 40' lang='lat' dir='ltr'><strong>cogn“?</strong></span> 
     </span>
    </p>
   </div>
   <div class='ocr_carea' id='block_1_110' title="bbox 2411 4827 3953 4919">
    <p class='ocr_par' dir='ltr' id='par_1_110' title="bbox 2411 4827 3953 4919">
     <span class='ocr_line' id='line_1_111' title="bbox 2411 4827 3953 4919; baseline -0.008 -8"><span class='ocrx_word' id='word_1_835' title='bbox 2411 4854 2582 4911; x_wconf 91' lang='lat' dir='ltr'><strong>Unde</strong></span> <span class='ocrx_word' id='word_1_836' title='bbox 2623 4855 2680 4908; x_wconf 89' lang='lat' dir='ltr'><strong>et</strong></span> <span class='ocrx_word' id='word_1_837' title='bbox 2707 4849 2978 4906; x_wconf 88' lang='lat' dir='ltr'><strong>Salvator</strong></span> <span class='ocrx_word' id='word_1_838' title='bbox 3003 4827 3217 4903; x_wconf 86' lang='lat' dir='ltr'><strong>noster</strong></span> <span class='ocrx_word' id='word_1_839' title='bbox 3244 4827 3296 4902; x_wconf 51' lang='lat' dir='ltr'><strong>a_</strong></span> <span class='ocrx_word' id='word_1_840' title='bbox 3314 4827 3620 4919; x_wconf 77' lang='lat' dir='ltr'><strong>spiritibus</strong></span> <span class='ocrx_word' id='word_1_841' title='bbox 3647 4838 3873 4913; x_wconf 79' lang='lat' dir='ltr'><strong>malignis</strong></span> <span class='ocrx_word' id='word_1_842' title='bbox 3892 4827 3953 4899; x_wconf 61' lang='lat' dir='ltr'><strong>(73L</strong></span> 
     </span>
    </p>
   </div>
   <div class='ocr_carea' id='block_1_111' title="bbox 2406 4925 3956 5008">
    <p class='ocr_par' dir='ltr' id='par_1_111' title="bbox 2406 4925 3956 5008">
     <span class='ocr_line' id='line_1_112' title="bbox 2406 4925 3956 5008; baseline -0.01 -9"><span class='ocrx_word' id='word_1_843' title='bbox 2406 4941 2735 5000; x_wconf 89' lang='lat' dir='ltr'><strong>cavendum</strong></span> <span class='ocrx_word' id='word_1_844' title='bbox 2756 4940 3050 5008; x_wconf 89' lang='lat' dir='ltr'><strong>admonet,</strong></span> <span class='ocrx_word' id='word_1_845' title='bbox 3073 4935 3232 5007; x_wconf 88' lang='lat' dir='ltr'><strong>quod</strong></span> <span class='ocrx_word' id='word_1_846' title='bbox 3253 4951 3363 4992; x_wconf 91' lang='lat' dir='ltr'><strong>nos</strong></span> <span class='ocrx_word' id='word_1_847' title='bbox 3391 4938 3727 4994; x_wconf 89' lang='lat' dir='ltr'><strong>blandarum</strong></span> <span class='ocrx_word' id='word_1_848' title='bbox 3747 4925 3956 5001; x_wconf 45' lang='lat' dir='ltr'><strong>specie“?</strong></span> 
     </span>
    </p>
   </div>
   <div class='ocr_carea' id='block_1_112' title="bbox 2403 5015 3951 5105">
    <p class='ocr_par' dir='ltr' id='par_1_112' title="bbox 2403 5015 3951 5105">
     <span class='ocr_line' id='line_1_113' title="bbox 2403 5015 3951 5105; baseline -0.014 -17"><span class='ocrx_word' id='word_1_849' title='bbox 2403 5034 2693 5105; x_wconf 88' lang='lat' dir='ltr'><strong>luptatum</strong></span> <span class='ocrx_word' id='word_1_850' title='bbox 2708 5030 2960 5101; x_wconf 88' lang='lat' dir='ltr'><strong>capiant,</strong></span> <span class='ocrx_word' id='word_1_851' title='bbox 2976 5032 3443 5101; x_wconf 64' lang='lat' dir='ltr'><strong>cantarat-umque</strong></span> <span class='ocrx_word' id='word_1_852' title='bbox 3456 5042 3648 5083; x_wconf 87' lang='lat' dir='ltr'><strong>rerum</strong></span> <span class='ocrx_word' id='word_1_853' title='bbox 3661 5015 3951 5080; x_wconf 65' lang='lat' dir='ltr'><strong>simulatione:</strong></span> 
     </span>
    </p>
   </div>
   <div class='ocr_carea' id='block_1_113' title="bbox 2531 5217 3843 5295">
    <p class='ocr_par' dir='ltr' id='par_1_113' title="bbox 2531 5217 3843 5295">
     <span class='ocr_line' id='line_1_114' title="bbox 2531 5217 3843 5295; baseline -0.007 -13"><span class='ocrx_word' id='word_1_854' title='bbox 2531 5234 2665 5282; x_wconf 81' lang='lat' dir='ltr'><strong>Ante</strong></span> <span class='ocrx_word' id='word_1_855' title='bbox 2688 5235 3048 5295; x_wconf 86' lang='lat' dir='ltr'><strong>exspectatum</strong></span> <span class='ocrx_word' id='word_1_856' title='bbox 3065 5229 3256 5292; x_wconf 86' lang='lat' dir='ltr'><strong>positis</strong></span> <span class='ocrx_word' id='word_1_857' title='bbox 3278 5228 3453 5279; x_wconf 86' lang='lat' dir='ltr'><strong>statin</strong></span> <span class='ocrx_word' id='word_1_858' title='bbox 3474 5226 3648 5278; x_wconf 83' lang='lat' dir='ltr'><strong>ordine</strong></span> <span class='ocrx_word' id='word_1_859' title='bbox 3672 5217 3843 5273; x_wconf 68' lang='lat' dir='ltr'><strong>castris.</strong></span> 
     </span>
    </p>
   </div>
   <div class='ocr_carea' id='block_1_114' title="bbox 2447 5292 3946 5394">
    <p class='ocr_par' dir='ltr' id='par_1_114' title="bbox 2447 5292 3946 5394">
     <span class='ocr_line' id='line_1_115' title="bbox 2447 5292 3946 5394; baseline -0.012 -16"><span class='ocrx_word' id='word_1_860' title='bbox 2447 5339 2581 5378; x_wconf 91' lang='lat' dir='ltr'><strong>uem</strong></span> <span class='ocrx_word' id='word_1_861' title='bbox 2596 5322 2722 5394; x_wconf 79' lang='lat' dir='ltr'><strong>jam</strong></span> <span class='ocrx_word' id='word_1_862' title='bbox 2743 5320 3054 5394; x_wconf 81' lang='lat' dir='ltr'><strong>retulimus</strong></span> <span class='ocrx_word' id='word_1_863' title='bbox 3072 5318 3146 5394; x_wconf 80' lang='lat' dir='ltr'><strong>ad</strong></span> <span class='ocrx_word' id='word_1_864' title='bbox 3166 5318 3519 5394; x_wconf 67' lang='lat' dir='ltr'><strong>locutionem</strong></span> <span class='ocrx_word' id='word_1_865' title='bbox 3547 5315 3639 5371; x_wconf 91' lang='lat' dir='ltr'><strong>isti</strong></span> <span class='ocrx_word' id='word_1_866' title='bbox 3668 5306 3869 5368; x_wconf 84' lang='lat' dir='ltr'><strong>similem</strong></span> <span class='ocrx_word' id='word_1_867' title='bbox 3888 5292 3946 5351; x_wconf 66' lang='lat'><strong>“1&#39;-</strong></span> 
     </span>
    </p>
   </div>
   <div class='ocr_carea' id='block_1_115' title="bbox 2404 5340 3841 5468">
    <p class='ocr_par' dir='ltr' id='par_1_115' title="bbox 2404 5340 3841 5468">
     <span class='ocr_line' id='line_1_116' title="bbox 2447 5340 3841 5394; baseline -0.009 -16"><span class='ocrx_word' id='word_1_868' title='bbox 2447 5340 2581 5378; x_wconf 86' lang='lat' dir='ltr'><strong>uem</strong></span> <span class='ocrx_word' id='word_1_869' title='bbox 2596 5340 2722 5394; x_wconf 65' lang='lat' dir='ltr'><strong>Jam</strong></span> <span class='ocrx_word' id='word_1_870' title='bbox 2743 5340 3054 5376; x_wconf 79' lang='lat' dir='ltr'><strong>retulimus</strong></span> <span class='ocrx_word' id='word_1_871' title='bbox 3072 5340 3146 5374; x_wconf 86' lang='lat' dir='ltr'><strong>au</strong></span> <span class='ocrx_word' id='word_1_872' title='bbox 3167 5340 3519 5374; x_wconf 78' lang='lat' dir='ltr'><strong>lOCllllOIlBIIl</strong></span> <span class='ocrx_word' id='word_1_873' title='bbox 3547 5340 3639 5371; x_wconf 79' lang='lat' dir='ltr'><strong>isu</strong></span> <span class='ocrx_word' id='word_1_874' title='bbox 3668 5340 3841 5368; x_wconf 66' lang='lat' dir='ltr'><strong>siume-</strong></span> 
     </span>
     <span class='ocr_line' id='line_1_117' title="bbox 2404 5340 3841 5468; baseline -0.003 -19"><span class='ocrx_word' id='word_1_875' title='bbox 2404 5340 2661 5468; x_wconf 49' lang='lat' dir='ltr'><strong>gwfuga</strong></span> <span class='ocrx_word' id='word_1_876' title='bbox 2691 5391 2911 5462; x_wconf 73' lang='lat' dir='ltr'><strong>saeculi,</strong></span> <span class='ocrx_word' id='word_1_877' title='bbox 2944 5390 3158 5468; x_wconf 9' lang='lat' dir='ltr'><strong>cap._78,</strong></span> <span class='ocrx_word' id='word_1_878' title='bbox 3191 5406 3352 5446; x_wconf 88' lang='lat' dir='ltr'><strong>num.</strong></span> <span class='ocrx_word' id='word_1_879' title='bbox 3382 5390 3470 5445; x_wconf 73' lang='lat'><strong>47.</strong></span> <span class='ocrx_word' id='word_1_880' title='bbox 3524 5460 3560 5468; x_wconf 47' lang='grc' dir='ltr'>η</span> <span class='ocrx_word' id='word_1_881' title='bbox 3676 5457 3688 5468; x_wconf 42' lang='grc'>.</span> <span class='ocrx_word' id='word_1_882' title='bbox 3773 5445 3841 5468; x_wconf 31' lang='lat' dir='ltr'><em>‘m</em></span> 
     </span>
    </p>
   </div>
   <div class='ocr_carea' id='block_1_116' title="bbox 2475 5446 3949 5543">
    <p class='ocr_par' dir='ltr' id='par_1_116' title="bbox 2475 5446 3949 5543">
     <span class='ocr_line' id='line_1_118' title="bbox 2475 5446 3949 5543; baseline 0.005 -24"><span class='ocrx_word' id='word_1_883' title='bbox 2475 5446 2952 5543; x_wconf 32' lang='lat' dir='ltr'><strong>(licita-omnes-</strong></span> <span class='ocrx_word' id='word_1_884' title='bbox 2990 5446 3248 5519; x_wconf 47' lang='lat' dir='ltr'><strong>e‘dit.&#39;ac</strong></span> <span class='ocrx_word' id='word_1_885' title='bbox 3292 5477 3440 5543; x_wconf 63' lang='lat' dir='ltr'><strong>mss.</strong></span> <span class='ocrx_word' id='word_1_886' title='bbox 3489 5446 3949 5543; x_wconf 29' lang='lat' dir='ltr'><strong>aliquoi”;auﬁih‘yffh0</strong></span> 
     </span>
    </p>
   </div>
   <div class='ocr_carea' id='block_1_117' title="bbox 2410 5520 3946 5619">
    <p class='ocr_par' dir='ltr' id='par_1_117' title="bbox 2410 5520 3946 5619">
     <span class='ocr_line' id='line_1_119' title="bbox 2410 5520 3946 5619; baseline -0.025 -9"><span class='ocrx_word' id='word_1_887' title='bbox 2410 5560 2433 5619; x_wconf 67' lang='lat'><strong><em>2</em></strong></span> <span class='ocrx_word' id='word_1_888' title='bbox 2466 5520 2642 5619; x_wconf 38' lang='grc' dir='ltr'><strong>ἀηυέῐῐι</strong></span> <span class='ocrx_word' id='word_1_889' title='bbox 2673 5536 3032 5619; x_wconf 64' lang='grc' dir='ltr'><strong>Ρεζεεεαθρῑίες</strong></span> <span class='ocrx_word' id='word_1_890' title='bbox 3064 5555 3092 5585; x_wconf 66' lang='grc' dir='ltr'><strong><em>κ</em></strong></span> <span class='ocrx_word' id='word_1_891' title='bbox 3139 5533 3423 5603; x_wconf 88' lang='lat' dir='ltr'><strong>nonnulli,</strong></span> <span class='ocrx_word' id='word_1_892' title='bbox 3478 5554 3500 5582; x_wconf 75' lang='grc' dir='ltr'>α</span> <span class='ocrx_word' id='word_1_893' title='bbox 3535 5520 3599 5585; x_wconf 74' lang='grc' dir='ltr'><strong>ἱιί</strong></span> <span class='ocrx_word' id='word_1_894' title='bbox 3616 5520 3872 5599; x_wconf 58' lang='lat' dir='ltr'><strong>praeceptis</strong></span> <span class='ocrx_word' id='word_1_895' title='bbox 3893 5520 3946 5561; x_wconf 62' lang='grc' dir='ltr'><strong>τέ’</strong></span> 
     </span>
    </p>
   </div>
   <div class='ocr_carea' id='block_1_118' title="bbox 2404 5608 3943 5762">
    <p class='ocr_par' dir='ltr' id='par_1_118' title="bbox 2404 5608 3943 5762">
     <span class='ocr_line' id='line_1_120' title="bbox 2404 5608 3923 5664; baseline -0.031 -2"><span class='ocrx_word' id='word_1_896' title='bbox 2404 5608 2518 5664; x_wconf 83' lang='lat' dir='ltr'><strong>fert</strong></span> <span class='ocrx_word' id='word_1_897' title='bbox 2545 5608 2893 5664; x_wconf 88' lang='lat' dir='ltr'><strong>moralibus.</strong></span> <span class='ocrx_word' id='word_1_898' title='bbox 2932 5628 2955 5658; x_wconf 75' lang='grc' dir='ltr'><strong>ιι</strong></span> <span class='ocrx_word' id='word_1_899' title='bbox 3916 5646 3923 5653; x_wconf 30' lang='grc' dir='ltr'>σ</span> 
     </span>
     <span class='ocr_line' id='line_1_121' title="bbox 2474 5646 3943 5762; baseline -0.037 5"><span class='ocrx_word' id='word_1_900' title='bbox 2474 5679 2588 5762; x_wconf 55' lang='grc'><strong>(73)</strong></span> <span class='ocrx_word' id='word_1_901' title='bbox 2636 5680 2783 5737; x_wconf 71' lang='lat' dir='ltr'><strong>MSS-</strong></span> <span class='ocrx_word' id='word_1_902' title='bbox 2836 5678 2966 5752; x_wconf 73' lang='grc' dir='ltr'><strong>Βίεο</strong></span> <span class='ocrx_word' id='word_1_903' title='bbox 3000 5681 3059 5734; x_wconf 59' lang='lat' dir='ltr'><strong>Gl</strong></span> <span class='ocrx_word' id='word_1_904' title='bbox 3100 5677 3290 5749; x_wconf 83' lang='lat' dir='ltr'><strong>Gem.,</strong></span> <span class='ocrx_word' id='word_1_905' title='bbox 3327 5700 3349 5725; x_wconf 74' lang='grc' dir='ltr'><strong><em>α</em></strong></span> <span class='ocrx_word' id='word_1_906' title='bbox 3402 5690 3436 5732; x_wconf 87' lang='lat' dir='ltr'><strong>a</strong></span> <span class='ocrx_word' id='word_1_907' title='bbox 3479 5666 3801 5747; x_wconf 84' lang='lat' dir='ltr'><strong>spiritalibus</strong></span> <span class='ocrx_word' id='word_1_908' title='bbox 3834 5646 3943 5711; x_wconf 59' lang='lat' dir='ltr'><strong>mat&quot;</strong></span> 
     </span>
    </p>
   </div>
   <div class='ocr_carea' id='block_1_119' title="bbox 2404 5767 2622 5827">
    <p class='ocr_par' dir='ltr' id='par_1_119' title="bbox 2404 5767 2622 5827">
     <span class='ocr_line' id='line_1_122' title="bbox 2404 5767 2622 5827; baseline 0.009 -21"><span class='ocrx_word' id='word_1_909' title='bbox 2404 5767 2563 5827; x_wconf 80' lang='lat' dir='ltr'><strong>gms.</strong></span> <span class='ocrx_word' id='word_1_910' title='bbox 2601 5776 2622 5800; x_wconf 77' lang='grc' dir='ltr'><strong>ιι</strong></span> 
     </span>
    </p>
   </div>
  </div>
