  <div class='ocr_page' id='page_1' title='image "/cluster/home/n/w/nwhite01/storage/ocr_20150623/16/hvd.32044096580444/632.png"; bbox 0 0 4070 6180; ppageno 0'>
   <div class='ocr_carea' id='block_1_1' title="bbox 130 361 297 428">
    <p class='ocr_par' dir='ltr' id='par_1_1' title="bbox 130 361 297 428">
     <span class='ocr_line' id='line_1_1' title="bbox 130 361 297 428; baseline -0.012 0"><span class='ocrx_word' id='word_1_1' title='bbox 130 361 297 428; x_wconf 85' lang='grc'>1253</span> 
     </span>
    </p>
   </div>
   <div class='ocr_carea' id='block_1_2' title="bbox 1328 348 2417 424">
    <p class='ocr_par' dir='ltr' id='par_1_2' title="bbox 1328 348 2417 424">
     <span class='ocr_line' id='line_1_2' title="bbox 1328 348 2417 424; baseline 0 -3"><span class='ocrx_word' id='word_1_2' title='bbox 1328 348 1944 424; x_wconf 84' lang='lat' dir='ltr'>EPISTOLARUM</span> <span class='ocrx_word' id='word_1_3' title='bbox 1988 349 2329 422; x_wconf 82' lang='lat' dir='ltr'>CLASSIS</span> <span class='ocrx_word' id='word_1_4' title='bbox 2368 360 2417 422; x_wconf 92' lang='grc' dir='ltr'>Ι.</span> 
     </span>
    </p>
   </div>
   <div class='ocr_carea' id='block_1_3' title="bbox 3443 362 3602 426">
    <p class='ocr_par' dir='ltr' id='par_1_3' title="bbox 3443 362 3602 426">
     <span class='ocr_line' id='line_1_3' title="bbox 3443 362 3602 426; baseline 0 0"><span class='ocrx_word' id='word_1_5' title='bbox 3443 362 3602 426; x_wconf 77' lang='lat'>1254</span> 
     </span>
    </p>
   </div>
   <div class='ocr_carea' id='block_1_4' title="bbox 136 541 3600 633">
    <p class='ocr_par' dir='ltr' id='par_1_4' title="bbox 136 541 3600 633">
     <span class='ocr_line' id='line_1_4' title="bbox 136 541 3600 633; baseline -0.001 -12"><span class='ocrx_word' id='word_1_6' title='bbox 136 580 282 622; x_wconf 89' lang='lat' dir='ltr'>cum</span> <span class='ocrx_word' id='word_1_7' title='bbox 312 563 386 617; x_wconf 88' lang='lat' dir='ltr'>ad</span> <span class='ocrx_word' id='word_1_8' title='bbox 415 561 818 630; x_wconf 80' lang='lat' dir='ltr'>ambitionem,</span> <span class='ocrx_word' id='word_1_9' title='bbox 855 560 1163 628; x_wconf 90' lang='lat' dir='ltr'>honorem,</span> <span class='ocrx_word' id='word_1_10' title='bbox 1197 557 1523 627; x_wconf 81' lang='lat' dir='ltr'>avaritiam,</span> <span class='ocrx_word' id='word_1_11' title='bbox 1556 557 1814 630; x_wconf 77' lang='lat' dir='ltr'>divitias,</span> <span class='ocrx_word' id='word_1_12' title='bbox 1845 541 1905 604; x_wconf 84' lang='grc' dir='ltr'><strong>Α</strong></span> <span class='ocrx_word' id='word_1_13' title='bbox 1935 561 2143 613; x_wconf 83' lang='lat' dir='ltr'>auctor</span> <span class='ocrx_word' id='word_1_14' title='bbox 2172 558 2450 614; x_wconf 76' lang='lat' dir='ltr'>omnibus</span> <span class='ocrx_word' id='word_1_15' title='bbox 2483 560 2614 614; x_wconf 83' lang='lat' dir='ltr'>est?</span> <span class='ocrx_word' id='word_1_16' title='bbox 2648 580 2670 610; x_wconf 73' lang='grc' dir='ltr'>ε</span> <span class='ocrx_word' id='word_1_17' title='bbox 2705 560 2834 630; x_wconf 89' lang='lat' dir='ltr'>ipse</span> <span class='ocrx_word' id='word_1_18' title='bbox 2864 561 3216 633; x_wconf 79' lang='lat' dir='ltr'>principium</span> <span class='ocrx_word' id='word_1_19' title='bbox 3233 563 3291 617; x_wconf 89' lang='lat' dir='ltr'>et</span> <span class='ocrx_word' id='word_1_20' title='bbox 3310 562 3446 618; x_wconf 92' lang='lat' dir='ltr'>ﬁnis</span> <span class='ocrx_word' id='word_1_21' title='bbox 3479 579 3600 618; x_wconf 90' lang='lat' dir='ltr'>om-</span> 
     </span>
    </p>
   </div>
   <div class='ocr_carea' id='block_1_5' title="bbox 143 647 1646 722">
    <p class='ocr_par' dir='ltr' id='par_1_5' title="bbox 143 647 1646 722">
     <span class='ocr_line' id='line_1_5' title="bbox 143 647 1646 722; baseline -0.003 -16"><span class='ocrx_word' id='word_1_22' title='bbox 143 653 217 708; x_wconf 89' lang='lat' dir='ltr'>ad</span> <span class='ocrx_word' id='word_1_23' title='bbox 250 650 593 722; x_wconf 79' lang='lat' dir='ltr'>superbiam</span> <span class='ocrx_word' id='word_1_24' title='bbox 623 649 901 721; x_wconf 89' lang='lat' dir='ltr'>potentiae</span> <span class='ocrx_word' id='word_1_25' title='bbox 932 647 1225 704; x_wconf 89' lang='lat' dir='ltr'>lenocinia</span> <span class='ocrx_word' id='word_1_26' title='bbox 1255 647 1646 719; x_wconf 69' lang='lat' dir='ltr'>praetendunt.</span> 
     </span>
    </p>
   </div>
   <div class='ocr_carea' id='block_1_6' title="bbox 217 736 1821 810">
    <p class='ocr_par' dir='ltr' id='par_1_6' title="bbox 217 736 1821 810">
     <span class='ocr_line' id='line_1_6' title="bbox 217 736 1821 810; baseline -0.002 -16"><span class='ocrx_word' id='word_1_27' title='bbox 217 739 306 795; x_wconf 90' lang='lat'>46.</span> <span class='ocrx_word' id='word_1_28' title='bbox 349 739 551 810; x_wconf 89' lang='lat' dir='ltr'>Itaque</span> <span class='ocrx_word' id='word_1_29' title='bbox 604 753 738 792; x_wconf 92' lang='lat' dir='ltr'>cum</span> <span class='ocrx_word' id='word_1_30' title='bbox 788 739 848 792; x_wconf 90' lang='lat' dir='ltr'>in</span> <span class='ocrx_word' id='word_1_31' title='bbox 893 737 1052 792; x_wconf 92' lang='lat' dir='ltr'>omni</span> <span class='ocrx_word' id='word_1_32' title='bbox 1101 740 1256 808; x_wconf 90' lang='lat' dir='ltr'>actu,</span> <span class='ocrx_word' id='word_1_33' title='bbox 1307 740 1429 791; x_wconf 89' lang='lat' dir='ltr'>tum</span> <span class='ocrx_word' id='word_1_34' title='bbox 1477 737 1731 791; x_wconf 86' lang='lat' dir='ltr'>maxime</span> <span class='ocrx_word' id='word_1_35' title='bbox 1762 736 1821 790; x_wconf 93' lang='lat' dir='ltr'>in</span> 
     </span>
    </p>
   </div>
   <div class='ocr_carea' id='block_1_7' title="bbox 143 825 1822 901">
    <p class='ocr_par' dir='ltr' id='par_1_7' title="bbox 143 825 1822 901">
     <span class='ocr_line' id='line_1_7' title="bbox 143 825 1822 901; baseline -0.003 -16"><span class='ocrx_word' id='word_1_36' title='bbox 143 830 413 901; x_wconf 83' lang='lat' dir='ltr'>episcOpi</span> <span class='ocrx_word' id='word_1_37' title='bbox 442 828 746 897; x_wconf 82' lang='lat' dir='ltr'>petitione,</span> <span class='ocrx_word' id='word_1_38' title='bbox 781 828 998 882; x_wconf 85' lang='lat' dir='ltr'>abesse</span> <span class='ocrx_word' id='word_1_39' title='bbox 1031 827 1203 881; x_wconf 91' lang='lat' dir='ltr'>dcdet</span> <span class='ocrx_word' id='word_1_40' title='bbox 1231 826 1590 898; x_wconf 79' lang='lat' dir='ltr'>malignitas,</span> <span class='ocrx_word' id='word_1_41' title='bbox 1625 825 1685 879; x_wconf 92' lang='lat' dir='ltr'>in</span> <span class='ocrx_word' id='word_1_42' title='bbox 1707 840 1822 896; x_wconf 93' lang='lat' dir='ltr'>quo</span> 
     </span>
    </p>
   </div>
   <div class='ocr_carea' id='block_1_8' title="bbox 144 913 1826 985">
    <p class='ocr_par' dir='ltr' id='par_1_8' title="bbox 144 913 1826 985">
     <span class='ocr_line' id='line_1_8' title="bbox 144 913 1826 985; baseline -0.003 -14"><span class='ocrx_word' id='word_1_43' title='bbox 144 920 270 973; x_wconf 91' lang='lat' dir='ltr'>vita</span> <span class='ocrx_word' id='word_1_44' title='bbox 303 919 594 972; x_wconf 83' lang='lat' dir='ltr'>formatur</span> <span class='ocrx_word' id='word_1_45' title='bbox 623 916 883 971; x_wconf 90' lang='lat' dir='ltr'>omnium</span> <span class='ocrx_word' id='word_1_46' title='bbox 917 932 929 970; x_wconf 93' lang='lat'><strong>:</strong></span> <span class='ocrx_word' id='word_1_47' title='bbox 965 921 1026 969; x_wconf 85' lang='lat' dir='ltr'>ut</span> <span class='ocrx_word' id='word_1_48' title='bbox 1059 915 1270 985; x_wconf 84' lang='lat' dir='ltr'>placito</span> <span class='ocrx_word' id='word_1_49' title='bbox 1302 918 1358 970; x_wconf 87' lang='lat' dir='ltr'>et</span> <span class='ocrx_word' id='word_1_50' title='bbox 1387 914 1633 985; x_wconf 88' lang='lat' dir='ltr'>paciﬁco</span> <span class='ocrx_word' id='word_1_51' title='bbox 1683 913 1826 968; x_wconf 87' lang='lat' dir='ltr'>indi-</span> 
     </span>
    </p>
   </div>
   <div class='ocr_carea' id='block_1_9' title="bbox 143 1002 1827 1079">
    <p class='ocr_par' dir='ltr' id='par_1_9' title="bbox 143 1002 1827 1079">
     <span class='ocr_line' id='line_1_9' title="bbox 143 1002 1827 1079; baseline -0.003 -19"><span class='ocrx_word' id='word_1_52' title='bbox 143 1009 242 1063; x_wconf 93' lang='lat' dir='ltr'>cio</span> <span class='ocrx_word' id='word_1_53' title='bbox 273 1006 626 1079; x_wconf 65' lang='lat' dir='ltr'>praeferatur</span> <span class='ocrx_word' id='word_1_54' title='bbox 655 1006 750 1059; x_wconf 92' lang='lat' dir='ltr'>vir</span> <span class='ocrx_word' id='word_1_55' title='bbox 781 1005 1076 1072; x_wconf 88' lang='lat' dir='ltr'>omnibus,</span> <span class='ocrx_word' id='word_1_56' title='bbox 1115 1005 1213 1074; x_wconf 89' lang='lat' dir='ltr'>qui</span> <span class='ocrx_word' id='word_1_57' title='bbox 1245 1005 1499 1075; x_wconf 76' lang='lat' dir='ltr'>eligatur</span> <span class='ocrx_word' id='word_1_58' title='bbox 1527 1019 1602 1057; x_wconf 88' lang='lat' dir='ltr'>ex</span> <span class='ocrx_word' id='word_1_59' title='bbox 1648 1002 1827 1056; x_wconf 83' lang='lat' dir='ltr'>omni-</span> 
     </span>
    </p>
   </div>
   <div class='ocr_carea' id='block_1_10' title="bbox 143 1092 1824 1167">
    <p class='ocr_par' dir='ltr' id='par_1_10' title="bbox 143 1092 1824 1167">
     <span class='ocr_line' id='line_1_10' title="bbox 143 1092 1824 1167; baseline -0.004 -16"><span class='ocrx_word' id='word_1_60' title='bbox 143 1098 291 1166; x_wconf 86' lang='lat' dir='ltr'>bus,</span> <span class='ocrx_word' id='word_1_61' title='bbox 325 1098 381 1150; x_wconf 91' lang='lat' dir='ltr'>et</span> <span class='ocrx_word' id='word_1_62' title='bbox 410 1095 510 1167; x_wconf 87' lang='lat' dir='ltr'>qui</span> <span class='ocrx_word' id='word_1_63' title='bbox 538 1094 844 1148; x_wconf 77' lang='lat' dir='ltr'>medeatur</span> <span class='ocrx_word' id='word_1_64' title='bbox 873 1093 1149 1148; x_wconf 83' lang='lat' dir='ltr'>omnibus</span> <span class='ocrx_word' id='word_1_65' title='bbox 1192 1092 1451 1147; x_wconf 88' lang='lat' dir='ltr'>:Etenim</span> <span class='ocrx_word' id='word_1_66' title='bbox 1488 1115 1508 1139; x_wconf 75' lang='grc' dir='ltr'>α</span> <span class='ocrx_word' id='word_1_67' title='bbox 1543 1106 1824 1146; x_wconf 89' lang='lat' dir='ltr'>mansuc-</span> 
     </span>
    </p>
   </div>
   <div class='ocr_carea' id='block_1_11' title="bbox 147 1180 1820 1253">
    <p class='ocr_par' dir='ltr' id='par_1_11' title="bbox 147 1180 1820 1253">
     <span class='ocr_line' id='line_1_11' title="bbox 147 1180 1820 1253; baseline -0.005 -15"><span class='ocrx_word' id='word_1_68' title='bbox 147 1189 250 1240; x_wconf 90' lang='lat' dir='ltr'>tus</span> <span class='ocrx_word' id='word_1_69' title='bbox 282 1185 479 1253; x_wconf 90' lang='lat' dir='ltr'>homo,</span> <span class='ocrx_word' id='word_1_70' title='bbox 516 1183 714 1238; x_wconf 83' lang='lat' dir='ltr'>cordis</span> <span class='ocrx_word' id='word_1_71' title='bbox 746 1182 1014 1237; x_wconf 89' lang='lat' dir='ltr'>medicus</span> <span class='ocrx_word' id='word_1_72' title='bbox 1059 1196 1150 1236; x_wconf 80' lang='lat' dir='ltr'>est</span> <span class='ocrx_word' id='word_1_73' title='bbox 1203 1181 1413 1253; x_wconf 81' lang='lat' dir='ltr'>(Prov.</span> <span class='ocrx_word' id='word_1_74' title='bbox 1466 1198 1587 1249; x_wconf 78' lang='lat' dir='ltr'>XIV,</span> <span class='ocrx_word' id='word_1_75' title='bbox 1638 1180 1749 1250; x_wconf 85' lang='lat'>30).</span> <span class='ocrx_word' id='word_1_76' title='bbox 1797 1199 1820 1228; x_wconf 70' lang='grc' dir='ltr'>ι</span> 
     </span>
    </p>
   </div>
   <div class='ocr_carea' id='block_1_12' title="bbox 143 1268 1823 1345">
    <p class='ocr_par' dir='ltr' id='par_1_12' title="bbox 143 1268 1823 1345">
     <span class='ocr_line' id='line_1_12' title="bbox 143 1268 1823 1345; baseline -0.003 -17"><span class='ocrx_word' id='word_1_77' title='bbox 143 1273 340 1345; x_wconf 83' lang='lat' dir='ltr'>Cujus</span> <span class='ocrx_word' id='word_1_78' title='bbox 390 1289 456 1328; x_wconf 91' lang='lat' dir='ltr'>se</span> <span class='ocrx_word' id='word_1_79' title='bbox 499 1271 792 1327; x_wconf 90' lang='lat' dir='ltr'>medicum</span> <span class='ocrx_word' id='word_1_80' title='bbox 837 1272 1012 1326; x_wconf 89' lang='lat' dir='ltr'>etiam</span> <span class='ocrx_word' id='word_1_81' title='bbox 1064 1272 1352 1326; x_wconf 89' lang='lat' dir='ltr'>Dominus</span> <span class='ocrx_word' id='word_1_82' title='bbox 1397 1270 1457 1324; x_wconf 89' lang='lat' dir='ltr'>in</span> <span class='ocrx_word' id='word_1_83' title='bbox 1497 1268 1823 1340; x_wconf 90' lang='lat' dir='ltr'>Evangelio</span> 
     </span>
    </p>
   </div>
   <div class='ocr_carea' id='block_1_13' title="bbox 142 1357 1820 1430">
    <p class='ocr_par' dir='ltr' id='par_1_13' title="bbox 142 1357 1820 1430">
     <span class='ocr_line' id='line_1_13' title="bbox 142 1357 1820 1430; baseline -0.004 -13"><span class='ocrx_word' id='word_1_84' title='bbox 142 1361 388 1417; x_wconf 91' lang='lat' dir='ltr'>locutus</span> <span class='ocrx_word' id='word_1_85' title='bbox 419 1365 531 1430; x_wconf 90' lang='lat' dir='ltr'>est,</span> <span class='ocrx_word' id='word_1_86' title='bbox 565 1360 809 1415; x_wconf 88' lang='lat' dir='ltr'>dicens:</span> <span class='ocrx_word' id='word_1_87' title='bbox 837 1381 856 1408; x_wconf 81' lang='grc' dir='ltr'>ιι</span> <span class='ocrx_word' id='word_1_88' title='bbox 892 1359 1027 1414; x_wconf 90' lang='lat' dir='ltr'>Non</span> <span class='ocrx_word' id='word_1_89' title='bbox 1058 1376 1209 1430; x_wconf 90' lang='lat' dir='ltr'>opus</span> <span class='ocrx_word' id='word_1_90' title='bbox 1227 1362 1322 1414; x_wconf 90' lang='lat' dir='ltr'>est</span> <span class='ocrx_word' id='word_1_91' title='bbox 1343 1358 1508 1413; x_wconf 90' lang='lat' dir='ltr'>sanis</span> <span class='ocrx_word' id='word_1_92' title='bbox 1533 1357 1820 1426; x_wconf 90' lang='lat' dir='ltr'>medicus,</span> 
     </span>
    </p>
   </div>
   <div class='ocr_carea' id='block_1_14' title="bbox 147 1445 1525 1520">
    <p class='ocr_par' dir='ltr' id='par_1_14' title="bbox 147 1445 1525 1520">
     <span class='ocr_line' id='line_1_14' title="bbox 147 1445 1525 1520; baseline -0.007 -14"><span class='ocrx_word' id='word_1_93' title='bbox 147 1451 262 1506; x_wconf 88' lang='lat' dir='ltr'>sed</span> <span class='ocrx_word' id='word_1_94' title='bbox 293 1450 367 1504; x_wconf 90' lang='lat' dir='ltr'>iis</span> <span class='ocrx_word' id='word_1_95' title='bbox 397 1449 500 1520; x_wconf 85' lang='lat' dir='ltr'>qui</span> <span class='ocrx_word' id='word_1_96' title='bbox 530 1449 680 1504; x_wconf 89' lang='lat' dir='ltr'>male</span> <span class='ocrx_word' id='word_1_97' title='bbox 711 1448 930 1503; x_wconf 87' lang='lat' dir='ltr'>habent</span> <span class='ocrx_word' id='word_1_98' title='bbox 958 1448 1197 1519; x_wconf 80' lang='lat' dir='ltr'>(Matth.</span> <span class='ocrx_word' id='word_1_99' title='bbox 1232 1465 1311 1516; x_wconf 74' lang='grc' dir='ltr'><strong>ιχ,</strong></span> <span class='ocrx_word' id='word_1_100' title='bbox 1347 1445 1456 1518; x_wconf 78' lang='grc'>13).</span> <span class='ocrx_word' id='word_1_101' title='bbox 1503 1471 1525 1495; x_wconf 77' lang='grc' dir='ltr'><strong><em>η</em></strong></span> 
     </span>
    </p>
   </div>
   <div class='ocr_carea' id='block_1_15' title="bbox 224 1537 1825 1608">
    <p class='ocr_par' dir='ltr' id='par_1_15' title="bbox 224 1537 1825 1608">
     <span class='ocr_line' id='line_1_15' title="bbox 224 1537 1825 1608; baseline -0.004 -15"><span class='ocrx_word' id='word_1_102' title='bbox 224 1539 312 1594; x_wconf 89' lang='grc'>47.</span> <span class='ocrx_word' id='word_1_103' title='bbox 354 1539 558 1593; x_wconf 90' lang='lat' dir='ltr'>Bonus</span> <span class='ocrx_word' id='word_1_104' title='bbox 591 1537 878 1606; x_wconf 91' lang='lat' dir='ltr'>medicus,</span> <span class='ocrx_word' id='word_1_105' title='bbox 901 1537 1000 1608; x_wconf 84' lang='lat' dir='ltr'>qui</span> <span class='ocrx_word' id='word_1_106' title='bbox 1035 1537 1407 1592; x_wconf 87' lang='lat' dir='ltr'>inﬁrmitates</span> <span class='ocrx_word' id='word_1_107' title='bbox 1431 1538 1670 1590; x_wconf 88' lang='lat' dir='ltr'>nostras</span> <span class='ocrx_word' id='word_1_108' title='bbox 1694 1550 1825 1590; x_wconf 88' lang='lat' dir='ltr'>sus-</span> 
     </span>
    </p>
   </div>
   <div class='ocr_carea' id='block_1_16' title="bbox 150 1624 1825 1698">
    <p class='ocr_par' dir='ltr' id='par_1_16' title="bbox 150 1624 1825 1698">
     <span class='ocr_line' id='line_1_16' title="bbox 150 1624 1825 1698; baseline -0.003 -15"><span class='ocrx_word' id='word_1_109' title='bbox 150 1629 348 1698; x_wconf 89' lang='lat' dir='ltr'>cepit,</span> <span class='ocrx_word' id='word_1_110' title='bbox 398 1627 628 1681; x_wconf 87' lang='lat' dir='ltr'>sanavit</span> <span class='ocrx_word' id='word_1_111' title='bbox 672 1625 1059 1698; x_wconf 83' lang='lat' dir='ltr'>aegritudines</span> <span class='ocrx_word' id='word_1_112' title='bbox 1107 1628 1162 1680; x_wconf 91' lang='lat' dir='ltr'>ct</span> <span class='ocrx_word' id='word_1_113' title='bbox 1211 1627 1404 1679; x_wconf 90' lang='lat' dir='ltr'>tamen</span> <span class='ocrx_word' id='word_1_114' title='bbox 1459 1624 1608 1694; x_wconf 86' lang='lat' dir='ltr'>ista,</span> <span class='ocrx_word' id='word_1_115' title='bbox 1669 1624 1825 1678; x_wconf 84' lang='lat' dir='ltr'>sicut</span> 
     </span>
    </p>
   </div>
   <div class='ocr_carea' id='block_1_17' title="bbox 148 1713 1824 1785">
    <p class='ocr_par' dir='ltr' id='par_1_17' title="bbox 148 1713 1824 1785">
     <span class='ocr_line' id='line_1_17' title="bbox 148 1713 1824 1785; baseline -0.004 -13"><span class='ocrx_word' id='word_1_116' title='bbox 148 1719 250 1772; x_wconf 89' lang='lat' dir='ltr'>est</span> <span class='ocrx_word' id='word_1_117' title='bbox 297 1716 603 1785; x_wconf 89' lang='lat' dir='ltr'>scriptum,</span> <span class='ocrx_word' id='word_1_118' title='bbox 655 1730 773 1770; x_wconf 89' lang='lat' dir='ltr'>non</span> <span class='ocrx_word' id='word_1_119' title='bbox 822 1729 890 1769; x_wconf 91' lang='lat' dir='ltr'>se</span> <span class='ocrx_word' id='word_1_120' title='bbox 929 1713 1340 1769; x_wconf 90' lang='lat' dir='ltr'>honoriﬁcavit</span> <span class='ocrx_word' id='word_1_121' title='bbox 1371 1713 1496 1768; x_wconf 91' lang='lat' dir='ltr'>ﬁeri</span> <span class='ocrx_word' id='word_1_122' title='bbox 1529 1728 1824 1767; x_wconf 89' lang='lat' dir='ltr'>summum</span> 
     </span>
    </p>
   </div>
   <div class='ocr_carea' id='block_1_18' title="bbox 152 1801 1824 1874">
    <p class='ocr_par' dir='ltr' id='par_1_18' title="bbox 152 1801 1824 1874">
     <span class='ocr_line' id='line_1_18' title="bbox 152 1801 1824 1874; baseline -0.003 -14"><span class='ocrx_word' id='word_1_123' title='bbox 152 1804 560 1860; x_wconf 86' lang='lat' dir='ltr'>sacerdotem:</span> <span class='ocrx_word' id='word_1_124' title='bbox 588 1803 696 1858; x_wconf 88' lang='lat' dir='ltr'>sed</span> <span class='ocrx_word' id='word_1_125' title='bbox 727 1804 828 1874; x_wconf 92' lang='lat' dir='ltr'>qui</span> <span class='ocrx_word' id='word_1_126' title='bbox 859 1803 1092 1858; x_wconf 90' lang='lat' dir='ltr'>locutus</span> <span class='ocrx_word' id='word_1_127' title='bbox 1124 1805 1216 1857; x_wconf 91' lang='lat' dir='ltr'>est</span> <span class='ocrx_word' id='word_1_128' title='bbox 1243 1802 1314 1856; x_wconf 89' lang='lat' dir='ltr'>ad</span> <span class='ocrx_word' id='word_1_129' title='bbox 1347 1817 1501 1871; x_wconf 90' lang='lat' dir='ltr'>eum,</span> <span class='ocrx_word' id='word_1_130' title='bbox 1533 1801 1707 1857; x_wconf 89' lang='lat' dir='ltr'>Pater</span> <span class='ocrx_word' id='word_1_131' title='bbox 1732 1801 1824 1856; x_wconf 91' lang='lat' dir='ltr'>di-</span> 
     </span>
    </p>
   </div>
   <div class='ocr_carea' id='block_1_19' title="bbox 1939 647 3614 724">
    <p class='ocr_par' dir='ltr' id='par_1_19' title="bbox 1939 647 3614 724">
     <span class='ocr_line' id='line_1_19' title="bbox 1939 647 3614 724; baseline 0.004 -22"><span class='ocrx_word' id='word_1_132' title='bbox 1939 648 2103 702; x_wconf 90' lang='lat' dir='ltr'>nium</span> <span class='ocrx_word' id='word_1_133' title='bbox 2135 647 2341 719; x_wconf 82' lang='lat' dir='ltr'>(Apoc.</span> <span class='ocrx_word' id='word_1_134' title='bbox 2375 665 2415 718; x_wconf 90' lang='grc' dir='ltr'><strong>ι,</strong></span> <span class='ocrx_word' id='word_1_135' title='bbox 2449 648 2524 718; x_wconf 91' lang='lat'>8).</span> <span class='ocrx_word' id='word_1_136' title='bbox 2559 647 2676 703; x_wconf 85' lang='lat' dir='ltr'>Sed</span> <span class='ocrx_word' id='word_1_137' title='bbox 2705 650 2960 704; x_wconf 83' lang='lat' dir='ltr'>refertur</span> <span class='ocrx_word' id='word_1_138' title='bbox 2989 654 3044 705; x_wconf 92' lang='lat' dir='ltr'>et</span> <span class='ocrx_word' id='word_1_139' title='bbox 3072 651 3144 706; x_wconf 90' lang='lat' dir='ltr'>ad</span> <span class='ocrx_word' id='word_1_140' title='bbox 3162 653 3515 724; x_wconf 87' lang='lat' dir='ltr'>exemplum,</span> <span class='ocrx_word' id='word_1_141' title='bbox 3550 657 3614 708; x_wconf 91' lang='lat' dir='ltr'>ut</span> 
     </span>
    </p>
   </div>
   <div class='ocr_carea' id='block_1_20' title="bbox 1940 737 3608 808">
    <p class='ocr_par' dir='ltr' id='par_1_20' title="bbox 1940 737 3608 808">
     <span class='ocr_line' id='line_1_20' title="bbox 1940 737 3608 808; baseline 0.004 -17"><span class='ocrx_word' id='word_1_142' title='bbox 1940 739 2218 808; x_wconf 85' lang='lat' dir='ltr'>tanquam</span> <span class='ocrx_word' id='word_1_143' title='bbox 2263 737 2394 791; x_wconf 89' lang='lat' dir='ltr'>sine</span> <span class='ocrx_word' id='word_1_144' title='bbox 2447 740 2612 807; x_wconf 84' lang='lat' dir='ltr'>patre</span> <span class='ocrx_word' id='word_1_145' title='bbox 2657 739 2714 792; x_wconf 91' lang='lat' dir='ltr'>et</span> <span class='ocrx_word' id='word_1_146' title='bbox 2761 738 2890 793; x_wconf 87' lang='lat' dir='ltr'>sine</span> <span class='ocrx_word' id='word_1_147' title='bbox 2933 743 3118 794; x_wconf 86' lang='lat' dir='ltr'>matre</span> <span class='ocrx_word' id='word_1_148' title='bbox 3154 742 3437 797; x_wconf 88' lang='lat' dir='ltr'>sacerdos</span> <span class='ocrx_word' id='word_1_149' title='bbox 3469 759 3608 798; x_wconf 84' lang='lat' dir='ltr'>esse</span> 
     </span>
    </p>
   </div>
   <div class='ocr_carea' id='block_1_21' title="bbox 1944 826 3608 899">
    <p class='ocr_par' dir='ltr' id='par_1_21' title="bbox 1944 826 3608 899">
     <span class='ocr_line' id='line_1_21' title="bbox 1944 826 3608 899; baseline 0.005 -19"><span class='ocrx_word' id='word_1_150' title='bbox 1944 826 2193 896; x_wconf 86' lang='lat' dir='ltr'>debeat;</span> <span class='ocrx_word' id='word_1_151' title='bbox 2228 827 2286 880; x_wconf 91' lang='lat' dir='ltr'>in</span> <span class='ocrx_word' id='word_1_152' title='bbox 2315 843 2430 898; x_wconf 91' lang='lat' dir='ltr'>quo</span> <span class='ocrx_word' id='word_1_153' title='bbox 2464 843 2578 881; x_wconf 92' lang='lat' dir='ltr'>non</span> <span class='ocrx_word' id='word_1_154' title='bbox 2626 828 2866 899; x_wconf 86' lang='lat' dir='ltr'>generis</span> <span class='ocrx_word' id='word_1_155' title='bbox 2897 829 3192 899; x_wconf 87' lang='lat' dir='ltr'>nobilitas,</span> <span class='ocrx_word' id='word_1_156' title='bbox 3244 832 3350 886; x_wconf 89' lang='lat' dir='ltr'>sed</span> <span class='ocrx_word' id='word_1_157' title='bbox 3381 849 3608 889; x_wconf 89' lang='lat' dir='ltr'>morum</span> 
     </span>
    </p>
   </div>
   <div class='ocr_carea' id='block_1_22' title="bbox 1947 916 3277 990">
    <p class='ocr_par' dir='ltr' id='par_1_22' title="bbox 1947 916 3277 990">
     <span class='ocr_line' id='line_1_22' title="bbox 1947 916 3277 990; baseline 0.004 -21"><span class='ocrx_word' id='word_1_158' title='bbox 1947 916 2203 988; x_wconf 87' lang='lat' dir='ltr'>eligatur</span> <span class='ocrx_word' id='word_1_159' title='bbox 2232 916 2438 987; x_wconf 87' lang='lat' dir='ltr'>gratia,</span> <span class='ocrx_word' id='word_1_160' title='bbox 2473 919 2530 971; x_wconf 90' lang='lat' dir='ltr'>et</span> <span class='ocrx_word' id='word_1_161' title='bbox 2559 917 2836 971; x_wconf 87' lang='lat' dir='ltr'>virtutum</span> <span class='ocrx_word' id='word_1_162' title='bbox 2867 920 3277 990; x_wconf 84' lang='lat' dir='ltr'>praerogativa.</span> 
     </span>
    </p>
   </div>
   <div class='ocr_carea' id='block_1_23' title="bbox 2017 1003 3610 1066">
    <p class='ocr_par' dir='ltr' id='par_1_23' title="bbox 2017 1003 3610 1066">
     <span class='ocr_line' id='line_1_23' title="bbox 2017 1003 3610 1066; baseline 0.006 -8"><span class='ocrx_word' id='word_1_163' title='bbox 2017 1003 2108 1058; x_wconf 84' lang='lat'>50.</span> <span class='ocrx_word' id='word_1_164' title='bbox 2151 1004 2238 1058; x_wconf 89' lang='lat' dir='ltr'>Sit</span> <span class='ocrx_word' id='word_1_165' title='bbox 2271 1004 2328 1058; x_wconf 89' lang='lat' dir='ltr'>in</span> <span class='ocrx_word' id='word_1_166' title='bbox 2360 1021 2429 1060; x_wconf 92' lang='lat' dir='ltr'>eo</span> <span class='ocrx_word' id='word_1_167' title='bbox 2461 1005 2610 1060; x_wconf 86' lang='lat' dir='ltr'>ﬁdes</span> <span class='ocrx_word' id='word_1_168' title='bbox 2642 1009 2698 1060; x_wconf 90' lang='lat' dir='ltr'>et</span> <span class='ocrx_word' id='word_1_169' title='bbox 2728 1022 2956 1060; x_wconf 88' lang='lat' dir='ltr'>morum</span> <span class='ocrx_word' id='word_1_170' title='bbox 2991 1010 3296 1064; x_wconf 88' lang='lat' dir='ltr'>maturitas</span> <span class='ocrx_word' id='word_1_171' title='bbox 3330 1025 3342 1064; x_wconf 92' lang='lat'><strong>:</strong></span> <span class='ocrx_word' id='word_1_172' title='bbox 3375 1027 3492 1066; x_wconf 91' lang='lat' dir='ltr'>non</span> <span class='ocrx_word' id='word_1_173' title='bbox 3522 1012 3610 1066; x_wconf 88' lang='lat' dir='ltr'>al-</span> 
     </span>
    </p>
   </div>
   <div class='ocr_carea' id='block_1_24' title="bbox 1943 1094 3614 1166">
    <p class='ocr_par' dir='ltr' id='par_1_24' title="bbox 1943 1094 3614 1166">
     <span class='ocr_line' id='line_1_24' title="bbox 1943 1094 3614 1166; baseline 0.005 -18"><span class='ocrx_word' id='word_1_174' title='bbox 1943 1096 2135 1148; x_wconf 88' lang='lat' dir='ltr'>terum</span> <span class='ocrx_word' id='word_1_175' title='bbox 2167 1094 2297 1148; x_wconf 89' lang='lat' dir='ltr'>sine</span> <span class='ocrx_word' id='word_1_176' title='bbox 2329 1095 2533 1164; x_wconf 89' lang='lat' dir='ltr'>altero,</span> <span class='ocrx_word' id='word_1_177' title='bbox 2569 1095 2674 1149; x_wconf 90' lang='lat' dir='ltr'>scd</span> <span class='ocrx_word' id='word_1_178' title='bbox 2707 1099 3018 1166; x_wconf 89' lang='lat' dir='ltr'>utrumque</span> <span class='ocrx_word' id='word_1_179' title='bbox 3049 1097 3108 1151; x_wconf 92' lang='lat' dir='ltr'>in</span> <span class='ocrx_word' id='word_1_180' title='bbox 3139 1113 3255 1152; x_wconf 91' lang='lat' dir='ltr'>uno</span> <span class='ocrx_word' id='word_1_181' title='bbox 3287 1116 3418 1154; x_wconf 90' lang='lat' dir='ltr'>cum</span> <span class='ocrx_word' id='word_1_182' title='bbox 3438 1102 3614 1156; x_wconf 85' lang='lat' dir='ltr'>bonis</span> 
     </span>
    </p>
   </div>
   <div class='ocr_carea' id='block_1_25' title="bbox 1944 1183 3612 1259">
    <p class='ocr_par' dir='ltr' id='par_1_25' title="bbox 1944 1183 3612 1259">
     <span class='ocr_line' id='line_1_25' title="bbox 1944 1183 3612 1259; baseline 0.005 -22"><span class='ocrx_word' id='word_1_183' title='bbox 1944 1183 2226 1252; x_wconf 87' lang='lat' dir='ltr'>operibus</span> <span class='ocrx_word' id='word_1_184' title='bbox 2258 1185 2570 1238; x_wconf 87' lang='lat' dir='ltr'>conveniat</span> <span class='ocrx_word' id='word_1_185' title='bbox 2601 1188 2656 1238; x_wconf 93' lang='lat' dir='ltr'>ct</span> <span class='ocrx_word' id='word_1_186' title='bbox 2687 1183 2880 1238; x_wconf 87' lang='lat' dir='ltr'>factis.</span> <span class='ocrx_word' id='word_1_187' title='bbox 2933 1184 3102 1240; x_wconf 91' lang='lat' dir='ltr'>Unde</span> <span class='ocrx_word' id='word_1_188' title='bbox 3146 1203 3258 1241; x_wconf 89' lang='lat' dir='ltr'>nos</span> <span class='ocrx_word' id='word_1_189' title='bbox 3307 1190 3612 1259; x_wconf 87' lang='lat' dir='ltr'>apostolus</span> 
     </span>
    </p>
   </div>
   <div class='ocr_carea' id='block_1_26' title="bbox 1946 1270 3605 1350">
    <p class='ocr_par' dir='ltr' id='par_1_26' title="bbox 1946 1270 3605 1350">
     <span class='ocr_line' id='line_1_26' title="bbox 1946 1270 3605 1350; baseline 0.005 -27"><span class='ocrx_word' id='word_1_190' title='bbox 1946 1270 2165 1324; x_wconf 86' lang='lat' dir='ltr'>Paulus</span> <span class='ocrx_word' id='word_1_191' title='bbox 2197 1286 2403 1326; x_wconf 88' lang='lat' dir='ltr'>eorum</span> <span class='ocrx_word' id='word_1_192' title='bbox 2435 1272 2558 1327; x_wconf 87' lang='lat' dir='ltr'>vult</span> <span class='ocrx_word' id='word_1_193' title='bbox 2587 1289 2725 1328; x_wconf 87' lang='lat' dir='ltr'>esse</span> <span class='ocrx_word' id='word_1_194' title='bbox 2771 1275 3096 1334; x_wconf 79' lang='lat' dir='ltr'>imitatores</span> <span class='ocrx_word' id='word_1_195' title='bbox 3147 1277 3246 1347; x_wconf 89' lang='lat' dir='ltr'>qui</span> <span class='ocrx_word' id='word_1_196' title='bbox 3276 1293 3381 1347; x_wconf 89' lang='lat' dir='ltr'>per</span> <span class='ocrx_word' id='word_1_197' title='bbox 3410 1279 3605 1350; x_wconf 83' lang='lat' dir='ltr'>fidem,</span> 
     </span>
    </p>
   </div>
   <div class='ocr_carea' id='block_1_27' title="bbox 1942 1359 3606 1434">
    <p class='ocr_par' dir='ltr' id='par_1_27' title="bbox 1942 1359 3606 1434">
     <span class='ocr_line' id='line_1_27' title="bbox 1942 1359 3606 1434; baseline 0.006 -21"><span class='ocrx_word' id='word_1_198' title='bbox 1942 1359 2133 1430; x_wconf 88' lang='lat' dir='ltr'>inquit</span> <span class='ocrx_word' id='word_1_199' title='bbox 2179 1359 2395 1428; x_wconf 85' lang='lat' dir='ltr'>(Hebr.</span> <span class='ocrx_word' id='word_1_200' title='bbox 2429 1378 2510 1430; x_wconf 78' lang='grc' dir='ltr'><strong>ιιι,</strong></span> <span class='ocrx_word' id='word_1_201' title='bbox 2541 1360 2618 1431; x_wconf 91' lang='grc'>9),</span> <span class='ocrx_word' id='word_1_202' title='bbox 2666 1365 2722 1416; x_wconf 91' lang='lat' dir='ltr'>et</span> <span class='ocrx_word' id='word_1_203' title='bbox 2768 1363 3104 1432; x_wconf 89' lang='lat' dir='ltr'>patientiam</span> <span class='ocrx_word' id='word_1_204' title='bbox 3150 1366 3461 1434; x_wconf 89' lang='lat' dir='ltr'>possident</span> <span class='ocrx_word' id='word_1_205' title='bbox 3507 1383 3606 1423; x_wconf 85' lang='lat' dir='ltr'>re-</span> 
     </span>
    </p>
   </div>
   <div class='ocr_carea' id='block_1_28' title="bbox 1941 1447 3606 1526">
    <p class='ocr_par' dir='ltr' id='par_1_28' title="bbox 1941 1447 3606 1526">
     <span class='ocr_line' id='line_1_28' title="bbox 1941 1447 3606 1526; baseline 0.005 -24"><span class='ocrx_word' id='word_1_206' title='bbox 1941 1447 2375 1518; x_wconf 90' lang='lat' dir='ltr'>promissiones</span> <span class='ocrx_word' id='word_1_207' title='bbox 2405 1449 2682 1519; x_wconf 86' lang='lat' dir='ltr'>Abrahae,</span> <span class='ocrx_word' id='word_1_208' title='bbox 2717 1451 2817 1521; x_wconf 91' lang='lat' dir='ltr'>qui</span> <span class='ocrx_word' id='word_1_209' title='bbox 2847 1467 2953 1522; x_wconf 89' lang='lat' dir='ltr'>per</span> <span class='ocrx_word' id='word_1_210' title='bbox 2981 1453 3316 1522; x_wconf 87' lang='lat' dir='ltr'>patientiam</span> <span class='ocrx_word' id='word_1_211' title='bbox 3349 1457 3606 1526; x_wconf 89' lang='lat' dir='ltr'>promis-</span> 
     </span>
    </p>
   </div>
   <div class='ocr_carea' id='block_1_29' title="bbox 1944 1536 3604 1613">
    <p class='ocr_par' dir='ltr' id='par_1_29' title="bbox 1944 1536 3604 1613">
     <span class='ocr_line' id='line_1_29' title="bbox 1944 1536 3604 1613; baseline 0.006 -22"><span class='ocrx_word' id='word_1_212' title='bbox 1944 1553 2030 1592; x_wconf 90' lang='lat' dir='ltr'>sae</span> <span class='ocrx_word' id='word_1_213' title='bbox 2062 1536 2178 1591; x_wconf 85' lang='lat' dir='ltr'>sibi</span> <span class='ocrx_word' id='word_1_214' title='bbox 2205 1538 2636 1594; x_wconf 84' lang='lat' dir='ltr'>benedictionis</span> <span class='ocrx_word' id='word_1_215' title='bbox 2665 1541 2879 1595; x_wconf 91' lang='lat' dir='ltr'>meruit</span> <span class='ocrx_word' id='word_1_216' title='bbox 2907 1543 3177 1612; x_wconf 87' lang='lat' dir='ltr'>accipere</span> <span class='ocrx_word' id='word_1_217' title='bbox 3207 1547 3264 1597; x_wconf 89' lang='lat' dir='ltr'>et</span> <span class='ocrx_word' id='word_1_218' title='bbox 3292 1544 3604 1613; x_wconf 91' lang='lat' dir='ltr'>possidere</span> 
     </span>
    </p>
   </div>
   <div class='ocr_carea' id='block_1_30' title="bbox 1946 1625 3608 1704">
    <p class='ocr_par' dir='ltr' id='par_1_30' title="bbox 1946 1625 3608 1704">
     <span class='ocr_line' id='line_1_30' title="bbox 1946 1625 3608 1704; baseline 0.007 -25"><span class='ocrx_word' id='word_1_219' title='bbox 1946 1625 2215 1697; x_wconf 88' lang='lat' dir='ltr'>gratiam.</span> <span class='ocrx_word' id='word_1_220' title='bbox 2266 1625 2594 1681; x_wconf 87' lang='lat' dir='ltr'>Imitatorcs</span> <span class='ocrx_word' id='word_1_221' title='bbox 2644 1644 2755 1684; x_wconf 90' lang='lat' dir='ltr'>nos</span> <span class='ocrx_word' id='word_1_222' title='bbox 2803 1631 2992 1684; x_wconf 89' lang='lat' dir='ltr'>sancti</span> <span class='ocrx_word' id='word_1_223' title='bbox 3022 1632 3218 1687; x_wconf 82' lang='lat' dir='ltr'>Aaron</span> <span class='ocrx_word' id='word_1_224' title='bbox 3250 1633 3436 1688; x_wconf 88' lang='lat' dir='ltr'>David</span> <span class='ocrx_word' id='word_1_225' title='bbox 3467 1650 3608 1704; x_wconf 92' lang='lat' dir='ltr'>pro-</span> 
     </span>
    </p>
   </div>
   <div class='ocr_carea' id='block_1_31' title="bbox 1945 1710 3643 1789">
    <p class='ocr_par' dir='ltr' id='par_1_31' title="bbox 1945 1710 3643 1789">
     <span class='ocr_line' id='line_1_31' title="bbox 1945 1710 3643 1789; baseline 0.006 -22"><span class='ocrx_word' id='word_1_226' title='bbox 1945 1714 2120 1785; x_wconf 88' lang='lat' dir='ltr'>pheta</span> <span class='ocrx_word' id='word_1_227' title='bbox 2151 1710 2368 1770; x_wconf 81' lang='lat' dir='ltr'>debere</span> <span class='ocrx_word' id='word_1_228' title='bbox 2397 1731 2537 1770; x_wconf 90' lang='lat' dir='ltr'>esse</span> <span class='ocrx_word' id='word_1_229' title='bbox 2568 1716 2859 1786; x_wconf 89' lang='lat' dir='ltr'>admonet,</span> <span class='ocrx_word' id='word_1_230' title='bbox 2893 1719 2995 1789; x_wconf 91' lang='lat' dir='ltr'>qui</span> <span class='ocrx_word' id='word_1_231' title='bbox 3023 1735 3157 1774; x_wconf 92' lang='lat' dir='ltr'>eum</span> <span class='ocrx_word' id='word_1_232' title='bbox 3187 1720 3341 1776; x_wconf 89' lang='lat' dir='ltr'>inter</span> <span class='ocrx_word' id='word_1_233' title='bbox 3369 1725 3643 1778; x_wconf 85' lang='lat' dir='ltr'>sanctos‘</span> 
     </span>
    </p>
   </div>
   <div class='ocr_carea' id='block_1_32' title="bbox 1947 1802 3609 1878">
    <p class='ocr_par' dir='ltr' id='par_1_32' title="bbox 1947 1802 3609 1878">
     <span class='ocr_line' id='line_1_32' title="bbox 1947 1802 3609 1878; baseline 0.007 -23"><span class='ocrx_word' id='word_1_234' title='bbox 1947 1802 2183 1857; x_wconf 91' lang='lat' dir='ltr'>Domini</span> <span class='ocrx_word' id='word_1_235' title='bbox 2231 1803 2303 1857; x_wconf 93' lang='lat' dir='ltr'>ad</span> <span class='ocrx_word' id='word_1_236' title='bbox 2349 1803 2692 1858; x_wconf 90' lang='lat' dir='ltr'>imitandum</span> <span class='ocrx_word' id='word_1_237' title='bbox 2740 1805 2915 1859; x_wconf 90' lang='lat' dir='ltr'>nobis</span> <span class='ocrx_word' id='word_1_238' title='bbox 2964 1808 3286 1878; x_wconf 88' lang='lat' dir='ltr'>constituit,</span> <span class='ocrx_word' id='word_1_239' title='bbox 3337 1810 3542 1866; x_wconf 91' lang='lat' dir='ltr'>dicens</span> <span class='ocrx_word' id='word_1_240' title='bbox 3596 1827 3609 1866; x_wconf 89' lang='lat'><strong>:</strong></span> 
     </span>
    </p>
   </div>
   <div class='ocr_carea' id='block_1_33' title="bbox 151 1865 3616 1967">
    <p class='ocr_par' dir='ltr' id='par_1_33' title="bbox 151 1865 3616 1967">
     <span class='ocr_line' id='line_1_33' title="bbox 151 1865 3616 1967; baseline 0.002 -19"><span class='ocrx_word' id='word_1_241' title='bbox 151 1895 246 1948; x_wconf 84' lang='lat' dir='ltr'>xit</span> <span class='ocrx_word' id='word_1_242' title='bbox 278 1910 290 1949; x_wconf 90' lang='lat'>:</span> <span class='ocrx_word' id='word_1_243' title='bbox 325 1892 512 1947; x_wconf 89' lang='lat' dir='ltr'>Filius</span> <span class='ocrx_word' id='word_1_244' title='bbox 539 1908 710 1946; x_wconf 92' lang='lat' dir='ltr'>meus</span> <span class='ocrx_word' id='word_1_245' title='bbox 743 1865 808 1946; x_wconf 76' lang='lat' dir='ltr'>es</span> <span class='ocrx_word' id='word_1_246' title='bbox 843 1895 923 1963; x_wconf 91' lang='lat' dir='ltr'>tu,</span> <span class='ocrx_word' id='word_1_247' title='bbox 959 1908 1072 1963; x_wconf 88' lang='lat' dir='ltr'>ego</span> <span class='ocrx_word' id='word_1_248' title='bbox 1103 1891 1278 1946; x_wconf 89' lang='lat' dir='ltr'>hodie</span> <span class='ocrx_word' id='word_1_249' title='bbox 1311 1865 1498 1962; x_wconf 27' lang='lat' dir='ltr'>genui,</span> <span class='ocrx_word' id='word_1_250' title='bbox 1520 1893 1576 1945; x_wconf 92' lang='lat' dir='ltr'>te</span> <span class='ocrx_word' id='word_1_251' title='bbox 1611 1890 1822 1961; x_wconf 87' lang='lat' dir='ltr'>(Hebr.</span> <span class='ocrx_word' id='word_1_252' title='bbox 1858 1865 1912 1927; x_wconf 79' lang='grc' dir='ltr'>Β</span> <span class='ocrx_word' id='word_1_253' title='bbox 1949 1891 2190 1962; x_wconf 93' lang='lat' dir='ltr'>Moyses</span> <span class='ocrx_word' id='word_1_254' title='bbox 2220 1895 2278 1947; x_wconf 91' lang='lat' dir='ltr'>et</span> <span class='ocrx_word' id='word_1_255' title='bbox 2305 1893 2505 1947; x_wconf 88' lang='lat' dir='ltr'>Aaron</span> <span class='ocrx_word' id='word_1_256' title='bbox 2538 1893 2596 1947; x_wconf 93' lang='lat' dir='ltr'>in</span> <span class='ocrx_word' id='word_1_257' title='bbox 2627 1894 3038 1950; x_wconf 89' lang='lat' dir='ltr'>sacerdotibus</span> <span class='ocrx_word' id='word_1_258' title='bbox 3067 1894 3223 1967; x_wconf 84' lang='lat' dir='ltr'>ejus,</span> <span class='ocrx_word' id='word_1_259' title='bbox 3272 1865 3334 1952; x_wconf 74' lang='lat' dir='ltr'>et</span> <span class='ocrx_word' id='word_1_260' title='bbox 3379 1865 3616 1955; x_wconf 86' lang='lat' dir='ltr'>Samuel</span> 
     </span>
    </p>
   </div>
   <div class='ocr_carea' id='block_1_34' title="bbox 148 1979 1828 2053">
    <p class='ocr_par' dir='ltr' id='par_1_34' title="bbox 148 1979 1828 2053">
     <span class='ocr_line' id='line_1_34' title="bbox 148 1979 1828 2053; baseline -0.001 -17"><span class='ocrx_word' id='word_1_261' title='bbox 148 2000 215 2053; x_wconf 77' lang='grc' dir='ltr'>ν,</span> <span class='ocrx_word' id='word_1_262' title='bbox 249 1984 321 2053; x_wconf 97' lang='grc'>5).</span> <span class='ocrx_word' id='word_1_263' title='bbox 363 2004 383 2030; x_wconf 77' lang='grc' dir='ltr'>ι</span> <span class='ocrx_word' id='word_1_264' title='bbox 438 1981 602 2036; x_wconf 92' lang='lat' dir='ltr'>Sicut</span> <span class='ocrx_word' id='word_1_265' title='bbox 650 1984 708 2036; x_wconf 90' lang='lat' dir='ltr'>et</span> <span class='ocrx_word' id='word_1_266' title='bbox 749 1981 888 2036; x_wconf 90' lang='lat' dir='ltr'>alibi</span> <span class='ocrx_word' id='word_1_267' title='bbox 937 1981 1076 2036; x_wconf 90' lang='lat' dir='ltr'>dicit</span> <span class='ocrx_word' id='word_1_268' title='bbox 1110 1997 1122 2036; x_wconf 90' lang='lat'><strong>:</strong></span> <span class='ocrx_word' id='word_1_269' title='bbox 1163 2003 1184 2028; x_wconf 84' lang='lat'><strong>«</strong></span> <span class='ocrx_word' id='word_1_270' title='bbox 1221 1981 1310 2036; x_wconf 94' lang='lat' dir='ltr'>Tu</span> <span class='ocrx_word' id='word_1_271' title='bbox 1339 1997 1406 2035; x_wconf 88' lang='lat' dir='ltr'>es</span> <span class='ocrx_word' id='word_1_272' title='bbox 1441 1979 1724 2035; x_wconf 88' lang='lat' dir='ltr'>sacerdos</span> <span class='ocrx_word' id='word_1_273' title='bbox 1766 1979 1828 2034; x_wconf 90' lang='lat' dir='ltr'>in</span> 
     </span>
    </p>
   </div>
   <div class='ocr_carea' id='block_1_35' title="bbox 152 2068 1824 2142">
    <p class='ocr_par' dir='ltr' id='par_1_35' title="bbox 152 2068 1824 2142">
     <span class='ocr_line' id='line_1_35' title="bbox 152 2068 1824 2142; baseline -0.002 -16"><span class='ocrx_word' id='word_1_274' title='bbox 152 2074 445 2127; x_wconf 74' lang='lat' dir='ltr'>aeternum</span> <span class='ocrx_word' id='word_1_275' title='bbox 475 2069 1102 2142; x_wconf 9' lang='lat' dir='ltr'>secundumlordinem</span> <span class='ocrx_word' id='word_1_276' title='bbox 1153 2068 1596 2124; x_wconf 89' lang='lat' dir='ltr'>Melchisedech</span> <span class='ocrx_word' id='word_1_277' title='bbox 1645 2068 1824 2137; x_wconf 86' lang='lat' dir='ltr'>(Ibid.</span> 
     </span>
    </p>
   </div>
   <div class='ocr_carea' id='block_1_36' title="bbox 155 2157 1829 2232">
    <p class='ocr_par' dir='ltr' id='par_1_36' title="bbox 155 2157 1829 2232">
     <span class='ocr_line' id='line_1_36' title="bbox 155 2157 1829 2232; baseline -0.002 -17"><span class='ocrx_word' id='word_1_278' title='bbox 155 2161 240 2232; x_wconf 87' lang='lat'>6).</span> <span class='ocrx_word' id='word_1_279' title='bbox 278 2183 298 2208; x_wconf 77' lang='grc' dir='ltr'>ιι</span> <span class='ocrx_word' id='word_1_280' title='bbox 332 2159 442 2225; x_wconf 91' lang='lat' dir='ltr'>Qui</span> <span class='ocrx_word' id='word_1_281' title='bbox 491 2159 767 2231; x_wconf 86' lang='lat' dir='ltr'>quoniam</span> <span class='ocrx_word' id='word_1_282' title='bbox 810 2160 983 2230; x_wconf 81' lang='lat' dir='ltr'>typus</span> <span class='ocrx_word' id='word_1_283' title='bbox 1016 2158 1250 2213; x_wconf 89' lang='lat' dir='ltr'>futurus</span> <span class='ocrx_word' id='word_1_284' title='bbox 1282 2160 1406 2213; x_wconf 89' lang='lat' dir='ltr'>erat</span> <span class='ocrx_word' id='word_1_285' title='bbox 1453 2157 1829 2212; x_wconf 89' lang='lat' dir='ltr'>sacerdotum</span> 
     </span>
    </p>
   </div>
   <div class='ocr_carea' id='block_1_37' title="bbox 157 2247 1832 2318">
    <p class='ocr_par' dir='ltr' id='par_1_37' title="bbox 157 2247 1832 2318">
     <span class='ocr_line' id='line_1_37' title="bbox 157 2247 1832 2318; baseline -0.002 -14"><span class='ocrx_word' id='word_1_286' title='bbox 157 2251 443 2318; x_wconf 90' lang='lat' dir='ltr'>omnium,</span> <span class='ocrx_word' id='word_1_287' title='bbox 479 2249 610 2303; x_wconf 89' lang='lat' dir='ltr'>idco</span> <span class='ocrx_word' id='word_1_288' title='bbox 641 2264 878 2303; x_wconf 90' lang='lat' dir='ltr'>carnem</span> <span class='ocrx_word' id='word_1_289' title='bbox 909 2248 1209 2318; x_wconf 85' lang='lat' dir='ltr'>suscepit;</span> <span class='ocrx_word' id='word_1_290' title='bbox 1245 2269 1268 2299; x_wconf 72' lang='grc' dir='ltr'>ι</span> <span class='ocrx_word' id='word_1_291' title='bbox 1295 2251 1359 2302; x_wconf 90' lang='lat' dir='ltr'>ut</span> <span class='ocrx_word' id='word_1_292' title='bbox 1385 2248 1446 2301; x_wconf 92' lang='lat' dir='ltr'>in</span> <span class='ocrx_word' id='word_1_293' title='bbox 1477 2247 1688 2302; x_wconf 88' lang='lat' dir='ltr'>diebus</span> <span class='ocrx_word' id='word_1_294' title='bbox 1711 2263 1832 2301; x_wconf 79' lang='lat' dir='ltr'>car-</span> 
     </span>
    </p>
   </div>
   <div class='ocr_carea' id='block_1_38' title="bbox 156 2335 1832 2408">
    <p class='ocr_par' dir='ltr' id='par_1_38' title="bbox 156 2335 1832 2408">
     <span class='ocr_line' id='line_1_38' title="bbox 156 2335 1832 2408; baseline -0.002 -14"><span class='ocrx_word' id='word_1_295' title='bbox 156 2339 259 2394; x_wconf 91' lang='lat' dir='ltr'>nis</span> <span class='ocrx_word' id='word_1_296' title='bbox 311 2355 437 2393; x_wconf 89' lang='lat' dir='ltr'>suae</span> <span class='ocrx_word' id='word_1_297' title='bbox 486 2354 700 2408; x_wconf 90' lang='lat' dir='ltr'>preces</span> <span class='ocrx_word' id='word_1_298' title='bbox 748 2340 804 2392; x_wconf 91' lang='lat' dir='ltr'>et</span> <span class='ocrx_word' id='word_1_299' title='bbox 850 2337 1318 2408; x_wconf 88' lang='lat' dir='ltr'>supplicationes</span> <span class='ocrx_word' id='word_1_300' title='bbox 1353 2337 1476 2391; x_wconf 90' lang='lat' dir='ltr'>Deo</span> <span class='ocrx_word' id='word_1_301' title='bbox 1506 2335 1666 2390; x_wconf 87' lang='lat' dir='ltr'>Patri</span> <span class='ocrx_word' id='word_1_302' title='bbox 1698 2351 1832 2390; x_wconf 91' lang='lat' dir='ltr'>cum</span> 
     </span>
    </p>
   </div>
   <div class='ocr_carea' id='block_1_39' title="bbox 157 2424 1832 2499">
    <p class='ocr_par' dir='ltr' id='par_1_39' title="bbox 157 2424 1832 2499">
     <span class='ocr_line' id='line_1_39' title="bbox 157 2424 1832 2499; baseline -0.001 -17"><span class='ocrx_word' id='word_1_303' title='bbox 157 2443 377 2499; x_wconf 87' lang='lat' dir='ltr'>magna</span> <span class='ocrx_word' id='word_1_304' title='bbox 425 2441 574 2481; x_wconf 89' lang='lat' dir='ltr'>voce</span> <span class='ocrx_word' id='word_1_305' title='bbox 619 2429 676 2482; x_wconf 92' lang='lat' dir='ltr'>et</span> <span class='ocrx_word' id='word_1_306' title='bbox 722 2427 1002 2498; x_wconf 88' lang='lat' dir='ltr'>lacrymis</span> <span class='ocrx_word' id='word_1_307' title='bbox 1049 2424 1333 2480; x_wconf 81' lang='lat' dir='ltr'>offerret:</span> <span class='ocrx_word' id='word_1_308' title='bbox 1370 2427 1427 2480; x_wconf 90' lang='lat' dir='ltr'>et</span> <span class='ocrx_word' id='word_1_309' title='bbox 1475 2441 1551 2480; x_wconf 86' lang='lat' dir='ltr'>ex</span> <span class='ocrx_word' id='word_1_310' title='bbox 1591 2425 1667 2479; x_wconf 91' lang='lat' dir='ltr'>iis</span> <span class='ocrx_word' id='word_1_311' title='bbox 1699 2441 1832 2496; x_wconf 76' lang='lat' dir='ltr'>quae</span> 
     </span>
    </p>
   </div>
   <div class='ocr_carea' id='block_1_40' title="bbox 157 2513 1836 2588">
    <p class='ocr_par' dir='ltr' id='par_1_40' title="bbox 157 2513 1836 2588">
     <span class='ocr_line' id='line_1_40' title="bbox 157 2513 1836 2588; baseline -0.002 -18"><span class='ocrx_word' id='word_1_312' title='bbox 157 2532 385 2588; x_wconf 88' lang='lat' dir='ltr'>passus</span> <span class='ocrx_word' id='word_1_313' title='bbox 417 2519 529 2586; x_wconf 91' lang='lat' dir='ltr'>est,</span> <span class='ocrx_word' id='word_1_314' title='bbox 567 2516 837 2587; x_wconf 90' lang='lat' dir='ltr'>quamvis</span> <span class='ocrx_word' id='word_1_315' title='bbox 871 2519 1035 2570; x_wconf 89' lang='lat' dir='ltr'>esset</span> <span class='ocrx_word' id='word_1_316' title='bbox 1064 2513 1250 2569; x_wconf 89' lang='lat' dir='ltr'>Filius</span> <span class='ocrx_word' id='word_1_317' title='bbox 1295 2514 1422 2583; x_wconf 92' lang='lat' dir='ltr'>Dei,</span> <span class='ocrx_word' id='word_1_318' title='bbox 1470 2514 1703 2568; x_wconf 89' lang='lat' dir='ltr'>discere</span> <span class='ocrx_word' id='word_1_319' title='bbox 1750 2513 1836 2566; x_wconf 90' lang='lat' dir='ltr'>vi-</span> 
     </span>
    </p>
   </div>
   <div class='ocr_carea' id='block_1_41' title="bbox 160 2603 1835 2675">
    <p class='ocr_par' dir='ltr' id='par_1_41' title="bbox 160 2603 1835 2675">
     <span class='ocr_line' id='line_1_41' title="bbox 160 2603 1835 2675; baseline -0.002 -15"><span class='ocrx_word' id='word_1_320' title='bbox 160 2606 406 2660; x_wconf 89' lang='lat' dir='ltr'>deretur</span> <span class='ocrx_word' id='word_1_321' title='bbox 435 2605 848 2675; x_wconf 88' lang='lat' dir='ltr'>obedientiam,</span> <span class='ocrx_word' id='word_1_322' title='bbox 882 2620 1059 2675; x_wconf 90' lang='lat' dir='ltr'>quam</span> <span class='ocrx_word' id='word_1_323' title='bbox 1087 2620 1200 2659; x_wconf 92' lang='lat' dir='ltr'>nos</span> <span class='ocrx_word' id='word_1_324' title='bbox 1231 2605 1492 2674; x_wconf 90' lang='lat' dir='ltr'>doceret,</span> <span class='ocrx_word' id='word_1_325' title='bbox 1547 2606 1611 2657; x_wconf 90' lang='lat' dir='ltr'>ut</span> <span class='ocrx_word' id='word_1_326' title='bbox 1657 2603 1835 2658; x_wconf 91' lang='lat' dir='ltr'>nobis</span> 
     </span>
    </p>
   </div>
   <div class='ocr_carea' id='block_1_42' title="bbox 159 2691 1837 2766">
    <p class='ocr_par' dir='ltr' id='par_1_42' title="bbox 159 2691 1837 2766">
     <span class='ocr_line' id='line_1_42' title="bbox 159 2691 1837 2766; baseline -0.002 -16"><span class='ocrx_word' id='word_1_327' title='bbox 159 2695 335 2750; x_wconf 84' lang='lat' dir='ltr'>ﬁeret</span> <span class='ocrx_word' id='word_1_328' title='bbox 376 2698 578 2749; x_wconf 89' lang='lat' dir='ltr'>auctor</span> <span class='ocrx_word' id='word_1_329' title='bbox 626 2693 838 2748; x_wconf 89' lang='lat' dir='ltr'>salutis</span> <span class='ocrx_word' id='word_1_330' title='bbox 881 2693 1059 2766; x_wconf 90' lang='lat' dir='ltr'>(Ibid.</span> <span class='ocrx_word' id='word_1_331' title='bbox 1093 2693 1148 2764; x_wconf 88' lang='lat'>7,</span> <span class='ocrx_word' id='word_1_332' title='bbox 1179 2691 1256 2764; x_wconf 92' lang='lat'>8).</span> <span class='ocrx_word' id='word_1_333' title='bbox 1310 2714 1337 2744; x_wconf 84' lang='grc'>››</span> <span class='ocrx_word' id='word_1_334' title='bbox 1385 2692 1651 2764; x_wconf 89' lang='lat' dir='ltr'>Denique</span> <span class='ocrx_word' id='word_1_335' title='bbox 1698 2707 1837 2746; x_wconf 89' lang='lat' dir='ltr'>con-</span> 
     </span>
    </p>
   </div>
   <div class='ocr_carea' id='block_1_43' title="bbox 161 2782 1836 2854">
    <p class='ocr_par' dir='ltr' id='par_1_43' title="bbox 161 2782 1836 2854">
     <span class='ocr_line' id='line_1_43' title="bbox 161 2782 1836 2854; baseline -0.002 -16"><span class='ocrx_word' id='word_1_336' title='bbox 161 2785 478 2839; x_wconf 89' lang='lat' dir='ltr'>summatis</span> <span class='ocrx_word' id='word_1_337' title='bbox 560 2782 948 2854; x_wconf 88' lang='lat' dir='ltr'>passionibus</span> <span class='ocrx_word' id='word_1_338' title='bbox 1032 2785 1312 2854; x_wconf 87' lang='lat' dir='ltr'>tanquam</span> <span class='ocrx_word' id='word_1_339' title='bbox 1387 2783 1836 2837; x_wconf 90' lang='lat' dir='ltr'>consummatus</span> 
     </span>
    </p>
   </div>
   <div class='ocr_carea' id='block_1_44' title="bbox 159 2871 1836 2945">
    <p class='ocr_par' dir='ltr' id='par_1_44' title="bbox 159 2871 1836 2945">
     <span class='ocr_line' id='line_1_44' title="bbox 159 2871 1836 2945; baseline -0.002 -17"><span class='ocrx_word' id='word_1_340' title='bbox 159 2875 319 2945; x_wconf 89' lang='lat' dir='ltr'>ipse,</span> <span class='ocrx_word' id='word_1_341' title='bbox 353 2874 661 2929; x_wconf 87' lang='lat' dir='ltr'>sanitatem</span> <span class='ocrx_word' id='word_1_342' title='bbox 689 2872 849 2928; x_wconf 92' lang='lat' dir='ltr'>dedit</span> <span class='ocrx_word' id='word_1_343' title='bbox 879 2872 1177 2944; x_wconf 90' lang='lat' dir='ltr'>omnibus,</span> <span class='ocrx_word' id='word_1_344' title='bbox 1211 2874 1518 2943; x_wconf 90' lang='lat' dir='ltr'>peccatum</span> <span class='ocrx_word' id='word_1_345' title='bbox 1545 2871 1677 2927; x_wconf 89' lang='lat' dir='ltr'>tulit</span> <span class='ocrx_word' id='word_1_346' title='bbox 1707 2886 1836 2926; x_wconf 92' lang='lat' dir='ltr'>om-</span> 
     </span>
    </p>
   </div>
   <div class='ocr_carea' id='block_1_45' title="bbox 161 2979 350 3018">
    <p class='ocr_par' dir='ltr' id='par_1_45' title="bbox 161 2979 350 3018">
     <span class='ocr_line' id='line_1_45' title="bbox 161 2979 350 3018; baseline -0.011 0"><span class='ocrx_word' id='word_1_347' title='bbox 161 2979 350 3018; x_wconf 86' lang='lat' dir='ltr'>mum.</span> 
     </span>
    </p>
   </div>
   <div class='ocr_carea' id='block_1_46' title="bbox 249 3049 1834 3122">
    <p class='ocr_par' dir='ltr' id='par_1_46' title="bbox 249 3049 1834 3122">
     <span class='ocr_line' id='line_1_46' title="bbox 249 3049 1834 3122; baseline -0.002 -16"><span class='ocrx_word' id='word_1_348' title='bbox 249 3052 336 3106; x_wconf 94' lang='lat'>48.</span> <span class='ocrx_word' id='word_1_349' title='bbox 377 3051 512 3107; x_wconf 91' lang='lat' dir='ltr'>Ideo</span> <span class='ocrx_word' id='word_1_350' title='bbox 535 3053 591 3106; x_wconf 89' lang='lat' dir='ltr'>et</span> <span class='ocrx_word' id='word_1_351' title='bbox 621 3051 818 3106; x_wconf 87' lang='lat' dir='ltr'>Aaron</span> <span class='ocrx_word' id='word_1_352' title='bbox 849 3049 1221 3106; x_wconf 89' lang='lat' dir='ltr'>sacerdotem</span> <span class='ocrx_word' id='word_1_353' title='bbox 1252 3050 1382 3122; x_wconf 89' lang='lat' dir='ltr'>ipse</span> <span class='ocrx_word' id='word_1_354' title='bbox 1412 3049 1594 3122; x_wconf 87' lang='lat' dir='ltr'>elegit</span> <span class='ocrx_word' id='word_1_355' title='bbox 1637 3049 1834 3121; x_wconf 88' lang='lat' dir='ltr'>(Num.</span> 
     </span>
    </p>
   </div>
   <div class='ocr_carea' id='block_1_47' title="bbox 1945 1979 3522 2059">
    <p class='ocr_par' dir='ltr' id='par_1_47' title="bbox 1945 1979 3522 2059">
     <span class='ocr_line' id='line_1_47' title="bbox 1945 1979 3522 2059; baseline 0.006 -25"><span class='ocrx_word' id='word_1_356' title='bbox 1945 1979 2101 2035; x_wconf 90' lang='lat' dir='ltr'>inter</span> <span class='ocrx_word' id='word_1_357' title='bbox 2131 1981 2477 2036; x_wconf 89' lang='lat' dir='ltr'>invocantes</span> <span class='ocrx_word' id='word_1_358' title='bbox 2509 1997 2724 2038; x_wconf 91' lang='lat' dir='ltr'>nomen</span> <span class='ocrx_word' id='word_1_359' title='bbox 2755 1983 2890 2055; x_wconf 84' lang='lat' dir='ltr'>ejus</span> <span class='ocrx_word' id='word_1_360' title='bbox 2923 1985 3109 2053; x_wconf 75' lang='lat' dir='ltr'>(I’sal.</span> <span class='ocrx_word' id='word_1_361' title='bbox 3143 2003 3344 2058; x_wconf 86' lang='lat' dir='ltr'>xcvm,</span> <span class='ocrx_word' id='word_1_362' title='bbox 3377 1987 3453 2059; x_wconf 89' lang='lat'>6).</span> <span class='ocrx_word' id='word_1_363' title='bbox 3500 2013 3522 2036; x_wconf 72' lang='grc' dir='ltr'><strong>ι»</strong></span> 
     </span>
    </p>
   </div>
   <div class='ocr_carea' id='block_1_48' title="bbox 2014 2069 3616 2147">
    <p class='ocr_par' dir='ltr' id='par_1_48' title="bbox 2014 2069 3616 2147">
     <span class='ocr_line' id='line_1_48' title="bbox 2014 2069 3616 2147; baseline 0.005 -23"><span class='ocrx_word' id='word_1_364' title='bbox 2014 2069 2104 2125; x_wconf 83' lang='grc'>51.</span> <span class='ocrx_word' id='word_1_365' title='bbox 2145 2070 2376 2141; x_wconf 89' lang='lat' dir='ltr'>Dignus</span> <span class='ocrx_word' id='word_1_366' title='bbox 2405 2071 2576 2141; x_wconf 89' lang='lat' dir='ltr'>plane</span> <span class='ocrx_word' id='word_1_367' title='bbox 2609 2072 2701 2125; x_wconf 87' lang='lat' dir='ltr'>vir</span> <span class='ocrx_word' id='word_1_368' title='bbox 2731 2073 2832 2143; x_wconf 92' lang='lat' dir='ltr'>qui</span> <span class='ocrx_word' id='word_1_369' title='bbox 2865 2075 3210 2145; x_wconf 88' lang='lat' dir='ltr'>sequendus</span> <span class='ocrx_word' id='word_1_370' title='bbox 3253 2081 3616 2147; x_wconf 84' lang='lat' dir='ltr'>proponatur</span> 
     </span>
    </p>
   </div>
   <div class='ocr_carea' id='block_1_49' title="bbox 1947 2159 3614 2233">
    <p class='ocr_par' dir='ltr' id='par_1_49' title="bbox 1947 2159 3614 2233">
     <span class='ocr_line' id='line_1_49' title="bbox 1947 2159 3614 2233; baseline 0.004 -19"><span class='ocrx_word' id='word_1_371' title='bbox 1947 2159 2259 2228; x_wconf 90' lang='lat' dir='ltr'>omnibus;</span> <span class='ocrx_word' id='word_1_372' title='bbox 2293 2175 2426 2212; x_wconf 89' lang='lat' dir='ltr'>nam</span> <span class='ocrx_word' id='word_1_373' title='bbox 2458 2176 2592 2213; x_wconf 91' lang='lat' dir='ltr'>cum</span> <span class='ocrx_word' id='word_1_374' title='bbox 2623 2159 2749 2214; x_wconf 87' lang='lat' dir='ltr'>dira</span> <span class='ocrx_word' id='word_1_375' title='bbox 2780 2177 2944 2216; x_wconf 88' lang='lat' dir='ltr'>mors</span> <span class='ocrx_word' id='word_1_376' title='bbox 2973 2166 3215 2233; x_wconf 80' lang='lat' dir='ltr'>propter</span> <span class='ocrx_word' id='word_1_377' title='bbox 3235 2168 3614 2221; x_wconf 85' lang='lat' dir='ltr'>contumaces</span> 
     </span>
    </p>
   </div>
   <div class='ocr_carea' id='block_1_50' title="bbox 1945 2247 3616 2319">
    <p class='ocr_par' dir='ltr' id='par_1_50' title="bbox 1945 2247 3616 2319">
     <span class='ocr_line' id='line_1_50' title="bbox 1945 2247 3616 2319; baseline 0.005 -17"><span class='ocrx_word' id='word_1_378' title='bbox 1945 2249 2006 2302; x_wconf 88' lang='lat' dir='ltr'>in</span> <span class='ocrx_word' id='word_1_379' title='bbox 2036 2247 2269 2318; x_wconf 90' lang='lat' dir='ltr'>plebem</span> <span class='ocrx_word' id='word_1_380' title='bbox 2299 2252 2585 2319; x_wconf 86' lang='lat' dir='ltr'>serperet,</span> <span class='ocrx_word' id='word_1_381' title='bbox 2620 2249 2878 2304; x_wconf 90' lang='lat' dir='ltr'>medium</span> <span class='ocrx_word' id='word_1_382' title='bbox 2908 2266 2975 2305; x_wconf 93' lang='lat' dir='ltr'>se</span> <span class='ocrx_word' id='word_1_383' title='bbox 3005 2251 3157 2306; x_wconf 89' lang='lat' dir='ltr'>inter</span> <span class='ocrx_word' id='word_1_384' title='bbox 3184 2253 3455 2309; x_wconf 89' lang='lat' dir='ltr'>viventes</span> <span class='ocrx_word' id='word_1_385' title='bbox 3485 2270 3616 2310; x_wconf 91' lang='lat' dir='ltr'>mo-</span> 
     </span>
    </p>
   </div>
   <div class='ocr_carea' id='block_1_51' title="bbox 1946 2336 3617 2414">
    <p class='ocr_par' dir='ltr' id='par_1_51' title="bbox 1946 2336 3617 2414">
     <span class='ocr_line' id='line_1_51' title="bbox 1946 2336 3617 2414; baseline 0.004 -22"><span class='ocrx_word' id='word_1_386' title='bbox 1946 2337 2289 2408; x_wconf 90' lang='lat' dir='ltr'>rientesque</span> <span class='ocrx_word' id='word_1_387' title='bbox 2333 2336 2574 2407; x_wconf 89' lang='lat' dir='ltr'>objecit,</span> <span class='ocrx_word' id='word_1_388' title='bbox 2627 2341 2688 2393; x_wconf 92' lang='lat' dir='ltr'>ut</span> <span class='ocrx_word' id='word_1_389' title='bbox 2731 2341 2980 2394; x_wconf 89' lang='lat' dir='ltr'>mortem</span> <span class='ocrx_word' id='word_1_390' title='bbox 3029 2343 3313 2397; x_wconf 88' lang='lat' dir='ltr'>statueret</span> <span class='ocrx_word' id='word_1_391' title='bbox 3342 2343 3475 2414; x_wconf 89' lang='lat'>(76),</span> <span class='ocrx_word' id='word_1_392' title='bbox 3506 2360 3617 2399; x_wconf 89' lang='lat' dir='ltr'>nec</span> 
     </span>
    </p>
   </div>
   <div class='ocr_carea' id='block_1_52' title="bbox 1947 2426 3620 2499">
    <p class='ocr_par' dir='ltr' id='par_1_52' title="bbox 1947 2426 3620 2499">
     <span class='ocr_line' id='line_1_52' title="bbox 1947 2426 3620 2499; baseline 0.005 -19"><span class='ocrx_word' id='word_1_393' title='bbox 1947 2426 2151 2498; x_wconf 89' lang='lat' dir='ltr'>plures</span> <span class='ocrx_word' id='word_1_394' title='bbox 2182 2426 2442 2497; x_wconf 92' lang='lat' dir='ltr'>perirent</span> <span class='ocrx_word' id='word_1_395' title='bbox 2472 2426 2676 2496; x_wconf 77' lang='lat' dir='ltr'>(Nam.</span> <span class='ocrx_word' id='word_1_396' title='bbox 2711 2445 2832 2499; x_wconf 76' lang='lat' dir='ltr'>xvx,</span> <span class='ocrx_word' id='word_1_397' title='bbox 2864 2426 2976 2498; x_wconf 79' lang='lat'>48).</span> <span class='ocrx_word' id='word_1_398' title='bbox 3010 2429 3162 2484; x_wconf 86' lang='lat' dir='ltr'>Vere</span> <span class='ocrx_word' id='word_1_399' title='bbox 3193 2431 3284 2485; x_wconf 88' lang='lat' dir='ltr'>vir</span> <span class='ocrx_word' id='word_1_400' title='bbox 3317 2433 3532 2487; x_wconf 90' lang='lat' dir='ltr'>mentis</span> <span class='ocrx_word' id='word_1_401' title='bbox 3561 2436 3620 2488; x_wconf 91' lang='lat' dir='ltr'>et</span> 
     </span>
    </p>
   </div>
   <div class='ocr_carea' id='block_1_53' title="bbox 1951 2515 3620 2593">
    <p class='ocr_par' dir='ltr' id='par_1_53' title="bbox 1951 2515 3620 2593">
     <span class='ocr_line' id='line_1_53' title="bbox 1951 2515 3620 2593; baseline 0.003 -23"><span class='ocrx_word' id='word_1_402' title='bbox 1951 2515 2130 2570; x_wconf 91' lang='lat' dir='ltr'>animi</span> <span class='ocrx_word' id='word_1_403' title='bbox 2161 2515 2570 2585; x_wconf 89' lang='lat' dir='ltr'>sacerdotalis,</span> <span class='ocrx_word' id='word_1_404' title='bbox 2605 2517 2706 2588; x_wconf 87' lang='lat' dir='ltr'>qui</span> <span class='ocrx_word' id='word_1_405' title='bbox 2737 2533 2805 2571; x_wconf 92' lang='lat' dir='ltr'>se</span> <span class='ocrx_word' id='word_1_406' title='bbox 2837 2533 2945 2588; x_wconf 90' lang='lat' dir='ltr'>pro</span> <span class='ocrx_word' id='word_1_407' title='bbox 2977 2517 3210 2572; x_wconf 90' lang='lat' dir='ltr'>Domini</span> <span class='ocrx_word' id='word_1_408' title='bbox 3239 2536 3424 2593; x_wconf 90' lang='lat' dir='ltr'>grege</span> <span class='ocrx_word' id='word_1_409' title='bbox 3447 2521 3620 2592; x_wconf 90' lang='lat' dir='ltr'>quasi</span> 
     </span>
    </p>
   </div>
   <div class='ocr_carea' id='block_1_54' title="bbox 1951 2604 3621 2682">
    <p class='ocr_par' dir='ltr' id='par_1_54' title="bbox 1951 2604 3621 2682">
     <span class='ocr_line' id='line_1_54' title="bbox 1951 2604 3621 2682; baseline 0.003 -23"><span class='ocrx_word' id='word_1_410' title='bbox 1951 2608 2156 2676; x_wconf 86' lang='lat' dir='ltr'>pastor</span> <span class='ocrx_word' id='word_1_411' title='bbox 2183 2604 2381 2659; x_wconf 92' lang='lat' dir='ltr'>bonus</span> <span class='ocrx_word' id='word_1_412' title='bbox 2410 2605 2507 2676; x_wconf 91' lang='lat' dir='ltr'>pio</span> <span class='ocrx_word' id='word_1_413' title='bbox 2539 2605 2828 2676; x_wconf 85' lang='lat' dir='ltr'>objiceret</span> <span class='ocrx_word' id='word_1_414' title='bbox 2857 2605 3090 2662; x_wconf 69' lang='lat' dir='ltr'>affectu.</span> <span class='ocrx_word' id='word_1_415' title='bbox 3141 2607 3341 2680; x_wconf 89' lang='lat' dir='ltr'>Itaque</span> <span class='ocrx_word' id='word_1_416' title='bbox 3381 2609 3621 2682; x_wconf 88' lang='lat' dir='ltr'>infregit</span> 
     </span>
    </p>
   </div>
   <div class='ocr_carea' id='block_1_55' title="bbox 1953 2694 3620 2772">
    <p class='ocr_par' dir='ltr' id='par_1_55' title="bbox 1953 2694 3620 2772">
     <span class='ocr_line' id='line_1_55' title="bbox 1953 2694 3620 2772; baseline 0.004 -24"><span class='ocrx_word' id='word_1_417' title='bbox 1953 2694 2222 2749; x_wconf 89' lang='lat' dir='ltr'>aculeum</span> <span class='ocrx_word' id='word_1_418' title='bbox 2253 2695 2484 2763; x_wconf 89' lang='lat' dir='ltr'>mortis,</span> <span class='ocrx_word' id='word_1_419' title='bbox 2517 2694 2794 2765; x_wconf 88' lang='lat' dir='ltr'>impetum</span> <span class='ocrx_word' id='word_1_420' title='bbox 2828 2696 3033 2767; x_wconf 88' lang='lat' dir='ltr'>tenuit,</span> <span class='ocrx_word' id='word_1_421' title='bbox 3082 2698 3394 2752; x_wconf 88' lang='lat' dir='ltr'>transitum</span> <span class='ocrx_word' id='word_1_422' title='bbox 3442 2715 3620 2772; x_wconf 88' lang='lat' dir='ltr'>nega-</span> 
     </span>
    </p>
   </div>
   <div class='ocr_carea' id='block_1_56' title="bbox 1952 2783 3621 2860">
    <p class='ocr_par' dir='ltr' id='par_1_56' title="bbox 1952 2783 3621 2860">
     <span class='ocr_line' id='line_1_56' title="bbox 1952 2783 3621 2860; baseline 0.004 -24"><span class='ocrx_word' id='word_1_423' title='bbox 1952 2784 2056 2838; x_wconf 91' lang='lat' dir='ltr'>vit.</span> <span class='ocrx_word' id='word_1_424' title='bbox 2092 2783 2288 2839; x_wconf 91' lang='lat' dir='ltr'>Pietas</span> <span class='ocrx_word' id='word_1_425' title='bbox 2320 2784 2592 2838; x_wconf 90' lang='lat' dir='ltr'>meritum</span> <span class='ocrx_word' id='word_1_426' title='bbox 2623 2783 2736 2855; x_wconf 87' lang='lat'>(77)</span> <span class='ocrx_word' id='word_1_427' title='bbox 2769 2785 3018 2858; x_wconf 77' lang='lat' dir='ltr'>adjuvit,</span> <span class='ocrx_word' id='word_1_428' title='bbox 3051 2786 3187 2858; x_wconf 91' lang='lat' dir='ltr'>quia</span> <span class='ocrx_word' id='word_1_429' title='bbox 3217 2803 3323 2858; x_wconf 89' lang='lat' dir='ltr'>pro</span> <span class='ocrx_word' id='word_1_430' title='bbox 3352 2789 3504 2860; x_wconf 91' lang='lat' dir='ltr'>ipsis</span> <span class='ocrx_word' id='word_1_431' title='bbox 3553 2803 3621 2844; x_wconf 89' lang='lat' dir='ltr'>se</span> 
     </span>
    </p>
   </div>
   <div class='ocr_carea' id='block_1_57' title="bbox 1953 2872 2706 2944">
    <p class='ocr_par' dir='ltr' id='par_1_57' title="bbox 1953 2872 2706 2944">
     <span class='ocr_line' id='line_1_57' title="bbox 1953 2872 2706 2944; baseline -0.001 -15"><span class='ocrx_word' id='word_1_432' title='bbox 1953 2873 2162 2929; x_wconf 91' lang='lat' dir='ltr'>obtulit</span> <span class='ocrx_word' id='word_1_433' title='bbox 2193 2874 2296 2944; x_wconf 92' lang='lat' dir='ltr'>qui</span> <span class='ocrx_word' id='word_1_434' title='bbox 2326 2872 2706 2928; x_wconf 85' lang='lat' dir='ltr'>resistebant.</span> 
     </span>
    </p>
   </div>
   <div class='ocr_carea' id='block_1_58' title="bbox 2023 2961 3626 3034">
    <p class='ocr_par' dir='ltr' id='par_1_58' title="bbox 2023 2961 3626 3034">
     <span class='ocr_line' id='line_1_58' title="bbox 2023 2961 3626 3034; baseline 0.003 -17"><span class='ocrx_word' id='word_1_435' title='bbox 2023 2963 2114 3018; x_wconf 79' lang='lat'>52.</span> <span class='ocrx_word' id='word_1_436' title='bbox 2157 2961 2400 3016; x_wconf 91' lang='lat' dir='ltr'>Discant</span> <span class='ocrx_word' id='word_1_437' title='bbox 2457 2962 2639 3034; x_wconf 87' lang='lat' dir='ltr'>igitur</span> <span class='ocrx_word' id='word_1_438' title='bbox 2699 2962 3062 3019; x_wconf 89' lang='lat' dir='ltr'>dissidentes</span> <span class='ocrx_word' id='word_1_439' title='bbox 3126 2964 3331 3022; x_wconf 89' lang='lat' dir='ltr'>timere</span> <span class='ocrx_word' id='word_1_440' title='bbox 3391 2966 3626 3022; x_wconf 89' lang='lat' dir='ltr'>Domini</span> 
     </span>
    </p>
   </div>
   <div class='ocr_carea' id='block_1_59' title="bbox 1958 3051 3624 3124">
    <p class='ocr_par' dir='ltr' id='par_1_59' title="bbox 1958 3051 3624 3124">
     <span class='ocr_line' id='line_1_59' title="bbox 1958 3051 3624 3124; baseline 0.003 -19"><span class='ocrx_word' id='word_1_441' title='bbox 1958 3051 2432 3120; x_wconf 92' lang='lat' dir='ltr'>commotionem,</span> <span class='ocrx_word' id='word_1_442' title='bbox 2466 3052 2812 3106; x_wconf 90' lang='lat' dir='ltr'>sacerdotes</span> <span class='ocrx_word' id='word_1_443' title='bbox 2844 3052 3080 3123; x_wconf 91' lang='lat' dir='ltr'>placare</span> <span class='ocrx_word' id='word_1_444' title='bbox 3109 3055 3245 3124; x_wconf 85' lang='lat'>(&#39;78).</span> <span class='ocrx_word' id='word_1_445' title='bbox 3279 3053 3476 3120; x_wconf 86' lang='lat' dir='ltr'>Quid?</span> <span class='ocrx_word' id='word_1_446' title='bbox 3505 3057 3624 3110; x_wconf 89' lang='lat' dir='ltr'>Da-</span> 
     </span>
    </p>
   </div>
   <div class='ocr_carea' id='block_1_60' title="bbox 171 3139 3623 3230">
    <p class='ocr_par' dir='ltr' id='par_1_60' title="bbox 171 3139 3623 3230">
     <span class='ocr_line' id='line_1_60' title="bbox 171 3139 3623 3230; baseline 0.001 -34"><span class='ocrx_word' id='word_1_447' title='bbox 171 3159 322 3212; x_wconf 84' lang='lat' dir='ltr'>xvu,</span> <span class='ocrx_word' id='word_1_448' title='bbox 359 3141 432 3210; x_wconf 94' lang='lat'>8).</span> <span class='ocrx_word' id='word_1_449' title='bbox 465 3144 529 3195; x_wconf 91' lang='lat' dir='ltr'>ut</span> <span class='ocrx_word' id='word_1_450' title='bbox 556 3157 675 3196; x_wconf 92' lang='lat' dir='ltr'>non</span> <span class='ocrx_word' id='word_1_451' title='bbox 706 3140 961 3195; x_wconf 89' lang='lat' dir='ltr'>humana</span> <span class='ocrx_word' id='word_1_452' title='bbox 991 3141 1284 3211; x_wconf 89' lang='lat' dir='ltr'>cupiditas</span> <span class='ocrx_word' id='word_1_453' title='bbox 1314 3140 1375 3194; x_wconf 91' lang='lat' dir='ltr'>in</span> <span class='ocrx_word' id='word_1_454' title='bbox 1420 3139 1694 3212; x_wconf 89' lang='lat' dir='ltr'>eligendo</span> <span class='ocrx_word' id='word_1_455' title='bbox 1745 3155 1838 3193; x_wconf 87' lang='lat' dir='ltr'>sa-</span> <span class='ocrx_word' id='word_1_456' title='bbox 1878 3167 1929 3230; x_wconf 80' lang='lat' dir='ltr'>C</span> <span class='ocrx_word' id='word_1_457' title='bbox 1955 3140 2095 3195; x_wconf 90' lang='lat' dir='ltr'>than</span> <span class='ocrx_word' id='word_1_458' title='bbox 2146 3142 2202 3195; x_wconf 86' lang='lat' dir='ltr'>et</span> <span class='ocrx_word' id='word_1_459' title='bbox 2249 3140 2474 3195; x_wconf 84' lang='lat' dir='ltr'>Abiron</span> <span class='ocrx_word' id='word_1_460' title='bbox 2520 3143 2577 3195; x_wconf 90' lang='lat' dir='ltr'>et</span> <span class='ocrx_word' id='word_1_461' title='bbox 2624 3139 2774 3195; x_wconf 90' lang='lat' dir='ltr'>Core</span> <span class='ocrx_word' id='word_1_462' title='bbox 2805 3157 2998 3196; x_wconf 90' lang='lat' dir='ltr'>nonne</span> <span class='ocrx_word' id='word_1_463' title='bbox 3029 3147 3268 3214; x_wconf 89' lang='lat' dir='ltr'>propter</span> <span class='ocrx_word' id='word_1_464' title='bbox 3295 3144 3623 3200; x_wconf 88' lang='lat' dir='ltr'>dissensio-</span> 
     </span>
    </p>
   </div>
   <div class='ocr_carea' id='block_1_61' title="bbox 166 3229 1841 3302">
    <p class='ocr_par' dir='ltr' id='par_1_61' title="bbox 166 3229 1841 3302">
     <span class='ocr_line' id='line_1_61' title="bbox 166 3229 1841 3302; baseline -0.002 -17"><span class='ocrx_word' id='word_1_465' title='bbox 166 3230 410 3286; x_wconf 89' lang='lat' dir='ltr'>cerdote</span> <span class='ocrx_word' id='word_1_466' title='bbox 437 3230 936 3301; x_wconf 88' lang='lat' dir='ltr'>praeponderaret,</span> <span class='ocrx_word' id='word_1_467' title='bbox 972 3230 1080 3284; x_wconf 89' lang='lat' dir='ltr'>sed</span> <span class='ocrx_word' id='word_1_468' title='bbox 1111 3229 1298 3302; x_wconf 89' lang='lat' dir='ltr'>gratia</span> <span class='ocrx_word' id='word_1_469' title='bbox 1327 3230 1465 3300; x_wconf 86' lang='lat' dir='ltr'>Dei;</span> <span class='ocrx_word' id='word_1_470' title='bbox 1497 3245 1614 3284; x_wconf 91' lang='lat' dir='ltr'>non</span> <span class='ocrx_word' id='word_1_471' title='bbox 1631 3229 1841 3283; x_wconf 91' lang='lat' dir='ltr'>volun-</span> 
     </span>
    </p>
   </div>
   <div class='ocr_carea' id='block_1_62' title="bbox 170 3318 1839 3390">
    <p class='ocr_par' dir='ltr' id='par_1_62' title="bbox 170 3318 1839 3390">
     <span class='ocr_line' id='line_1_62' title="bbox 170 3318 1839 3390; baseline -0.002 -15"><span class='ocrx_word' id='word_1_472' title='bbox 170 3320 323 3375; x_wconf 88' lang='lat' dir='ltr'>taria</span> <span class='ocrx_word' id='word_1_473' title='bbox 354 3320 592 3389; x_wconf 90' lang='lat' dir='ltr'>oblatio,</span> <span class='ocrx_word' id='word_1_474' title='bbox 626 3335 735 3374; x_wconf 91' lang='lat' dir='ltr'>nec</span> <span class='ocrx_word' id='word_1_475' title='bbox 765 3319 1004 3390; x_wconf 83' lang='lat' dir='ltr'>prOpria</span> <span class='ocrx_word' id='word_1_476' title='bbox 1034 3320 1387 3390; x_wconf 83' lang='lat' dir='ltr'>assumptio,</span> <span class='ocrx_word' id='word_1_477' title='bbox 1439 3319 1546 3374; x_wconf 89' lang='lat' dir='ltr'>sed</span> <span class='ocrx_word' id='word_1_478' title='bbox 1576 3318 1839 3373; x_wconf 82' lang='lat' dir='ltr'>caelestis</span> 
     </span>
    </p>
   </div>
   <div class='ocr_carea' id='block_1_63' title="bbox 169 3407 1838 3480">
    <p class='ocr_par' dir='ltr' id='par_1_63' title="bbox 169 3407 1838 3480">
     <span class='ocr_line' id='line_1_63' title="bbox 169 3407 1838 3480; baseline -0.001 -17"><span class='ocrx_word' id='word_1_479' title='bbox 169 3409 449 3464; x_wconf 88' lang='lat' dir='ltr'>vocatio:</span> <span class='ocrx_word' id='word_1_480' title='bbox 502 3411 564 3463; x_wconf 89' lang='lat' dir='ltr'>ut</span> <span class='ocrx_word' id='word_1_481' title='bbox 611 3409 665 3462; x_wconf 92' lang='lat' dir='ltr'>is</span> <span class='ocrx_word' id='word_1_482' title='bbox 716 3407 922 3464; x_wconf 88' lang='lat' dir='ltr'>offerat</span> <span class='ocrx_word' id='word_1_483' title='bbox 965 3424 1209 3464; x_wconf 90' lang='lat' dir='ltr'>munera</span> <span class='ocrx_word' id='word_1_484' title='bbox 1257 3425 1364 3479; x_wconf 91' lang='lat' dir='ltr'>pro</span> <span class='ocrx_word' id='word_1_485' title='bbox 1406 3407 1689 3480; x_wconf 88' lang='lat' dir='ltr'>peccatis,</span> <span class='ocrx_word' id='word_1_486' title='bbox 1738 3407 1838 3478; x_wconf 92' lang='lat' dir='ltr'>qui</span> 
     </span>
    </p>
   </div>
   <div class='ocr_carea' id='block_1_64' title="bbox 167 3497 1837 3570">
    <p class='ocr_par' dir='ltr' id='par_1_64' title="bbox 167 3497 1837 3570">
     <span class='ocr_line' id='line_1_64' title="bbox 167 3497 1837 3570; baseline -0.002 -17"><span class='ocrx_word' id='word_1_487' title='bbox 167 3499 368 3569; x_wconf 87' lang='lat' dir='ltr'>possit</span> <span class='ocrx_word' id='word_1_488' title='bbox 398 3497 553 3552; x_wconf 88' lang='lat' dir='ltr'>afﬁci</span> <span class='ocrx_word' id='word_1_489' title='bbox 584 3515 690 3569; x_wconf 92' lang='lat' dir='ltr'>pro</span> <span class='ocrx_word' id='word_1_490' title='bbox 719 3498 1106 3570; x_wconf 91' lang='lat' dir='ltr'>peccantibus</span> <span class='ocrx_word' id='word_1_491' title='bbox 1141 3515 1153 3553; x_wconf 88' lang='lat'><strong>:</strong></span> <span class='ocrx_word' id='word_1_492' title='bbox 1187 3499 1324 3569; x_wconf 89' lang='lat' dir='ltr'>quia</span> <span class='ocrx_word' id='word_1_493' title='bbox 1354 3502 1410 3554; x_wconf 88' lang='lat' dir='ltr'>et</span> <span class='ocrx_word' id='word_1_494' title='bbox 1439 3499 1590 3568; x_wconf 89' lang='lat' dir='ltr'>ipse,</span> <span class='ocrx_word' id='word_1_495' title='bbox 1626 3498 1837 3569; x_wconf 90' lang='lat' dir='ltr'>inquit,</span> 
     </span>
    </p>
   </div>
   <div class='ocr_carea' id='block_1_65' title="bbox 170 3586 1844 3668">
    <p class='ocr_par' dir='ltr' id='par_1_65' title="bbox 170 3586 1844 3668">
     <span class='ocr_line' id='line_1_65' title="bbox 170 3586 1844 3668; baseline -0.001 -26"><span class='ocrx_word' id='word_1_496' title='bbox 170 3590 372 3660; x_wconf 88' lang='lat' dir='ltr'>gestat</span> <span class='ocrx_word' id='word_1_497' title='bbox 401 3587 816 3642; x_wconf 88' lang='lat' dir='ltr'>inﬁrmitatem.</span> <span class='ocrx_word' id='word_1_498' title='bbox 850 3587 984 3643; x_wconf 89' lang='lat' dir='ltr'>Non</span> <span class='ocrx_word' id='word_1_499' title='bbox 1016 3588 1133 3642; x_wconf 90' lang='lat' dir='ltr'>sibi</span> <span class='ocrx_word' id='word_1_500' title='bbox 1163 3587 1300 3658; x_wconf 92' lang='lat' dir='ltr'>quis</span> <span class='ocrx_word' id='word_1_501' title='bbox 1333 3587 1620 3668; x_wconf 81' lang='lat' dir='ltr'>honorem</span> <span class='ocrx_word' id='word_1_502' title='bbox 1666 3586 1844 3641; x_wconf 87' lang='lat' dir='ltr'>debet</span> 
     </span>
    </p>
   </div>
   <div class='ocr_carea' id='block_1_66' title="bbox 173 3675 1843 3748">
    <p class='ocr_par' dir='ltr' id='par_1_66' title="bbox 173 3675 1843 3748">
     <span class='ocr_line' id='line_1_66' title="bbox 173 3675 1843 3748; baseline -0.002 -16"><span class='ocrx_word' id='word_1_503' title='bbox 173 3691 436 3746; x_wconf 88' lang='lat' dir='ltr'>sumere,</span> <span class='ocrx_word' id='word_1_504' title='bbox 470 3675 577 3731; x_wconf 89' lang='lat' dir='ltr'>sed</span> <span class='ocrx_word' id='word_1_505' title='bbox 609 3676 808 3732; x_wconf 89' lang='lat' dir='ltr'>vocari</span> <span class='ocrx_word' id='word_1_506' title='bbox 839 3692 872 3730; x_wconf 91' lang='lat' dir='ltr'>a</span> <span class='ocrx_word' id='word_1_507' title='bbox 904 3677 1046 3748; x_wconf 90' lang='lat' dir='ltr'>Deo,</span> <span class='ocrx_word' id='word_1_508' title='bbox 1083 3676 1238 3732; x_wconf 89' lang='lat' dir='ltr'>sicut</span> <span class='ocrx_word' id='word_1_509' title='bbox 1266 3679 1323 3731; x_wconf 92' lang='lat' dir='ltr'>et</span> <span class='ocrx_word' id='word_1_510' title='bbox 1369 3676 1610 3746; x_wconf 84' lang='lat' dir='ltr'>Aaron;</span> <span class='ocrx_word' id='word_1_511' title='bbox 1660 3677 1718 3730; x_wconf 90' lang='lat' dir='ltr'>et</span> <span class='ocrx_word' id='word_1_512' title='bbox 1763 3675 1843 3729; x_wconf 88' lang='lat' dir='ltr'>ita</span> 
     </span>
    </p>
   </div>
   <div class='ocr_carea' id='block_1_67' title="bbox 172 3764 1844 3838">
    <p class='ocr_par' dir='ltr' id='par_1_67' title="bbox 172 3764 1844 3838">
     <span class='ocr_line' id='line_1_67' title="bbox 172 3764 1844 3838; baseline -0.001 -18"><span class='ocrx_word' id='word_1_513' title='bbox 172 3765 452 3820; x_wconf 89' lang='lat' dir='ltr'>Christus</span> <span class='ocrx_word' id='word_1_514' title='bbox 514 3781 632 3820; x_wconf 92' lang='lat' dir='ltr'>non</span> <span class='ocrx_word' id='word_1_515' title='bbox 696 3765 934 3838; x_wconf 86' lang='lat' dir='ltr'>exegit,</span> <span class='ocrx_word' id='word_1_516' title='bbox 1001 3766 1109 3821; x_wconf 88' lang='lat' dir='ltr'>sed</span> <span class='ocrx_word' id='word_1_517' title='bbox 1171 3765 1398 3836; x_wconf 90' lang='lat' dir='ltr'>accepit</span> <span class='ocrx_word' id='word_1_518' title='bbox 1447 3764 1844 3820; x_wconf 89' lang='lat' dir='ltr'>sacerdotium</span> 
     </span>
    </p>
   </div>
   <div class='ocr_carea' id='block_1_68' title="bbox 171 3854 675 3927">
    <p class='ocr_par' dir='ltr' id='par_1_68' title="bbox 171 3854 675 3927">
     <span class='ocr_line' id='line_1_68' title="bbox 171 3854 675 3927; baseline 0.002 -18"><span class='ocrx_word' id='word_1_519' title='bbox 171 3854 388 3927; x_wconf 79' lang='lat' dir='ltr'>(Hebr.</span> <span class='ocrx_word' id='word_1_520' title='bbox 420 3872 479 3926; x_wconf 90' lang='lat' dir='ltr'>v,</span> <span class='ocrx_word' id='word_1_521' title='bbox 513 3855 566 3925; x_wconf 80' lang='lat'>4,</span> <span class='ocrx_word' id='word_1_522' title='bbox 599 3855 675 3925; x_wconf 87' lang='lat'>5).</span> 
     </span>
    </p>
   </div>
   <div class='ocr_carea' id='block_1_69' title="bbox 263 3943 1846 4016">
    <p class='ocr_par' dir='ltr' id='par_1_69' title="bbox 263 3943 1846 4016">
     <span class='ocr_line' id='line_1_69' title="bbox 263 3943 1846 4016; baseline -0.002 -17"><span class='ocrx_word' id='word_1_523' title='bbox 263 3943 458 4008; x_wconf 80' lang='lat'>1034</span> <span class='ocrx_word' id='word_1_524' title='bbox 497 3943 584 3998; x_wconf 90' lang='lat'>49.</span> <span class='ocrx_word' id='word_1_525' title='bbox 627 3943 893 4016; x_wconf 90' lang='lat' dir='ltr'>Denique</span> <span class='ocrx_word' id='word_1_526' title='bbox 939 3959 1071 3999; x_wconf 90' lang='lat' dir='ltr'>cum</span> <span class='ocrx_word' id='word_1_527' title='bbox 1126 3943 1200 3999; x_wconf 89' lang='lat' dir='ltr'>ab</span> <span class='ocrx_word' id='word_1_528' title='bbox 1245 3945 1444 3999; x_wconf 83' lang='lat' dir='ltr'>Aaron</span> <span class='ocrx_word' id='word_1_529' title='bbox 1490 3959 1598 4014; x_wconf 91' lang='lat' dir='ltr'>per</span> <span class='ocrx_word' id='word_1_530' title='bbox 1653 3957 1846 4016; x_wconf 89' lang='lat' dir='ltr'>genus</span> 
     </span>
    </p>
   </div>
   <div class='ocr_carea' id='block_1_70' title="bbox 179 4032 1842 4106">
    <p class='ocr_par' dir='ltr' id='par_1_70' title="bbox 179 4032 1842 4106">
     <span class='ocr_line' id='line_1_70' title="bbox 179 4032 1842 4106; baseline -0.002 -17"><span class='ocrx_word' id='word_1_531' title='bbox 179 4034 354 4090; x_wconf 88' lang='lat' dir='ltr'>ducta</span> <span class='ocrx_word' id='word_1_532' title='bbox 389 4033 723 4104; x_wconf 87' lang='lat' dir='ltr'>successio,</span> <span class='ocrx_word' id='word_1_533' title='bbox 758 4034 1000 4105; x_wconf 87' lang='lat' dir='ltr'>generis</span> <span class='ocrx_word' id='word_1_534' title='bbox 1029 4034 1223 4106; x_wconf 90' lang='lat' dir='ltr'>magis</span> <span class='ocrx_word' id='word_1_535' title='bbox 1274 4037 1500 4089; x_wconf 88' lang='lat' dir='ltr'>teneret</span> <span class='ocrx_word' id='word_1_536' title='bbox 1549 4032 1842 4102; x_wconf 82' lang='lat' dir='ltr'>haeredcs,</span> 
     </span>
    </p>
   </div>
   <div class='ocr_carea' id='block_1_71' title="bbox 179 4121 1847 4196">
    <p class='ocr_par' dir='ltr' id='par_1_71' title="bbox 179 4121 1847 4196">
     <span class='ocr_line' id='line_1_71' title="bbox 179 4121 1847 4196; baseline -0.001 -19"><span class='ocrx_word' id='word_1_537' title='bbox 179 4140 355 4196; x_wconf 90' lang='lat' dir='ltr'>quam</span> <span class='ocrx_word' id='word_1_538' title='bbox 382 4123 631 4195; x_wconf 71' lang='lat' dir='ltr'>justitize</span> <span class='ocrx_word' id='word_1_539' title='bbox 663 4127 1017 4194; x_wconf 86' lang='lat' dir='ltr'>consortes;</span> <span class='ocrx_word' id='word_1_540' title='bbox 1048 4127 1361 4195; x_wconf 90' lang='lat' dir='ltr'>propterea</span> <span class='ocrx_word' id='word_1_541' title='bbox 1409 4123 1480 4177; x_wconf 89' lang='lat' dir='ltr'>ad</span> <span class='ocrx_word' id='word_1_542' title='bbox 1521 4126 1720 4194; x_wconf 89' lang='lat' dir='ltr'>typum</span> <span class='ocrx_word' id='word_1_543' title='bbox 1773 4121 1847 4175; x_wconf 86' lang='lat' dir='ltr'>il-</span> 
     </span>
    </p>
   </div>
   <div class='ocr_carea' id='block_1_72' title="bbox 175 4209 1846 4284">
    <p class='ocr_par' dir='ltr' id='par_1_72' title="bbox 175 4209 1846 4284">
     <span class='ocr_line' id='line_1_72' title="bbox 175 4209 1846 4284; baseline -0.001 -18"><span class='ocrx_word' id='word_1_544' title='bbox 175 4211 298 4267; x_wconf 89' lang='lat' dir='ltr'>lius</span> <span class='ocrx_word' id='word_1_545' title='bbox 326 4210 787 4282; x_wconf 86' lang='lat' dir='ltr'>Melchisedech,</span> <span class='ocrx_word' id='word_1_546' title='bbox 821 4228 996 4284; x_wconf 89' lang='lat' dir='ltr'>quem</span> <span class='ocrx_word' id='word_1_547' title='bbox 1025 4213 1084 4266; x_wconf 91' lang='lat' dir='ltr'>in</span> <span class='ocrx_word' id='word_1_548' title='bbox 1116 4211 1312 4267; x_wconf 88' lang='lat' dir='ltr'>Veteri</span> <span class='ocrx_word' id='word_1_549' title='bbox 1344 4212 1720 4266; x_wconf 89' lang='lat' dir='ltr'>Testamento</span> <span class='ocrx_word' id='word_1_550' title='bbox 1765 4209 1846 4264; x_wconf 89' lang='lat' dir='ltr'>le-</span> 
     </span>
    </p>
   </div>
   <div class='ocr_carea' id='block_1_73' title="bbox 180 4301 1848 4373">
    <p class='ocr_par' dir='ltr' id='par_1_73' title="bbox 180 4301 1848 4373">
     <span class='ocr_line' id='line_1_73' title="bbox 180 4301 1848 4373; baseline 0 -19"><span class='ocrx_word' id='word_1_551' title='bbox 180 4301 402 4373; x_wconf 90' lang='lat' dir='ltr'>gimus,</span> <span class='ocrx_word' id='word_1_552' title='bbox 421 4316 602 4356; x_wconf 87' lang='lat' dir='ltr'>verus</span> <span class='ocrx_word' id='word_1_553' title='bbox 625 4301 1089 4372; x_wconf 84' lang='lat' dir='ltr'>Melchisedech,</span> <span class='ocrx_word' id='word_1_554' title='bbox 1114 4316 1296 4356; x_wconf 89' lang='lat' dir='ltr'>verus</span> <span class='ocrx_word' id='word_1_555' title='bbox 1319 4317 1422 4355; x_wconf 90' lang='lat' dir='ltr'>rex</span> <span class='ocrx_word' id='word_1_556' title='bbox 1444 4301 1632 4372; x_wconf 86' lang='lat' dir='ltr'>pacis,</span> <span class='ocrx_word' id='word_1_557' title='bbox 1667 4315 1848 4354; x_wconf 88' lang='lat' dir='ltr'>verus</span> 
     </span>
    </p>
   </div>
   <div class='ocr_carea' id='block_1_74' title="bbox 180 4389 1850 4463">
    <p class='ocr_par' dir='ltr' id='par_1_74' title="bbox 180 4389 1850 4463">
     <span class='ocr_line' id='line_1_74' title="bbox 180 4389 1850 4463; baseline -0.002 -17"><span class='ocrx_word' id='word_1_558' title='bbox 180 4406 288 4446; x_wconf 85' lang='lat' dir='ltr'>rex</span> <span class='ocrx_word' id='word_1_559' title='bbox 313 4391 564 4463; x_wconf 87' lang='lat' dir='ltr'>justitiae</span> <span class='ocrx_word' id='word_1_560' title='bbox 593 4391 789 4461; x_wconf 83' lang='lat' dir='ltr'>venit;</span> <span class='ocrx_word' id='word_1_561' title='bbox 821 4391 934 4446; x_wconf 89' lang='lat' dir='ltr'>hoc</span> <span class='ocrx_word' id='word_1_562' title='bbox 966 4391 1122 4445; x_wconf 91' lang='lat' dir='ltr'>enim</span> <span class='ocrx_word' id='word_1_563' title='bbox 1157 4390 1332 4445; x_wconf 88' lang='lat' dir='ltr'>habet</span> <span class='ocrx_word' id='word_1_564' title='bbox 1374 4389 1632 4444; x_wconf 90' lang='lat' dir='ltr'>nominis</span> <span class='ocrx_word' id='word_1_565' title='bbox 1671 4390 1850 4444; x_wconf 84' lang='lat' dir='ltr'>inter-</span> 
     </span>
    </p>
   </div>
   <div class='ocr_carea' id='block_1_75' title="bbox 176 4477 1844 4552">
    <p class='ocr_par' dir='ltr' id='par_1_75' title="bbox 176 4477 1844 4552">
     <span class='ocr_line' id='line_1_75' title="bbox 176 4477 1844 4552; baseline -0.001 -17"><span class='ocrx_word' id='word_1_566' title='bbox 176 4481 449 4552; x_wconf 87' lang='lat' dir='ltr'>pretatio,</span> <span class='ocrx_word' id='word_1_567' title='bbox 489 4502 511 4531; x_wconf 73' lang='grc' dir='ltr'><strong>α</strong></span> <span class='ocrx_word' id='word_1_568' title='bbox 548 4477 677 4534; x_wconf 88' lang='lat' dir='ltr'>sine</span> <span class='ocrx_word' id='word_1_569' title='bbox 708 4483 893 4550; x_wconf 89' lang='lat' dir='ltr'>patre,</span> <span class='ocrx_word' id='word_1_570' title='bbox 930 4481 1060 4535; x_wconf 92' lang='lat' dir='ltr'>sine</span> <span class='ocrx_word' id='word_1_571' title='bbox 1091 4483 1296 4549; x_wconf 89' lang='lat' dir='ltr'>matre,</span> <span class='ocrx_word' id='word_1_572' title='bbox 1330 4480 1459 4534; x_wconf 89' lang='lat' dir='ltr'>sine</span> <span class='ocrx_word' id='word_1_573' title='bbox 1503 4478 1844 4552; x_wconf 87' lang='lat' dir='ltr'>generatio-</span> 
     </span>
    </p>
   </div>
   <div class='ocr_carea' id='block_1_76' title="bbox 180 4569 1850 4642">
    <p class='ocr_par' dir='ltr' id='par_1_76' title="bbox 180 4569 1850 4642">
     <span class='ocr_line' id='line_1_76' title="bbox 180 4569 1850 4642; baseline -0.001 -18"><span class='ocrx_word' id='word_1_574' title='bbox 180 4571 276 4624; x_wconf 86' lang='lat' dir='ltr'>nis</span> <span class='ocrx_word' id='word_1_575' title='bbox 308 4569 420 4642; x_wconf 75' lang='grc'>(74)</span> <span class='ocrx_word' id='word_1_576' title='bbox 451 4570 910 4639; x_wconf 86' lang='lat' dir='ltr'>enumeratione,</span> <span class='ocrx_word' id='word_1_577' title='bbox 945 4585 1136 4640; x_wconf 91' lang='lat' dir='ltr'>neque</span> <span class='ocrx_word' id='word_1_578' title='bbox 1167 4569 1394 4624; x_wconf 89' lang='lat' dir='ltr'>initium</span> <span class='ocrx_word' id='word_1_579' title='bbox 1445 4569 1694 4638; x_wconf 88' lang='lat' dir='ltr'>dierum,</span> <span class='ocrx_word' id='word_1_580' title='bbox 1743 4585 1850 4622; x_wconf 91' lang='lat' dir='ltr'>ne-</span> 
     </span>
    </p>
   </div>
   <div class='ocr_carea' id='block_1_77' title="bbox 183 4657 1856 4730">
    <p class='ocr_par' dir='ltr' id='par_1_77' title="bbox 183 4657 1856 4730">
     <span class='ocr_line' id='line_1_77' title="bbox 183 4657 1856 4730; baseline -0.001 -17"><span class='ocrx_word' id='word_1_581' title='bbox 183 4675 300 4730; x_wconf 90' lang='lat' dir='ltr'>que</span> <span class='ocrx_word' id='word_1_582' title='bbox 348 4659 524 4714; x_wconf 89' lang='lat' dir='ltr'>ﬁnem</span> <span class='ocrx_word' id='word_1_583' title='bbox 572 4657 708 4713; x_wconf 70' lang='lat' dir='ltr'>vitae</span> <span class='ocrx_word' id='word_1_584' title='bbox 762 4658 990 4712; x_wconf 90' lang='lat' dir='ltr'>habens</span> <span class='ocrx_word' id='word_1_585' title='bbox 1042 4658 1254 4728; x_wconf 84' lang='lat' dir='ltr'>(Hebr.</span> <span class='ocrx_word' id='word_1_586' title='bbox 1288 4675 1391 4727; x_wconf 83' lang='lat' dir='ltr'>vn,</span> <span class='ocrx_word' id='word_1_587' title='bbox 1425 4657 1516 4727; x_wconf 87' lang='lat'>3);</span> <span class='ocrx_word' id='word_1_588' title='bbox 1554 4677 1576 4707; x_wconf 77' lang='grc' dir='ltr'>ι</span> <span class='ocrx_word' id='word_1_589' title='bbox 1611 4658 1767 4729; x_wconf 90' lang='lat' dir='ltr'>quod</span> <span class='ocrx_word' id='word_1_590' title='bbox 1798 4659 1856 4713; x_wconf 89' lang='lat' dir='ltr'>et</span> 
     </span>
    </p>
   </div>
   <div class='ocr_carea' id='block_1_78' title="bbox 182 4746 1856 4819">
    <p class='ocr_par' dir='ltr' id='par_1_78' title="bbox 182 4746 1856 4819">
     <span class='ocr_line' id='line_1_78' title="bbox 182 4746 1856 4819; baseline -0.001 -17"><span class='ocrx_word' id='word_1_591' title='bbox 182 4749 258 4803; x_wconf 90' lang='lat' dir='ltr'>ad</span> <span class='ocrx_word' id='word_1_592' title='bbox 290 4747 504 4802; x_wconf 89' lang='lat' dir='ltr'>Filium</span> <span class='ocrx_word' id='word_1_593' title='bbox 534 4747 640 4803; x_wconf 88' lang='lat' dir='ltr'>Dei</span> <span class='ocrx_word' id='word_1_594' title='bbox 670 4747 943 4817; x_wconf 89' lang='lat' dir='ltr'>refertur,</span> <span class='ocrx_word' id='word_1_595' title='bbox 977 4747 1078 4819; x_wconf 90' lang='lat' dir='ltr'>qui</span> <span class='ocrx_word' id='word_1_596' title='bbox 1108 4749 1354 4802; x_wconf 90' lang='lat' dir='ltr'>matrem</span> <span class='ocrx_word' id='word_1_597' title='bbox 1401 4747 1460 4800; x_wconf 91' lang='lat' dir='ltr'>in</span> <span class='ocrx_word' id='word_1_598' title='bbox 1517 4747 1618 4800; x_wconf 93' lang='lat' dir='ltr'>illa</span> <span class='ocrx_word' id='word_1_599' title='bbox 1658 4746 1856 4800; x_wconf 90' lang='lat' dir='ltr'>divina</span> 
     </span>
    </p>
   </div>
   <div class='ocr_carea' id='block_1_79' title="bbox 183 4835 1855 4910">
    <p class='ocr_par' dir='ltr' id='par_1_79' title="bbox 183 4835 1855 4910">
     <span class='ocr_line' id='line_1_79' title="bbox 183 4835 1855 4910; baseline -0.002 -18"><span class='ocrx_word' id='word_1_600' title='bbox 183 4839 568 4910; x_wconf 89' lang='lat' dir='ltr'>generatione</span> <span class='ocrx_word' id='word_1_601' title='bbox 599 4837 871 4905; x_wconf 89' lang='lat' dir='ltr'>nescivit,</span> <span class='ocrx_word' id='word_1_602' title='bbox 904 4841 1128 4907; x_wconf 91' lang='lat' dir='ltr'>patrem</span> <span class='ocrx_word' id='word_1_603' title='bbox 1151 4838 1210 4890; x_wconf 92' lang='lat' dir='ltr'>in</span> <span class='ocrx_word' id='word_1_604' title='bbox 1233 4836 1345 4891; x_wconf 92' lang='lat' dir='ltr'>hoc</span> <span class='ocrx_word' id='word_1_605' title='bbox 1370 4835 1634 4907; x_wconf 87' lang='lat' dir='ltr'>Virginis</span> <span class='ocrx_word' id='word_1_606' title='bbox 1655 4835 1855 4889; x_wconf 83' lang='lat' dir='ltr'>Mariae</span> 
     </span>
    </p>
   </div>
   <div class='ocr_carea' id='block_1_80' title="bbox 181 4924 1852 4999">
    <p class='ocr_par' dir='ltr' id='par_1_80' title="bbox 181 4924 1852 4999">
     <span class='ocr_line' id='line_1_80' title="bbox 181 4924 1852 4999; baseline -0.002 -18"><span class='ocrx_word' id='word_1_607' title='bbox 181 4930 354 4998; x_wconf 89' lang='lat' dir='ltr'>partu</span> <span class='ocrx_word' id='word_1_608' title='bbox 387 4928 717 4999; x_wconf 87' lang='lat' dir='ltr'>ignoravit;</span> <span class='ocrx_word' id='word_1_609' title='bbox 752 4943 827 4982; x_wconf 89' lang='lat' dir='ltr'>ex</span> <span class='ocrx_word' id='word_1_610' title='bbox 854 4927 1026 4981; x_wconf 86' lang='lat' dir='ltr'>Patre</span> <span class='ocrx_word' id='word_1_611' title='bbox 1059 4927 1189 4981; x_wconf 93' lang='lat' dir='ltr'>solo</span> <span class='ocrx_word' id='word_1_612' title='bbox 1221 4929 1396 4980; x_wconf 90' lang='lat' dir='ltr'>natus</span> <span class='ocrx_word' id='word_1_613' title='bbox 1428 4928 1560 4979; x_wconf 90' lang='lat' dir='ltr'>ante</span> <span class='ocrx_word' id='word_1_614' title='bbox 1611 4924 1852 4994; x_wconf 85' lang='lat' dir='ltr'>saecula,</span> 
     </span>
    </p>
   </div>
   <div class='ocr_carea' id='block_1_81' title="bbox 186 5014 1855 5088">
    <p class='ocr_par' dir='ltr' id='par_1_81' title="bbox 186 5014 1855 5088">
     <span class='ocr_line' id='line_1_81' title="bbox 186 5014 1855 5088; baseline -0.002 -18"><span class='ocrx_word' id='word_1_615' title='bbox 186 5016 263 5070; x_wconf 84' lang='lat' dir='ltr'>ex</span> <span class='ocrx_word' id='word_1_616' title='bbox 297 5016 540 5088; x_wconf 87' lang='lat' dir='ltr'>Virgine</span> <span class='ocrx_word' id='word_1_617' title='bbox 572 5017 699 5071; x_wconf 88' lang='lat' dir='ltr'>sola</span> <span class='ocrx_word' id='word_1_618' title='bbox 732 5019 898 5072; x_wconf 89' lang='lat' dir='ltr'>ortus</span> <span class='ocrx_word' id='word_1_619' title='bbox 929 5016 990 5069; x_wconf 91' lang='lat' dir='ltr'>in</span> <span class='ocrx_word' id='word_1_620' title='bbox 1020 5016 1133 5070; x_wconf 93' lang='lat' dir='ltr'>hoc</span> <span class='ocrx_word' id='word_1_621' title='bbox 1165 5016 1410 5085; x_wconf 82' lang='lat' dir='ltr'>saeculo,</span> <span class='ocrx_word' id='word_1_622' title='bbox 1460 5015 1689 5068; x_wconf 92' lang='lat' dir='ltr'>initium</span> <span class='ocrx_word' id='word_1_623' title='bbox 1730 5014 1855 5067; x_wconf 91' lang='lat' dir='ltr'>die-</span> 
     </span>
    </p>
   </div>
   <div class='ocr_carea' id='block_1_82' title="bbox 184 5103 1857 5178">
    <p class='ocr_par' dir='ltr' id='par_1_82' title="bbox 184 5103 1857 5178">
     <span class='ocr_line' id='line_1_82' title="bbox 184 5103 1857 5178; baseline -0.002 -18"><span class='ocrx_word' id='word_1_624' title='bbox 184 5122 322 5160; x_wconf 89' lang='lat' dir='ltr'>rum</span> <span class='ocrx_word' id='word_1_625' title='bbox 359 5106 580 5160; x_wconf 88' lang='lat' dir='ltr'>habere</span> <span class='ocrx_word' id='word_1_626' title='bbox 615 5107 817 5178; x_wconf 88' lang='lat' dir='ltr'>utique</span> <span class='ocrx_word' id='word_1_627' title='bbox 847 5122 965 5160; x_wconf 93' lang='lat' dir='ltr'>non</span> <span class='ocrx_word' id='word_1_628' title='bbox 997 5107 1204 5175; x_wconf 88' lang='lat' dir='ltr'>potuit,</span> <span class='ocrx_word' id='word_1_629' title='bbox 1240 5106 1337 5176; x_wconf 91' lang='lat' dir='ltr'>qui</span> <span class='ocrx_word' id='word_1_630' title='bbox 1369 5108 1492 5159; x_wconf 88' lang='lat' dir='ltr'>erat</span> <span class='ocrx_word' id='word_1_631' title='bbox 1539 5105 1597 5158; x_wconf 92' lang='lat' dir='ltr'>in</span> <span class='ocrx_word' id='word_1_632' title='bbox 1644 5103 1857 5174; x_wconf 89' lang='lat' dir='ltr'>princi-</span> 
     </span>
    </p>
   </div>
   <div class='ocr_carea' id='block_1_83' title="bbox 184 5193 1858 5266">
    <p class='ocr_par' dir='ltr' id='par_1_83' title="bbox 184 5193 1858 5266">
     <span class='ocr_line' id='line_1_83' title="bbox 184 5193 1858 5266; baseline -0.002 -16"><span class='ocrx_word' id='word_1_633' title='bbox 184 5196 308 5266; x_wconf 90' lang='lat' dir='ltr'>pio.</span> <span class='ocrx_word' id='word_1_634' title='bbox 341 5194 645 5260; x_wconf 90' lang='lat' dir='ltr'>Quomodo</span> <span class='ocrx_word' id='word_1_635' title='bbox 679 5199 873 5250; x_wconf 89' lang='lat' dir='ltr'>autem</span> <span class='ocrx_word' id='word_1_636' title='bbox 904 5195 1040 5249; x_wconf 89' lang='lat' dir='ltr'>vitae</span> <span class='ocrx_word' id='word_1_637' title='bbox 1072 5194 1245 5249; x_wconf 86' lang='lat' dir='ltr'>ﬁnem</span> <span class='ocrx_word' id='word_1_638' title='bbox 1278 5194 1542 5263; x_wconf 86' lang='lat' dir='ltr'>haberet,</span> <span class='ocrx_word' id='word_1_639' title='bbox 1575 5193 1675 5264; x_wconf 89' lang='lat' dir='ltr'>qui</span> <span class='ocrx_word' id='word_1_640' title='bbox 1727 5193 1858 5247; x_wconf 85' lang='lat' dir='ltr'>vitae</span> 
     </span>
    </p>
   </div>
   <div class='ocr_carea' id='block_1_84' title="bbox 262 5354 1857 5427">
    <p class='ocr_par' dir='ltr' id='par_1_84' title="bbox 262 5354 1857 5427">
     <span class='ocr_line' id='line_1_84' title="bbox 262 5354 1857 5427; baseline -0.001 -19"><span class='ocrx_word' id='word_1_641' title='bbox 262 5355 378 5426; x_wconf 88' lang='grc'>(74)</span> <span class='ocrx_word' id='word_1_642' title='bbox 418 5355 550 5410; x_wconf 90' lang='lat' dir='ltr'>Non</span> <span class='ocrx_word' id='word_1_643' title='bbox 581 5355 753 5427; x_wconf 87' lang='lat' dir='ltr'>pauci</span> <span class='ocrx_word' id='word_1_644' title='bbox 784 5371 958 5425; x_wconf 90' lang='lat' dir='ltr'>mss.,</span> <span class='ocrx_word' id='word_1_645' title='bbox 1000 5376 1022 5406; x_wconf 78' lang='grc' dir='ltr'>ι</span> <span class='ocrx_word' id='word_1_646' title='bbox 1058 5355 1188 5410; x_wconf 90' lang='lat' dir='ltr'>sine</span> <span class='ocrx_word' id='word_1_647' title='bbox 1230 5354 1857 5427; x_wconf 26' lang='lat' dir='ltr'>generationehmeg”</span> 
     </span>
    </p>
   </div>
   <div class='ocr_carea' id='block_1_85' title="bbox 189 5424 1858 5508">
    <p class='ocr_par' dir='ltr' id='par_1_85' title="bbox 189 5424 1858 5508">
     <span class='ocr_line' id='line_1_85' title="bbox 189 5424 1858 5508; baseline -0.002 -28"><span class='ocrx_word' id='word_1_648' title='bbox 189 5424 327 5508; x_wconf 79' lang='lat' dir='ltr'>sine</span> <span class='ocrx_word' id='word_1_649' title='bbox 359 5424 773 5508; x_wconf 53' lang='grc' dir='ltr'>Ἀρθηθθζρζχίθ),</span> <span class='ocrx_word' id='word_1_650' title='bbox 813 5424 953 5508; x_wconf 81' lang='lat' dir='ltr'>_sine</span> <span class='ocrx_word' id='word_1_651' title='bbox 1002 5424 1444 5508; x_wconf 54' lang='lat' dir='ltr'>numera&#39;tione;</span> <span class='ocrx_word' id='word_1_652' title='bbox 1501 5446 1522 5475; x_wconf 82' lang='grc'><strong>»</strong></span> <span class='ocrx_word' id='word_1_653' title='bbox 1578 5424 1673 5478; x_wconf 91' lang='lat' dir='ltr'>alii</span> <span class='ocrx_word' id='word_1_654' title='bbox 1727 5425 1858 5479; x_wconf 91' lang='lat' dir='ltr'>cod.</span> 
     </span>
    </p>
   </div>
   <div class='ocr_carea' id='block_1_86' title="bbox 190 5499 1081 5567">
    <p class='ocr_par' dir='ltr' id='par_1_86' title="bbox 190 5499 1081 5567">
     <span class='ocr_line' id='line_1_86' title="bbox 190 5499 1081 5567; baseline 0.001 -15"><span class='ocrx_word' id='word_1_655' title='bbox 190 5499 399 5567; x_wconf 89' lang='lat' dir='ltr'>scripti</span> <span class='ocrx_word' id='word_1_656' title='bbox 430 5515 495 5553; x_wconf 90' lang='lat' dir='ltr'>ac</span> <span class='ocrx_word' id='word_1_657' title='bbox 528 5499 687 5566; x_wconf 88' lang='lat' dir='ltr'>editi,</span> <span class='ocrx_word' id='word_1_658' title='bbox 719 5505 782 5552; x_wconf 91' lang='lat' dir='ltr'>ut</span> <span class='ocrx_word' id='word_1_659' title='bbox 809 5500 868 5553; x_wconf 91' lang='lat' dir='ltr'>in</span> <span class='ocrx_word' id='word_1_660' title='bbox 898 5501 1081 5553; x_wconf 88' lang='lat' dir='ltr'>textu.</span> 
     </span>
    </p>
   </div>
   <div class='ocr_carea' id='block_1_87' title="bbox 264 5567 1858 5641">
    <p class='ocr_par' dir='ltr' id='par_1_87' title="bbox 264 5567 1858 5641">
     <span class='ocr_line' id='line_1_87' title="bbox 264 5567 1858 5641; baseline -0.002 -18"><span class='ocrx_word' id='word_1_661' title='bbox 264 5571 382 5640; x_wconf 89' lang='lat'>(75)</span> <span class='ocrx_word' id='word_1_662' title='bbox 432 5570 579 5625; x_wconf 89' lang='lat' dir='ltr'>Mss.</span> <span class='ocrx_word' id='word_1_663' title='bbox 626 5571 894 5641; x_wconf 70' lang='lat' dir='ltr'>aliQuot,_</span> <span class='ocrx_word' id='word_1_664' title='bbox 927 5592 949 5617; x_wconf 71' lang='grc' dir='ltr'><strong>α</strong></span> <span class='ocrx_word' id='word_1_665' title='bbox 998 5569 1271 5641; x_wconf 89' lang='lat' dir='ltr'>eligatur,</span> <span class='ocrx_word' id='word_1_666' title='bbox 1322 5567 1512 5641; x_wconf 89' lang='lat' dir='ltr'>gratia</span> <span class='ocrx_word' id='word_1_667' title='bbox 1558 5567 1858 5620; x_wconf 85' lang='lat' dir='ltr'>virtutum.</span> 
     </span>
    </p>
   </div>
   <div class='ocr_carea' id='block_1_88' title="bbox 190 5639 1211 5712">
    <p class='ocr_par' dir='ltr' id='par_1_88' title="bbox 190 5639 1211 5712">
     <span class='ocr_line' id='line_1_88' title="bbox 190 5639 1211 5712; baseline -0.005 -16"><span class='ocrx_word' id='word_1_668' title='bbox 190 5639 600 5712; x_wconf 55' lang='lat' dir='ltr'>PrairOgativa</span> <span class='ocrx_word' id='word_1_669' title='bbox 632 5643 691 5696; x_wconf 92' lang='lat' dir='ltr'>in</span> <span class='ocrx_word' id='word_1_670' title='bbox 723 5639 792 5697; x_wconf 78' lang='lat' dir='ltr'>eo</span> <span class='ocrx_word' id='word_1_671' title='bbox 824 5639 996 5712; x_wconf 90' lang='lat' dir='ltr'>ﬁdes,</span> <span class='ocrx_word' id='word_1_672' title='bbox 1031 5639 1141 5696; x_wconf 81' lang='lat' dir='ltr'>etc.</span> <span class='ocrx_word' id='word_1_673' title='bbox 1189 5660 1211 5690; x_wconf 75' lang='grc' dir='ltr'>ι</span> 
     </span>
    </p>
   </div>
   <div class='ocr_carea' id='block_1_89' title="bbox 264 5707 1860 5784">
    <p class='ocr_par' dir='ltr' id='par_1_89' title="bbox 264 5707 1860 5784">
     <span class='ocr_line' id='line_1_89' title="bbox 264 5707 1860 5784; baseline -0.001 -18"><span class='ocrx_word' id='word_1_674' title='bbox 264 5711 381 5782; x_wconf 87' lang='grc'>(76)</span> <span class='ocrx_word' id='word_1_675' title='bbox 410 5707 572 5767; x_wconf 78' lang='grc' dir='ltr'><strong>Ὲάίι·</strong></span> <span class='ocrx_word' id='word_1_676' title='bbox 608 5713 780 5767; x_wconf 90' lang='lat' dir='ltr'>Eras.</span> <span class='ocrx_word' id='word_1_677' title='bbox 813 5717 870 5767; x_wconf 90' lang='lat' dir='ltr'>et</span> <span class='ocrx_word' id='word_1_678' title='bbox 899 5707 1053 5784; x_wconf 84' lang='lat' dir='ltr'>seq.,</span> <span class='ocrx_word' id='word_1_679' title='bbox 1090 5733 1113 5764; x_wconf 73' lang='grc' dir='ltr'>ι</span> <span class='ocrx_word' id='word_1_680' title='bbox 1148 5713 1212 5765; x_wconf 89' lang='lat' dir='ltr'>ut</span> <span class='ocrx_word' id='word_1_681' title='bbox 1240 5711 1515 5780; x_wconf 88' lang='lat' dir='ltr'>sisteret;</span> <span class='ocrx_word' id='word_1_682' title='bbox 1553 5732 1574 5760; x_wconf 70' lang='grc' dir='ltr'>ι</span> <span class='ocrx_word' id='word_1_683' title='bbox 1618 5707 1860 5784; x_wconf 78' lang='lat' dir='ltr'>Amerb.</span> 
     </span>
    </p>
   </div>
   <div class='ocr_carea' id='block_1_90' title="bbox 191 5779 1863 5853">
    <p class='ocr_par' dir='ltr' id='par_1_90' title="bbox 191 5779 1863 5853">
     <span class='ocr_line' id='line_1_90' title="bbox 191 5779 1863 5853; baseline -0.002 -13"><span class='ocrx_word' id='word_1_684' title='bbox 191 5787 250 5840; x_wconf 90' lang='lat' dir='ltr'>et</span> <span class='ocrx_word' id='word_1_685' title='bbox 276 5779 433 5838; x_wconf 74' lang='lat' dir='ltr'>mas.</span> <span class='ocrx_word' id='word_1_686' title='bbox 467 5785 720 5839; x_wconf 86' lang='lat' dir='ltr'>maximo</span> <span class='ocrx_word' id='word_1_687' title='bbox 751 5779 1018 5853; x_wconf 48' lang='lat' dir='ltr'>numero‘,</span> <span class='ocrx_word' id='word_1_688' title='bbox 1041 5779 1079 5831; x_wconf 74' lang='grc' dir='ltr'><em>ἀ</em></span> <span class='ocrx_word' id='word_1_689' title='bbox 1115 5787 1178 5838; x_wconf 91' lang='lat' dir='ltr'>ut</span> <span class='ocrx_word' id='word_1_690' title='bbox 1211 5779 1532 5852; x_wconf 87' lang='lat' dir='ltr'>statueret;</span> <span class='ocrx_word' id='word_1_691' title='bbox 1571 5803 1592 5830; x_wconf 68' lang='grc' dir='ltr'><strong><em>η</em></strong></span> <span class='ocrx_word' id='word_1_692' title='bbox 1627 5796 1740 5853; x_wconf 90' lang='lat' dir='ltr'>qua</span> <span class='ocrx_word' id='word_1_693' title='bbox 1770 5779 1863 5837; x_wconf 94' lang='lat' dir='ltr'>lo-</span> 
     </span>
    </p>
   </div>
   <div class='ocr_carea' id='block_1_91' title="bbox 195 5854 1864 5920">
    <p class='ocr_par' dir='ltr' id='par_1_91' title="bbox 195 5854 1864 5920">
     <span class='ocr_line' id='line_1_91' title="bbox 195 5854 1864 5920; baseline -0.002 -3"><span class='ocrx_word' id='word_1_694' title='bbox 195 5855 434 5918; x_wconf 82' lang='lat' dir='ltr'>cutione</span> <span class='ocrx_word' id='word_1_695' title='bbox 476 5855 861 5920; x_wconf 74' lang='lat' dir='ltr'>Ambrosium</span> <span class='ocrx_word' id='word_1_696' title='bbox 903 5856 1077 5917; x_wconf 81' lang='lat' dir='ltr'>etiam</span> <span class='ocrx_word' id='word_1_697' title='bbox 1123 5854 1262 5917; x_wconf 84' lang='lat' dir='ltr'>alibi</span> <span class='ocrx_word' id='word_1_698' title='bbox 1305 5871 1423 5917; x_wconf 84' lang='lat' dir='ltr'>non</span> <span class='ocrx_word' id='word_1_699' title='bbox 1472 5854 1658 5916; x_wconf 86' lang='lat' dir='ltr'>semel</span> <span class='ocrx_word' id='word_1_700' title='bbox 1687 5868 1864 5913; x_wconf 85' lang='lat' dir='ltr'>usum</span> 
     </span>
    </p>
   </div>
   <div class='ocr_carea' id='block_1_92' title="bbox 1956 3227 3626 3302">
    <p class='ocr_par' dir='ltr' id='par_1_92' title="bbox 1956 3227 3626 3302">
     <span class='ocr_line' id='line_1_92' title="bbox 1956 3227 3626 3302; baseline 0.002 -18"><span class='ocrx_word' id='word_1_701' title='bbox 1956 3246 2091 3284; x_wconf 90' lang='lat' dir='ltr'>nem</span> <span class='ocrx_word' id='word_1_702' title='bbox 2141 3227 2337 3283; x_wconf 89' lang='lat' dir='ltr'>hiatus</span> <span class='ocrx_word' id='word_1_703' title='bbox 2387 3231 2561 3284; x_wconf 67' lang='lat' dir='ltr'>terrae</span> <span class='ocrx_word' id='word_1_704' title='bbox 2611 3230 2920 3284; x_wconf 90' lang='lat' dir='ltr'>absorbuit</span> <span class='ocrx_word' id='word_1_705' title='bbox 2963 3231 3144 3301; x_wconf 81' lang='lat' dir='ltr'>(Ibid.</span> <span class='ocrx_word' id='word_1_706' title='bbox 3184 3231 3274 3302; x_wconf 78' lang='grc'>32,</span> <span class='ocrx_word' id='word_1_707' title='bbox 3306 3229 3444 3302; x_wconf 83' lang='lat'>33)?</span> <span class='ocrx_word' id='word_1_708' title='bbox 3476 3233 3626 3287; x_wconf 89' lang='lat' dir='ltr'>Nam</span> 
     </span>
    </p>
   </div>
   <div class='ocr_carea' id='block_1_93' title="bbox 1956 3317 3628 3390">
    <p class='ocr_par' dir='ltr' id='par_1_93' title="bbox 1956 3317 3628 3390">
     <span class='ocr_line' id='line_1_93' title="bbox 1956 3317 3628 3390; baseline 0.001 -15"><span class='ocrx_word' id='word_1_709' title='bbox 1956 3335 2091 3375; x_wconf 90' lang='lat' dir='ltr'>cum</span> <span class='ocrx_word' id='word_1_710' title='bbox 2120 3318 2517 3390; x_wconf 86' lang='lat' dir='ltr'>instigassent</span> <span class='ocrx_word' id='word_1_711' title='bbox 2544 3317 2694 3374; x_wconf 86' lang='lat' dir='ltr'>Core</span> <span class='ocrx_word' id='word_1_712' title='bbox 2725 3321 2782 3374; x_wconf 90' lang='lat' dir='ltr'>et</span> <span class='ocrx_word' id='word_1_713' title='bbox 2810 3319 3039 3374; x_wconf 91' lang='lat' dir='ltr'>Dathan</span> <span class='ocrx_word' id='word_1_714' title='bbox 3067 3323 3124 3375; x_wconf 93' lang='lat' dir='ltr'>et</span> <span class='ocrx_word' id='word_1_715' title='bbox 3153 3320 3380 3376; x_wconf 88' lang='lat' dir='ltr'>Abiron</span> <span class='ocrx_word' id='word_1_716' title='bbox 3408 3321 3628 3376; x_wconf 90' lang='lat' dir='ltr'>ducen-</span> 
     </span>
    </p>
   </div>
   <div class='ocr_carea' id='block_1_94' title="bbox 1954 3407 3629 3481">
    <p class='ocr_par' dir='ltr' id='par_1_94' title="bbox 1954 3407 3629 3481">
     <span class='ocr_line' id='line_1_94' title="bbox 1954 3407 3629 3481; baseline 0.001 -17"><span class='ocrx_word' id='word_1_717' title='bbox 1954 3411 2049 3464; x_wconf 91' lang='lat' dir='ltr'>tos</span> <span class='ocrx_word' id='word_1_718' title='bbox 2094 3407 2520 3480; x_wconf 89' lang='lat' dir='ltr'>quinquaginta</span> <span class='ocrx_word' id='word_1_719' title='bbox 2565 3409 2730 3464; x_wconf 90' lang='lat' dir='ltr'>viros</span> <span class='ocrx_word' id='word_1_720' title='bbox 2774 3408 2887 3479; x_wconf 91' lang='grc'>(79)</span> <span class='ocrx_word' id='word_1_721' title='bbox 2938 3409 3233 3465; x_wconf 88' lang='lat' dir='ltr'>adversus</span> <span class='ocrx_word' id='word_1_722' title='bbox 3281 3410 3528 3481; x_wconf 78' lang='lat' dir='ltr'>Moysen</span> <span class='ocrx_word' id='word_1_723' title='bbox 3571 3413 3629 3467; x_wconf 88' lang='lat' dir='ltr'>et</span> 
     </span>
    </p>
   </div>
   <div class='ocr_carea' id='block_1_95' title="bbox 1957 3498 3633 3569">
    <p class='ocr_par' dir='ltr' id='par_1_95' title="bbox 1957 3498 3633 3569">
     <span class='ocr_line' id='line_1_95' title="bbox 1957 3498 3633 3569; baseline 0.001 -17"><span class='ocrx_word' id='word_1_724' title='bbox 1957 3500 2176 3568; x_wconf 80' lang='lat' dir='ltr'>Aaron,</span> <span class='ocrx_word' id='word_1_725' title='bbox 2228 3499 2291 3552; x_wconf 90' lang='lat' dir='ltr'>ut</span> <span class='ocrx_word' id='word_1_726' title='bbox 2333 3501 2678 3568; x_wconf 89' lang='lat' dir='ltr'>separarent</span> <span class='ocrx_word' id='word_1_727' title='bbox 2706 3513 2772 3553; x_wconf 92' lang='lat' dir='ltr'>se</span> <span class='ocrx_word' id='word_1_728' title='bbox 2802 3498 2875 3552; x_wconf 90' lang='lat' dir='ltr'>ab</span> <span class='ocrx_word' id='word_1_729' title='bbox 2907 3498 3006 3569; x_wconf 89' lang='lat' dir='ltr'>iis,</span> <span class='ocrx_word' id='word_1_730' title='bbox 3040 3499 3500 3554; x_wconf 89' lang='lat' dir='ltr'>insurrexerunt</span> <span class='ocrx_word' id='word_1_731' title='bbox 3546 3500 3633 3554; x_wconf 90' lang='lat' dir='ltr'>illi</span> 
     </span>
    </p>
   </div>
   <div class='ocr_carea' id='block_1_96' title="bbox 1959 3586 3626 3661">
    <p class='ocr_par' dir='ltr' id='par_1_96' title="bbox 1959 3586 3626 3661">
     <span class='ocr_line' id='line_1_96' title="bbox 1959 3586 3626 3661; baseline 0.001 -20"><span class='ocrx_word' id='word_1_732' title='bbox 1959 3587 2225 3642; x_wconf 88' lang='lat' dir='ltr'>dicentes</span> <span class='ocrx_word' id='word_1_733' title='bbox 2275 3602 2286 3643; x_wconf 96' lang='lat'><strong>:</strong></span> <span class='ocrx_word' id='word_1_734' title='bbox 2342 3609 2364 3634; x_wconf 83' lang='lat'><strong>«</strong></span> <span class='ocrx_word' id='word_1_735' title='bbox 2400 3586 2558 3642; x_wconf 89' lang='lat' dir='ltr'>Satis</span> <span class='ocrx_word' id='word_1_736' title='bbox 2606 3590 2685 3641; x_wconf 90' lang='lat' dir='ltr'>sit</span> <span class='ocrx_word' id='word_1_737' title='bbox 2728 3587 2904 3643; x_wconf 85' lang='lat' dir='ltr'>vobis</span> <span class='ocrx_word' id='word_1_738' title='bbox 2934 3587 3093 3658; x_wconf 89' lang='lat' dir='ltr'>quod</span> <span class='ocrx_word' id='word_1_739' title='bbox 3140 3591 3258 3643; x_wconf 91' lang='lat' dir='ltr'>tota</span> <span class='ocrx_word' id='word_1_740' title='bbox 3287 3588 3626 3661; x_wconf 86' lang='lat' dir='ltr'>Synagoga,</span> 
     </span>
    </p>
   </div>
   <div class='ocr_carea' id='block_1_97' title="bbox 1961 3675 3626 3749">
    <p class='ocr_par' dir='ltr' id='par_1_97' title="bbox 1961 3675 3626 3749">
     <span class='ocr_line' id='line_1_97' title="bbox 1961 3675 3626 3749; baseline -0.002 -17"><span class='ocrx_word' id='word_1_741' title='bbox 1961 3691 2170 3732; x_wconf 90' lang='lat' dir='ltr'>omnes</span> <span class='ocrx_word' id='word_1_742' title='bbox 2202 3677 2413 3746; x_wconf 90' lang='lat' dir='ltr'>sancti,</span> <span class='ocrx_word' id='word_1_743' title='bbox 2449 3678 2506 3730; x_wconf 90' lang='lat' dir='ltr'>et</span> <span class='ocrx_word' id='word_1_744' title='bbox 2533 3677 2594 3730; x_wconf 91' lang='lat' dir='ltr'>in</span> <span class='ocrx_word' id='word_1_745' title='bbox 2625 3675 2774 3746; x_wconf 89' lang='lat' dir='ltr'>ipsis</span> <span class='ocrx_word' id='word_1_746' title='bbox 2808 3676 3095 3731; x_wconf 90' lang='lat' dir='ltr'>Dominus</span> <span class='ocrx_word' id='word_1_747' title='bbox 3124 3675 3239 3749; x_wconf 88' lang='lat'>(80)</span> <span class='ocrx_word' id='word_1_748' title='bbox 3271 3677 3452 3748; x_wconf 85' lang='lat' dir='ltr'>(Ibid.</span> <span class='ocrx_word' id='word_1_749' title='bbox 3485 3676 3565 3747; x_wconf 83' lang='lat'>3).</span> <span class='ocrx_word' id='word_1_750' title='bbox 3603 3697 3626 3729; x_wconf 74' lang='grc' dir='ltr'>ι</span> 
     </span>
    </p>
   </div>
   <div class='ocr_carea' id='block_1_98' title="bbox 2032 3764 3632 3822">
    <p class='ocr_par' dir='ltr' id='par_1_98' title="bbox 2032 3764 3632 3822">
     <span class='ocr_line' id='line_1_98' title="bbox 2032 3764 3632 3822; baseline 0 -2"><span class='ocrx_word' id='word_1_751' title='bbox 2032 3764 2121 3820; x_wconf 84' lang='grc'>53.</span> <span class='ocrx_word' id='word_1_752' title='bbox 2164 3764 2333 3820; x_wconf 90' lang='lat' dir='ltr'>Unde</span> <span class='ocrx_word' id='word_1_753' title='bbox 2363 3764 2550 3819; x_wconf 91' lang='lat' dir='ltr'>iratus</span> <span class='ocrx_word' id='word_1_754' title='bbox 2580 3764 2867 3820; x_wconf 90' lang='lat' dir='ltr'>Dominus</span> <span class='ocrx_word' id='word_1_755' title='bbox 2898 3764 3132 3820; x_wconf 91' lang='lat' dir='ltr'>locutus</span> <span class='ocrx_word' id='word_1_756' title='bbox 3166 3769 3258 3822; x_wconf 89' lang='lat' dir='ltr'>est</span> <span class='ocrx_word' id='word_1_757' title='bbox 3286 3765 3358 3821; x_wconf 90' lang='lat' dir='ltr'>ad</span> <span class='ocrx_word' id='word_1_758' title='bbox 3399 3782 3632 3822; x_wconf 89' lang='lat' dir='ltr'>omnem</span> 
     </span>
    </p>
   </div>
   <div class='ocr_carea' id='block_1_99' title="bbox 1963 3851 3634 3927">
    <p class='ocr_par' dir='ltr' id='par_1_99' title="bbox 1963 3851 3634 3927">
     <span class='ocr_line' id='line_1_99' title="bbox 1963 3851 3634 3927; baseline 0.002 -20"><span class='ocrx_word' id='word_1_759' title='bbox 1963 3851 2363 3926; x_wconf 86' lang='lat' dir='ltr'>Synagogam.</span> <span class='ocrx_word' id='word_1_760' title='bbox 2414 3852 2832 3910; x_wconf 88' lang='lat' dir='ltr'>Consideravit</span> <span class='ocrx_word' id='word_1_761' title='bbox 2879 3857 2937 3910; x_wconf 89' lang='lat' dir='ltr'>et</span> <span class='ocrx_word' id='word_1_762' title='bbox 2985 3855 3148 3910; x_wconf 89' lang='lat' dir='ltr'>novit</span> <span class='ocrx_word' id='word_1_763' title='bbox 3188 3855 3474 3910; x_wconf 90' lang='lat' dir='ltr'>Dominus</span> <span class='ocrx_word' id='word_1_764' title='bbox 3530 3856 3634 3927; x_wconf 90' lang='lat' dir='ltr'>qui</span> 
     </span>
    </p>
   </div>
   <div class='ocr_carea' id='block_1_100' title="bbox 1969 3941 3639 4015">
    <p class='ocr_par' dir='ltr' id='par_1_100' title="bbox 1969 3941 3639 4015">
     <span class='ocr_line' id='line_1_100' title="bbox 1969 3941 3639 4015; baseline 0.001 -17"><span class='ocrx_word' id='word_1_765' title='bbox 1969 3945 2108 3998; x_wconf 89' lang='lat' dir='ltr'>sunt</span> <span class='ocrx_word' id='word_1_766' title='bbox 2152 3941 2288 4014; x_wconf 88' lang='lat' dir='ltr'>ejus</span> <span class='ocrx_word' id='word_1_767' title='bbox 2338 3942 2429 4014; x_wconf 90' lang='lat' dir='ltr'>(II</span> <span class='ocrx_word' id='word_1_768' title='bbox 2480 3943 2623 3997; x_wconf 86' lang='lat' dir='ltr'>Tim.</span> <span class='ocrx_word' id='word_1_769' title='bbox 2657 3961 2718 4014; x_wconf 87' lang='grc' dir='ltr'><strong>ιι,</strong></span> <span class='ocrx_word' id='word_1_770' title='bbox 2753 3943 2863 4015; x_wconf 86' lang='grc'>19),</span> <span class='ocrx_word' id='word_1_771' title='bbox 2911 3947 2967 3999; x_wconf 91' lang='lat' dir='ltr'>et</span> <span class='ocrx_word' id='word_1_772' title='bbox 3013 3947 3254 4000; x_wconf 89' lang='lat' dir='ltr'>sanctos</span> <span class='ocrx_word' id='word_1_773' title='bbox 3292 3945 3536 4000; x_wconf 89' lang='lat' dir='ltr'>adduxit</span> <span class='ocrx_word' id='word_1_774' title='bbox 3563 3944 3639 4000; x_wconf 88' lang='lat' dir='ltr'>ad</span> 
     </span>
    </p>
   </div>
   <div class='ocr_carea' id='block_1_101' title="bbox 1969 4032 3641 4106">
    <p class='ocr_par' dir='ltr' id='par_1_101' title="bbox 1969 4032 3641 4106">
     <span class='ocr_line' id='line_1_101' title="bbox 1969 4032 3641 4106; baseline 0.002 -19"><span class='ocrx_word' id='word_1_775' title='bbox 1969 4048 2037 4088; x_wconf 90' lang='lat' dir='ltr'>se</span> <span class='ocrx_word' id='word_1_776' title='bbox 2072 4048 2084 4088; x_wconf 94' lang='lat'>:</span> <span class='ocrx_word' id='word_1_777' title='bbox 2119 4037 2176 4087; x_wconf 91' lang='lat' dir='ltr'>et</span> <span class='ocrx_word' id='word_1_778' title='bbox 2207 4048 2360 4104; x_wconf 92' lang='lat' dir='ltr'>quos</span> <span class='ocrx_word' id='word_1_779' title='bbox 2390 4048 2507 4087; x_wconf 93' lang='lat' dir='ltr'>non</span> <span class='ocrx_word' id='word_1_780' title='bbox 2539 4032 2738 4105; x_wconf 86' lang='lat' dir='ltr'>elegit,</span> <span class='ocrx_word' id='word_1_781' title='bbox 2773 4050 2889 4088; x_wconf 93' lang='lat' dir='ltr'>non</span> <span class='ocrx_word' id='word_1_782' title='bbox 2922 4034 3165 4089; x_wconf 89' lang='lat' dir='ltr'>adduxit</span> <span class='ocrx_word' id='word_1_783' title='bbox 3194 4034 3267 4089; x_wconf 89' lang='lat' dir='ltr'>ad</span> <span class='ocrx_word' id='word_1_784' title='bbox 3299 4050 3386 4090; x_wconf 91' lang='lat' dir='ltr'>se.</span> <span class='ocrx_word' id='word_1_785' title='bbox 3420 4033 3492 4089; x_wconf 89' lang='lat' dir='ltr'>Et</span> <span class='ocrx_word' id='word_1_786' title='bbox 3513 4033 3641 4106; x_wconf 84' lang='lat' dir='ltr'>jus-</span> 
     </span>
    </p>
   </div>
   <div class='ocr_carea' id='block_1_102' title="bbox 1965 4122 3635 4194">
    <p class='ocr_par' dir='ltr' id='par_1_102' title="bbox 1965 4122 3635 4194">
     <span class='ocr_line' id='line_1_102' title="bbox 1965 4122 3635 4194; baseline 0.001 -18"><span class='ocrx_word' id='word_1_787' title='bbox 1965 4122 2044 4176; x_wconf 88' lang='lat' dir='ltr'>sit</span> <span class='ocrx_word' id='word_1_788' title='bbox 2074 4123 2382 4192; x_wconf 92' lang='lat' dir='ltr'>Dominus,</span> <span class='ocrx_word' id='word_1_789' title='bbox 2416 4124 2478 4176; x_wconf 90' lang='lat' dir='ltr'>ut</span> <span class='ocrx_word' id='word_1_790' title='bbox 2506 4122 2797 4194; x_wconf 89' lang='lat' dir='ltr'>eligerent</span> <span class='ocrx_word' id='word_1_791' title='bbox 2827 4123 2944 4177; x_wconf 89' lang='lat' dir='ltr'>sibi</span> <span class='ocrx_word' id='word_1_792' title='bbox 2975 4123 3199 4194; x_wconf 88' lang='lat' dir='ltr'>arulas,</span> <span class='ocrx_word' id='word_1_793' title='bbox 3230 4127 3287 4178; x_wconf 91' lang='lat' dir='ltr'>et</span> <span class='ocrx_word' id='word_1_794' title='bbox 3325 4124 3635 4179; x_wconf 90' lang='lat' dir='ltr'>incensum</span> 
     </span>
    </p>
   </div>
   <div class='ocr_carea' id='block_1_103' title="bbox 1964 4210 3635 4283">
    <p class='ocr_par' dir='ltr' id='par_1_103' title="bbox 1964 4210 3635 4283">
     <span class='ocr_line' id='line_1_103' title="bbox 1964 4210 3635 4283; baseline 0.001 -17"><span class='ocrx_word' id='word_1_795' title='bbox 1964 4213 2270 4281; x_wconf 89' lang='lat' dir='ltr'>ponerent.</span> <span class='ocrx_word' id='word_1_796' title='bbox 2305 4210 2455 4266; x_wconf 88' lang='lat' dir='ltr'>Core</span> <span class='ocrx_word' id='word_1_797' title='bbox 2488 4216 2545 4266; x_wconf 91' lang='lat' dir='ltr'>et</span> <span class='ocrx_word' id='word_1_798' title='bbox 2574 4227 2803 4282; x_wconf 90' lang='lat' dir='ltr'>omnes,</span> <span class='ocrx_word' id='word_1_799' title='bbox 2848 4213 2950 4283; x_wconf 91' lang='lat' dir='ltr'>qui</span> <span class='ocrx_word' id='word_1_800' title='bbox 2997 4228 3131 4266; x_wconf 91' lang='lat' dir='ltr'>cum</span> <span class='ocrx_word' id='word_1_801' title='bbox 3179 4228 3250 4266; x_wconf 93' lang='lat' dir='ltr'>eo</span> <span class='ocrx_word' id='word_1_802' title='bbox 3294 4213 3635 4267; x_wconf 84' lang='lat' dir='ltr'>insurrexe-</span> 
     </span>
    </p>
   </div>
   <div class='ocr_carea' id='block_1_104' title="bbox 1966 4299 3638 4372">
    <p class='ocr_par' dir='ltr' id='par_1_104' title="bbox 1966 4299 3638 4372">
     <span class='ocr_line' id='line_1_104' title="bbox 1966 4299 3638 4372; baseline 0.001 -18"><span class='ocrx_word' id='word_1_803' title='bbox 1966 4303 2098 4354; x_wconf 90' lang='lat' dir='ltr'>rant</span> <span class='ocrx_word' id='word_1_804' title='bbox 2140 4299 2458 4354; x_wconf 88' lang='lat' dir='ltr'>adversum</span> <span class='ocrx_word' id='word_1_805' title='bbox 2505 4300 2754 4372; x_wconf 85' lang='lat' dir='ltr'>Moysen</span> <span class='ocrx_word' id='word_1_806' title='bbox 2801 4304 2858 4355; x_wconf 90' lang='lat' dir='ltr'>et</span> <span class='ocrx_word' id='word_1_807' title='bbox 2909 4302 3107 4356; x_wconf 90' lang='lat' dir='ltr'>Aaron</span> <span class='ocrx_word' id='word_1_808' title='bbox 3137 4302 3483 4356; x_wconf 91' lang='lat' dir='ltr'>sacerdotes</span> <span class='ocrx_word' id='word_1_809' title='bbox 3516 4301 3638 4355; x_wconf 83' lang='lat' dir='ltr'>Do-</span> 
     </span>
    </p>
   </div>
   <div class='ocr_carea' id='block_1_105' title="bbox 1967 4389 3637 4460">
    <p class='ocr_par' dir='ltr' id='par_1_105' title="bbox 1967 4389 3637 4460">
     <span class='ocr_line' id='line_1_105' title="bbox 1967 4389 3637 4460; baseline 0.001 -18"><span class='ocrx_word' id='word_1_810' title='bbox 1967 4389 2147 4459; x_wconf 91' lang='lat' dir='ltr'>mini;</span> <span class='ocrx_word' id='word_1_811' title='bbox 2178 4392 2240 4444; x_wconf 90' lang='lat' dir='ltr'>ut</span> <span class='ocrx_word' id='word_1_812' title='bbox 2271 4389 2370 4460; x_wconf 92' lang='lat' dir='ltr'>qui</span> <span class='ocrx_word' id='word_1_813' title='bbox 2400 4389 2626 4444; x_wconf 88' lang='lat' dir='ltr'>electus</span> <span class='ocrx_word' id='word_1_814' title='bbox 2659 4393 2823 4444; x_wconf 89' lang='lat' dir='ltr'>esset</span> <span class='ocrx_word' id='word_1_815' title='bbox 2863 4406 2896 4443; x_wconf 93' lang='lat' dir='ltr'>a</span> <span class='ocrx_word' id='word_1_816' title='bbox 2945 4389 3216 4458; x_wconf 90' lang='lat' dir='ltr'>Domino,</span> <span class='ocrx_word' id='word_1_817' title='bbox 3264 4389 3394 4459; x_wconf 89' lang='lat' dir='ltr'>ipse</span> <span class='ocrx_word' id='word_1_818' title='bbox 3442 4389 3637 4452; x_wconf 84' lang='lat'>1035</span> 
     </span>
    </p>
   </div>
   <div class='ocr_carea' id='block_1_106' title="bbox 1967 4477 3420 4533">
    <p class='ocr_par' dir='ltr' id='par_1_106' title="bbox 1967 4477 3420 4533">
     <span class='ocr_line' id='line_1_106' title="bbox 1967 4477 3420 4533; baseline -0.001 -1"><span class='ocrx_word' id='word_1_819' title='bbox 1967 4482 2212 4533; x_wconf 89' lang='lat' dir='ltr'>sanctus</span> <span class='ocrx_word' id='word_1_820' title='bbox 2243 4478 2692 4533; x_wconf 84' lang='lat' dir='ltr'>confirmaretur</span> <span class='ocrx_word' id='word_1_821' title='bbox 2718 4478 2871 4532; x_wconf 90' lang='lat' dir='ltr'>inter</span> <span class='ocrx_word' id='word_1_822' title='bbox 2899 4478 3137 4533; x_wconf 89' lang='lat' dir='ltr'>Levitas</span> <span class='ocrx_word' id='word_1_823' title='bbox 3168 4477 3420 4531; x_wconf 89' lang='lat' dir='ltr'>Domini.</span> 
     </span>
    </p>
   </div>
   <div class='ocr_carea' id='block_1_107' title="bbox 2039 4563 3640 4638">
    <p class='ocr_par' dir='ltr' id='par_1_107' title="bbox 2039 4563 3640 4638">
     <span class='ocr_line' id='line_1_107' title="bbox 2039 4563 3640 4638; baseline -0.002 -16"><span class='ocrx_word' id='word_1_824' title='bbox 2039 4567 2129 4622; x_wconf 87' lang='lat'>54.</span> <span class='ocrx_word' id='word_1_825' title='bbox 2171 4566 2243 4621; x_wconf 88' lang='lat' dir='ltr'>Et</span> <span class='ocrx_word' id='word_1_826' title='bbox 2272 4567 2420 4622; x_wconf 91' lang='lat' dir='ltr'>dixit</span> <span class='ocrx_word' id='word_1_827' title='bbox 2449 4567 2690 4638; x_wconf 89' lang='lat' dir='ltr'>Moyses</span> <span class='ocrx_word' id='word_1_828' title='bbox 2721 4567 2794 4621; x_wconf 88' lang='lat' dir='ltr'>ad</span> <span class='ocrx_word' id='word_1_829' title='bbox 2823 4565 2974 4622; x_wconf 90' lang='lat' dir='ltr'>Core</span> <span class='ocrx_word' id='word_1_830' title='bbox 3007 4583 3019 4623; x_wconf 94' lang='lat'>:</span> <span class='ocrx_word' id='word_1_831' title='bbox 3058 4587 3080 4617; x_wconf 73' lang='grc' dir='ltr'>ι</span> <span class='ocrx_word' id='word_1_832' title='bbox 3116 4565 3328 4620; x_wconf 87' lang='lat' dir='ltr'>Audite</span> <span class='ocrx_word' id='word_1_833' title='bbox 3379 4581 3493 4635; x_wconf 89' lang='lat' dir='ltr'>me,</span> <span class='ocrx_word' id='word_1_834' title='bbox 3534 4563 3640 4619; x_wconf 88' lang='lat' dir='ltr'>ﬁlii</span> 
     </span>
    </p>
   </div>
   <div class='ocr_carea' id='block_1_108' title="bbox 1972 4655 3645 4728">
    <p class='ocr_par' dir='ltr' id='par_1_108' title="bbox 1972 4655 3645 4728">
     <span class='ocr_line' id='line_1_108' title="bbox 1972 4655 3645 4728; baseline -0.001 -17"><span class='ocrx_word' id='word_1_835' title='bbox 1972 4656 2137 4727; x_wconf 88' lang='lat' dir='ltr'>Levi,</span> <span class='ocrx_word' id='word_1_836' title='bbox 2172 4656 2456 4728; x_wconf 90' lang='lat' dir='ltr'>numquid</span> <span class='ocrx_word' id='word_1_837' title='bbox 2489 4656 2601 4711; x_wconf 88' lang='lat' dir='ltr'>hoc</span> <span class='ocrx_word' id='word_1_838' title='bbox 2633 4655 2915 4726; x_wconf 90' lang='lat' dir='ltr'>pusillum</span> <span class='ocrx_word' id='word_1_839' title='bbox 2951 4659 3042 4710; x_wconf 89' lang='lat' dir='ltr'>est</span> <span class='ocrx_word' id='word_1_840' title='bbox 3085 4655 3282 4724; x_wconf 86' lang='lat' dir='ltr'>vobis,</span> <span class='ocrx_word' id='word_1_841' title='bbox 3336 4655 3496 4726; x_wconf 90' lang='lat' dir='ltr'>quod</span> <span class='ocrx_word' id='word_1_842' title='bbox 3541 4669 3645 4709; x_wconf 90' lang='lat' dir='ltr'>se-</span> 
     </span>
    </p>
   </div>
   <div class='ocr_carea' id='block_1_109' title="bbox 1971 4743 3639 4818">
    <p class='ocr_par' dir='ltr' id='par_1_109' title="bbox 1971 4743 3639 4818">
     <span class='ocr_line' id='line_1_109' title="bbox 1971 4743 3639 4818; baseline -0.001 -18"><span class='ocrx_word' id='word_1_843' title='bbox 1971 4747 2200 4818; x_wconf 87' lang='lat' dir='ltr'>paravit</span> <span class='ocrx_word' id='word_1_844' title='bbox 2227 4761 2338 4800; x_wconf 89' lang='lat' dir='ltr'>vos</span> <span class='ocrx_word' id='word_1_845' title='bbox 2370 4745 2528 4799; x_wconf 90' lang='lat' dir='ltr'>Deus</span> <span class='ocrx_word' id='word_1_846' title='bbox 2559 4762 2590 4799; x_wconf 92' lang='lat' dir='ltr'>a</span> <span class='ocrx_word' id='word_1_847' title='bbox 2608 4745 2926 4816; x_wconf 86' lang='lat' dir='ltr'>Synagoga</span> <span class='ocrx_word' id='word_1_848' title='bbox 2954 4743 3158 4813; x_wconf 88' lang='lat' dir='ltr'>Israel,</span> <span class='ocrx_word' id='word_1_849' title='bbox 3183 4747 3239 4798; x_wconf 89' lang='lat' dir='ltr'>et</span> <span class='ocrx_word' id='word_1_850' title='bbox 3261 4743 3500 4798; x_wconf 86' lang='lat' dir='ltr'>adduxit</span> <span class='ocrx_word' id='word_1_851' title='bbox 3528 4759 3639 4799; x_wconf 87' lang='lat' dir='ltr'>vos</span> 
     </span>
    </p>
   </div>
   <div class='ocr_carea' id='block_1_110' title="bbox 1974 4833 3642 4904">
    <p class='ocr_par' dir='ltr' id='par_1_110' title="bbox 1974 4833 3642 4904">
     <span class='ocr_line' id='line_1_110' title="bbox 1974 4833 3642 4904; baseline -0.001 -14"><span class='ocrx_word' id='word_1_852' title='bbox 1974 4837 2044 4890; x_wconf 92' lang='lat' dir='ltr'>ad</span> <span class='ocrx_word' id='word_1_853' title='bbox 2076 4851 2163 4904; x_wconf 88' lang='lat' dir='ltr'>se,</span> <span class='ocrx_word' id='word_1_854' title='bbox 2197 4838 2259 4890; x_wconf 93' lang='lat' dir='ltr'>ut</span> <span class='ocrx_word' id='word_1_855' title='bbox 2290 4835 2706 4888; x_wconf 90' lang='lat' dir='ltr'>ministraretis</span> <span class='ocrx_word' id='word_1_856' title='bbox 2740 4833 3068 4888; x_wconf 89' lang='lat' dir='ltr'>ministeria</span> <span class='ocrx_word' id='word_1_857' title='bbox 3099 4833 3487 4888; x_wconf 86' lang='lat' dir='ltr'>Tabernaculi</span> <span class='ocrx_word' id='word_1_858' title='bbox 3533 4833 3642 4888; x_wconf 89' lang='lat' dir='ltr'>Do-</span> 
     </span>
    </p>
   </div>
   <div class='ocr_carea' id='block_1_111' title="bbox 1974 4921 3644 4994">
    <p class='ocr_par' dir='ltr' id='par_1_111' title="bbox 1974 4921 3644 4994">
     <span class='ocr_line' id='line_1_111' title="bbox 1974 4921 3644 4994; baseline 0 -16"><span class='ocrx_word' id='word_1_859' title='bbox 1974 4925 2116 4978; x_wconf 91' lang='lat' dir='ltr'>mini</span> <span class='ocrx_word' id='word_1_860' title='bbox 2146 4923 2346 4994; x_wconf 87' lang='lat' dir='ltr'>(Num.</span> <span class='ocrx_word' id='word_1_861' title='bbox 2382 4939 2500 4992; x_wconf 73' lang='lat' dir='ltr'>xvr,</span> <span class='ocrx_word' id='word_1_862' title='bbox 2536 4922 2681 4992; x_wconf 82' lang='lat'>8.9)?</span> <span class='ocrx_word' id='word_1_863' title='bbox 2715 4946 2736 4971; x_wconf 71' lang='grc' dir='ltr'><strong>η</strong></span> <span class='ocrx_word' id='word_1_864' title='bbox 2772 4921 2844 4977; x_wconf 85' lang='lat' dir='ltr'>Et</span> <span class='ocrx_word' id='word_1_865' title='bbox 2871 4923 3023 4977; x_wconf 90' lang='lat' dir='ltr'>infra</span> <span class='ocrx_word' id='word_1_866' title='bbox 3059 4940 3070 4978; x_wconf 93' lang='lat'>:</span> <span class='ocrx_word' id='word_1_867' title='bbox 3103 4922 3382 4988; x_wconf 63' lang='lat' dir='ltr'>Quaeritis</span> <span class='ocrx_word' id='word_1_868' title='bbox 3429 4921 3644 4978; x_wconf 79' lang='lat' dir='ltr'>Sacer-</span> 
     </span>
    </p>
   </div>
   <div class='ocr_carea' id='block_1_112' title="bbox 1976 5012 3645 5085">
    <p class='ocr_par' dir='ltr' id='par_1_112' title="bbox 1976 5012 3645 5085">
     <span class='ocr_line' id='line_1_112' title="bbox 1976 5012 3645 5085; baseline 0.001 -18"><span class='ocrx_word' id='word_1_869' title='bbox 1976 5013 2134 5068; x_wconf 87' lang='lat' dir='ltr'>dotio</span> <span class='ocrx_word' id='word_1_870' title='bbox 2166 5012 2354 5084; x_wconf 88' lang='lat' dir='ltr'>fungi,</span> <span class='ocrx_word' id='word_1_871' title='bbox 2390 5012 2480 5066; x_wconf 91' lang='lat' dir='ltr'>sic</span> <span class='ocrx_word' id='word_1_872' title='bbox 2509 5015 2572 5066; x_wconf 93' lang='lat' dir='ltr'>tu</span> <span class='ocrx_word' id='word_1_873' title='bbox 2601 5015 2659 5067; x_wconf 89' lang='lat' dir='ltr'>et</span> <span class='ocrx_word' id='word_1_874' title='bbox 2688 5013 2882 5067; x_wconf 91' lang='lat' dir='ltr'>omnis</span> <span class='ocrx_word' id='word_1_875' title='bbox 2912 5028 3222 5085; x_wconf 88' lang='lat' dir='ltr'>synagoga</span> <span class='ocrx_word' id='word_1_876' title='bbox 3251 5015 3348 5068; x_wconf 88' lang='lat' dir='ltr'>tua</span> <span class='ocrx_word' id='word_1_877' title='bbox 3388 5027 3645 5085; x_wconf 85' lang='lat' dir='ltr'>congre-</span> 
     </span>
    </p>
   </div>
   <div class='ocr_carea' id='block_1_113' title="bbox 1977 5100 3647 5174">
    <p class='ocr_par' dir='ltr' id='par_1_113' title="bbox 1977 5100 3647 5174">
     <span class='ocr_line' id='line_1_113' title="bbox 1977 5100 3647 5174; baseline -0.001 -17"><span class='ocrx_word' id='word_1_878' title='bbox 1977 5105 2113 5174; x_wconf 88' lang='lat' dir='ltr'>gata</span> <span class='ocrx_word' id='word_1_879' title='bbox 2143 5102 2214 5157; x_wconf 88' lang='lat' dir='ltr'>ad</span> <span class='ocrx_word' id='word_1_880' title='bbox 2250 5102 2434 5156; x_wconf 91' lang='lat' dir='ltr'>Deum</span> <span class='ocrx_word' id='word_1_881' title='bbox 2453 5101 2483 5156; x_wconf 87' lang='lat'><strong><em>?</em></strong></span> <span class='ocrx_word' id='word_1_882' title='bbox 2514 5100 2585 5157; x_wconf 91' lang='lat' dir='ltr'>Et</span> <span class='ocrx_word' id='word_1_883' title='bbox 2613 5102 2810 5157; x_wconf 89' lang='lat' dir='ltr'>Aaron</span> <span class='ocrx_word' id='word_1_884' title='bbox 2841 5102 2984 5174; x_wconf 91' lang='lat' dir='ltr'>quid</span> <span class='ocrx_word' id='word_1_885' title='bbox 3035 5105 3146 5173; x_wconf 89' lang='lat' dir='ltr'>est,</span> <span class='ocrx_word' id='word_1_886' title='bbox 3198 5102 3336 5174; x_wconf 90' lang='lat' dir='ltr'>quia</span> <span class='ocrx_word' id='word_1_887' title='bbox 3379 5117 3647 5157; x_wconf 88' lang='lat' dir='ltr'>murmu-</span> 
     </span>
    </p>
   </div>
   <div class='ocr_carea' id='block_1_114' title="bbox 1979 5191 2373 5248">
    <p class='ocr_par' dir='ltr' id='par_1_114' title="bbox 1979 5191 2373 5248">
     <span class='ocr_line' id='line_1_114' title="bbox 1979 5191 2373 5248; baseline 0 -2"><span class='ocrx_word' id='word_1_888' title='bbox 1979 5193 2124 5248; x_wconf 90' lang='lat' dir='ltr'>ratis</span> <span class='ocrx_word' id='word_1_889' title='bbox 2153 5191 2225 5246; x_wconf 91' lang='lat' dir='ltr'>de</span> <span class='ocrx_word' id='word_1_890' title='bbox 2257 5207 2326 5246; x_wconf 88' lang='lat' dir='ltr'>eo</span> <span class='ocrx_word' id='word_1_891' title='bbox 2345 5192 2373 5246; x_wconf 72' lang='lat'>‘2</span> 
     </span>
    </p>
   </div>
   <div class='ocr_carea' id='block_1_115' title="bbox 1978 5353 2254 5408">
    <p class='ocr_par' dir='ltr' id='par_1_115' title="bbox 1978 5353 2254 5408">
     <span class='ocr_line' id='line_1_115' title="bbox 1978 5353 2254 5408; baseline -0.004 0"><span class='ocrx_word' id='word_1_892' title='bbox 1978 5353 2254 5408; x_wconf 89' lang='lat' dir='ltr'>vidimus.</span> 
     </span>
    </p>
   </div>
   <div class='ocr_carea' id='block_1_116' title="bbox 2049 5419 3462 5497">
    <p class='ocr_par' dir='ltr' id='par_1_116' title="bbox 2049 5419 3462 5497">
     <span class='ocr_line' id='line_1_116' title="bbox 2049 5419 3462 5497; baseline -0.003 -17"><span class='ocrx_word' id='word_1_893' title='bbox 2049 5425 2162 5497; x_wconf 81' lang='grc'>(77)</span> <span class='ocrx_word' id='word_1_894' title='bbox 2203 5421 2334 5497; x_wconf 62' lang='lat' dir='ltr'>Non</span> <span class='ocrx_word' id='word_1_895' title='bbox 2363 5419 2536 5497; x_wconf 82' lang='lat' dir='ltr'>pauci</span> <span class='ocrx_word' id='word_1_896' title='bbox 2567 5435 2740 5493; x_wconf 90' lang='lat' dir='ltr'>mss.,</span> <span class='ocrx_word' id='word_1_897' title='bbox 2773 5444 2800 5497; x_wconf 52' lang='grc' dir='ltr'><strong>ξε</strong></span> <span class='ocrx_word' id='word_1_898' title='bbox 2836 5421 3070 5494; x_wconf 89' lang='lat' dir='ltr'>pietatis</span> <span class='ocrx_word' id='word_1_899' title='bbox 3101 5423 3393 5497; x_wconf 69' lang='lat' dir='ltr'>meritum.</span> <span class='ocrx_word' id='word_1_900' title='bbox 3440 5440 3462 5497; x_wconf 63' lang='lat' dir='ltr'><strong>xy</strong></span> 
     </span>
    </p>
   </div>
   <div class='ocr_carea' id='block_1_117' title="bbox 2050 5491 3643 5567">
    <p class='ocr_par' dir='ltr' id='par_1_117' title="bbox 2050 5491 3643 5567">
     <span class='ocr_line' id='line_1_117' title="bbox 2050 5491 3643 5567; baseline -0.003 -18"><span class='ocrx_word' id='word_1_901' title='bbox 2050 5491 2163 5567; x_wconf 86' lang='lat'>(&#39;78)</span> <span class='ocrx_word' id='word_1_902' title='bbox 2202 5491 2558 5549; x_wconf 48' lang='lat' dir='ltr'>Mssfetiam</span> <span class='ocrx_word' id='word_1_903' title='bbox 2599 5491 2956 5567; x_wconf 78' lang='lat' dir='ltr'>complures,</span> <span class='ocrx_word' id='word_1_904' title='bbox 2995 5517 3016 5546; x_wconf 72' lang='grc' dir='ltr'><strong><em>α</em></strong></span> <span class='ocrx_word' id='word_1_905' title='bbox 3051 5497 3258 5550; x_wconf 89' lang='lat' dir='ltr'>timere</span> <span class='ocrx_word' id='word_1_906' title='bbox 3309 5491 3643 5562; x_wconf 86' lang='lat' dir='ltr'>Dominum,</span> 
     </span>
    </p>
   </div>
   <div class='ocr_carea' id='block_1_118' title="bbox 1981 5566 3152 5638">
    <p class='ocr_par' dir='ltr' id='par_1_118' title="bbox 1981 5566 3152 5638">
     <span class='ocr_line' id='line_1_118' title="bbox 1981 5566 3152 5638; baseline -0.001 -16"><span class='ocrx_word' id='word_1_907' title='bbox 1981 5567 2437 5638; x_wconf 82' lang='lat' dir='ltr'>commotionem</span> <span class='ocrx_word' id='word_1_908' title='bbox 2455 5566 2795 5638; x_wconf 88' lang='lat' dir='ltr'>sacerdotis</span> <span class='ocrx_word' id='word_1_909' title='bbox 2827 5567 3098 5638; x_wconf 73' lang='lat' dir='ltr'>placare.</span> <span class='ocrx_word' id='word_1_910' title='bbox 3129 5589 3152 5613; x_wconf 71' lang='grc' dir='ltr'><strong>ι»</strong></span> 
     </span>
    </p>
   </div>
   <div class='ocr_carea' id='block_1_119' title="bbox 2052 5633 3642 5709">
    <p class='ocr_par' dir='ltr' id='par_1_119' title="bbox 2052 5633 3642 5709">
     <span class='ocr_line' id='line_1_119' title="bbox 2052 5633 3642 5709; baseline -0.003 -17"><span class='ocrx_word' id='word_1_911' title='bbox 2052 5637 2165 5708; x_wconf 88' lang='grc'>(79)</span> <span class='ocrx_word' id='word_1_912' title='bbox 2206 5637 2489 5692; x_wconf 91' lang='lat' dir='ltr'>Nonnulli</span> <span class='ocrx_word' id='word_1_913' title='bbox 2519 5653 2692 5708; x_wconf 88' lang='lat' dir='ltr'>mss.,</span> <span class='ocrx_word' id='word_1_914' title='bbox 2731 5661 2752 5709; x_wconf 58' lang='grc' dir='ltr'>«ε</span> <span class='ocrx_word' id='word_1_915' title='bbox 2787 5633 3203 5709; x_wconf 78' lang='lat' dir='ltr'>quadringinta</span> <span class='ocrx_word' id='word_1_916' title='bbox 3229 5633 3486 5689; x_wconf 89' lang='lat' dir='ltr'>viros....</span> <span class='ocrx_word' id='word_1_917' title='bbox 3512 5647 3642 5690; x_wconf 82' lang='lat' dir='ltr'>om-</span> 
     </span>
    </p>
   </div>
   <div class='ocr_carea' id='block_1_120' title="bbox 1981 5708 2966 5780">
    <p class='ocr_par' dir='ltr' id='par_1_120' title="bbox 1981 5708 2966 5780">
     <span class='ocr_line' id='line_1_120' title="bbox 1981 5708 2966 5780; baseline -0.003 -14"><span class='ocrx_word' id='word_1_918' title='bbox 1981 5724 2090 5766; x_wconf 90' lang='lat' dir='ltr'>nes</span> <span class='ocrx_word' id='word_1_919' title='bbox 2123 5710 2311 5780; x_wconf 89' lang='lat' dir='ltr'>sancti</span> <span class='ocrx_word' id='word_1_920' title='bbox 2342 5711 2399 5764; x_wconf 91' lang='lat' dir='ltr'>et</span> <span class='ocrx_word' id='word_1_921' title='bbox 2427 5710 2558 5780; x_wconf 86' lang='lat' dir='ltr'>ipse</span> <span class='ocrx_word' id='word_1_922' title='bbox 2589 5708 2898 5764; x_wconf 82' lang='lat' dir='ltr'>Dominus.</span> <span class='ocrx_word' id='word_1_923' title='bbox 2943 5732 2966 5756; x_wconf 76' lang='grc' dir='ltr'>ιι</span> 
     </span>
    </p>
   </div>
   <div class='ocr_carea' id='block_1_121' title="bbox 2053 5775 3406 5854">
    <p class='ocr_par' dir='ltr' id='par_1_121' title="bbox 2053 5775 3406 5854">
     <span class='ocr_line' id='line_1_121' title="bbox 2053 5775 3406 5854; baseline -0.003 -18"><span class='ocrx_word' id='word_1_924' title='bbox 2053 5780 2166 5854; x_wconf 92' lang='grc'>(80)</span> <span class='ocrx_word' id='word_1_925' title='bbox 2206 5775 2489 5837; x_wconf 81' lang='lat' dir='ltr'>Nonnulli</span> <span class='ocrx_word' id='word_1_926' title='bbox 2516 5796 2688 5854; x_wconf 90' lang='lat' dir='ltr'>mss.,</span> <span class='ocrx_word' id='word_1_927' title='bbox 2726 5801 2748 5827; x_wconf 77' lang='grc' dir='ltr'><strong><em>α</em></strong></span> <span class='ocrx_word' id='word_1_928' title='bbox 2784 5784 2842 5835; x_wconf 89' lang='lat' dir='ltr'>et</span> <span class='ocrx_word' id='word_1_929' title='bbox 2870 5779 3000 5852; x_wconf 90' lang='lat' dir='ltr'>ipse</span> <span class='ocrx_word' id='word_1_930' title='bbox 3032 5775 3338 5838; x_wconf 84' lang='lat' dir='ltr'>Dominus.</span> <span class='ocrx_word' id='word_1_931' title='bbox 3383 5800 3406 5832; x_wconf 76' lang='grc' dir='ltr'>ιι</span> 
     </span>
    </p>
   </div>
  </div>
