  <div class='ocr_page' id='page_1' title='image "/cluster/home/n/w/nwhite01/storage/ocr_20150623/16/hvd.32044096580444/633.png"; bbox 0 0 4070 6180; ppageno 0'>
   <div class='ocr_carea' id='block_1_1' title="bbox 458 344 616 417">
    <p class='ocr_par' dir='ltr' id='par_1_1' title="bbox 458 344 616 417">
     <span class='ocr_line' id='line_1_1' title="bbox 458 344 616 417; baseline 0.006 -1"><span class='ocrx_word' id='word_1_1' title='bbox 458 344 616 417; x_wconf 74' lang='lat'><strong>1255</strong></span> 
     </span>
    </p>
   </div>
   <div class='ocr_carea' id='block_1_2' title="bbox 1938 330 2495 410">
    <p class='ocr_par' dir='ltr' id='par_1_2' title="bbox 1938 330 2495 410">
     <span class='ocr_line' id='line_1_2' title="bbox 1938 330 2495 410; baseline -0.004 0"><span class='ocrx_word' id='word_1_2' title='bbox 1938 349 2004 410; x_wconf 88' lang='lat' dir='ltr'><strong>s.</strong></span> <span class='ocrx_word' id='word_1_3' title='bbox 2049 330 2495 410; x_wconf 82' lang='lat' dir='ltr'><strong>AMBROSII.</strong></span> 
     </span>
    </p>
   </div>
   <div class='ocr_carea' id='block_1_3' title="bbox 3772 342 3943 406">
    <p class='ocr_par' dir='ltr' id='par_1_3' title="bbox 3772 342 3943 406">
     <span class='ocr_line' id='line_1_3' title="bbox 3772 342 3943 406; baseline 0 0"><span class='ocrx_word' id='word_1_4' title='bbox 3772 342 3943 406; x_wconf 77' lang='lat'><strong>1256</strong></span> 
     </span>
    </p>
   </div>
   <div class='ocr_carea' id='block_1_4' title="bbox 529 516 3941 623">
    <p class='ocr_par' dir='ltr' id='par_1_4' title="bbox 529 516 3941 623">
     <span class='ocr_line' id='line_1_4' title="bbox 529 516 3941 623; baseline -0.002 -12"><span class='ocrx_word' id='word_1_5' title='bbox 529 553 619 611; x_wconf 83' lang='lat'><strong>65.</strong></span> <span class='ocrx_word' id='word_1_6' title='bbox 660 548 1067 608; x_wconf 86' lang='lat' dir='ltr'><strong>Consideratis</strong></span> <span class='ocrx_word' id='word_1_7' title='bbox 1114 550 1315 623; x_wconf 78' lang='lat' dir='ltr'><strong>igitur,</strong></span> <span class='ocrx_word' id='word_1_8' title='bbox 1369 564 1502 623; x_wconf 86' lang='lat' dir='ltr'><strong>quae</strong></span> <span class='ocrx_word' id='word_1_9' title='bbox 1549 547 1901 605; x_wconf 71' lang='lat' dir='ltr'><strong>offensionis</strong></span> <span class='ocrx_word' id='word_1_10' title='bbox 1932 562 2133 602; x_wconf 81' lang='lat' dir='ltr'>causae</span> <span class='ocrx_word' id='word_1_11' title='bbox 2162 527 2225 591; x_wconf 74' lang='grc' dir='ltr'>Α</span> <span class='ocrx_word' id='word_1_12' title='bbox 2250 549 2309 602; x_wconf 89' lang='lat' dir='ltr'><strong>et</strong></span> <span class='ocrx_word' id='word_1_13' title='bbox 2340 544 2672 601; x_wconf 84' lang='lat' dir='ltr'><strong>devotionis</strong></span> <span class='ocrx_word' id='word_1_14' title='bbox 2694 541 2837 616; x_wconf 75' lang='lat'><strong>.(82),</strong></span> <span class='ocrx_word' id='word_1_15' title='bbox 2869 548 3201 600; x_wconf 90' lang='lat' dir='ltr'><strong>emortuum</strong></span> <span class='ocrx_word' id='word_1_16' title='bbox 3226 544 3349 618; x_wconf 85' lang='lat' dir='ltr'><strong>jam</strong></span> <span class='ocrx_word' id='word_1_17' title='bbox 3380 549 3465 602; x_wconf 93' lang='lat' dir='ltr'><strong>tot</strong></span> <span class='ocrx_word' id='word_1_18' title='bbox 3494 546 3749 602; x_wconf 73' lang='lat' dir='ltr'><strong>saeculis</strong></span> <span class='ocrx_word' id='word_1_19' title='bbox 3781 548 3941 603; x_wconf 84' lang='lat' dir='ltr'><strong>redi-</strong></span> 
     </span>
    </p>
   </div>
   <div class='ocr_carea' id='block_1_5' title="bbox 467 636 2132 712">
    <p class='ocr_par' dir='ltr' id='par_1_5' title="bbox 467 636 2132 712">
     <span class='ocr_line' id='line_1_5' title="bbox 467 636 2132 712; baseline -0.005 -13"><span class='ocrx_word' id='word_1_20' title='bbox 467 641 819 711; x_wconf 78' lang='lat' dir='ltr'><strong>exstiterint,</strong></span> <span class='ocrx_word' id='word_1_21' title='bbox 852 639 1010 712; x_wconf 92' lang='lat' dir='ltr'><strong>quod</strong></span> <span class='ocrx_word' id='word_1_22' title='bbox 1041 638 1378 694; x_wconf 88' lang='lat' dir='ltr'><strong>sacerdotio</strong></span> <span class='ocrx_word' id='word_1_23' title='bbox 1411 638 1582 710; x_wconf 88' lang='lat' dir='ltr'><strong>fungi</strong></span> <span class='ocrx_word' id='word_1_24' title='bbox 1628 637 1855 709; x_wconf 80' lang='lat' dir='ltr'><strong>indigni</strong></span> <span class='ocrx_word' id='word_1_25' title='bbox 1894 636 2132 707; x_wconf 85' lang='lat' dir='ltr'><strong>vellent,</strong></span> 
     </span>
    </p>
   </div>
   <div class='ocr_carea' id='block_1_6' title="bbox 469 725 2136 805">
    <p class='ocr_par' dir='ltr' id='par_1_6' title="bbox 469 725 2136 805">
     <span class='ocr_line' id='line_1_6' title="bbox 469 725 2136 805; baseline -0.007 -15"><span class='ocrx_word' id='word_1_26' title='bbox 469 737 526 790; x_wconf 87' lang='lat' dir='ltr'><strong>et</strong></span> <span class='ocrx_word' id='word_1_27' title='bbox 552 734 866 805; x_wconf 84' lang='lat' dir='ltr'><strong>prepterea</strong></span> <span class='ocrx_word' id='word_1_28' title='bbox 895 729 1278 799; x_wconf 87' lang='lat' dir='ltr'><strong>dissiderent,</strong></span> <span class='ocrx_word' id='word_1_29' title='bbox 1312 728 1467 800; x_wconf 89' lang='lat' dir='ltr'><strong>quod</strong></span> <span class='ocrx_word' id='word_1_30' title='bbox 1498 728 2015 782; x_wconf 87' lang='lat' dir='ltr'><strong>immurmurarent</strong></span> <span class='ocrx_word' id='word_1_31' title='bbox 2036 725 2136 780; x_wconf 91' lang='lat' dir='ltr'><strong>im-</strong></span> 
     </span>
    </p>
   </div>
   <div class='ocr_carea' id='block_1_7' title="bbox 466 814 2137 895">
    <p class='ocr_par' dir='ltr' id='par_1_7' title="bbox 466 814 2137 895">
     <span class='ocr_line' id='line_1_7' title="bbox 466 814 2137 895; baseline -0.005 -18"><span class='ocrx_word' id='word_1_32' title='bbox 466 822 790 895; x_wconf 87' lang='lat' dir='ltr'><strong>prohantes</strong></span> <span class='ocrx_word' id='word_1_33' title='bbox 840 819 902 872; x_wconf 90' lang='lat' dir='ltr'><strong>in</strong></span> <span class='ocrx_word' id='word_1_34' title='bbox 950 817 1283 873; x_wconf 76' lang='lat' dir='ltr'><strong>sacerdotis</strong></span> <span class='ocrx_word' id='word_1_35' title='bbox 1333 817 1428 872; x_wconf 91' lang='lat' dir='ltr'><strong>sui</strong></span> <span class='ocrx_word' id='word_1_36' title='bbox 1494 816 1780 871; x_wconf 81' lang='lat' dir='ltr'><strong>electione</strong></span> <span class='ocrx_word' id='word_1_37' title='bbox 1842 814 2137 887; x_wconf 79' lang='lat' dir='ltr'><strong>judicium</strong></span> 
     </span>
    </p>
   </div>
   <div class='ocr_carea' id='block_1_8' title="bbox 469 904 2135 980">
    <p class='ocr_par' dir='ltr' id='par_1_8' title="bbox 469 904 2135 980">
     <span class='ocr_line' id='line_1_8' title="bbox 469 904 2135 980; baseline -0.005 -13"><span class='ocrx_word' id='word_1_38' title='bbox 469 911 576 967; x_wconf 90' lang='lat' dir='ltr'><strong>Dei</strong></span> <span class='ocrx_word' id='word_1_39' title='bbox 609 927 621 966; x_wconf 90' lang='lat'><strong>:</strong></span> <span class='ocrx_word' id='word_1_40' title='bbox 658 910 971 980; x_wconf 81' lang='lat' dir='ltr'><strong>propterea</strong></span> <span class='ocrx_word' id='word_1_41' title='bbox 999 910 1185 963; x_wconf 87' lang='lat' dir='ltr'><strong>totum</strong></span> <span class='ocrx_word' id='word_1_42' title='bbox 1216 906 1497 977; x_wconf 87' lang='lat' dir='ltr'><strong>populum</strong></span> <span class='ocrx_word' id='word_1_43' title='bbox 1527 908 1720 960; x_wconf 89' lang='lat' dir='ltr'><strong>metus</strong></span> <span class='ocrx_word' id='word_1_44' title='bbox 1750 904 1967 977; x_wconf 86' lang='lat' dir='ltr'><strong>ingens</strong></span> <span class='ocrx_word' id='word_1_45' title='bbox 1999 920 2135 959; x_wconf 88' lang='lat' dir='ltr'><strong>cor-</strong></span> 
     </span>
    </p>
   </div>
   <div class='ocr_carea' id='block_1_9' title="bbox 469 993 2135 1073">
    <p class='ocr_par' dir='ltr' id='par_1_9' title="bbox 469 993 2135 1073">
     <span class='ocr_line' id='line_1_9' title="bbox 469 993 2135 1073; baseline -0.006 -16"><span class='ocrx_word' id='word_1_46' title='bbox 469 1001 668 1073; x_wconf 88' lang='lat' dir='ltr'><strong>ripuit,</strong></span> <span class='ocrx_word' id='word_1_47' title='bbox 699 1013 891 1070; x_wconf 82' lang='lat' dir='ltr'><strong>paenae</strong></span> <span class='ocrx_word' id='word_1_48' title='bbox 916 999 1111 1052; x_wconf 90' lang='lat' dir='ltr'><strong>terror</strong></span> <span class='ocrx_word' id='word_1_49' title='bbox 1138 995 1388 1050; x_wconf 86' lang='lat' dir='ltr'><strong>involvit</strong></span> <span class='ocrx_word' id='word_1_50' title='bbox 1413 993 1733 1050; x_wconf 89' lang='lat' dir='ltr'><strong>universos</strong></span> <span class='ocrx_word' id='word_1_51' title='bbox 1764 994 1898 1065; x_wconf 84' lang='grc'>(81).</span> <span class='ocrx_word' id='word_1_52' title='bbox 1943 993 2135 1049; x_wconf 90' lang='lat' dir='ltr'><strong>Obse-</strong></span> 
     </span>
    </p>
   </div>
   <div class='ocr_carea' id='block_1_10' title="bbox 470 1082 2137 1155">
    <p class='ocr_par' dir='ltr' id='par_1_10' title="bbox 470 1082 2137 1155">
     <span class='ocr_line' id='line_1_10' title="bbox 470 1082 2137 1155; baseline -0.006 -9"><span class='ocrx_word' id='word_1_53' title='bbox 470 1089 775 1146; x_wconf 90' lang='lat' dir='ltr'><strong>crantibus</strong></span> <span class='ocrx_word' id='word_1_54' title='bbox 805 1090 1001 1142; x_wconf 89' lang='lat' dir='ltr'><strong>tamen</strong></span> <span class='ocrx_word' id='word_1_55' title='bbox 1031 1085 1328 1155; x_wconf 89' lang='lat' dir='ltr'><strong>omnibus,</strong></span> <span class='ocrx_word' id='word_1_56' title='bbox 1362 1099 1437 1139; x_wconf 90' lang='lat' dir='ltr'><strong>ue</strong></span> <span class='ocrx_word' id='word_1_57' title='bbox 1465 1098 1791 1153; x_wconf 89' lang='lat' dir='ltr'><strong>paucorum</strong></span> <span class='ocrx_word' id='word_1_58' title='bbox 1819 1082 2137 1138; x_wconf 83' lang='lat' dir='ltr'><strong>insolentia</strong></span> 
     </span>
    </p>
   </div>
   <div class='ocr_carea' id='block_1_11' title="bbox 472 1171 2138 1249">
    <p class='ocr_par' dir='ltr' id='par_1_11' title="bbox 472 1171 2138 1249">
     <span class='ocr_line' id='line_1_11' title="bbox 472 1171 2138 1249; baseline -0.007 -12"><span class='ocrx_word' id='word_1_59' title='bbox 472 1194 681 1237; x_wconf 89' lang='lat' dir='ltr'><strong>omnes</strong></span> <span class='ocrx_word' id='word_1_60' title='bbox 710 1177 991 1249; x_wconf 80' lang='lat' dir='ltr'><strong>perirent,</strong></span> <span class='ocrx_word' id='word_1_61' title='bbox 1023 1174 1417 1245; x_wconf 82' lang='lat' dir='ltr'><strong>designantur</strong></span> <span class='ocrx_word' id='word_1_62' title='bbox 1445 1172 1695 1227; x_wconf 91' lang='lat' dir='ltr'><strong>sceleris</strong></span> <span class='ocrx_word' id='word_1_63' title='bbox 1724 1171 1832 1243; x_wconf 87' lang='lat' dir='ltr'><strong>rei,</strong></span> <span class='ocrx_word' id='word_1_64' title='bbox 1864 1174 1921 1227; x_wconf 92' lang='lat' dir='ltr'><strong>et</strong></span> <span class='ocrx_word' id='word_1_65' title='bbox 1961 1188 1995 1226; x_wconf 91' lang='lat' dir='ltr'><strong>a</strong></span> <span class='ocrx_word' id='word_1_66' title='bbox 2042 1174 2138 1226; x_wconf 87' lang='lat' dir='ltr'><strong>to-</strong></span> 
     </span>
    </p>
   </div>
   <div class='ocr_carea' id='block_1_12' title="bbox 390 1261 2138 1339">
    <p class='ocr_par' dir='ltr' id='par_1_12' title="bbox 390 1261 2138 1339">
     <span class='ocr_line' id='line_1_12' title="bbox 390 1261 2138 1339; baseline -0.007 -12"><span class='ocrx_word' id='word_1_67' title='bbox 390 1298 397 1305; x_wconf 88' lang='lat'><strong>-</strong></span> <span class='ocrx_word' id='word_1_68' title='bbox 466 1271 586 1326; x_wconf 88' lang='lat' dir='ltr'><strong>tius</strong></span> <span class='ocrx_word' id='word_1_69' title='bbox 616 1265 818 1339; x_wconf 90' lang='lat' dir='ltr'><strong>populi</strong></span> <span class='ocrx_word' id='word_1_70' title='bbox 846 1278 1095 1334; x_wconf 91' lang='lat' dir='ltr'><strong>corpore</strong></span> <span class='ocrx_word' id='word_1_71' title='bbox 1127 1263 1363 1317; x_wconf 83' lang='lat' dir='ltr'><strong>ducenti</strong></span> <span class='ocrx_word' id='word_1_72' title='bbox 1393 1261 1821 1333; x_wconf 80' lang='lat' dir='ltr'><strong>quinquaginta</strong></span> <span class='ocrx_word' id='word_1_73' title='bbox 1843 1277 1977 1315; x_wconf 90' lang='lat' dir='ltr'><strong>cum</strong></span> <span class='ocrx_word' id='word_1_74' title='bbox 1999 1277 2138 1316; x_wconf 86' lang='lat' dir='ltr'><strong>auc-</strong></span> 
     </span>
    </p>
   </div>
   <div class='ocr_carea' id='block_1_13' title="bbox 467 1349 2138 1423">
    <p class='ocr_par' dir='ltr' id='par_1_13' title="bbox 467 1349 2138 1423">
     <span class='ocr_line' id='line_1_13' title="bbox 467 1349 2138 1423; baseline -0.007 -9"><span class='ocrx_word' id='word_1_75' title='bbox 467 1358 699 1415; x_wconf 87' lang='lat' dir='ltr'><strong>toribus</strong></span> <span class='ocrx_word' id='word_1_76' title='bbox 731 1354 860 1409; x_wconf 91' lang='lat' dir='ltr'><strong>suis</strong></span> <span class='ocrx_word' id='word_1_77' title='bbox 893 1354 1246 1423; x_wconf 80' lang='lat' dir='ltr'><strong>separantur</strong></span> <span class='ocrx_word' id='word_1_78' title='bbox 1273 1351 1406 1420; x_wconf 87' lang='lat' dir='ltr'><strong>viri,</strong></span> <span class='ocrx_word' id='word_1_79' title='bbox 1465 1351 1823 1422; x_wconf 89' lang='lat' dir='ltr'><strong>immugiens</strong></span> <span class='ocrx_word' id='word_1_80' title='bbox 1873 1351 2031 1405; x_wconf 90' lang='lat' dir='ltr'><strong>terra</strong></span> <span class='ocrx_word' id='word_1_81' title='bbox 2078 1349 2138 1403; x_wconf 90' lang='lat' dir='ltr'><strong>in</strong></span> 
     </span>
    </p>
   </div>
   <div class='ocr_carea' id='block_1_14' title="bbox 468 1437 2139 1516">
    <p class='ocr_par' dir='ltr' id='par_1_14' title="bbox 468 1437 2139 1516">
     <span class='ocr_line' id='line_1_14' title="bbox 468 1437 2139 1516; baseline -0.007 -12"><span class='ocrx_word' id='word_1_82' title='bbox 468 1445 662 1503; x_wconf 90' lang='lat' dir='ltr'><strong>medio</strong></span> <span class='ocrx_word' id='word_1_83' title='bbox 691 1443 884 1516; x_wconf 91' lang='lat' dir='ltr'><strong>plebis</strong></span> <span class='ocrx_word' id='word_1_84' title='bbox 914 1440 1222 1511; x_wconf 86' lang='lat' dir='ltr'><strong>scinditur,</strong></span> <span class='ocrx_word' id='word_1_85' title='bbox 1256 1440 1517 1510; x_wconf 87' lang='lat' dir='ltr'><strong>aperitur</strong></span> <span class='ocrx_word' id='word_1_86' title='bbox 1542 1439 1603 1494; x_wconf 91' lang='lat' dir='ltr'><strong>in</strong></span> <span class='ocrx_word' id='word_1_87' title='bbox 1641 1438 2001 1510; x_wconf 86' lang='lat' dir='ltr'><strong>profundum</strong></span> <span class='ocrx_word' id='word_1_88' title='bbox 2050 1437 2139 1493; x_wconf 87' lang='lat' dir='ltr'><strong>si-</strong></span> 
     </span>
    </p>
   </div>
   <div class='ocr_carea' id='block_1_15' title="bbox 472 1526 2140 1607">
    <p class='ocr_par' dir='ltr' id='par_1_15' title="bbox 472 1526 2140 1607">
     <span class='ocr_line' id='line_1_15' title="bbox 472 1526 2140 1607; baseline -0.007 -15"><span class='ocrx_word' id='word_1_89' title='bbox 472 1552 609 1607; x_wconf 90' lang='lat' dir='ltr'><strong>nus,</strong></span> <span class='ocrx_word' id='word_1_90' title='bbox 640 1531 1011 1603; x_wconf 78' lang='lat' dir='ltr'><strong>abripiuntur</strong></span> <span class='ocrx_word' id='word_1_91' title='bbox 1052 1529 1234 1599; x_wconf 83' lang='lat' dir='ltr'><strong>noxii,</strong></span> <span class='ocrx_word' id='word_1_92' title='bbox 1284 1531 1341 1584; x_wconf 91' lang='lat' dir='ltr'><strong>et</strong></span> <span class='ocrx_word' id='word_1_93' title='bbox 1388 1529 1468 1583; x_wconf 89' lang='lat' dir='ltr'><strong>ita</strong></span> <span class='ocrx_word' id='word_1_94' title='bbox 1515 1529 1588 1583; x_wconf 88' lang='lat' dir='ltr'><strong>ab</strong></span> <span class='ocrx_word' id='word_1_95' title='bbox 1630 1527 1906 1584; x_wconf 90' lang='lat' dir='ltr'><strong>omnibus</strong></span> <span class='ocrx_word' id='word_1_96' title='bbox 1938 1526 2140 1582; x_wconf 91' lang='lat' dir='ltr'><strong>mundi</strong></span> 
     </span>
    </p>
   </div>
   <div class='ocr_carea' id='block_1_16' title="bbox 473 1615 2135 1696">
    <p class='ocr_par' dir='ltr' id='par_1_16' title="bbox 473 1615 2135 1696">
     <span class='ocr_line' id='line_1_16' title="bbox 473 1615 2135 1696; baseline -0.007 -15"><span class='ocrx_word' id='word_1_97' title='bbox 473 1624 658 1696; x_wconf 89' lang='lat' dir='ltr'><strong>hujus</strong></span> <span class='ocrx_word' id='word_1_98' title='bbox 687 1621 1037 1692; x_wconf 88' lang='lat' dir='ltr'><strong>ablegantur</strong></span> <span class='ocrx_word' id='word_1_99' title='bbox 1066 1617 1410 1687; x_wconf 90' lang='lat' dir='ltr'><strong>elementis;</strong></span> <span class='ocrx_word' id='word_1_100' title='bbox 1441 1618 1505 1672; x_wconf 90' lang='lat' dir='ltr'><strong>ut</strong></span> <span class='ocrx_word' id='word_1_101' title='bbox 1532 1632 1642 1672; x_wconf 91' lang='lat' dir='ltr'><strong>nec</strong></span> <span class='ocrx_word' id='word_1_102' title='bbox 1672 1631 1870 1671; x_wconf 89' lang='lat' dir='ltr'><strong>aerem</strong></span> <span class='ocrx_word' id='word_1_103' title='bbox 1900 1615 2135 1685; x_wconf 90' lang='lat' dir='ltr'><strong>haustu,</strong></span> 
     </span>
    </p>
   </div>
   <div class='ocr_carea' id='block_1_17' title="bbox 2251 633 3155 706">
    <p class='ocr_par' dir='ltr' id='par_1_17' title="bbox 2251 633 3155 706">
     <span class='ocr_line' id='line_1_17' title="bbox 2251 633 3155 706; baseline 0.001 -19"><span class='ocrx_word' id='word_1_104' title='bbox 2251 635 2387 689; x_wconf 88' lang='lat' dir='ltr'><strong>viva</strong></span> <span class='ocrx_word' id='word_1_105' title='bbox 2416 634 2605 706; x_wconf 89' lang='lat' dir='ltr'><strong>gratia</strong></span> <span class='ocrx_word' id='word_1_106' title='bbox 2638 633 2846 688; x_wconf 89' lang='lat' dir='ltr'><strong>ﬂorem</strong></span> <span class='ocrx_word' id='word_1_107' title='bbox 2878 633 3155 688; x_wconf 80' lang='lat' dir='ltr'><strong>remittat.</strong></span> 
     </span>
    </p>
   </div>
   <div class='ocr_carea' id='block_1_18' title="bbox 2321 722 3938 796">
    <p class='ocr_par' dir='ltr' id='par_1_18' title="bbox 2321 722 3938 796">
     <span class='ocr_line' id='line_1_18' title="bbox 2321 722 3938 796; baseline -0.001 -18"><span class='ocrx_word' id='word_1_108' title='bbox 2321 722 2410 778; x_wconf 84' lang='lat'><strong>59.</strong></span> <span class='ocrx_word' id='word_1_109' title='bbox 2451 722 2602 788; x_wconf 88' lang='lat' dir='ltr'><strong>Quid</strong></span> <span class='ocrx_word' id='word_1_110' title='bbox 2653 724 2848 777; x_wconf 86' lang='lat' dir='ltr'><strong>autem</strong></span> <span class='ocrx_word' id='word_1_111' title='bbox 2896 723 3044 778; x_wconf 90' lang='lat' dir='ltr'><strong>illud</strong></span> <span class='ocrx_word' id='word_1_112' title='bbox 3093 723 3409 796; x_wconf 86' lang='lat' dir='ltr'><strong>significat,</strong></span> <span class='ocrx_word' id='word_1_113' title='bbox 3459 725 3619 796; x_wconf 89' lang='lat' dir='ltr'><strong>quod</strong></span> <span class='ocrx_word' id='word_1_114' title='bbox 3662 728 3812 796; x_wconf 89' lang='lat' dir='ltr'><strong>post</strong></span> <span class='ocrx_word' id='word_1_115' title='bbox 3846 725 3938 778; x_wconf 83' lang='lat' dir='ltr'><strong>de-</strong></span> 
     </span>
    </p>
   </div>
   <div class='ocr_carea' id='block_1_19' title="bbox 2252 812 3941 885">
    <p class='ocr_par' dir='ltr' id='par_1_19' title="bbox 2252 812 3941 885">
     <span class='ocr_line' id='line_1_19' title="bbox 2252 812 3941 885; baseline 0 -18"><span class='ocrx_word' id='word_1_116' title='bbox 2252 812 2517 867; x_wconf 91' lang='lat' dir='ltr'><strong>functum</strong></span> <span class='ocrx_word' id='word_1_117' title='bbox 2547 812 2749 867; x_wconf 84' lang='lat' dir='ltr'><strong>Aaron</strong></span> <span class='ocrx_word' id='word_1_118' title='bbox 2780 827 2895 867; x_wconf 91' lang='lat' dir='ltr'><strong>non</strong></span> <span class='ocrx_word' id='word_1_119' title='bbox 2926 813 3212 867; x_wconf 88' lang='lat' dir='ltr'><strong>universo</strong></span> <span class='ocrx_word' id='word_1_120' title='bbox 3240 813 3476 885; x_wconf 93' lang='lat' dir='ltr'><strong>populo,</strong></span> <span class='ocrx_word' id='word_1_121' title='bbox 3510 813 3621 868; x_wconf 90' lang='lat' dir='ltr'><strong>sed</strong></span> <span class='ocrx_word' id='word_1_122' title='bbox 3657 813 3779 868; x_wconf 86' lang='lat' dir='ltr'><strong>soli</strong></span> <span class='ocrx_word' id='word_1_123' title='bbox 3814 812 3941 867; x_wconf 77' lang='lat' dir='ltr'><strong>Mo-</strong></span> 
     </span>
    </p>
   </div>
   <div class='ocr_carea' id='block_1_20' title="bbox 2253 901 3941 974">
    <p class='ocr_par' dir='ltr' id='par_1_20' title="bbox 2253 901 3941 974">
     <span class='ocr_line' id='line_1_20' title="bbox 2253 901 3941 974; baseline -0.001 -18"><span class='ocrx_word' id='word_1_124' title='bbox 2253 902 2348 973; x_wconf 89' lang='lat' dir='ltr'><strong>ysi</strong></span> <span class='ocrx_word' id='word_1_125' title='bbox 2396 901 2497 972; x_wconf 91' lang='lat' dir='ltr'><strong>qui</strong></span> <span class='ocrx_word' id='word_1_126' title='bbox 2547 904 2641 956; x_wconf 93' lang='lat' dir='ltr'><strong>est</strong></span> <span class='ocrx_word' id='word_1_127' title='bbox 2698 901 2758 955; x_wconf 91' lang='lat' dir='ltr'><strong>in</strong></span> <span class='ocrx_word' id='word_1_128' title='bbox 2812 901 3229 956; x_wconf 86' lang='lat' dir='ltr'><strong>sacerdotibus</strong></span> <span class='ocrx_word' id='word_1_129' title='bbox 3295 902 3549 973; x_wconf 88' lang='lat' dir='ltr'><strong>Domini,</strong></span> <span class='ocrx_word' id='word_1_130' title='bbox 3615 904 3941 974; x_wconf 72' lang='lat' dir='ltr'><strong>imperavit</strong></span> 
     </span>
    </p>
   </div>
   <div class='ocr_carea' id='block_1_21' title="bbox 2254 990 3942 1064">
    <p class='ocr_par' dir='ltr' id='par_1_21' title="bbox 2254 990 3942 1064">
     <span class='ocr_line' id='line_1_21' title="bbox 2254 990 3942 1064; baseline 0.001 -20"><span class='ocrx_word' id='word_1_131' title='bbox 2254 991 2417 1045; x_wconf 90' lang='lat' dir='ltr'><strong>Deus</strong></span> <span class='ocrx_word' id='word_1_132' title='bbox 2466 993 2528 1044; x_wconf 93' lang='lat' dir='ltr'><strong>ut</strong></span> <span class='ocrx_word' id='word_1_133' title='bbox 2576 991 2809 1046; x_wconf 85' lang='lat' dir='ltr'><strong>exuviis</strong></span> <span class='ocrx_word' id='word_1_134' title='bbox 2862 991 3055 1045; x_wconf 85' lang='lat' dir='ltr'><strong>Aaron</strong></span> <span class='ocrx_word' id='word_1_135' title='bbox 3097 990 3429 1046; x_wconf 84' lang='lat' dir='ltr'><strong>sacerdotis</strong></span> <span class='ocrx_word' id='word_1_136' title='bbox 3457 990 3649 1046; x_wconf 82' lang='lat' dir='ltr'><strong>ﬁlium</strong></span> <span class='ocrx_word' id='word_1_137' title='bbox 3682 990 3833 1064; x_wconf 84' lang='lat' dir='ltr'><strong>ejus</strong></span> <span class='ocrx_word' id='word_1_138' title='bbox 3862 991 3942 1045; x_wconf 89' lang='lat' dir='ltr'><strong>in-</strong></span> 
     </span>
    </p>
   </div>
   <div class='ocr_carea' id='block_1_22' title="bbox 2254 1078 3943 1154">
    <p class='ocr_par' dir='ltr' id='par_1_22' title="bbox 2254 1078 3943 1154">
     <span class='ocr_line' id='line_1_22' title="bbox 2254 1078 3943 1154; baseline 0.001 -20"><span class='ocrx_word' id='word_1_139' title='bbox 2254 1080 2465 1135; x_wconf 89' lang='lat' dir='ltr'><strong>dueret</strong></span> <span class='ocrx_word' id='word_1_140' title='bbox 2491 1078 2836 1134; x_wconf 83' lang='lat' dir='ltr'><strong>Eleazarum</strong></span> <span class='ocrx_word' id='word_1_141' title='bbox 2868 1080 3066 1150; x_wconf 83' lang='lat' dir='ltr'><strong>(Num.</strong></span> <span class='ocrx_word' id='word_1_142' title='bbox 3100 1097 3199 1149; x_wconf 84' lang='lat' dir='ltr'><strong>xx,</strong></span> <span class='ocrx_word' id='word_1_143' title='bbox 3229 1079 3360 1151; x_wconf 77' lang='lat'><strong>26);</strong></span> <span class='ocrx_word' id='word_1_144' title='bbox 3408 1080 3526 1135; x_wconf 92' lang='lat' dir='ltr'><strong>nisi</strong></span> <span class='ocrx_word' id='word_1_145' title='bbox 3566 1083 3633 1135; x_wconf 88' lang='lat' dir='ltr'><strong>ut</strong></span> <span class='ocrx_word' id='word_1_146' title='bbox 3672 1096 3943 1154; x_wconf 81' lang='lat' dir='ltr'><strong>cognos-</strong></span> 
     </span>
    </p>
   </div>
   <div class='ocr_carea' id='block_1_23' title="bbox 2256 1169 3941 1241">
    <p class='ocr_par' dir='ltr' id='par_1_23' title="bbox 2256 1169 3941 1241">
     <span class='ocr_line' id='line_1_23' title="bbox 2256 1169 3941 1241; baseline 0.001 -17"><span class='ocrx_word' id='word_1_147' title='bbox 2256 1184 2531 1225; x_wconf 90' lang='lat' dir='ltr'><strong>ceremus</strong></span> <span class='ocrx_word' id='word_1_148' title='bbox 2581 1169 2738 1241; x_wconf 90' lang='lat' dir='ltr'><strong>quod</strong></span> <span class='ocrx_word' id='word_1_149' title='bbox 2787 1169 3075 1225; x_wconf 87' lang='lat' dir='ltr'><strong>sacerdos</strong></span> <span class='ocrx_word' id='word_1_150' title='bbox 3125 1169 3496 1224; x_wconf 89' lang='lat' dir='ltr'><strong>sacerdotem</strong></span> <span class='ocrx_word' id='word_1_151' title='bbox 3569 1185 3941 1225; x_wconf 80' lang='lat' dir='ltr'><strong>consecrare</strong></span> 
     </span>
    </p>
   </div>
   <div class='ocr_carea' id='block_1_24' title="bbox 2257 1257 3939 1329">
    <p class='ocr_par' dir='ltr' id='par_1_24' title="bbox 2257 1257 3939 1329">
     <span class='ocr_line' id='line_1_24' title="bbox 2257 1257 3939 1329; baseline 0.001 -16"><span class='ocrx_word' id='word_1_152' title='bbox 2257 1258 2466 1313; x_wconf 86' lang='lat' dir='ltr'><strong>debeat</strong></span> <span class='ocrx_word' id='word_1_153' title='bbox 2495 1258 2628 1328; x_wconf 80' lang='lat'><strong>(83),</strong></span> <span class='ocrx_word' id='word_1_154' title='bbox 2661 1261 2718 1313; x_wconf 90' lang='lat' dir='ltr'><strong>et</strong></span> <span class='ocrx_word' id='word_1_155' title='bbox 2747 1257 2878 1329; x_wconf 90' lang='lat' dir='ltr'><strong>ipse</strong></span> <span class='ocrx_word' id='word_1_156' title='bbox 2909 1274 3044 1313; x_wconf 90' lang='lat' dir='ltr'><strong>eum</strong></span> <span class='ocrx_word' id='word_1_157' title='bbox 3074 1258 3323 1313; x_wconf 88' lang='lat' dir='ltr'><strong>induere</strong></span> <span class='ocrx_word' id='word_1_158' title='bbox 3370 1259 3783 1329; x_wconf 88' lang='lat' dir='ltr'><strong>vestimentis,</strong></span> <span class='ocrx_word' id='word_1_159' title='bbox 3835 1260 3939 1314; x_wconf 84' lang='lat' dir='ltr'><strong>hoc</strong></span> 
     </span>
    </p>
   </div>
   <div class='ocr_carea' id='block_1_25' title="bbox 2256 1346 3940 1414">
    <p class='ocr_par' dir='ltr' id='par_1_25' title="bbox 2256 1346 3940 1414">
     <span class='ocr_line' id='line_1_25' title="bbox 2256 1346 3940 1414; baseline 0 -11"><span class='ocrx_word' id='word_1_160' title='bbox 2256 1350 2369 1414; x_wconf 90' lang='lat' dir='ltr'><strong>est,</strong></span> <span class='ocrx_word' id='word_1_161' title='bbox 2414 1346 2738 1401; x_wconf 84' lang='lat' dir='ltr'><strong>virtutibus</strong></span> <span class='ocrx_word' id='word_1_162' title='bbox 2779 1347 3253 1403; x_wconf 87' lang='lat' dir='ltr'><strong>sacerdotalibus</strong></span> <span class='ocrx_word' id='word_1_163' title='bbox 3285 1364 3298 1403; x_wconf 88' lang='lat'><strong>:</strong></span> <span class='ocrx_word' id='word_1_164' title='bbox 3333 1348 3406 1402; x_wconf 88' lang='lat' dir='ltr'><strong>ad</strong></span> <span class='ocrx_word' id='word_1_165' title='bbox 3443 1351 3586 1402; x_wconf 89' lang='lat' dir='ltr'><strong>tunc</strong></span> <span class='ocrx_word' id='word_1_166' title='bbox 3614 1348 3678 1402; x_wconf 86' lang='lat' dir='ltr'><strong>si</strong></span> <span class='ocrx_word' id='word_1_167' title='bbox 3710 1348 3866 1402; x_wconf 88' lang='lat' dir='ltr'><strong>nihil</strong></span> <span class='ocrx_word' id='word_1_168' title='bbox 3892 1351 3940 1403; x_wconf 79' lang='lat' dir='ltr'><strong>ei</strong></span> 
     </span>
    </p>
   </div>
   <div class='ocr_carea' id='block_1_26' title="bbox 2258 1435 3950 1505">
    <p class='ocr_par' dir='ltr' id='par_1_26' title="bbox 2258 1435 3950 1505">
     <span class='ocr_line' id='line_1_26' title="bbox 2258 1435 3950 1505; baseline 0.001 -15"><span class='ocrx_word' id='word_1_169' title='bbox 2258 1437 2481 1491; x_wconf 88' lang='lat' dir='ltr'><strong>deesse</strong></span> <span class='ocrx_word' id='word_1_170' title='bbox 2509 1435 2985 1492; x_wconf 87' lang='lat' dir='ltr'><strong>indumentorum</strong></span> <span class='ocrx_word' id='word_1_171' title='bbox 3009 1436 3329 1492; x_wconf 87' lang='lat' dir='ltr'><strong>adverterit</strong></span> <span class='ocrx_word' id='word_1_172' title='bbox 3356 1437 3861 1505; x_wconf 86' lang='lat' dir='ltr'><strong>sacerdotalium,</strong></span> <span class='ocrx_word' id='word_1_173' title='bbox 3902 1446 3950 1491; x_wconf 82' lang='lat' dir='ltr'><strong>et</strong></span> 
     </span>
    </p>
   </div>
   <div class='ocr_carea' id='block_1_27' title="bbox 2261 1525 3946 1597">
    <p class='ocr_par' dir='ltr' id='par_1_27' title="bbox 2261 1525 3946 1597">
     <span class='ocr_line' id='line_1_27' title="bbox 2261 1525 3946 1597; baseline 0.002 -19"><span class='ocrx_word' id='word_1_174' title='bbox 2261 1528 2395 1595; x_wconf 88' lang='lat' dir='ltr'><strong>apte</strong></span> <span class='ocrx_word' id='word_1_175' title='bbox 2425 1525 2719 1595; x_wconf 89' lang='lat' dir='ltr'><strong>quadrare</strong></span> <span class='ocrx_word' id='word_1_176' title='bbox 2750 1526 2962 1597; x_wconf 88' lang='lat' dir='ltr'><strong>omnia,</strong></span> <span class='ocrx_word' id='word_1_177' title='bbox 3000 1526 3195 1581; x_wconf 88' lang='lat' dir='ltr'><strong>sacris</strong></span> <span class='ocrx_word' id='word_1_178' title='bbox 3234 1541 3367 1581; x_wconf 93' lang='lat' dir='ltr'><strong>eum</strong></span> <span class='ocrx_word' id='word_1_179' title='bbox 3406 1526 3694 1581; x_wconf 85' lang='lat' dir='ltr'><strong>adhibeat</strong></span> <span class='ocrx_word' id='word_1_180' title='bbox 3743 1526 3946 1581; x_wconf 81' lang='lat' dir='ltr'><strong>altari-</strong></span> 
     </span>
    </p>
   </div>
   <div class='ocr_carea' id='block_1_28' title="bbox 2260 1612 3945 1689">
    <p class='ocr_par' dir='ltr' id='par_1_28' title="bbox 2260 1612 3945 1689">
     <span class='ocr_line' id='line_1_28' title="bbox 2260 1612 3945 1689; baseline 0.001 -21"><span class='ocrx_word' id='word_1_181' title='bbox 2260 1613 2378 1668; x_wconf 87' lang='lat' dir='ltr'><strong>bus</strong></span> <span class='ocrx_word' id='word_1_182' title='bbox 2401 1614 2430 1668; x_wconf 86' lang='lat'><strong>?</strong></span> <span class='ocrx_word' id='word_1_183' title='bbox 2473 1612 2927 1685; x_wconf 89' lang='lat' dir='ltr'><strong>Supplicaturus</strong></span> <span class='ocrx_word' id='word_1_184' title='bbox 2971 1616 3128 1670; x_wconf 91' lang='lat' dir='ltr'><strong>enim</strong></span> <span class='ocrx_word' id='word_1_185' title='bbox 3169 1631 3275 1685; x_wconf 91' lang='lat' dir='ltr'><strong>pro</strong></span> <span class='ocrx_word' id='word_1_186' title='bbox 3306 1615 3519 1686; x_wconf 89' lang='lat' dir='ltr'><strong>pepulo</strong></span> <span class='ocrx_word' id='word_1_187' title='bbox 3549 1615 3697 1685; x_wconf 70' lang='grc'>(84),</span> <span class='ocrx_word' id='word_1_188' title='bbox 3734 1616 3897 1689; x_wconf 88' lang='lat' dir='ltr'><strong>elegi</strong></span> <span class='ocrx_word' id='word_1_189' title='bbox 3919 1634 3945 1670; x_wconf 73' lang='grc' dir='ltr'>ε</span> 
     </span>
    </p>
   </div>
   <div class='ocr_carea' id='block_1_29' title="bbox 473 1698 3944 1778">
    <p class='ocr_par' dir='ltr' id='par_1_29' title="bbox 473 1698 3944 1778">
     <span class='ocr_line' id='line_1_29' title="bbox 473 1698 3944 1778; baseline -0.003 -7"><span class='ocrx_word' id='word_1_190' title='bbox 473 1729 585 1771; x_wconf 89' lang='lat' dir='ltr'><strong>nec</strong></span> <span class='ocrx_word' id='word_1_191' title='bbox 617 1711 831 1767; x_wconf 90' lang='lat' dir='ltr'><strong>coelum</strong></span> <span class='ocrx_word' id='word_1_192' title='bbox 861 1709 1019 1778; x_wconf 90' lang='lat' dir='ltr'><strong>visu,</strong></span> <span class='ocrx_word' id='word_1_193' title='bbox 1053 1722 1164 1762; x_wconf 89' lang='lat' dir='ltr'><strong>nec</strong></span> <span class='ocrx_word' id='word_1_194' title='bbox 1194 1720 1355 1762; x_wconf 89' lang='lat' dir='ltr'><strong>mare</strong></span> <span class='ocrx_word' id='word_1_195' title='bbox 1383 1707 1560 1775; x_wconf 88' lang='lat' dir='ltr'><strong>tactu,</strong></span> <span class='ocrx_word' id='word_1_196' title='bbox 1604 1720 1714 1761; x_wconf 91' lang='lat' dir='ltr'><strong>nec</strong></span> <span class='ocrx_word' id='word_1_197' title='bbox 1743 1707 1962 1760; x_wconf 89' lang='lat' dir='ltr'><strong>terram</strong></span> <span class='ocrx_word' id='word_1_198' title='bbox 1994 1720 2141 1760; x_wconf 88' lang='lat' dir='ltr'><strong>con-</strong></span> <span class='ocrx_word' id='word_1_199' title='bbox 2178 1698 2232 1761; x_wconf 92' lang='lat' dir='ltr'><strong>B</strong></span> <span class='ocrx_word' id='word_1_200' title='bbox 2265 1703 2535 1773; x_wconf 92' lang='lat' dir='ltr'><strong>Domino,</strong></span> <span class='ocrx_word' id='word_1_201' title='bbox 2569 1706 2626 1758; x_wconf 93' lang='lat' dir='ltr'><strong>et</strong></span> <span class='ocrx_word' id='word_1_202' title='bbox 2656 1704 2897 1774; x_wconf 92' lang='lat' dir='ltr'><strong>probari</strong></span> <span class='ocrx_word' id='word_1_203' title='bbox 2926 1704 3101 1759; x_wconf 89' lang='lat' dir='ltr'><strong>debet</strong></span> <span class='ocrx_word' id='word_1_204' title='bbox 3131 1720 3160 1758; x_wconf 93' lang='lat' dir='ltr'><strong>a</strong></span> <span class='ocrx_word' id='word_1_205' title='bbox 3193 1704 3652 1775; x_wconf 88' lang='lat' dir='ltr'><strong>sacerdotibus;</strong></span> <span class='ocrx_word' id='word_1_206' title='bbox 3704 1722 3785 1760; x_wconf 90' lang='lat' dir='ltr'><strong>ne</strong></span> <span class='ocrx_word' id='word_1_207' title='bbox 3818 1707 3944 1777; x_wconf 83' lang='lat' dir='ltr'><strong>quid</strong></span> 
     </span>
    </p>
   </div>
   <div class='ocr_carea' id='block_1_30' title="bbox 477 1795 1160 1866">
    <p class='ocr_par' dir='ltr' id='par_1_30' title="bbox 477 1795 1160 1866">
     <span class='ocr_line' id='line_1_30' title="bbox 477 1795 1160 1866; baseline -0.013 -9"><span class='ocrx_word' id='word_1_208' title='bbox 477 1800 834 1857; x_wconf 90' lang='lat' dir='ltr'><strong>taminarent</strong></span> <span class='ocrx_word' id='word_1_209' title='bbox 863 1795 1160 1866; x_wconf 90' lang='lat' dir='ltr'><strong>sepulcro.</strong></span> 
     </span>
    </p>
   </div>
   <div class='ocr_carea' id='block_1_31' title="bbox 545 1881 2145 1954">
    <p class='ocr_par' dir='ltr' id='par_1_31' title="bbox 545 1881 2145 1954">
     <span class='ocr_line' id='line_1_31' title="bbox 545 1881 2145 1954; baseline -0.006 -9"><span class='ocrx_word' id='word_1_210' title='bbox 545 1889 636 1945; x_wconf 82' lang='lat'><strong>56.</strong></span> <span class='ocrx_word' id='word_1_211' title='bbox 678 1884 953 1942; x_wconf 87' lang='lat' dir='ltr'><strong>Cessavit</strong></span> <span class='ocrx_word' id='word_1_212' title='bbox 977 1899 1171 1954; x_wconf 85' lang='lat' dir='ltr'><strong>poena,</strong></span> <span class='ocrx_word' id='word_1_213' title='bbox 1204 1898 1323 1938; x_wconf 89' lang='lat' dir='ltr'><strong>non</strong></span> <span class='ocrx_word' id='word_1_214' title='bbox 1357 1882 1618 1938; x_wconf 88' lang='lat' dir='ltr'><strong>cessavit</strong></span> <span class='ocrx_word' id='word_1_215' title='bbox 1647 1882 1901 1938; x_wconf 88' lang='lat' dir='ltr'><strong>malitia:</strong></span> <span class='ocrx_word' id='word_1_216' title='bbox 1927 1896 2001 1938; x_wconf 88' lang='lat' dir='ltr'><strong>ex</strong></span> <span class='ocrx_word' id='word_1_217' title='bbox 2030 1881 2145 1938; x_wconf 88' lang='lat' dir='ltr'><strong>hoc</strong></span> 
     </span>
    </p>
   </div>
   <div class='ocr_carea' id='block_1_32' title="bbox 480 1969 2145 2051">
    <p class='ocr_par' dir='ltr' id='par_1_32' title="bbox 480 1969 2145 2051">
     <span class='ocr_line' id='line_1_32' title="bbox 480 1969 2145 2051; baseline -0.005 -17"><span class='ocrx_word' id='word_1_218' title='bbox 480 1970 614 2051; x_wconf 80' lang='lat' dir='ltr'><strong>ipso</strong></span> <span class='ocrx_word' id='word_1_219' title='bbox 659 1973 1128 2030; x_wconf 89' lang='lat' dir='ltr'><strong>immurmuratio</strong></span> <span class='ocrx_word' id='word_1_220' title='bbox 1175 1973 1378 2027; x_wconf 86' lang='lat' dir='ltr'><strong>exorta</strong></span> <span class='ocrx_word' id='word_1_221' title='bbox 1425 1969 1648 2042; x_wconf 90' lang='lat' dir='ltr'><strong>populi,</strong></span> <span class='ocrx_word' id='word_1_222' title='bbox 1697 1971 1856 2043; x_wconf 89' lang='lat' dir='ltr'><strong>quod</strong></span> <span class='ocrx_word' id='word_1_223' title='bbox 1898 1987 2007 2042; x_wconf 91' lang='lat' dir='ltr'><strong>per</strong></span> <span class='ocrx_word' id='word_1_224' title='bbox 2044 1986 2145 2026; x_wconf 87' lang='lat' dir='ltr'><strong>sa-</strong></span> 
     </span>
    </p>
   </div>
   <div class='ocr_carea' id='block_1_33' title="bbox 479 2058 2148 2133">
    <p class='ocr_par' dir='ltr' id='par_1_33' title="bbox 479 2058 2148 2133">
     <span class='ocr_line' id='line_1_33' title="bbox 479 2058 2148 2133; baseline -0.005 -10"><span class='ocrx_word' id='word_1_225' title='bbox 479 2066 755 2123; x_wconf 88' lang='lat' dir='ltr'><strong>cerdotes</strong></span> <span class='ocrx_word' id='word_1_226' title='bbox 784 2062 1045 2133; x_wconf 90' lang='lat' dir='ltr'><strong>perisset</strong></span> <span class='ocrx_word' id='word_1_227' title='bbox 1070 2060 1346 2132; x_wconf 88' lang='lat' dir='ltr'><strong>populus.</strong></span> <span class='ocrx_word' id='word_1_228' title='bbox 1375 2058 1522 2125; x_wconf 85' lang='lat' dir='ltr'><strong>Quia</strong></span> <span class='ocrx_word' id='word_1_229' title='bbox 1571 2059 1976 2132; x_wconf 86' lang='lat' dir='ltr'><strong>indignatione</strong></span> <span class='ocrx_word' id='word_1_230' title='bbox 2024 2061 2148 2116; x_wconf 89' lang='lat' dir='ltr'><strong>Do-</strong></span> 
     </span>
    </p>
   </div>
   <div class='ocr_carea' id='block_1_34' title="bbox 477 2148 2147 2229">
    <p class='ocr_par' dir='ltr' id='par_1_34' title="bbox 477 2148 2147 2229">
     <span class='ocr_line' id='line_1_34' title="bbox 477 2148 2147 2229; baseline -0.004 -18"><span class='ocrx_word' id='word_1_231' title='bbox 477 2156 676 2211; x_wconf 88' lang='lat' dir='ltr'><strong>minus</strong></span> <span class='ocrx_word' id='word_1_232' title='bbox 723 2150 1087 2224; x_wconf 89' lang='lat' dir='ltr'><strong>perdidisset</strong></span> <span class='ocrx_word' id='word_1_233' title='bbox 1133 2163 1381 2218; x_wconf 90' lang='lat' dir='ltr'><strong>omnes,</strong></span> <span class='ocrx_word' id='word_1_234' title='bbox 1430 2148 1549 2203; x_wconf 92' lang='lat' dir='ltr'><strong>nisi</strong></span> <span class='ocrx_word' id='word_1_235' title='bbox 1598 2148 1792 2220; x_wconf 81' lang='lat' dir='ltr'><strong>Moysi</strong></span> <span class='ocrx_word' id='word_1_236' title='bbox 1841 2151 1899 2203; x_wconf 87' lang='lat' dir='ltr'><strong>et</strong></span> <span class='ocrx_word' id='word_1_237' title='bbox 1943 2149 2147 2229; x_wconf 81' lang='lat' dir='ltr'><strong>Aaron</strong></span> 
     </span>
    </p>
   </div>
   <div class='ocr_carea' id='block_1_35' title="bbox 477 2236 2149 2316">
    <p class='ocr_par' dir='ltr' id='par_1_35' title="bbox 477 2236 2149 2316">
     <span class='ocr_line' id='line_1_35' title="bbox 477 2236 2149 2316; baseline -0.005 -17"><span class='ocrx_word' id='word_1_238' title='bbox 477 2243 660 2316; x_wconf 85' lang='lat' dir='ltr'><strong>primi</strong></span> <span class='ocrx_word' id='word_1_239' title='bbox 680 2239 963 2312; x_wconf 89' lang='lat' dir='ltr'><strong>precibus</strong></span> <span class='ocrx_word' id='word_1_240' title='bbox 994 2237 1269 2306; x_wconf 87' lang='lat' dir='ltr'><strong>inﬂexus,</strong></span> <span class='ocrx_word' id='word_1_241' title='bbox 1304 2239 1438 2307; x_wconf 90' lang='lat' dir='ltr'><strong>post</strong></span> <span class='ocrx_word' id='word_1_242' title='bbox 1468 2236 1641 2292; x_wconf 91' lang='lat' dir='ltr'><strong>etiam</strong></span> <span class='ocrx_word' id='word_1_243' title='bbox 1672 2236 1912 2309; x_wconf 85' lang='lat' dir='ltr'><strong>objectu</strong></span> <span class='ocrx_word' id='word_1_244' title='bbox 1943 2253 2149 2293; x_wconf 89' lang='lat' dir='ltr'><strong>sacer-</strong></span> 
     </span>
    </p>
   </div>
   <div class='ocr_carea' id='block_1_36' title="bbox 481 2325 2150 2399">
    <p class='ocr_par' dir='ltr' id='par_1_36' title="bbox 481 2325 2150 2399">
     <span class='ocr_line' id='line_1_36' title="bbox 481 2325 2150 2399; baseline -0.005 -10"><span class='ocrx_word' id='word_1_245' title='bbox 481 2334 639 2389; x_wconf 90' lang='lat' dir='ltr'><strong>dotis</strong></span> <span class='ocrx_word' id='word_1_246' title='bbox 671 2329 768 2385; x_wconf 93' lang='lat' dir='ltr'><strong>sui</strong></span> <span class='ocrx_word' id='word_1_247' title='bbox 795 2329 1014 2397; x_wconf 85' lang='lat' dir='ltr'><strong>Aaron,</strong></span> <span class='ocrx_word' id='word_1_248' title='bbox 1045 2325 1359 2380; x_wconf 87' lang='lat' dir='ltr'><strong>maluisset</strong></span> <span class='ocrx_word' id='word_1_249' title='bbox 1387 2325 1655 2397; x_wconf 89' lang='lat' dir='ltr'><strong>ingratos</strong></span> <span class='ocrx_word' id='word_1_250' title='bbox 1688 2325 1914 2399; x_wconf 86' lang='lat' dir='ltr'><strong>majore</strong></span> <span class='ocrx_word' id='word_1_251' title='bbox 1958 2327 2150 2382; x_wconf 85' lang='lat' dir='ltr'><strong>veniae</strong></span> 
     </span>
    </p>
   </div>
   <div class='ocr_carea' id='block_1_37' title="bbox 482 2415 2042 2495">
    <p class='ocr_par' dir='ltr' id='par_1_37' title="bbox 482 2415 2042 2495">
     <span class='ocr_line' id='line_1_37' title="bbox 482 2415 2042 2495; baseline -0.005 -17"><span class='ocrx_word' id='word_1_252' title='bbox 482 2422 710 2495; x_wconf 91' lang='lat' dir='ltr'><strong>pudore</strong></span> <span class='ocrx_word' id='word_1_253' title='bbox 741 2419 963 2474; x_wconf 89' lang='lat' dir='ltr'><strong>donare</strong></span> <span class='ocrx_word' id='word_1_254' title='bbox 992 2416 1089 2485; x_wconf 90' lang='lat' dir='ltr'><strong>iis,</strong></span> <span class='ocrx_word' id='word_1_255' title='bbox 1122 2430 1376 2486; x_wconf 86' lang='lat' dir='ltr'><strong>quorum</strong></span> <span class='ocrx_word' id='word_1_256' title='bbox 1405 2415 1743 2470; x_wconf 86' lang='lat' dir='ltr'><strong>abnuebant</strong></span> <span class='ocrx_word' id='word_1_257' title='bbox 1772 2416 2042 2488; x_wconf 87' lang='lat' dir='ltr'><strong>gratiam.</strong></span> 
     </span>
    </p>
   </div>
   <div class='ocr_carea' id='block_1_38' title="bbox 553 2503 2151 2579">
    <p class='ocr_par' dir='ltr' id='par_1_38' title="bbox 553 2503 2151 2579">
     <span class='ocr_line' id='line_1_38' title="bbox 553 2503 2151 2579; baseline -0.004 -14"><span class='ocrx_word' id='word_1_258' title='bbox 553 2510 643 2565; x_wconf 78' lang='lat'><strong>5&#39;1.</strong></span> <span class='ocrx_word' id='word_1_259' title='bbox 686 2509 822 2579; x_wconf 88' lang='lat' dir='ltr'><strong>Ipsa</strong></span> <span class='ocrx_word' id='word_1_260' title='bbox 849 2503 1233 2577; x_wconf 87' lang='lat' dir='ltr'><strong>prophetissa</strong></span> <span class='ocrx_word' id='word_1_261' title='bbox 1277 2503 1462 2557; x_wconf 90' lang='lat' dir='ltr'><strong>Maria</strong></span> <span class='ocrx_word' id='word_1_262' title='bbox 1503 2518 1637 2575; x_wconf 68' lang='lat' dir='ltr'><strong>qua:</strong></span> <span class='ocrx_word' id='word_1_263' title='bbox 1687 2520 1822 2559; x_wconf 92' lang='lat' dir='ltr'><strong>cum</strong></span> <span class='ocrx_word' id='word_1_264' title='bbox 1868 2503 2151 2559; x_wconf 84' lang='lat' dir='ltr'><strong>fratribus</strong></span> 
     </span>
    </p>
   </div>
   <div class='ocr_carea' id='block_1_39' title="bbox 482 2592 2152 2674">
    <p class='ocr_par' dir='ltr' id='par_1_39' title="bbox 482 2592 2152 2674">
     <span class='ocr_line' id='line_1_39' title="bbox 482 2592 2152 2674; baseline -0.005 -18"><span class='ocrx_word' id='word_1_265' title='bbox 482 2600 634 2674; x_wconf 89' lang='lat' dir='ltr'><strong>pede</strong></span> <span class='ocrx_word' id='word_1_266' title='bbox 662 2596 1131 2654; x_wconf 88' lang='lat' dir='ltr'><strong>transmeaverat</strong></span> <span class='ocrx_word' id='word_1_267' title='bbox 1157 2593 1306 2648; x_wconf 88' lang='lat' dir='ltr'><strong>freta</strong></span> <span class='ocrx_word' id='word_1_268' title='bbox 1333 2594 1536 2662; x_wconf 89' lang='lat' dir='ltr'><strong>maris,</strong></span> <span class='ocrx_word' id='word_1_269' title='bbox 1571 2592 1708 2665; x_wconf 91' lang='lat' dir='ltr'><strong>quia</strong></span> <span class='ocrx_word' id='word_1_270' title='bbox 1756 2592 2152 2664; x_wconf 58' lang='lat' dir='ltr'><strong>fEthiopissae</strong></span> 
     </span>
    </p>
   </div>
   <div class='ocr_carea' id='block_1_40' title="bbox 486 2681 2153 2760">
    <p class='ocr_par' dir='ltr' id='par_1_40' title="bbox 486 2681 2153 2760">
     <span class='ocr_line' id='line_1_40' title="bbox 486 2681 2153 2760; baseline -0.005 -15"><span class='ocrx_word' id='word_1_271' title='bbox 486 2687 836 2760; x_wconf 75' lang='lat' dir='ltr'><strong>mysterium</strong></span> <span class='ocrx_word' id='word_1_272' title='bbox 882 2683 1077 2737; x_wconf 89' lang='lat' dir='ltr'><strong>adhuc</strong></span> <span class='ocrx_word' id='word_1_273' title='bbox 1124 2681 1426 2751; x_wconf 89' lang='lat' dir='ltr'><strong>nesciens,</strong></span> <span class='ocrx_word' id='word_1_274' title='bbox 1473 2682 2026 2737; x_wconf 87' lang='lat' dir='ltr'><strong>immurmuraverat</strong></span> <span class='ocrx_word' id='word_1_275' title='bbox 2054 2682 2153 2737; x_wconf 88' lang='lat' dir='ltr'><strong>ad-</strong></span> 
     </span>
    </p>
   </div>
   <div class='ocr_carea' id='block_1_41' title="bbox 485 2771 2152 2843">
    <p class='ocr_par' dir='ltr' id='par_1_41' title="bbox 485 2771 2152 2843">
     <span class='ocr_line' id='line_1_41' title="bbox 485 2771 2152 2843; baseline -0.003 -12"><span class='ocrx_word' id='word_1_276' title='bbox 485 2791 704 2833; x_wconf 89' lang='lat' dir='ltr'><strong>versus</strong></span> <span class='ocrx_word' id='word_1_277' title='bbox 735 2775 983 2829; x_wconf 82' lang='lat' dir='ltr'><strong>fratrem</strong></span> <span class='ocrx_word' id='word_1_278' title='bbox 1010 2771 1280 2843; x_wconf 85' lang='lat' dir='ltr'><strong>Moysen,</strong></span> <span class='ocrx_word' id='word_1_279' title='bbox 1328 2771 1510 2841; x_wconf 83' lang='lat' dir='ltr'><strong>leprae</strong></span> <span class='ocrx_word' id='word_1_280' title='bbox 1542 2771 1791 2826; x_wconf 89' lang='lat' dir='ltr'><strong>maculis</strong></span> <span class='ocrx_word' id='word_1_281' title='bbox 1821 2771 2152 2842; x_wconf 86' lang='lat' dir='ltr'><strong>inhorruit;</strong></span> 
     </span>
    </p>
   </div>
   <div class='ocr_carea' id='block_1_42' title="bbox 491 2860 2154 2932">
    <p class='ocr_par' dir='ltr' id='par_1_42' title="bbox 491 2860 2154 2932">
     <span class='ocr_line' id='line_1_42' title="bbox 491 2860 2154 2932; baseline -0.004 -11"><span class='ocrx_word' id='word_1_282' title='bbox 491 2869 554 2922; x_wconf 92' lang='lat' dir='ltr'><strong>ut</strong></span> <span class='ocrx_word' id='word_1_283' title='bbox 583 2864 685 2919; x_wconf 88' lang='lat' dir='ltr'><strong>vix</strong></span> <span class='ocrx_word' id='word_1_284' title='bbox 711 2864 872 2918; x_wconf 90' lang='lat' dir='ltr'><strong>tanto</strong></span> <span class='ocrx_word' id='word_1_285' title='bbox 903 2862 1069 2916; x_wconf 90' lang='lat' dir='ltr'><strong>esset</strong></span> <span class='ocrx_word' id='word_1_286' title='bbox 1094 2860 1367 2915; x_wconf 88' lang='lat' dir='ltr'><strong>absoluta</strong></span> <span class='ocrx_word' id='word_1_287' title='bbox 1396 2861 1704 2932; x_wconf 88' lang='lat' dir='ltr'><strong>contagio;</strong></span> <span class='ocrx_word' id='word_1_288' title='bbox 1749 2860 1867 2915; x_wconf 90' lang='lat' dir='ltr'><strong>nisi</strong></span> <span class='ocrx_word' id='word_1_289' title='bbox 1913 2860 2154 2932; x_wconf 89' lang='lat' dir='ltr'><strong>Moyses</strong></span> 
     </span>
    </p>
   </div>
   <div class='ocr_carea' id='block_1_43' title="bbox 502 2948 2155 3028">
    <p class='ocr_par' dir='ltr' id='par_1_43' title="bbox 502 2948 2155 3028">
     <span class='ocr_line' id='line_1_43' title="bbox 502 2948 2155 3028; baseline -0.004 -17"><span class='ocrx_word' id='word_1_290' title='bbox 502 2956 785 3028; x_wconf 82' lang='lat' dir='ltr'><strong>rogasset</strong></span> <span class='ocrx_word' id='word_1_291' title='bbox 813 2950 1012 3018; x_wconf 87' lang='lat' dir='ltr'><strong>(Num.</strong></span> <span class='ocrx_word' id='word_1_292' title='bbox 1045 2966 1149 3019; x_wconf 78' lang='lat' dir='ltr'><strong>xu,</strong></span> <span class='ocrx_word' id='word_1_293' title='bbox 1184 2948 1391 3018; x_wconf 71' lang='lat'><strong>10-15).</strong></span> <span class='ocrx_word' id='word_1_294' title='bbox 1411 2948 1693 3014; x_wconf 87' lang='lat' dir='ltr'><strong>Quamvis</strong></span> <span class='ocrx_word' id='word_1_295' title='bbox 1721 2950 1794 3004; x_wconf 92' lang='lat' dir='ltr'><strong>ad</strong></span> <span class='ocrx_word' id='word_1_296' title='bbox 1819 2952 2021 3021; x_wconf 91' lang='lat' dir='ltr'><strong>typum</strong></span> <span class='ocrx_word' id='word_1_297' title='bbox 2050 2949 2155 3020; x_wconf 89' lang='lat' dir='ltr'><strong>Sy-</strong></span> 
     </span>
    </p>
   </div>
   <div class='ocr_carea' id='block_1_44' title="bbox 488 3037 2156 3118">
    <p class='ocr_par' dir='ltr' id='par_1_44' title="bbox 488 3037 2156 3118">
     <span class='ocr_line' id='line_1_44' title="bbox 488 3037 2156 3118; baseline -0.013 -17"><span class='ocrx_word' id='word_1_298' title='bbox 488 3057 746 3118; x_wconf 85' lang='lat' dir='ltr'><strong>nagogae</strong></span> <span class='ocrx_word' id='word_1_299' title='bbox 791 3040 890 3095; x_wconf 87' lang='lat' dir='ltr'><strong>illa</strong></span> <span class='ocrx_word' id='word_1_300' title='bbox 940 3038 1198 3094; x_wconf 84' lang='lat' dir='ltr'><strong>refertur</strong></span> <span class='ocrx_word' id='word_1_301' title='bbox 1235 3037 1717 3110; x_wconf 79' lang='lat' dir='ltr'><strong>admurmuratio,</strong></span> <span class='ocrx_word' id='word_1_302' title='bbox 1759 3054 1893 3110; x_wconf 84' lang='lat' dir='ltr'><strong>quae</strong></span> <span class='ocrx_word' id='word_1_303' title='bbox 1924 3038 2156 3095; x_wconf 69' lang='lat' dir='ltr'><strong>IEthio-</strong></span> 
     </span>
    </p>
   </div>
   <div class='ocr_carea' id='block_1_45' title="bbox 490 3125 2157 3205">
    <p class='ocr_par' dir='ltr' id='par_1_45' title="bbox 490 3125 2157 3205">
     <span class='ocr_line' id='line_1_45' title="bbox 490 3125 2157 3205; baseline -0.005 -15"><span class='ocrx_word' id='word_1_304' title='bbox 490 3135 676 3205; x_wconf 83' lang='lat' dir='ltr'><strong>pissae</strong></span> <span class='ocrx_word' id='word_1_305' title='bbox 704 3130 904 3200; x_wconf 89' lang='lat' dir='ltr'><strong>istius,</strong></span> <span class='ocrx_word' id='word_1_306' title='bbox 939 3128 997 3183; x_wconf 90' lang='lat' dir='ltr'><strong>id</strong></span> <span class='ocrx_word' id='word_1_307' title='bbox 1027 3130 1141 3199; x_wconf 88' lang='lat' dir='ltr'><strong>est,</strong></span> <span class='ocrx_word' id='word_1_308' title='bbox 1173 3125 1463 3182; x_wconf 68' lang='lat' dir='ltr'><strong>Ecclesiae</strong></span> <span class='ocrx_word' id='word_1_309' title='bbox 1503 3142 1579 3182; x_wconf 89' lang='lat' dir='ltr'><strong>ex</strong></span> <span class='ocrx_word' id='word_1_310' title='bbox 1623 3129 1903 3200; x_wconf 89' lang='lat' dir='ltr'><strong>gentibus</strong></span> <span class='ocrx_word' id='word_1_311' title='bbox 1952 3143 2157 3183; x_wconf 88' lang='lat' dir='ltr'><strong>sacra-</strong></span> 
     </span>
    </p>
   </div>
   <div class='ocr_carea' id='block_1_46' title="bbox 485 3215 2157 3292">
    <p class='ocr_par' dir='ltr' id='par_1_46' title="bbox 485 3215 2157 3292">
     <span class='ocr_line' id='line_1_46' title="bbox 485 3215 2157 3292; baseline -0.004 -13"><span class='ocrx_word' id='word_1_312' title='bbox 485 3224 748 3278; x_wconf 89' lang='lat' dir='ltr'><strong>mentum</strong></span> <span class='ocrx_word' id='word_1_313' title='bbox 793 3219 1120 3292; x_wconf 82' lang='lat' dir='ltr'><strong>ignorans;</strong></span> <span class='ocrx_word' id='word_1_314' title='bbox 1173 3215 1513 3288; x_wconf 86' lang='lat' dir='ltr'><strong>quotidiano</strong></span> <span class='ocrx_word' id='word_1_315' title='bbox 1563 3216 1975 3273; x_wconf 88' lang='lat' dir='ltr'><strong>immurmurat</strong></span> <span class='ocrx_word' id='word_1_316' title='bbox 2020 3234 2157 3273; x_wconf 91' lang='lat' dir='ltr'><strong>con-</strong></span> 
     </span>
    </p>
   </div>
   <div class='ocr_carea' id='block_1_47' title="bbox 488 3305 2159 3382">
    <p class='ocr_par' dir='ltr' id='par_1_47' title="bbox 488 3305 2159 3382">
     <span class='ocr_line' id='line_1_47' title="bbox 488 3305 2159 3382; baseline -0.004 -14"><span class='ocrx_word' id='word_1_317' title='bbox 488 3313 667 3382; x_wconf 85' lang='lat' dir='ltr'><strong>vicio,</strong></span> <span class='ocrx_word' id='word_1_318' title='bbox 717 3310 777 3365; x_wconf 89' lang='lat' dir='ltr'><strong>et</strong></span> <span class='ocrx_word' id='word_1_319' title='bbox 820 3307 1046 3362; x_wconf 90' lang='lat' dir='ltr'><strong>invidet</strong></span> <span class='ocrx_word' id='word_1_320' title='bbox 1092 3305 1145 3361; x_wconf 92' lang='lat' dir='ltr'><strong>ei</strong></span> <span class='ocrx_word' id='word_1_321' title='bbox 1191 3306 1350 3377; x_wconf 90' lang='lat' dir='ltr'><strong>plebi</strong></span> <span class='ocrx_word' id='word_1_322' title='bbox 1393 3306 1570 3378; x_wconf 82' lang='lat' dir='ltr'><strong>cujus</strong></span> <span class='ocrx_word' id='word_1_323' title='bbox 1634 3305 1751 3361; x_wconf 81' lang='lat' dir='ltr'><strong>ﬁde</strong></span> <span class='ocrx_word' id='word_1_324' title='bbox 1795 3307 1968 3362; x_wconf 91' lang='lat' dir='ltr'><strong>etiam</strong></span> <span class='ocrx_word' id='word_1_325' title='bbox 2030 3306 2159 3378; x_wconf 90' lang='lat' dir='ltr'><strong>ipsa</strong></span> 
     </span>
    </p>
   </div>
   <div class='ocr_carea' id='block_1_48' title="bbox 489 3395 2160 3468">
    <p class='ocr_par' dir='ltr' id='par_1_48' title="bbox 489 3395 2160 3468">
     <span class='ocr_line' id='line_1_48' title="bbox 489 3395 2160 3468; baseline -0.005 -10"><span class='ocrx_word' id='word_1_326' title='bbox 489 3404 739 3465; x_wconf 87' lang='lat' dir='ltr'><strong>exuetur</strong></span> <span class='ocrx_word' id='word_1_327' title='bbox 768 3414 801 3453; x_wconf 90' lang='lat' dir='ltr'><strong>a</strong></span> <span class='ocrx_word' id='word_1_328' title='bbox 830 3395 1096 3468; x_wconf 79' lang='lat' dir='ltr'><strong>perﬁdiae</strong></span> <span class='ocrx_word' id='word_1_329' title='bbox 1124 3410 1253 3450; x_wconf 67' lang='lat' dir='ltr'><strong>sum</strong></span> <span class='ocrx_word' id='word_1_330' title='bbox 1281 3395 1468 3466; x_wconf 86' lang='lat' dir='ltr'><strong>lepra,</strong></span> <span class='ocrx_word' id='word_1_331' title='bbox 1503 3395 1830 3450; x_wconf 90' lang='lat' dir='ltr'><strong>secundum</strong></span> <span class='ocrx_word' id='word_1_332' title='bbox 1875 3396 2032 3466; x_wconf 90' lang='lat' dir='ltr'><strong>quod</strong></span> <span class='ocrx_word' id='word_1_333' title='bbox 2077 3395 2160 3451; x_wconf 91' lang='lat' dir='ltr'><strong>le-</strong></span> 
     </span>
    </p>
   </div>
   <div class='ocr_carea' id='block_1_49' title="bbox 491 3483 2153 3566">
    <p class='ocr_par' dir='ltr' id='par_1_49' title="bbox 491 3483 2153 3566">
     <span class='ocr_line' id='line_1_49' title="bbox 491 3483 2153 3566; baseline -0.004 -20"><span class='ocrx_word' id='word_1_334' title='bbox 491 3493 713 3566; x_wconf 89' lang='lat' dir='ltr'><strong>gimus,</strong></span> <span class='ocrx_word' id='word_1_335' title='bbox 745 3486 883 3559; x_wconf 87' lang='lat' dir='ltr'><strong>quia</strong></span> <span class='ocrx_word' id='word_1_336' title='bbox 919 3507 942 3534; x_wconf 75' lang='grc' dir='ltr'><strong>ιι</strong></span> <span class='ocrx_word' id='word_1_337' title='bbox 977 3484 1214 3540; x_wconf 84' lang='lat' dir='ltr'><strong>caecitas</strong></span> <span class='ocrx_word' id='word_1_338' title='bbox 1244 3500 1318 3539; x_wconf 91' lang='lat' dir='ltr'><strong>ex</strong></span> <span class='ocrx_word' id='word_1_339' title='bbox 1344 3487 1509 3554; x_wconf 88' lang='lat' dir='ltr'><strong>parte</strong></span> <span class='ocrx_word' id='word_1_340' title='bbox 1557 3484 1619 3539; x_wconf 87' lang='lat' dir='ltr'><strong>in</strong></span> <span class='ocrx_word' id='word_1_341' title='bbox 1663 3483 1846 3539; x_wconf 91' lang='lat' dir='ltr'><strong>Israel</strong></span> <span class='ocrx_word' id='word_1_342' title='bbox 1888 3484 2153 3558; x_wconf 89' lang='lat' dir='ltr'><strong>contigit,</strong></span> 
     </span>
    </p>
   </div>
   <div class='ocr_carea' id='block_1_50' title="bbox 492 3573 2157 3648">
    <p class='ocr_par' dir='ltr' id='par_1_50' title="bbox 492 3573 2157 3648">
     <span class='ocr_line' id='line_1_50' title="bbox 492 3573 2157 3648; baseline -0.005 -11"><span class='ocrx_word' id='word_1_343' title='bbox 492 3582 682 3637; x_wconf 88' lang='lat' dir='ltr'><strong>donec</strong></span> <span class='ocrx_word' id='word_1_344' title='bbox 710 3573 1009 3648; x_wconf 89' lang='lat' dir='ltr'><strong>plenitudo</strong></span> <span class='ocrx_word' id='word_1_345' title='bbox 1040 3573 1307 3646; x_wconf 89' lang='lat' dir='ltr'><strong>gentium</strong></span> <span class='ocrx_word' id='word_1_346' title='bbox 1335 3573 1601 3643; x_wconf 85' lang='lat' dir='ltr'><strong>intraret,</strong></span> <span class='ocrx_word' id='word_1_347' title='bbox 1634 3575 1692 3628; x_wconf 89' lang='lat' dir='ltr'><strong>et</strong></span> <span class='ocrx_word' id='word_1_348' title='bbox 1720 3573 1808 3629; x_wconf 91' lang='lat' dir='ltr'><strong>sic</strong></span> <span class='ocrx_word' id='word_1_349' title='bbox 1837 3573 2030 3629; x_wconf 91' lang='lat' dir='ltr'><strong>omnis</strong></span> <span class='ocrx_word' id='word_1_350' title='bbox 2062 3574 2157 3629; x_wconf 91' lang='lat' dir='ltr'><strong>Is-</strong></span> 
     </span>
    </p>
   </div>
   <div class='ocr_carea' id='block_1_51' title="bbox 492 3659 1728 3734">
    <p class='ocr_par' dir='ltr' id='par_1_51' title="bbox 492 3659 1728 3734">
     <span class='ocr_line' id='line_1_51' title="bbox 492 3659 1728 3734; baseline -0.012 -8"><span class='ocrx_word' id='word_1_351' title='bbox 492 3668 616 3726; x_wconf 91' lang='lat' dir='ltr'><strong>rael</strong></span> <span class='ocrx_word' id='word_1_352' title='bbox 648 3665 854 3722; x_wconf 90' lang='lat' dir='ltr'><strong>salvus</strong></span> <span class='ocrx_word' id='word_1_353' title='bbox 887 3664 1057 3719; x_wconf 79' lang='lat' dir='ltr'><strong>ﬂeret</strong></span> <span class='ocrx_word' id='word_1_354' title='bbox 1086 3663 1278 3733; x_wconf 86' lang='lat' dir='ltr'><strong>(Rom.</strong></span> <span class='ocrx_word' id='word_1_355' title='bbox 1312 3679 1392 3732; x_wconf 76' lang='lat' dir='ltr'><strong>xx,</strong></span> <span class='ocrx_word' id='word_1_356' title='bbox 1425 3662 1514 3732; x_wconf 70' lang='lat'><strong>:25,</strong></span> <span class='ocrx_word' id='word_1_357' title='bbox 1546 3659 1661 3734; x_wconf 73' lang='lat'><strong>26).</strong></span> <span class='ocrx_word' id='word_1_358' title='bbox 1707 3686 1728 3711; x_wconf 68' lang='grc' dir='ltr'>ι)</span> 
     </span>
    </p>
   </div>
   <div class='ocr_carea' id='block_1_52' title="bbox 564 3750 2159 3822">
    <p class='ocr_par' dir='ltr' id='par_1_52' title="bbox 564 3750 2159 3822">
     <span class='ocr_line' id='line_1_52' title="bbox 564 3750 2159 3822; baseline -0.004 -10"><span class='ocrx_word' id='word_1_359' title='bbox 564 3758 653 3812; x_wconf 86' lang='grc'><strong>58.</strong></span> <span class='ocrx_word' id='word_1_360' title='bbox 697 3754 769 3810; x_wconf 89' lang='lat' dir='ltr'><strong>Et</strong></span> <span class='ocrx_word' id='word_1_361' title='bbox 796 3756 860 3808; x_wconf 90' lang='lat' dir='ltr'><strong>ut</strong></span> <span class='ocrx_word' id='word_1_362' title='bbox 893 3753 1273 3807; x_wconf 89' lang='lat' dir='ltr'><strong>advertamus</strong></span> <span class='ocrx_word' id='word_1_363' title='bbox 1323 3750 1462 3822; x_wconf 90' lang='lat' dir='ltr'><strong>quia</strong></span> <span class='ocrx_word' id='word_1_364' title='bbox 1505 3752 1565 3806; x_wconf 91' lang='lat' dir='ltr'><strong>in</strong></span> <span class='ocrx_word' id='word_1_365' title='bbox 1615 3751 2027 3807; x_wconf 88' lang='lat' dir='ltr'><strong>sacerdotibus</strong></span> <span class='ocrx_word' id='word_1_366' title='bbox 2076 3751 2159 3806; x_wconf 90' lang='lat' dir='ltr'><strong>di-</strong></span> 
     </span>
    </p>
   </div>
   <div class='ocr_carea' id='block_1_53' title="bbox 491 3840 2163 3916">
    <p class='ocr_par' dir='ltr' id='par_1_53' title="bbox 491 3840 2163 3916">
     <span class='ocr_line' id='line_1_53' title="bbox 491 3840 2163 3916; baseline -0.004 -14"><span class='ocrx_word' id='word_1_367' title='bbox 491 3848 630 3902; x_wconf 89' lang='lat' dir='ltr'><strong>vina</strong></span> <span class='ocrx_word' id='word_1_368' title='bbox 658 3844 853 3916; x_wconf 89' lang='lat' dir='ltr'><strong>magis</strong></span> <span class='ocrx_word' id='word_1_369' title='bbox 886 3856 1061 3914; x_wconf 89' lang='lat' dir='ltr'><strong>quam</strong></span> <span class='ocrx_word' id='word_1_370' title='bbox 1090 3840 1344 3895; x_wconf 89' lang='lat' dir='ltr'><strong>humana</strong></span> <span class='ocrx_word' id='word_1_371' title='bbox 1376 3843 1653 3910; x_wconf 90' lang='lat' dir='ltr'><strong>operatur</strong></span> <span class='ocrx_word' id='word_1_372' title='bbox 1681 3841 1889 3914; x_wconf 86' lang='lat' dir='ltr'><strong>gratia,</strong></span> <span class='ocrx_word' id='word_1_373' title='bbox 1928 3856 2045 3896; x_wconf 92' lang='lat' dir='ltr'><strong>una</strong></span> <span class='ocrx_word' id='word_1_374' title='bbox 2088 3856 2163 3896; x_wconf 91' lang='lat' dir='ltr'><strong>ex</strong></span> 
     </span>
    </p>
   </div>
   <div class='ocr_carea' id='block_1_54' title="bbox 492 3929 2161 4004">
    <p class='ocr_par' dir='ltr' id='par_1_54' title="bbox 492 3929 2161 4004">
     <span class='ocr_line' id='line_1_54' title="bbox 492 3929 2161 4004; baseline -0.003 -14"><span class='ocrx_word' id='word_1_375' title='bbox 492 3935 714 4003; x_wconf 89' lang='lat' dir='ltr'><strong>multis,</strong></span> <span class='ocrx_word' id='word_1_376' title='bbox 766 3947 918 4004; x_wconf 91' lang='lat' dir='ltr'><strong>quas</strong></span> <span class='ocrx_word' id='word_1_377' title='bbox 967 3930 1208 4001; x_wconf 87' lang='lat' dir='ltr'><strong>Moyses</strong></span> <span class='ocrx_word' id='word_1_378' title='bbox 1250 3944 1359 3998; x_wconf 92' lang='lat' dir='ltr'><strong>per</strong></span> <span class='ocrx_word' id='word_1_379' title='bbox 1402 3929 1594 3984; x_wconf 90' lang='lat' dir='ltr'><strong>tribus</strong></span> <span class='ocrx_word' id='word_1_380' title='bbox 1624 3935 1932 4000; x_wconf 87' lang='lat' dir='ltr'><strong>acceperat</strong></span> <span class='ocrx_word' id='word_1_381' title='bbox 1982 3933 2040 3985; x_wconf 90' lang='lat' dir='ltr'><strong>et</strong></span> <span class='ocrx_word' id='word_1_382' title='bbox 2068 3943 2161 3985; x_wconf 89' lang='lat' dir='ltr'><strong>re-</strong></span> 
     </span>
    </p>
   </div>
   <div class='ocr_carea' id='block_1_55' title="bbox 493 4017 2217 4091">
    <p class='ocr_par' dir='ltr' id='par_1_55' title="bbox 493 4017 2217 4091">
     <span class='ocr_line' id='line_1_55' title="bbox 493 4017 2217 4091; baseline -0.004 -12"><span class='ocrx_word' id='word_1_383' title='bbox 493 4022 854 4090; x_wconf 91' lang='lat' dir='ltr'><strong>condiderat,</strong></span> <span class='ocrx_word' id='word_1_384' title='bbox 907 4020 1082 4091; x_wconf 87' lang='lat' dir='ltr'><strong>virga</strong></span> <span class='ocrx_word' id='word_1_385' title='bbox 1130 4018 1325 4072; x_wconf 87' lang='lat' dir='ltr'><strong>Aaron</strong></span> <span class='ocrx_word' id='word_1_386' title='bbox 1374 4017 1572 4072; x_wconf 89' lang='lat' dir='ltr'><strong>ﬂoruit</strong></span> <span class='ocrx_word' id='word_1_387' title='bbox 1603 4034 1616 4073; x_wconf 90' lang='lat'>:</span> <span class='ocrx_word' id='word_1_388' title='bbox 1649 4022 1823 4089; x_wconf 90' lang='lat' dir='ltr'><strong>atque</strong></span> <span class='ocrx_word' id='word_1_389' title='bbox 1871 4019 1949 4073; x_wconf 91' lang='lat' dir='ltr'><strong>ita</strong></span> <span class='ocrx_word' id='word_1_390' title='bbox 1979 4018 2162 4073; x_wconf 89' lang='lat' dir='ltr'><strong>divini</strong></span> <span class='ocrx_word' id='word_1_391' title='bbox 2200 4044 2217 4051; x_wconf 59' lang='grc' dir='ltr'>ν</span> 
     </span>
    </p>
   </div>
   <div class='ocr_carea' id='block_1_56' title="bbox 486 4106 2161 4186">
    <p class='ocr_par' dir='ltr' id='par_1_56' title="bbox 486 4106 2161 4186">
     <span class='ocr_line' id='line_1_56' title="bbox 486 4106 2161 4186; baseline -0.004 -19"><span class='ocrx_word' id='word_1_392' title='bbox 486 4111 702 4186; x_wconf 85' lang='lat' dir='ltr'><strong>judicii</strong></span> <span class='ocrx_word' id='word_1_393' title='bbox 750 4124 969 4164; x_wconf 91' lang='lat' dir='ltr'><strong>munus</strong></span> <span class='ocrx_word' id='word_1_394' title='bbox 1020 4107 1406 4177; x_wconf 87' lang='lat' dir='ltr'><strong>spectandum</strong></span> <span class='ocrx_word' id='word_1_395' title='bbox 1454 4106 1513 4161; x_wconf 91' lang='lat' dir='ltr'><strong>in</strong></span> <span class='ocrx_word' id='word_1_396' title='bbox 1561 4107 1872 4162; x_wconf 90' lang='lat' dir='ltr'><strong>sacerdote</strong></span> <span class='ocrx_word' id='word_1_397' title='bbox 1904 4107 2161 4179; x_wconf 90' lang='lat' dir='ltr'><strong>populus</strong></span> 
     </span>
    </p>
   </div>
   <div class='ocr_carea' id='block_1_57' title="bbox 499 4195 2163 4271">
    <p class='ocr_par' dir='ltr' id='par_1_57' title="bbox 499 4195 2163 4271">
     <span class='ocr_line' id='line_1_57' title="bbox 499 4195 2163 4271; baseline -0.004 -14"><span class='ocrx_word' id='word_1_398' title='bbox 499 4200 774 4271; x_wconf 88' lang='lat' dir='ltr'><strong>advertit,</strong></span> <span class='ocrx_word' id='word_1_399' title='bbox 830 4214 898 4253; x_wconf 90' lang='lat' dir='ltr'><strong>ac</strong></span> <span class='ocrx_word' id='word_1_400' title='bbox 945 4196 1171 4252; x_wconf 87' lang='lat' dir='ltr'><strong>destitit</strong></span> <span class='ocrx_word' id='word_1_401' title='bbox 1212 4210 1415 4266; x_wconf 88' lang='lat' dir='ltr'><strong>parem</strong></span> <span class='ocrx_word' id='word_1_402' title='bbox 1463 4196 1583 4251; x_wconf 91' lang='lat' dir='ltr'><strong>sibi</strong></span> <span class='ocrx_word' id='word_1_403' title='bbox 1632 4195 1886 4252; x_wconf 90' lang='lat' dir='ltr'><strong>humano</strong></span> <span class='ocrx_word' id='word_1_404' title='bbox 1937 4195 2163 4268; x_wconf 87' lang='lat' dir='ltr'><strong>judicio</strong></span> 
     </span>
    </p>
   </div>
   <div class='ocr_carea' id='block_1_58' title="bbox 498 4285 2165 4360">
    <p class='ocr_par' dir='ltr' id='par_1_58' title="bbox 498 4285 2165 4360">
     <span class='ocr_line' id='line_1_58' title="bbox 498 4285 2165 4360; baseline -0.004 -14"><span class='ocrx_word' id='word_1_405' title='bbox 498 4290 803 4346; x_wconf 89' lang='lat' dir='ltr'><strong>vindicare</strong></span> <span class='ocrx_word' id='word_1_406' title='bbox 834 4287 1108 4360; x_wconf 85' lang='lat' dir='ltr'><strong>gratiam,</strong></span> <span class='ocrx_word' id='word_1_407' title='bbox 1142 4285 1243 4356; x_wconf 89' lang='lat' dir='ltr'><strong>qui</strong></span> <span class='ocrx_word' id='word_1_408' title='bbox 1272 4286 1404 4339; x_wconf 87' lang='lat' dir='ltr'><strong>ante</strong></span> <span class='ocrx_word' id='word_1_409' title='bbox 1451 4299 1653 4355; x_wconf 91' lang='lat' dir='ltr'><strong>parem</strong></span> <span class='ocrx_word' id='word_1_410' title='bbox 1700 4285 1818 4341; x_wconf 92' lang='lat' dir='ltr'><strong>sibi</strong></span> <span class='ocrx_word' id='word_1_411' title='bbox 1855 4301 2165 4359; x_wconf 84' lang='lat' dir='ltr'><strong>praeroga-</strong></span> 
     </span>
    </p>
   </div>
   <div class='ocr_carea' id='block_1_59' title="bbox 2269 1791 3946 1867">
    <p class='ocr_par' dir='ltr' id='par_1_59' title="bbox 2269 1791 3946 1867">
     <span class='ocr_line' id='line_1_59' title="bbox 2269 1791 3946 1867; baseline 0.001 -19"><span class='ocrx_word' id='word_1_412' title='bbox 2269 1794 2366 1865; x_wconf 91' lang='lat' dir='ltr'><strong>sit,</strong></span> <span class='ocrx_word' id='word_1_413' title='bbox 2399 1792 2556 1865; x_wconf 89' lang='lat' dir='ltr'><strong>quod</strong></span> <span class='ocrx_word' id='word_1_414' title='bbox 2585 1793 2643 1847; x_wconf 92' lang='lat' dir='ltr'><strong>in</strong></span> <span class='ocrx_word' id='word_1_415' title='bbox 2674 1794 2807 1864; x_wconf 89' lang='lat' dir='ltr'><strong>ipso</strong></span> <span class='ocrx_word' id='word_1_416' title='bbox 2836 1794 3102 1867; x_wconf 88' lang='lat' dir='ltr'><strong>graviter</strong></span> <span class='ocrx_word' id='word_1_417' title='bbox 3131 1791 3404 1863; x_wconf 70' lang='lat' dir='ltr'><strong>offendat,</strong></span> <span class='ocrx_word' id='word_1_418' title='bbox 3447 1793 3627 1866; x_wconf 89' lang='lat' dir='ltr'><strong>cujus</strong></span> <span class='ocrx_word' id='word_1_419' title='bbox 3686 1794 3946 1850; x_wconf 82' lang='lat' dir='ltr'><strong>ofﬁcium</strong></span> 
     </span>
    </p>
   </div>
   <div class='ocr_carea' id='block_1_60' title="bbox 2267 1881 3947 1956">
    <p class='ocr_par' dir='ltr' id='par_1_60' title="bbox 2267 1881 3947 1956">
     <span class='ocr_line' id='line_1_60' title="bbox 2267 1881 3947 1956; baseline 0 -16"><span class='ocrx_word' id='word_1_420' title='bbox 2267 1888 2360 1940; x_wconf 92' lang='lat' dir='ltr'><strong>est</strong></span> <span class='ocrx_word' id='word_1_421' title='bbox 2404 1899 2514 1954; x_wconf 90' lang='lat' dir='ltr'><strong>pro</strong></span> <span class='ocrx_word' id='word_1_422' title='bbox 2565 1881 2816 1938; x_wconf 90' lang='lat' dir='ltr'><strong>aliorum</strong></span> <span class='ocrx_word' id='word_1_423' title='bbox 2858 1882 3085 1939; x_wconf 72' lang='lat' dir='ltr'><strong>offensa</strong></span> <span class='ocrx_word' id='word_1_424' title='bbox 3128 1884 3505 1939; x_wconf 88' lang='lat' dir='ltr'><strong>intervenire.</strong></span> <span class='ocrx_word' id='word_1_425' title='bbox 3541 1884 3771 1956; x_wconf 85' lang='lat' dir='ltr'><strong>Neque</strong></span> <span class='ocrx_word' id='word_1_426' title='bbox 3804 1886 3947 1940; x_wconf 85' lang='lat' dir='ltr'><strong>enim</strong></span> 
     </span>
    </p>
   </div>
   <div class='ocr_carea' id='block_1_61' title="bbox 2264 1971 3949 2043">
    <p class='ocr_par' dir='ltr' id='par_1_61' title="bbox 2264 1971 3949 2043">
     <span class='ocr_line' id='line_1_61' title="bbox 2264 1971 3949 2043; baseline 0.001 -16"><span class='ocrx_word' id='word_1_427' title='bbox 2264 1971 2586 2028; x_wconf 90' lang='lat' dir='ltr'><strong>mediocris</strong></span> <span class='ocrx_word' id='word_1_428' title='bbox 2638 1971 2829 2027; x_wconf 88' lang='lat' dir='ltr'><strong>virtus</strong></span> <span class='ocrx_word' id='word_1_429' title='bbox 2881 1972 3277 2028; x_wconf 88' lang='lat' dir='ltr'><strong>sacerdotalis</strong></span> <span class='ocrx_word' id='word_1_430' title='bbox 3318 1977 3429 2043; x_wconf 89' lang='lat' dir='ltr'><strong>est,</strong></span> <span class='ocrx_word' id='word_1_431' title='bbox 3483 1972 3582 2028; x_wconf 89' lang='lat' dir='ltr'><strong>cui</strong></span> <span class='ocrx_word' id='word_1_432' title='bbox 3613 1974 3949 2029; x_wconf 81' lang='lat' dir='ltr'><strong>cavendum</strong></span> 
     </span>
    </p>
   </div>
   <div class='ocr_carea' id='block_1_62' title="bbox 2267 2060 3947 2135">
    <p class='ocr_par' dir='ltr' id='par_1_62' title="bbox 2267 2060 3947 2135">
     <span class='ocr_line' id='line_1_62' title="bbox 2267 2060 3947 2135; baseline 0.001 -18"><span class='ocrx_word' id='word_1_433' title='bbox 2267 2077 2382 2117; x_wconf 92' lang='lat' dir='ltr'><strong>non</strong></span> <span class='ocrx_word' id='word_1_434' title='bbox 2416 2060 2609 2116; x_wconf 90' lang='lat' dir='ltr'><strong>solum</strong></span> <span class='ocrx_word' id='word_1_435' title='bbox 2640 2075 2714 2115; x_wconf 91' lang='lat' dir='ltr'><strong>ne</strong></span> <span class='ocrx_word' id='word_1_436' title='bbox 2743 2060 3127 2133; x_wconf 89' lang='lat' dir='ltr'><strong>gravioribus</strong></span> <span class='ocrx_word' id='word_1_437' title='bbox 3159 2061 3400 2135; x_wconf 87' lang='lat' dir='ltr'><strong>ﬂagitiis</strong></span> <span class='ocrx_word' id='word_1_438' title='bbox 3431 2062 3508 2117; x_wconf 90' lang='lat' dir='ltr'><strong>sit</strong></span> <span class='ocrx_word' id='word_1_439' title='bbox 3551 2061 3797 2133; x_wconf 77' lang='lat' dir='ltr'><strong>afﬁnis,</strong></span> <span class='ocrx_word' id='word_1_440' title='bbox 3853 2065 3947 2118; x_wconf 79' lang='lat' dir='ltr'><strong>sed</strong></span> 
     </span>
    </p>
   </div>
   <div class='ocr_carea' id='block_1_63' title="bbox 2267 2149 3950 2221">
    <p class='ocr_par' dir='ltr' id='par_1_63' title="bbox 2267 2149 3950 2221">
     <span class='ocr_line' id='line_1_63' title="bbox 2267 2149 3950 2221; baseline 0.001 -15"><span class='ocrx_word' id='word_1_441' title='bbox 2267 2166 2340 2206; x_wconf 91' lang='lat' dir='ltr'><strong>ne</strong></span> <span class='ocrx_word' id='word_1_442' title='bbox 2370 2149 2631 2204; x_wconf 90' lang='lat' dir='ltr'><strong>minimis</strong></span> <span class='ocrx_word' id='word_1_443' title='bbox 2661 2149 2938 2221; x_wconf 89' lang='lat' dir='ltr'><strong>quidem;</strong></span> <span class='ocrx_word' id='word_1_444' title='bbox 2969 2152 3033 2205; x_wconf 91' lang='lat' dir='ltr'><strong>ut</strong></span> <span class='ocrx_word' id='word_1_445' title='bbox 3062 2149 3112 2204; x_wconf 92' lang='lat' dir='ltr'><strong>si</strong></span> <span class='ocrx_word' id='word_1_446' title='bbox 3145 2154 3454 2221; x_wconf 89' lang='lat' dir='ltr'><strong>promptus</strong></span> <span class='ocrx_word' id='word_1_447' title='bbox 3482 2150 3558 2205; x_wconf 90' lang='lat' dir='ltr'><strong>ad</strong></span> <span class='ocrx_word' id='word_1_448' title='bbox 3591 2152 3950 2207; x_wconf 82' lang='lat' dir='ltr'><strong>misericor-</strong></span> 
     </span>
    </p>
   </div>
   <div class='ocr_carea' id='block_1_64' title="bbox 2268 2238 3950 2310">
    <p class='ocr_par' dir='ltr' id='par_1_64' title="bbox 2268 2238 3950 2310">
     <span class='ocr_line' id='line_1_64' title="bbox 2268 2238 3950 2310; baseline 0.002 -17"><span class='ocrx_word' id='word_1_449' title='bbox 2268 2239 2445 2309; x_wconf 89' lang='lat' dir='ltr'><strong>diam,</strong></span> <span class='ocrx_word' id='word_1_450' title='bbox 2479 2238 2845 2309; x_wconf 90' lang='lat' dir='ltr'><strong>promissum</strong></span> <span class='ocrx_word' id='word_1_451' title='bbox 2873 2253 2991 2293; x_wconf 93' lang='lat' dir='ltr'><strong>non</strong></span> <span class='ocrx_word' id='word_1_452' title='bbox 3021 2239 3373 2309; x_wconf 89' lang='lat' dir='ltr'><strong>remordeat,</strong></span> <span class='ocrx_word' id='word_1_453' title='bbox 3406 2238 3650 2310; x_wconf 91' lang='lat' dir='ltr'><strong>lapsum</strong></span> <span class='ocrx_word' id='word_1_454' title='bbox 3687 2252 3950 2303; x_wconf 75' lang='lat' dir='ltr'><strong>revocet,</strong></span> 
     </span>
    </p>
   </div>
   <div class='ocr_carea' id='block_1_65' title="bbox 2271 2326 3949 2400">
    <p class='ocr_par' dir='ltr' id='par_1_65' title="bbox 2271 2326 3949 2400">
     <span class='ocr_line' id='line_1_65' title="bbox 2271 2326 3949 2400; baseline 0.001 -17"><span class='ocrx_word' id='word_1_455' title='bbox 2271 2327 2660 2399; x_wconf 88' lang='lat' dir='ltr'><strong>compatiatur</strong></span> <span class='ocrx_word' id='word_1_456' title='bbox 2680 2326 2894 2398; x_wconf 90' lang='lat' dir='ltr'><strong>dolori,</strong></span> <span class='ocrx_word' id='word_1_457' title='bbox 2910 2329 3424 2384; x_wconf 88' lang='lat' dir='ltr'><strong>mansuetudinem</strong></span> <span class='ocrx_word' id='word_1_458' title='bbox 3442 2331 3949 2400; x_wconf 79' lang='lat' dir='ltr'><strong>teneat,pietatem</strong></span> 
     </span>
    </p>
   </div>
   <div class='ocr_carea' id='block_1_66' title="bbox 2271 2415 3955 2490">
    <p class='ocr_par' dir='ltr' id='par_1_66' title="bbox 2271 2415 3955 2490">
     <span class='ocr_line' id='line_1_66' title="bbox 2271 2415 3955 2490; baseline 0.001 -18"><span class='ocrx_word' id='word_1_459' title='bbox 2271 2417 2497 2490; x_wconf 89' lang='lat' dir='ltr'><strong>diligat,</strong></span> <span class='ocrx_word' id='word_1_460' title='bbox 2541 2416 2690 2472; x_wconf 90' lang='lat' dir='ltr'><strong>iram</strong></span> <span class='ocrx_word' id='word_1_461' title='bbox 2728 2417 2976 2488; x_wconf 87' lang='lat' dir='ltr'><strong>repellat</strong></span> <span class='ocrx_word' id='word_1_462' title='bbox 3014 2415 3109 2472; x_wconf 88' lang='lat' dir='ltr'><strong>vel</strong></span> <span class='ocrx_word' id='word_1_463' title='bbox 3149 2417 3473 2489; x_wconf 87' lang='lat' dir='ltr'><strong>decoquat:</strong></span> <span class='ocrx_word' id='word_1_464' title='bbox 3501 2419 3581 2473; x_wconf 91' lang='lat' dir='ltr'><strong>sit</strong></span> <span class='ocrx_word' id='word_1_465' title='bbox 3620 2419 3883 2490; x_wconf 88' lang='lat' dir='ltr'><strong>quidam</strong></span> <span class='ocrx_word' id='word_1_466' title='bbox 3902 2420 3955 2473; x_wconf 53' lang='lat' dir='ltr'><strong>li.</strong></span> 
     </span>
    </p>
   </div>
   <div class='ocr_carea' id='block_1_67' title="bbox 2270 2506 3955 2576">
    <p class='ocr_par' dir='ltr' id='par_1_67' title="bbox 2270 2506 3955 2576">
     <span class='ocr_line' id='line_1_67' title="bbox 2270 2506 3955 2576; baseline 0.001 -15"><span class='ocrx_word' id='word_1_467' title='bbox 2270 2509 2410 2561; x_wconf 90' lang='lat' dir='ltr'><strong>tuus</strong></span> <span class='ocrx_word' id='word_1_468' title='bbox 2449 2506 2643 2576; x_wconf 90' lang='lat' dir='ltr'><strong>plebis</strong></span> <span class='ocrx_word' id='word_1_469' title='bbox 2683 2506 3009 2562; x_wconf 80' lang='lat' dir='ltr'><strong>excitandas</strong></span> <span class='ocrx_word' id='word_1_470' title='bbox 3048 2507 3120 2562; x_wconf 90' lang='lat' dir='ltr'><strong>ad</strong></span> <span class='ocrx_word' id='word_1_471' title='bbox 3165 2507 3536 2562; x_wconf 90' lang='lat' dir='ltr'><strong>devotionem</strong></span> <span class='ocrx_word' id='word_1_472' title='bbox 3559 2508 3955 2563; x_wconf 70' lang='lat' dir='ltr'><strong>miriﬁcanda</strong></span> 
     </span>
    </p>
   </div>
   <div class='ocr_carea' id='block_1_68' title="bbox 2274 2595 2870 2667">
    <p class='ocr_par' dir='ltr' id='par_1_68' title="bbox 2274 2595 2870 2667">
     <span class='ocr_line' id='line_1_68' title="bbox 2274 2595 2870 2667; baseline 0 -17"><span class='ocrx_word' id='word_1_473' title='bbox 2274 2595 2346 2650; x_wconf 90' lang='lat' dir='ltr'><strong>ad</strong></span> <span class='ocrx_word' id='word_1_474' title='bbox 2369 2595 2870 2667; x_wconf 84' lang='lat' dir='ltr'><strong>tranquillitatem.</strong></span> 
     </span>
    </p>
   </div>
   <div class='ocr_carea' id='block_1_69' title="bbox 2342 2683 3961 2757">
    <p class='ocr_par' dir='ltr' id='par_1_69' title="bbox 2342 2683 3961 2757">
     <span class='ocr_line' id='line_1_69' title="bbox 2342 2683 3961 2757; baseline 0.001 -19"><span class='ocrx_word' id='word_1_475' title='bbox 2342 2683 2433 2739; x_wconf 89' lang='lat'><strong>60.</strong></span> <span class='ocrx_word' id='word_1_476' title='bbox 2475 2684 2660 2739; x_wconf 87' lang='lat' dir='ltr'><strong>Vetus</strong></span> <span class='ocrx_word' id='word_1_477' title='bbox 2704 2684 2924 2739; x_wconf 88' lang='lat' dir='ltr'><strong>dictum</strong></span> <span class='ocrx_word' id='word_1_478' title='bbox 2962 2688 3057 2740; x_wconf 92' lang='lat' dir='ltr'><strong>est</strong></span> <span class='ocrx_word' id='word_1_479' title='bbox 3098 2685 3441 2741; x_wconf 85' lang='lat' dir='ltr'><strong>:Assuesce</strong></span> <span class='ocrx_word' id='word_1_480' title='bbox 3473 2702 3635 2742; x_wconf 91' lang='lat' dir='ltr'><strong>unus</strong></span> <span class='ocrx_word' id='word_1_481' title='bbox 3671 2702 3874 2757; x_wconf 89' lang='lat' dir='ltr'><strong>esse;</strong></span> <span class='ocrx_word' id='word_1_482' title='bbox 3911 2692 3961 2741; x_wconf 82' lang='lat' dir='ltr'><strong>ut</strong></span> 
     </span>
    </p>
   </div>
   <div class='ocr_carea' id='block_1_70' title="bbox 2274 2773 3960 2846">
    <p class='ocr_par' dir='ltr' id='par_1_70' title="bbox 2274 2773 3960 2846">
     <span class='ocr_line' id='line_1_70' title="bbox 2274 2773 3960 2846; baseline 0.002 -19"><span class='ocrx_word' id='word_1_483' title='bbox 2274 2774 2393 2828; x_wconf 89' lang='lat' dir='ltr'><strong>vita</strong></span> <span class='ocrx_word' id='word_1_484' title='bbox 2416 2777 2513 2829; x_wconf 90' lang='lat' dir='ltr'><strong>tua</strong></span> <span class='ocrx_word' id='word_1_485' title='bbox 2537 2773 2850 2845; x_wconf 88' lang='lat' dir='ltr'><strong>quamdam</strong></span> <span class='ocrx_word' id='word_1_486' title='bbox 2872 2774 3164 2844; x_wconf 87' lang='lat' dir='ltr'><strong>picturam</strong></span> <span class='ocrx_word' id='word_1_487' title='bbox 3185 2774 3494 2846; x_wconf 88' lang='lat' dir='ltr'><strong>exprimat,</strong></span> <span class='ocrx_word' id='word_1_488' title='bbox 3527 2775 3825 2831; x_wconf 86' lang='lat' dir='ltr'><strong>eamdem</strong></span> <span class='ocrx_word' id='word_1_489' title='bbox 3850 2792 3960 2831; x_wconf 80' lang='lat' dir='ltr'><strong>ser-</strong></span> 
     </span>
    </p>
   </div>
   <div class='ocr_carea' id='block_1_71' title="bbox 2276 2863 3962 2936">
    <p class='ocr_par' dir='ltr' id='par_1_71' title="bbox 2276 2863 3962 2936">
     <span class='ocr_line' id='line_1_71' title="bbox 2276 2863 3962 2936; baseline 0.001 -21"><span class='ocrx_word' id='word_1_490' title='bbox 2276 2879 2425 2917; x_wconf 88' lang='lat' dir='ltr'><strong>vans</strong></span> <span class='ocrx_word' id='word_1_491' title='bbox 2449 2878 2688 2933; x_wconf 89' lang='lat' dir='ltr'><strong>semper</strong></span> <span class='ocrx_word' id='word_1_492' title='bbox 2708 2864 3045 2936; x_wconf 90' lang='lat' dir='ltr'><strong>imaginem,</strong></span> <span class='ocrx_word' id='word_1_493' title='bbox 3073 2880 3248 2935; x_wconf 89' lang='lat' dir='ltr'><strong>quam</strong></span> <span class='ocrx_word' id='word_1_494' title='bbox 3283 2866 3602 2934; x_wconf 89' lang='lat' dir='ltr'><strong>acceperit.</strong></span> <span class='ocrx_word' id='word_1_495' title='bbox 3645 2863 3962 2930; x_wconf 74' lang='lat' dir='ltr'><strong>Quomodo</strong></span> 
     </span>
    </p>
   </div>
   <div class='ocr_carea' id='block_1_72' title="bbox 2276 2953 3962 3024">
    <p class='ocr_par' dir='ltr' id='par_1_72' title="bbox 2276 2953 3962 3024">
     <span class='ocr_line' id='line_1_72' title="bbox 2276 2953 3962 3024; baseline 0.001 -17"><span class='ocrx_word' id='word_1_496' title='bbox 2276 2956 2472 3023; x_wconf 88' lang='lat' dir='ltr'><strong>potest</strong></span> <span class='ocrx_word' id='word_1_497' title='bbox 2505 2968 2661 3006; x_wconf 93' lang='lat' dir='ltr'><strong>unus</strong></span> <span class='ocrx_word' id='word_1_498' title='bbox 2703 2968 2862 3023; x_wconf 91' lang='lat' dir='ltr'><strong>esse,</strong></span> <span class='ocrx_word' id='word_1_499' title='bbox 2903 2953 3000 3024; x_wconf 89' lang='lat' dir='ltr'><strong>qui</strong></span> <span class='ocrx_word' id='word_1_500' title='bbox 3024 2969 3180 3008; x_wconf 90' lang='lat' dir='ltr'><strong>nunc</strong></span> <span class='ocrx_word' id='word_1_501' title='bbox 3198 2953 3503 3008; x_wconf 89' lang='lat' dir='ltr'><strong>iracundia</strong></span> <span class='ocrx_word' id='word_1_502' title='bbox 3524 2953 3962 3011; x_wconf 83' lang='lat' dir='ltr'><strong>inﬂammatur.</strong></span> 
     </span>
    </p>
   </div>
   <div class='ocr_carea' id='block_1_73' title="bbox 2190 3034 3964 3114">
    <p class='ocr_par' dir='ltr' id='par_1_73' title="bbox 2190 3034 3964 3114">
     <span class='ocr_line' id='line_1_73' title="bbox 2190 3034 3964 3114; baseline 0 -18"><span class='ocrx_word' id='word_1_503' title='bbox 2190 3034 2242 3096; x_wconf 91' lang='lat' dir='ltr'>C</span> <span class='ocrx_word' id='word_1_504' title='bbox 2278 3055 2434 3096; x_wconf 90' lang='lat' dir='ltr'><strong>nunc</strong></span> <span class='ocrx_word' id='word_1_505' title='bbox 2469 3040 2873 3114; x_wconf 89' lang='lat' dir='ltr'><strong>indignatione</strong></span> <span class='ocrx_word' id='word_1_506' title='bbox 2913 3043 3085 3114; x_wconf 88' lang='lat' dir='ltr'><strong>gravi</strong></span> <span class='ocrx_word' id='word_1_507' title='bbox 3123 3046 3430 3112; x_wconf 59' lang='lat' dir='ltr'><strong>exaestuat,</strong></span> <span class='ocrx_word' id='word_1_508' title='bbox 3476 3058 3635 3098; x_wconf 89' lang='lat' dir='ltr'><strong>nunc</strong></span> <span class='ocrx_word' id='word_1_509' title='bbox 3655 3044 3853 3098; x_wconf 73' lang='lat' dir='ltr'><strong>vultu</strong></span> <span class='ocrx_word' id='word_1_510' title='bbox 3874 3060 3964 3098; x_wconf 75' lang='lat' dir='ltr'><strong>e1—</strong></span> 
     </span>
    </p>
   </div>
   <div class='ocr_carea' id='block_1_74' title="bbox 2278 3130 3964 3203">
    <p class='ocr_par' dir='ltr' id='par_1_74' title="bbox 2278 3130 3964 3203">
     <span class='ocr_line' id='line_1_74' title="bbox 2278 3130 3964 3203; baseline -0.001 -17"><span class='ocrx_word' id='word_1_511' title='bbox 2278 3130 2601 3201; x_wconf 90' lang='lat' dir='ltr'><strong>candescit,</strong></span> <span class='ocrx_word' id='word_1_512' title='bbox 2638 3146 2794 3186; x_wconf 90' lang='lat' dir='ltr'><strong>nunc</strong></span> <span class='ocrx_word' id='word_1_513' title='bbox 2830 3131 3057 3203; x_wconf 88' lang='lat' dir='ltr'><strong>pallore</strong></span> <span class='ocrx_word' id='word_1_514' title='bbox 3095 3130 3455 3200; x_wconf 90' lang='lat' dir='ltr'><strong>immutatur,</strong></span> <span class='ocrx_word' id='word_1_515' title='bbox 3499 3147 3608 3202; x_wconf 91' lang='lat' dir='ltr'><strong>per</strong></span> <span class='ocrx_word' id='word_1_516' title='bbox 3660 3138 3964 3188; x_wconf 73' lang='lat' dir='ltr'><strong>momenta</strong></span> 
     </span>
    </p>
   </div>
   <div class='ocr_carea' id='block_1_75' title="bbox 2278 3219 3960 3289">
    <p class='ocr_par' dir='ltr' id='par_1_75' title="bbox 2278 3219 3960 3289">
     <span class='ocr_line' id='line_1_75' title="bbox 2278 3219 3960 3289; baseline 0.001 -15"><span class='ocrx_word' id='word_1_517' title='bbox 2278 3220 2484 3275; x_wconf 85' lang='lat' dir='ltr'><strong>varius</strong></span> <span class='ocrx_word' id='word_1_518' title='bbox 2537 3224 2595 3275; x_wconf 88' lang='lat' dir='ltr'><strong>et</strong></span> <span class='ocrx_word' id='word_1_519' title='bbox 2648 3219 2939 3276; x_wconf 90' lang='lat' dir='ltr'><strong>discolor:</strong></span> <span class='ocrx_word' id='word_1_520' title='bbox 2995 3219 3113 3276; x_wconf 88' lang='lat' dir='ltr'><strong>Sed</strong></span> <span class='ocrx_word' id='word_1_521' title='bbox 3150 3223 3299 3289; x_wconf 89' lang='lat' dir='ltr'><strong>esto,</strong></span> <span class='ocrx_word' id='word_1_522' title='bbox 3343 3221 3421 3274; x_wconf 93' lang='lat' dir='ltr'><strong>sit</strong></span> <span class='ocrx_word' id='word_1_523' title='bbox 3474 3225 3717 3277; x_wconf 62' lang='lat' dir='ltr'><strong>natura:</strong></span> <span class='ocrx_word' id='word_1_524' title='bbox 3759 3222 3960 3281; x_wconf 79' lang='lat' dir='ltr'><strong>irasci,</strong></span> 
     </span>
    </p>
   </div>
   <div class='ocr_carea' id='block_1_76' title="bbox 2281 3308 3966 3382">
    <p class='ocr_par' dir='ltr' id='par_1_76' title="bbox 2281 3308 3966 3382">
     <span class='ocr_line' id='line_1_76' title="bbox 2281 3308 3966 3382; baseline 0.002 -19"><span class='ocrx_word' id='word_1_525' title='bbox 2281 3311 2379 3364; x_wconf 90' lang='lat' dir='ltr'><strong>aut</strong></span> <span class='ocrx_word' id='word_1_526' title='bbox 2410 3308 2759 3381; x_wconf 90' lang='lat' dir='ltr'><strong>plerumque</strong></span> <span class='ocrx_word' id='word_1_527' title='bbox 2797 3324 3038 3379; x_wconf 63' lang='lat' dir='ltr'><strong>causa);</strong></span> <span class='ocrx_word' id='word_1_528' title='bbox 3080 3308 3336 3363; x_wconf 91' lang='lat' dir='ltr'><strong>hominis</strong></span> <span class='ocrx_word' id='word_1_529' title='bbox 3373 3312 3467 3364; x_wconf 91' lang='lat' dir='ltr'><strong>est</strong></span> <span class='ocrx_word' id='word_1_530' title='bbox 3495 3312 3704 3363; x_wconf 87' lang='lat' dir='ltr'><strong>tamen</strong></span> <span class='ocrx_word' id='word_1_531' title='bbox 3748 3314 3966 3382; x_wconf 75' lang='lat' dir='ltr'><strong>tempe-</strong></span> 
     </span>
    </p>
   </div>
   <div class='ocr_carea' id='block_1_77' title="bbox 2281 3397 3963 3470">
    <p class='ocr_par' dir='ltr' id='par_1_77' title="bbox 2281 3397 3963 3470">
     <span class='ocr_line' id='line_1_77' title="bbox 2281 3397 3963 3470; baseline -0.001 -17"><span class='ocrx_word' id='word_1_532' title='bbox 2281 3413 2417 3454; x_wconf 89' lang='lat' dir='ltr'><strong>rare</strong></span> <span class='ocrx_word' id='word_1_533' title='bbox 2454 3399 2842 3468; x_wconf 91' lang='lat' dir='ltr'><strong>iracundiam,</strong></span> <span class='ocrx_word' id='word_1_534' title='bbox 2883 3413 2999 3454; x_wconf 92' lang='lat' dir='ltr'><strong>non</strong></span> <span class='ocrx_word' id='word_1_535' title='bbox 3031 3397 3267 3454; x_wconf 91' lang='lat' dir='ltr'><strong>leonino</strong></span> <span class='ocrx_word' id='word_1_536' title='bbox 3325 3397 3545 3470; x_wconf 89' lang='lat' dir='ltr'><strong>raptari</strong></span> <span class='ocrx_word' id='word_1_537' title='bbox 3597 3398 3855 3468; x_wconf 86' lang='lat' dir='ltr'><strong>furore,</strong></span> <span class='ocrx_word' id='word_1_538' title='bbox 3914 3406 3963 3453; x_wconf 81' lang='lat' dir='ltr'><strong>ut</strong></span> 
     </span>
    </p>
   </div>
   <div class='ocr_carea' id='block_1_78' title="bbox 2280 3487 3963 3559">
    <p class='ocr_par' dir='ltr' id='par_1_78' title="bbox 2280 3487 3963 3559">
     <span class='ocr_line' id='line_1_78' title="bbox 2280 3487 3963 3559; baseline 0.003 -17"><span class='ocrx_word' id='word_1_539' title='bbox 2280 3503 2398 3543; x_wconf 91' lang='lat' dir='ltr'><strong>non</strong></span> <span class='ocrx_word' id='word_1_540' title='bbox 2437 3487 2595 3555; x_wconf 87' lang='lat' dir='ltr'><strong>norit</strong></span> <span class='ocrx_word' id='word_1_541' title='bbox 2632 3502 3080 3558; x_wconf 84' lang='lat' dir='ltr'><strong>mansuescere,</strong></span> <span class='ocrx_word' id='word_1_542' title='bbox 3118 3487 3412 3543; x_wconf 90' lang='lat' dir='ltr'><strong>clamores</strong></span> <span class='ocrx_word' id='word_1_543' title='bbox 3434 3502 3549 3542; x_wconf 91' lang='lat' dir='ltr'><strong>non</strong></span> <span class='ocrx_word' id='word_1_544' title='bbox 3590 3503 3823 3545; x_wconf 88' lang='lat' dir='ltr'><strong>serere</strong></span> 
     </span>
    </p>
   </div>
   <div class='ocr_carea' id='block_1_79' title="bbox 2280 3576 3968 3649">
    <p class='ocr_par' dir='ltr' id='par_1_79' title="bbox 2280 3576 3968 3649">
     <span class='ocr_line' id='line_1_79' title="bbox 2280 3576 3968 3649; baseline 0.001 -18"><span class='ocrx_word' id='word_1_545' title='bbox 2280 3591 2388 3632; x_wconf 91' lang='lat' dir='ltr'><strong>nec</strong></span> <span class='ocrx_word' id='word_1_546' title='bbox 2446 3576 2731 3633; x_wconf 88' lang='lat' dir='ltr'><strong>acerbare</strong></span> <span class='ocrx_word' id='word_1_547' title='bbox 2791 3576 3081 3632; x_wconf 87' lang='lat' dir='ltr'><strong>familiare</strong></span> <span class='ocrx_word' id='word_1_548' title='bbox 3130 3576 3443 3649; x_wconf 87' lang='lat' dir='ltr'><strong>jurgium;</strong></span> <span class='ocrx_word' id='word_1_549' title='bbox 3507 3576 3827 3648; x_wconf 87' lang='lat' dir='ltr'><strong>scriptum</strong></span> <span class='ocrx_word' id='word_1_550' title='bbox 3895 3582 3968 3632; x_wconf 80' lang='lat' dir='ltr'><strong>est</strong></span> 
     </span>
    </p>
   </div>
   <div class='ocr_carea' id='block_1_80' title="bbox 2281 3665 3964 3737">
    <p class='ocr_par' dir='ltr' id='par_1_80' title="bbox 2281 3665 3964 3737">
     <span class='ocr_line' id='line_1_80' title="bbox 2281 3665 3964 3737; baseline -0.001 -16"><span class='ocrx_word' id='word_1_551' title='bbox 2281 3667 2437 3721; x_wconf 92' lang='lat' dir='ltr'><strong>enim</strong></span> <span class='ocrx_word' id='word_1_552' title='bbox 2463 3683 2474 3720; x_wconf 85' lang='lat'><strong>:</strong></span> <span class='ocrx_word' id='word_1_553' title='bbox 2506 3688 2528 3717; x_wconf 77' lang='grc' dir='ltr'><strong>α</strong></span> <span class='ocrx_word' id='word_1_554' title='bbox 2555 3666 2660 3722; x_wconf 83' lang='lat' dir='ltr'><strong>Vir</strong></span> <span class='ocrx_word' id='word_1_555' title='bbox 2690 3667 3014 3722; x_wconf 89' lang='lat' dir='ltr'><strong>iracundus</strong></span> <span class='ocrx_word' id='word_1_556' title='bbox 3046 3665 3245 3723; x_wconf 69' lang='lat' dir='ltr'><strong>eﬂ‘odit</strong></span> <span class='ocrx_word' id='word_1_557' title='bbox 3278 3669 3585 3737; x_wconf 91' lang='lat' dir='ltr'><strong>peccatum</strong></span> <span class='ocrx_word' id='word_1_558' title='bbox 3621 3665 3860 3736; x_wconf 79' lang='lat' dir='ltr'><strong>(Prov.</strong></span> <span class='ocrx_word' id='word_1_559' title='bbox 3882 3685 3964 3731; x_wconf 73' lang='grc' dir='ltr'><strong>ιτ,</strong></span> 
     </span>
    </p>
   </div>
   <div class='ocr_carea' id='block_1_81' title="bbox 2283 3753 3965 3826">
    <p class='ocr_par' dir='ltr' id='par_1_81' title="bbox 2283 3753 3965 3826">
     <span class='ocr_line' id='line_1_81' title="bbox 2283 3753 3965 3826; baseline 0.001 -18"><span class='ocrx_word' id='word_1_560' title='bbox 2283 3753 2395 3825; x_wconf 85' lang='grc'><strong>18).</strong></span> <span class='ocrx_word' id='word_1_561' title='bbox 2445 3780 2467 3804; x_wconf 88' lang='lat'><strong>»</strong></span> <span class='ocrx_word' id='word_1_562' title='bbox 2522 3755 2655 3811; x_wconf 90' lang='lat' dir='ltr'><strong>Non</strong></span> <span class='ocrx_word' id='word_1_563' title='bbox 2713 3759 2807 3811; x_wconf 89' lang='lat' dir='ltr'><strong>est</strong></span> <span class='ocrx_word' id='word_1_564' title='bbox 2861 3771 3018 3810; x_wconf 92' lang='lat' dir='ltr'><strong>unus</strong></span> <span class='ocrx_word' id='word_1_565' title='bbox 3049 3755 3269 3826; x_wconf 90' lang='lat' dir='ltr'><strong>duplici</strong></span> <span class='ocrx_word' id='word_1_566' title='bbox 3301 3754 3499 3824; x_wconf 91' lang='lat' dir='ltr'><strong>corde,</strong></span> <span class='ocrx_word' id='word_1_567' title='bbox 3532 3769 3653 3810; x_wconf 91' lang='lat' dir='ltr'><strong>non</strong></span> <span class='ocrx_word' id='word_1_568' title='bbox 3691 3758 3800 3810; x_wconf 85' lang='lat' dir='ltr'><strong>est</strong></span> <span class='ocrx_word' id='word_1_569' title='bbox 3828 3772 3965 3811; x_wconf 81' lang='lat' dir='ltr'><strong>unus</strong></span> 
     </span>
    </p>
   </div>
   <div class='ocr_carea' id='block_1_82' title="bbox 2282 3843 3964 3919">
    <p class='ocr_par' dir='ltr' id='par_1_82' title="bbox 2282 3843 3964 3919">
     <span class='ocr_line' id='line_1_82' title="bbox 2282 3843 3964 3919; baseline -0.001 -20"><span class='ocrx_word' id='word_1_570' title='bbox 2282 3845 2381 3919; x_wconf 84' lang='lat' dir='ltr'><strong>qui</strong></span> <span class='ocrx_word' id='word_1_571' title='bbox 2440 3860 2509 3900; x_wconf 92' lang='lat' dir='ltr'><strong>se</strong></span> <span class='ocrx_word' id='word_1_572' title='bbox 2558 3844 2840 3901; x_wconf 89' lang='lat' dir='ltr'><strong>cohibere</strong></span> <span class='ocrx_word' id='word_1_573' title='bbox 2890 3844 3082 3900; x_wconf 87' lang='lat' dir='ltr'><strong>nescit</strong></span> <span class='ocrx_word' id='word_1_574' title='bbox 3115 3844 3174 3898; x_wconf 92' lang='lat' dir='ltr'><strong>in</strong></span> <span class='ocrx_word' id='word_1_575' title='bbox 3225 3843 3549 3914; x_wconf 90' lang='lat' dir='ltr'><strong>iracundia,</strong></span> <span class='ocrx_word' id='word_1_576' title='bbox 3573 3843 3649 3898; x_wconf 89' lang='lat' dir='ltr'><strong>de</strong></span> <span class='ocrx_word' id='word_1_577' title='bbox 3670 3861 3811 3916; x_wconf 87' lang='lat' dir='ltr'><strong>quo</strong></span> <span class='ocrx_word' id='word_1_578' title='bbox 3847 3844 3964 3918; x_wconf 83' lang='lat' dir='ltr'><strong>pul-</strong></span> 
     </span>
    </p>
   </div>
   <div class='ocr_carea' id='block_1_83' title="bbox 2282 3932 3963 4004">
    <p class='ocr_par' dir='ltr' id='par_1_83' title="bbox 2282 3932 3963 4004">
     <span class='ocr_line' id='line_1_83' title="bbox 2282 3932 3963 4004; baseline 0.001 -18"><span class='ocrx_word' id='word_1_579' title='bbox 2282 3932 2428 3988; x_wconf 89' lang='lat' dir='ltr'><strong>chre</strong></span> <span class='ocrx_word' id='word_1_580' title='bbox 2483 3933 2668 3989; x_wconf 85' lang='lat' dir='ltr'><strong>David</strong></span> <span class='ocrx_word' id='word_1_581' title='bbox 2707 3935 2784 3990; x_wconf 90' lang='lat' dir='ltr'><strong>ait</strong></span> <span class='ocrx_word' id='word_1_582' title='bbox 2825 3951 2837 3990; x_wconf 90' lang='lat'><strong>:</strong></span> <span class='ocrx_word' id='word_1_583' title='bbox 2886 3958 2908 3982; x_wconf 79' lang='grc' dir='ltr'>α</span> <span class='ocrx_word' id='word_1_584' title='bbox 2956 3933 3308 4003; x_wconf 91' lang='lat' dir='ltr'><strong>Irascimini,</strong></span> <span class='ocrx_word' id='word_1_585' title='bbox 3359 3935 3417 3988; x_wconf 90' lang='lat' dir='ltr'><strong>et</strong></span> <span class='ocrx_word' id='word_1_586' title='bbox 3459 3932 3640 3987; x_wconf 89' lang='lat' dir='ltr'><strong>nolite</strong></span> <span class='ocrx_word' id='word_1_587' title='bbox 3711 3949 3963 4004; x_wconf 74' lang='lat' dir='ltr'><strong>peccare</strong></span> 
     </span>
    </p>
   </div>
   <div class='ocr_carea' id='block_1_84' title="bbox 2281 4020 3964 4099">
    <p class='ocr_par' dir='ltr' id='par_1_84' title="bbox 2281 4020 3964 4099">
     <span class='ocr_line' id='line_1_84' title="bbox 2281 4020 3964 4099; baseline -0.001 -24"><span class='ocrx_word' id='word_1_588' title='bbox 2281 4020 2469 4092; x_wconf 77' lang='lat' dir='ltr'><strong>(Psal.</strong></span> <span class='ocrx_word' id='word_1_589' title='bbox 2527 4046 2606 4099; x_wconf 68' lang='lat' dir='ltr'><strong>xv,</strong></span> <span class='ocrx_word' id='word_1_590' title='bbox 2661 4028 2738 4098; x_wconf 82' lang='grc'><strong>5).</strong></span> <span class='ocrx_word' id='word_1_591' title='bbox 2802 4048 2825 4075; x_wconf 80' lang='grc' dir='ltr'>ι»</span> <span class='ocrx_word' id='word_1_592' title='bbox 2868 4024 3000 4078; x_wconf 87' lang='grc' dir='ltr'>Νοιι</span> <span class='ocrx_word' id='word_1_593' title='bbox 3038 4022 3187 4076; x_wconf 89' lang='lat' dir='ltr'><strong>iram</strong></span> <span class='ocrx_word' id='word_1_594' title='bbox 3229 4022 3496 4092; x_wconf 88' lang='lat' dir='ltr'><strong>imperat,</strong></span> <span class='ocrx_word' id='word_1_595' title='bbox 3538 4021 3649 4076; x_wconf 89' lang='lat' dir='ltr'><strong>sed</strong></span> <span class='ocrx_word' id='word_1_596' title='bbox 3692 4021 3964 4095; x_wconf 79' lang='lat' dir='ltr'><strong>indulget</strong></span> 
     </span>
    </p>
   </div>
   <div class='ocr_carea' id='block_1_85' title="bbox 2282 4111 3965 4190">
    <p class='ocr_par' dir='ltr' id='par_1_85' title="bbox 2282 4111 3965 4190">
     <span class='ocr_line' id='line_1_85' title="bbox 2282 4111 3965 4190; baseline -0.011 -7"><span class='ocrx_word' id='word_1_597' title='bbox 2282 4130 2513 4182; x_wconf 87' lang='lat' dir='ltr'><strong>naturae</strong></span> <span class='ocrx_word' id='word_1_598' title='bbox 2551 4137 2564 4176; x_wconf 89' lang='lat'><strong>:</strong></span> <span class='ocrx_word' id='word_1_599' title='bbox 2609 4131 2785 4190; x_wconf 90' lang='lat' dir='ltr'><strong>quam</strong></span> <span class='ocrx_word' id='word_1_600' title='bbox 2815 4114 2991 4169; x_wconf 89' lang='lat' dir='ltr'><strong>homo</strong></span> <span class='ocrx_word' id='word_1_601' title='bbox 3025 4111 3363 4183; x_wconf 85' lang='lat' dir='ltr'><strong>praevenire</strong></span> <span class='ocrx_word' id='word_1_602' title='bbox 3394 4126 3507 4165; x_wconf 91' lang='lat' dir='ltr'><strong>non</strong></span> <span class='ocrx_word' id='word_1_603' title='bbox 3542 4114 3780 4182; x_wconf 83' lang='lat' dir='ltr'><strong>potest,</strong></span> <span class='ocrx_word' id='word_1_604' title='bbox 3821 4111 3965 4166; x_wconf 87' lang='lat' dir='ltr'><strong>miti-</strong></span> 
     </span>
    </p>
   </div>
   <div class='ocr_carea' id='block_1_86' title="bbox 2283 4198 3963 4290">
    <p class='ocr_par' dir='ltr' id='par_1_86' title="bbox 2283 4198 3963 4290">
     <span class='ocr_line' id='line_1_86' title="bbox 2283 4198 3963 4290; baseline -0.012 -18"><span class='ocrx_word' id='word_1_605' title='bbox 2283 4231 2427 4290; x_wconf 89' lang='lat' dir='ltr'><strong>gare</strong></span> <span class='ocrx_word' id='word_1_606' title='bbox 2466 4211 2682 4284; x_wconf 87' lang='lat' dir='ltr'><strong>potest.</strong></span> <span class='ocrx_word' id='word_1_607' title='bbox 2724 4203 2887 4277; x_wconf 87' lang='lat' dir='ltr'><strong>Ergo</strong></span> <span class='ocrx_word' id='word_1_608' title='bbox 2923 4202 3037 4258; x_wconf 91' lang='lat' dir='ltr'><strong>etsi</strong></span> <span class='ocrx_word' id='word_1_609' title='bbox 3077 4200 3414 4269; x_wconf 82' lang='lat' dir='ltr'><strong>irascimur,</strong></span> <span class='ocrx_word' id='word_1_610' title='bbox 3449 4198 3703 4254; x_wconf 78' lang='lat' dir='ltr'><strong>affectus</strong></span> <span class='ocrx_word' id='word_1_611' title='bbox 3766 4206 3963 4256; x_wconf 72' lang='lat' dir='ltr'><strong>noster</strong></span> 
     </span>
    </p>
   </div>
   <div class='ocr_carea' id='block_1_87' title="bbox 2284 4291 3962 4367">
    <p class='ocr_par' dir='ltr' id='par_1_87' title="bbox 2284 4291 3962 4367">
     <span class='ocr_line' id='line_1_87' title="bbox 2284 4291 3962 4367; baseline -0.011 -7"><span class='ocrx_word' id='word_1_612' title='bbox 2284 4307 2506 4359; x_wconf 91' lang='lat' dir='ltr'><strong>motum</strong></span> <span class='ocrx_word' id='word_1_613' title='bbox 2560 4295 2805 4367; x_wconf 89' lang='lat' dir='ltr'><strong>recipiat</strong></span> <span class='ocrx_word' id='word_1_614' title='bbox 2844 4291 3172 4349; x_wconf 90' lang='lat' dir='ltr'><strong>secundum</strong></span> <span class='ocrx_word' id='word_1_615' title='bbox 3235 4292 3543 4359; x_wconf 90' lang='lat' dir='ltr'><strong>naturam,</strong></span> <span class='ocrx_word' id='word_1_616' title='bbox 3586 4304 3711 4344; x_wconf 88' lang='lat' dir='ltr'><strong>non</strong></span> <span class='ocrx_word' id='word_1_617' title='bbox 3760 4306 3962 4361; x_wconf 83' lang='lat' dir='ltr'><strong>pecca-</strong></span> 
     </span>
    </p>
   </div>
   <div class='ocr_carea' id='block_1_88' title="bbox 493 4365 3966 4465">
    <p class='ocr_par' dir='ltr' id='par_1_88' title="bbox 493 4365 3966 4465">
     <span class='ocr_line' id='line_1_88' title="bbox 493 4365 3966 4465; baseline -0.005 -29"><span class='ocrx_word' id='word_1_618' title='bbox 493 4382 674 4436; x_wconf 89' lang='lat' dir='ltr'><strong>tivam</strong></span> <span class='ocrx_word' id='word_1_619' title='bbox 726 4380 1063 4447; x_wconf 88' lang='lat' dir='ltr'><strong>competere</strong></span> <span class='ocrx_word' id='word_1_620' title='bbox 1111 4374 1530 4465; x_wconf 76' lang='lat' dir='ltr'><strong>arbitrabatur.</strong></span> <span class='ocrx_word' id='word_1_621' title='bbox 1594 4373 1780 4448; x_wconf 87' lang='lat' dir='ltr'><strong>Virga</strong></span> <span class='ocrx_word' id='word_1_622' title='bbox 1824 4378 2019 4430; x_wconf 90' lang='lat' dir='ltr'><strong>autem</strong></span> <span class='ocrx_word' id='word_1_623' title='bbox 2067 4374 2167 4465; x_wconf 80' lang='lat' dir='ltr'><strong>illa</strong></span> <span class='ocrx_word' id='word_1_624' title='bbox 2197 4365 2251 4427; x_wconf 93' lang='lat' dir='ltr'><strong>D</strong></span> <span class='ocrx_word' id='word_1_625' title='bbox 2283 4384 2406 4448; x_wconf 56' lang='lat' dir='ltr'><strong>tum</strong></span> <span class='ocrx_word' id='word_1_626' title='bbox 2424 4391 2644 4465; x_wconf 41' lang='lat' dir='ltr'><strong>praeter</strong></span> <span class='ocrx_word' id='word_1_627' title='bbox 2663 4365 2955 4439; x_wconf 47' lang='lat' dir='ltr'><strong>daturam,</strong></span> <span class='ocrx_word' id='word_1_628' title='bbox 2979 4379 3125 4445; x_wconf 77' lang='lat' dir='ltr'><strong>Quis</strong></span> <span class='ocrx_word' id='word_1_629' title='bbox 3143 4378 3300 4433; x_wconf 74' lang='lat' dir='ltr'><strong>enim</strong></span> <span class='ocrx_word' id='word_1_630' title='bbox 3319 4378 3491 4447; x_wconf 58' lang='lat' dir='ltr'><strong>(erat,</strong></span> <span class='ocrx_word' id='word_1_631' title='bbox 3517 4378 3571 4432; x_wconf 72' lang='grc' dir='ltr'><strong>εί</strong></span> <span class='ocrx_word' id='word_1_632' title='bbox 3600 4378 3745 4449; x_wconf 72' lang='lat' dir='ltr'><strong>ipse</strong></span> <span class='ocrx_word' id='word_1_633' title='bbox 3778 4395 3851 4434; x_wconf 66' lang='lat' dir='ltr'><strong>se</strong></span> <span class='ocrx_word' id='word_1_634' title='bbox 3873 4395 3966 4451; x_wconf 64' lang='lat' dir='ltr'><strong>gn.</strong></span> 
     </span>
    </p>
   </div>
   <div class='ocr_carea' id='block_1_89' title="bbox 493 4463 2165 4544">
    <p class='ocr_par' dir='ltr' id='par_1_89' title="bbox 493 4463 2165 4544">
     <span class='ocr_line' id='line_1_89' title="bbox 493 4463 2165 4544; baseline -0.005 -18"><span class='ocrx_word' id='word_1_635' title='bbox 493 4470 637 4544; x_wconf 91' lang='lat' dir='ltr'><strong>quid</strong></span> <span class='ocrx_word' id='word_1_636' title='bbox 683 4468 843 4524; x_wconf 90' lang='lat' dir='ltr'><strong>aliud</strong></span> <span class='ocrx_word' id='word_1_637' title='bbox 894 4464 1172 4534; x_wconf 88' lang='lat' dir='ltr'><strong>ostendit,</strong></span> <span class='ocrx_word' id='word_1_638' title='bbox 1219 4463 1337 4519; x_wconf 89' lang='lat' dir='ltr'><strong>nisi</strong></span> <span class='ocrx_word' id='word_1_639' title='bbox 1367 4463 1525 4535; x_wconf 90' lang='lat' dir='ltr'><strong>quod</strong></span> <span class='ocrx_word' id='word_1_640' title='bbox 1552 4479 1852 4535; x_wconf 89' lang='lat' dir='ltr'><strong>nunquam</strong></span> <span class='ocrx_word' id='word_1_641' title='bbox 1881 4463 2165 4519; x_wconf 89' lang='lat' dir='ltr'><strong>sacerdo-</strong></span> 
     </span>
    </p>
   </div>
   <div class='ocr_carea' id='block_1_90' title="bbox 497 4552 2167 4626">
    <p class='ocr_par' dir='ltr' id='par_1_90' title="bbox 497 4552 2167 4626">
     <span class='ocr_line' id='line_1_90' title="bbox 497 4552 2167 4626; baseline -0.005 -10"><span class='ocrx_word' id='word_1_642' title='bbox 497 4560 638 4616; x_wconf 90' lang='lat' dir='ltr'><strong>talis</strong></span> <span class='ocrx_word' id='word_1_643' title='bbox 697 4558 1030 4612; x_wconf 88' lang='lat' dir='ltr'><strong>marcescat</strong></span> <span class='ocrx_word' id='word_1_644' title='bbox 1091 4553 1303 4626; x_wconf 88' lang='lat' dir='ltr'><strong>gratia,</strong></span> <span class='ocrx_word' id='word_1_645' title='bbox 1353 4556 1410 4608; x_wconf 91' lang='lat' dir='ltr'><strong>et</strong></span> <span class='ocrx_word' id='word_1_646' title='bbox 1452 4552 1510 4606; x_wconf 90' lang='lat' dir='ltr'><strong>in</strong></span> <span class='ocrx_word' id='word_1_647' title='bbox 1561 4567 1794 4607; x_wconf 89' lang='lat' dir='ltr'><strong>summa</strong></span> <span class='ocrx_word' id='word_1_648' title='bbox 1839 4552 2167 4608; x_wconf 90' lang='lat' dir='ltr'><strong>humilitate</strong></span> 
     </span>
    </p>
   </div>
   <div class='ocr_carea' id='block_1_91' title="bbox 493 4640 2168 4711">
    <p class='ocr_par' dir='ltr' id='par_1_91' title="bbox 493 4640 2168 4711">
     <span class='ocr_line' id='line_1_91' title="bbox 493 4640 2168 4711; baseline -0.006 -6"><span class='ocrx_word' id='word_1_649' title='bbox 493 4649 708 4704; x_wconf 90' lang='lat' dir='ltr'><strong>habeat</strong></span> <span class='ocrx_word' id='word_1_650' title='bbox 736 4647 795 4701; x_wconf 91' lang='lat' dir='ltr'><strong>in</strong></span> <span class='ocrx_word' id='word_1_651' title='bbox 827 4661 937 4701; x_wconf 89' lang='lat' dir='ltr'><strong>suo</strong></span> <span class='ocrx_word' id='word_1_652' title='bbox 967 4657 1212 4699; x_wconf 90' lang='lat' dir='ltr'><strong>munere</strong></span> <span class='ocrx_word' id='word_1_653' title='bbox 1253 4640 1592 4697; x_wconf 87' lang='lat' dir='ltr'><strong>commissae</strong></span> <span class='ocrx_word' id='word_1_654' title='bbox 1644 4640 1761 4696; x_wconf 91' lang='lat' dir='ltr'><strong>sibi</strong></span> <span class='ocrx_word' id='word_1_655' title='bbox 1807 4641 2016 4696; x_wconf 88' lang='lat' dir='ltr'><strong>ﬂorem</strong></span> <span class='ocrx_word' id='word_1_656' title='bbox 2063 4656 2168 4711; x_wconf 89' lang='lat' dir='ltr'><strong>po-</strong></span> 
     </span>
    </p>
   </div>
   <div class='ocr_carea' id='block_1_92' title="bbox 500 4729 2171 4805">
    <p class='ocr_par' dir='ltr' id='par_1_92' title="bbox 500 4729 2171 4805">
     <span class='ocr_line' id='line_1_92' title="bbox 500 4729 2171 4805; baseline -0.005 -12"><span class='ocrx_word' id='word_1_657' title='bbox 500 4737 759 4805; x_wconf 87' lang='lat' dir='ltr'><strong>testatis,</strong></span> <span class='ocrx_word' id='word_1_658' title='bbox 786 4734 882 4790; x_wconf 89' lang='lat' dir='ltr'><strong>vel</strong></span> <span class='ocrx_word' id='word_1_659' title='bbox 928 4734 1067 4805; x_wconf 89' lang='lat' dir='ltr'><strong>quia</strong></span> <span class='ocrx_word' id='word_1_660' title='bbox 1114 4732 1173 4787; x_wconf 90' lang='lat' dir='ltr'><strong>id</strong></span> <span class='ocrx_word' id='word_1_661' title='bbox 1205 4746 1440 4803; x_wconf 90' lang='lat' dir='ltr'><strong>quoque</strong></span> <span class='ocrx_word' id='word_1_662' title='bbox 1470 4730 1542 4784; x_wconf 90' lang='lat' dir='ltr'><strong>ad</strong></span> <span class='ocrx_word' id='word_1_663' title='bbox 1574 4730 1927 4802; x_wconf 87' lang='lat' dir='ltr'><strong>mysterium</strong></span> <span class='ocrx_word' id='word_1_664' title='bbox 1976 4729 2171 4785; x_wconf 86' lang='lat' dir='ltr'><strong>refer-</strong></span> 
     </span>
    </p>
   </div>
   <div class='ocr_carea' id='block_1_93' title="bbox 498 4819 2172 4892">
    <p class='ocr_par' dir='ltr' id='par_1_93' title="bbox 498 4819 2172 4892">
     <span class='ocr_line' id='line_1_93' title="bbox 498 4819 2172 4892; baseline -0.006 -10"><span class='ocrx_word' id='word_1_665' title='bbox 498 4828 646 4882; x_wconf 83' lang='lat' dir='ltr'><strong>tur?</strong></span> <span class='ocrx_word' id='word_1_666' title='bbox 695 4826 821 4880; x_wconf 88' lang='lat' dir='ltr'><strong>Nee</strong></span> <span class='ocrx_word' id='word_1_667' title='bbox 868 4824 1058 4879; x_wconf 91' lang='lat' dir='ltr'><strong>otiose</strong></span> <span class='ocrx_word' id='word_1_668' title='bbox 1105 4836 1289 4892; x_wconf 90' lang='lat' dir='ltr'><strong>prope</strong></span> <span class='ocrx_word' id='word_1_669' title='bbox 1331 4820 1551 4876; x_wconf 90' lang='lat' dir='ltr'><strong>exitum</strong></span> <span class='ocrx_word' id='word_1_670' title='bbox 1579 4819 1716 4874; x_wconf 61' lang='lat' dir='ltr'><strong>vitae</strong></span> <span class='ocrx_word' id='word_1_671' title='bbox 1745 4819 1944 4874; x_wconf 88' lang='lat' dir='ltr'><strong>Aaron</strong></span> <span class='ocrx_word' id='word_1_672' title='bbox 1975 4833 2172 4873; x_wconf 90' lang='lat' dir='ltr'><strong>sacer-</strong></span> 
     </span>
    </p>
   </div>
   <div class='ocr_carea' id='block_1_94' title="bbox 502 4908 2174 4983">
    <p class='ocr_par' dir='ltr' id='par_1_94' title="bbox 502 4908 2174 4983">
     <span class='ocr_line' id='line_1_94' title="bbox 502 4908 2174 4983; baseline -0.004 -13"><span class='ocrx_word' id='word_1_673' title='bbox 502 4915 661 4971; x_wconf 88' lang='lat' dir='ltr'><strong>dotis</strong></span> <span class='ocrx_word' id='word_1_674' title='bbox 691 4914 805 4969; x_wconf 92' lang='lat' dir='ltr'><strong>hoc</strong></span> <span class='ocrx_word' id='word_1_675' title='bbox 833 4912 1053 4967; x_wconf 88' lang='lat' dir='ltr'><strong>factum</strong></span> <span class='ocrx_word' id='word_1_676' title='bbox 1082 4915 1380 4983; x_wconf 89' lang='lat' dir='ltr'><strong>putamus.</strong></span> <span class='ocrx_word' id='word_1_677' title='bbox 1431 4908 1739 4964; x_wconf 89' lang='lat' dir='ltr'><strong>Declarari</strong></span> <span class='ocrx_word' id='word_1_678' title='bbox 1785 4908 2023 4963; x_wconf 89' lang='lat' dir='ltr'><strong>videtur</strong></span> <span class='ocrx_word' id='word_1_679' title='bbox 2063 4923 2174 4979; x_wconf 91' lang='lat' dir='ltr'><strong>po-</strong></span> 
     </span>
    </p>
   </div>
   <div class='ocr_carea' id='block_1_95' title="bbox 502 4997 2174 5078">
    <p class='ocr_par' dir='ltr' id='par_1_95' title="bbox 502 4997 2174 5078">
     <span class='ocr_line' id='line_1_95' title="bbox 502 4997 2174 5078; baseline -0.005 -18"><span class='ocrx_word' id='word_1_680' title='bbox 502 5003 698 5078; x_wconf 71' lang='lat' dir='ltr'><strong>pulus}</strong></span> <span class='ocrx_word' id='word_1_681' title='bbox 741 5003 964 5071; x_wconf 90' lang='lat' dir='ltr'><strong>senior,</strong></span> <span class='ocrx_word' id='word_1_682' title='bbox 997 4998 1410 5074; x_wconf 38' lang='lat' dir='ltr'><strong>Lsacerdotalis</strong></span> <span class='ocrx_word' id='word_1_683' title='bbox 1457 4998 1749 5070; x_wconf 57' lang='lat' dir='ltr'><strong>longave:</strong></span> <span class='ocrx_word' id='word_1_684' title='bbox 1812 4997 2174 5053; x_wconf 84' lang='lat' dir='ltr'><strong>inﬁdelitatis</strong></span> 
     </span>
    </p>
   </div>
   <div class='ocr_carea' id='block_1_96' title="bbox 507 5084 2177 5160">
    <p class='ocr_par' dir='ltr' id='par_1_96' title="bbox 507 5084 2177 5160">
     <span class='ocr_line' id='line_1_96' title="bbox 507 5084 2177 5160; baseline -0.006 -11"><span class='ocrx_word' id='word_1_685' title='bbox 507 5095 804 5149; x_wconf 89' lang='lat' dir='ltr'><strong>vetustate</strong></span> <span class='ocrx_word' id='word_1_686' title='bbox 835 5091 1132 5158; x_wconf 90' lang='lat' dir='ltr'><strong>cariosus,</strong></span> <span class='ocrx_word' id='word_1_687' title='bbox 1166 5088 1324 5160; x_wconf 92' lang='lat' dir='ltr'><strong>quod</strong></span> <span class='ocrx_word' id='word_1_688' title='bbox 1354 5087 1578 5143; x_wconf 89' lang='lat' dir='ltr'><strong>ultimis</strong></span> <span class='ocrx_word' id='word_1_689' title='bbox 1628 5087 1997 5159; x_wconf 90' lang='lat' dir='ltr'><strong>temporibus</strong></span> <span class='ocrx_word' id='word_1_690' title='bbox 2039 5084 2177 5140; x_wconf 88' lang='lat' dir='ltr'><strong>imi-</strong></span> 
     </span>
    </p>
   </div>
   <div class='ocr_carea' id='block_1_97' title="bbox 503 5174 2177 5242">
    <p class='ocr_par' dir='ltr' id='par_1_97' title="bbox 503 5174 2177 5242">
     <span class='ocr_line' id='line_1_97' title="bbox 503 5174 2177 5242; baseline -0.007 -2"><span class='ocrx_word' id='word_1_691' title='bbox 503 5184 721 5240; x_wconf 86' lang='lat' dir='ltr'><strong>tatione</strong></span> <span class='ocrx_word' id='word_1_692' title='bbox 753 5179 1042 5236; x_wconf 85' lang='lat' dir='ltr'><strong>Ecclesiae</strong></span> <span class='ocrx_word' id='word_1_693' title='bbox 1078 5178 1271 5242; x_wconf 85' lang='lat'><strong>1036</strong></span> <span class='ocrx_word' id='word_1_694' title='bbox 1307 5176 1669 5232; x_wconf 82' lang='lat' dir='ltr'><strong>reformatus</strong></span> <span class='ocrx_word' id='word_1_695' title='bbox 1698 5177 1757 5231; x_wconf 91' lang='lat' dir='ltr'><strong>in</strong></span> <span class='ocrx_word' id='word_1_696' title='bbox 1802 5176 1998 5232; x_wconf 88' lang='lat' dir='ltr'><strong>studia</strong></span> <span class='ocrx_word' id='word_1_697' title='bbox 2040 5174 2177 5230; x_wconf 84' lang='lat' dir='ltr'><strong>ﬁdei</strong></span> 
     </span>
    </p>
   </div>
   <div class='ocr_carea' id='block_1_98' title="bbox 573 5356 1905 5435">
    <p class='ocr_par' dir='ltr' id='par_1_98' title="bbox 573 5356 1905 5435">
     <span class='ocr_line' id='line_1_98' title="bbox 573 5356 1905 5435; baseline -0.009 -16"><span class='ocrx_word' id='word_1_698' title='bbox 573 5362 687 5435; x_wconf 83' lang='lat'><strong>(81)</strong></span> <span class='ocrx_word' id='word_1_699' title='bbox 726 5360 929 5435; x_wconf 66' lang='lat' dir='ltr'><strong>Codex</strong></span> <span class='ocrx_word' id='word_1_700' title='bbox 959 5358 1147 5430; x_wconf 89' lang='lat' dir='ltr'><strong>Gem.,</strong></span> <span class='ocrx_word' id='word_1_701' title='bbox 1186 5378 1209 5409; x_wconf 73' lang='grc' dir='ltr'><strong>ι</strong></span> <span class='ocrx_word' id='word_1_702' title='bbox 1244 5357 1462 5435; x_wconf 84' lang='lat' dir='ltr'><strong>invasit</strong></span> <span class='ocrx_word' id='word_1_703' title='bbox 1484 5356 1834 5435; x_wconf 67' lang='lat' dir='ltr'><strong>universos.</strong></span> <span class='ocrx_word' id='word_1_704' title='bbox 1883 5375 1905 5406; x_wconf 74' lang='grc' dir='ltr'><strong>ι</strong></span> 
     </span>
    </p>
   </div>
   <div class='ocr_carea' id='block_1_99' title="bbox 575 5425 2174 5508">
    <p class='ocr_par' dir='ltr' id='par_1_99' title="bbox 575 5425 2174 5508">
     <span class='ocr_line' id='line_1_99' title="bbox 575 5425 2174 5508; baseline -0.009 -20"><span class='ocrx_word' id='word_1_705' title='bbox 575 5425 688 5508; x_wconf 72' lang='grc'>(82)</span> <span class='ocrx_word' id='word_1_706' title='bbox 727 5433 975 5508; x_wconf 78' lang='lat' dir='ltr'><strong>Quidam</strong></span> <span class='ocrx_word' id='word_1_707' title='bbox 1005 5425 1180 5508; x_wconf 39' lang='lat' dir='ltr'><strong>mest,</strong></span> <span class='ocrx_word' id='word_1_708' title='bbox 1221 5454 1242 5478; x_wconf 76' lang='grc' dir='ltr'><strong>ιι</strong></span> <span class='ocrx_word' id='word_1_709' title='bbox 1276 5430 1335 5484; x_wconf 90' lang='lat' dir='ltr'><strong>in</strong></span> <span class='ocrx_word' id='word_1_710' title='bbox 1367 5429 1563 5508; x_wconf 72' lang='lat' dir='ltr'><strong>studia</strong></span> <span class='ocrx_word' id='word_1_711' title='bbox 1594 5429 1726 5483; x_wconf 78' lang='lat' dir='ltr'><strong>fidae</strong></span> <span class='ocrx_word' id='word_1_712' title='bbox 1760 5425 2115 5508; x_wconf 78' lang='lat' dir='ltr'><strong>devotionis.</strong></span> <span class='ocrx_word' id='word_1_713' title='bbox 2152 5447 2174 5474; x_wconf 73' lang='grc' dir='ltr'><strong>ι</strong></span> 
     </span>
    </p>
   </div>
   <div class='ocr_carea' id='block_1_100' title="bbox 578 5498 2181 5579">
    <p class='ocr_par' dir='ltr' id='par_1_100' title="bbox 578 5498 2181 5579">
     <span class='ocr_line' id='line_1_100' title="bbox 578 5498 2181 5579; baseline -0.007 -18"><span class='ocrx_word' id='word_1_714' title='bbox 578 5498 693 5579; x_wconf 77' lang='grc'>(83)</span> <span class='ocrx_word' id='word_1_715' title='bbox 734 5498 1148 5579; x_wconf 78' lang='lat' dir='ltr'><strong>Episcopalem</strong></span> <span class='ocrx_word' id='word_1_716' title='bbox 1167 5498 1690 5579; x_wconf 60' lang='lat' dir='ltr'><strong>consecrationem</strong></span> <span class='ocrx_word' id='word_1_717' title='bbox 1721 5514 1839 5579; x_wconf 81' lang='lat' dir='ltr'><strong>non</strong></span> <span class='ocrx_word' id='word_1_718' title='bbox 1870 5498 1985 5579; x_wconf 75' lang='lat' dir='ltr'><strong>nisi</strong></span> <span class='ocrx_word' id='word_1_719' title='bbox 2017 5514 2049 5551; x_wconf 91' lang='lat' dir='ltr'><strong>a</strong></span> <span class='ocrx_word' id='word_1_720' title='bbox 2080 5512 2181 5551; x_wconf 89' lang='lat' dir='ltr'><strong>sa-</strong></span> 
     </span>
    </p>
   </div>
   <div class='ocr_carea' id='block_1_101' title="bbox 507 5570 2180 5646">
    <p class='ocr_par' dir='ltr' id='par_1_101' title="bbox 507 5570 2180 5646">
     <span class='ocr_line' id='line_1_101' title="bbox 507 5570 2180 5646; baseline -0.009 -11"><span class='ocrx_word' id='word_1_721' title='bbox 507 5570 872 5646; x_wconf 75' lang='lat' dir='ltr'><strong>cerdotibus,</strong></span> <span class='ocrx_word' id='word_1_722' title='bbox 907 5570 1020 5630; x_wconf 78' lang='lat' dir='ltr'><strong>hoc</strong></span> <span class='ocrx_word' id='word_1_723' title='bbox 1051 5577 1144 5629; x_wconf 92' lang='lat' dir='ltr'><strong>est</strong></span> <span class='ocrx_word' id='word_1_724' title='bbox 1177 5575 1249 5629; x_wconf 89' lang='lat' dir='ltr'><strong>ab</strong></span> <span class='ocrx_word' id='word_1_725' title='bbox 1282 5570 1747 5646; x_wconf 78' lang='lat' dir='ltr'><strong>episcOpis_iieri</strong></span> <span class='ocrx_word' id='word_1_726' title='bbox 1777 5570 2051 5639; x_wconf 85' lang='lat' dir='ltr'><strong>opertere</strong></span> <span class='ocrx_word' id='word_1_727' title='bbox 2080 5583 2180 5646; x_wconf 79' lang='lat' dir='ltr'><strong>ex-</strong></span> 
     </span>
    </p>
   </div>
   <div class='ocr_carea' id='block_1_102' title="bbox 506 5640 2183 5723">
    <p class='ocr_par' dir='ltr' id='par_1_102' title="bbox 506 5640 2183 5723">
     <span class='ocr_line' id='line_1_102' title="bbox 506 5640 2183 5723; baseline -0.007 -18"><span class='ocrx_word' id='word_1_728' title='bbox 506 5650 743 5723; x_wconf 76' lang='lat' dir='ltr'><strong>pressis</strong></span> <span class='ocrx_word' id='word_1_729' title='bbox 775 5640 979 5702; x_wconf 79' lang='lat' dir='ltr'><strong>verbis</strong></span> <span class='ocrx_word' id='word_1_730' title='bbox 1012 5646 1273 5700; x_wconf 89' lang='lat' dir='ltr'><strong>ostendit</strong></span> <span class='ocrx_word' id='word_1_731' title='bbox 1305 5640 1551 5723; x_wconf 65' lang='lat' dir='ltr'><strong>stinctus</strong></span> <span class='ocrx_word' id='word_1_732' title='bbox 1581 5641 1807 5723; x_wconf 69' lang='lat' dir='ltr'><strong>doctor,</strong></span> <span class='ocrx_word' id='word_1_733' title='bbox 1852 5656 1961 5723; x_wconf 77' lang='lat' dir='ltr'><strong>nec</strong></span> <span class='ocrx_word' id='word_1_734' title='bbox 1992 5640 2183 5723; x_wconf 55' lang='lat' dir='ltr'><strong>ambi:</strong></span> 
     </span>
    </p>
   </div>
   <div class='ocr_carea' id='block_1_103' title="bbox 512 5710 2184 5790">
    <p class='ocr_par' dir='ltr' id='par_1_103' title="bbox 512 5710 2184 5790">
     <span class='ocr_line' id='line_1_103' title="bbox 512 5710 2184 5790; baseline -0.006 -16"><span class='ocrx_word' id='word_1_735' title='bbox 512 5710 629 5790; x_wconf 67' lang='grc' dir='ltr'><strong>ξςῃὸ</strong></span> <span class='ocrx_word' id='word_1_736' title='bbox 659 5721 832 5790; x_wconf 89' lang='lat' dir='ltr'><strong>etiam</strong></span> <span class='ocrx_word' id='word_1_737' title='bbox 864 5734 1040 5790; x_wconf 90' lang='lat' dir='ltr'><strong>quam</strong></span> <span class='ocrx_word' id='word_1_738' title='bbox 1070 5715 1463 5790; x_wconf 80' lang='lat' dir='ltr'><strong>parum_jur_is</strong></span> <span class='ocrx_word' id='word_1_739' title='bbox 1496 5711 1713 5790; x_wconf 73' lang='lat' dir='ltr'><strong>populo</strong></span> <span class='ocrx_word' id='word_1_740' title='bbox 1753 5710 2184 5790; x_wconf 79' lang='lat' dir='ltr'><strong>in__episcopali</strong></span> 
     </span>
    </p>
   </div>
   <div class='ocr_carea' id='block_1_104' title="bbox 514 5780 2184 5866">
    <p class='ocr_par' dir='ltr' id='par_1_104' title="bbox 514 5780 2184 5866">
     <span class='ocr_line' id='line_1_104' title="bbox 514 5780 2184 5866; baseline -0.005 -19"><span class='ocrx_word' id='word_1_741' title='bbox 514 5780 801 5853; x_wconf 63' lang='lat' dir='ltr'><strong>Electione</strong></span> <span class='ocrx_word' id='word_1_742' title='bbox 848 5780 1091 5866; x_wconf 61' lang='lat' dir='ltr'><strong>smeer</strong></span> <span class='ocrx_word' id='word_1_743' title='bbox 1140 5780 1338 5863; x_wconf 71' lang='lat' dir='ltr'><strong>fuerit,</strong></span> <span class='ocrx_word' id='word_1_744' title='bbox 1390 5780 1527 5841; x_wconf 76' lang='lat' dir='ltr'><strong>dum</strong></span> <span class='ocrx_word' id='word_1_745' title='bbox 1574 5780 1767 5840; x_wconf 72' lang='lat' dir='ltr'><strong>nullas</strong></span> <span class='ocrx_word' id='word_1_746' title='bbox 1799 5780 1957 5839; x_wconf 78' lang='lat' dir='ltr'><strong>illius</strong></span> <span class='ocrx_word' id='word_1_747' title='bbox 1984 5780 2184 5858; x_wconf 76' lang='lat' dir='ltr'><strong>partes</strong></span> 
     </span>
    </p>
   </div>
   <div class='ocr_carea' id='block_1_105' title="bbox 2288 4467 3966 4546">
    <p class='ocr_par' dir='ltr' id='par_1_105' title="bbox 2288 4467 3966 4546">
     <span class='ocr_line' id='line_1_105' title="bbox 2288 4467 3966 4546; baseline -0.013 -8"><span class='ocrx_word' id='word_1_748' title='bbox 2288 4482 2546 4537; x_wconf 89' lang='lat' dir='ltr'><strong>bernare</strong></span> <span class='ocrx_word' id='word_1_749' title='bbox 2567 4476 2840 4546; x_wconf 89' lang='lat' dir='ltr'><strong>nequeat,</strong></span> <span class='ocrx_word' id='word_1_750' title='bbox 2875 4471 2975 4542; x_wconf 93' lang='lat' dir='ltr'><strong>qui</strong></span> <span class='ocrx_word' id='word_1_751' title='bbox 2994 4468 3144 4524; x_wconf 90' lang='lat' dir='ltr'><strong>alios</strong></span> <span class='ocrx_word' id='word_1_752' title='bbox 3165 4467 3590 4540; x_wconf 89' lang='lat' dir='ltr'><strong>gubernandos</strong></span> <span class='ocrx_word' id='word_1_753' title='bbox 3626 4468 3966 4538; x_wconf 76' lang='lat' dir='ltr'><strong>receperit?</strong></span> 
     </span>
    </p>
   </div>
   <div class='ocr_carea' id='block_1_106' title="bbox 2356 4555 3965 4636">
    <p class='ocr_par' dir='ltr' id='par_1_106' title="bbox 2356 4555 3965 4636">
     <span class='ocr_line' id='line_1_106' title="bbox 2356 4555 3965 4636; baseline -0.009 -12"><span class='ocrx_word' id='word_1_754' title='bbox 2356 4568 2446 4624; x_wconf 88' lang='grc'><strong>61.</strong></span> <span class='ocrx_word' id='word_1_755' title='bbox 2490 4566 2747 4636; x_wconf 90' lang='lat' dir='ltr'><strong>Ideoque</strong></span> <span class='ocrx_word' id='word_1_756' title='bbox 2800 4557 3127 4630; x_wconf 87' lang='lat' dir='ltr'><strong>Apostolus</strong></span> <span class='ocrx_word' id='word_1_757' title='bbox 3184 4556 3434 4611; x_wconf 89' lang='lat' dir='ltr'><strong>formam</strong></span> <span class='ocrx_word' id='word_1_758' title='bbox 3485 4555 3666 4625; x_wconf 90' lang='lat' dir='ltr'><strong>dedit,</strong></span> <span class='ocrx_word' id='word_1_759' title='bbox 3732 4557 3880 4628; x_wconf 86' lang='lat' dir='ltr'><strong>quia</strong></span> <span class='ocrx_word' id='word_1_760' title='bbox 3918 4560 3965 4609; x_wconf 82' lang='lat' dir='ltr'><strong>et</strong></span> 
     </span>
    </p>
   </div>
   <div class='ocr_carea' id='block_1_107' title="bbox 2290 4643 3962 4730">
    <p class='ocr_par' dir='ltr' id='par_1_107' title="bbox 2290 4643 3962 4730">
     <span class='ocr_line' id='line_1_107' title="bbox 2290 4643 3962 4730; baseline -0.011 -16"><span class='ocrx_word' id='word_1_761' title='bbox 2290 4659 2638 4730; x_wconf 90' lang='lat' dir='ltr'><strong>episcopum</strong></span> <span class='ocrx_word' id='word_1_762' title='bbox 2674 4665 2815 4707; x_wconf 91' lang='lat' dir='ltr'><strong>esse</strong></span> <span class='ocrx_word' id='word_1_763' title='bbox 2845 4650 3078 4719; x_wconf 90' lang='lat' dir='ltr'><strong>oportet</strong></span> <span class='ocrx_word' id='word_1_764' title='bbox 3105 4643 3701 4716; x_wconf 89' lang='lat' dir='ltr'><strong>irreprehensibilem</strong></span> <span class='ocrx_word' id='word_1_765' title='bbox 3726 4645 3794 4715; x_wconf 80' lang='grc' dir='ltr'>(Ι</span> <span class='ocrx_word' id='word_1_766' title='bbox 3823 4644 3962 4699; x_wconf 79' lang='lat' dir='ltr'><strong>Tim.</strong></span> 
     </span>
    </p>
   </div>
   <div class='ocr_carea' id='block_1_108' title="bbox 2288 4733 3967 4817">
    <p class='ocr_par' dir='ltr' id='par_1_108' title="bbox 2288 4733 3967 4817">
     <span class='ocr_line' id='line_1_108' title="bbox 2288 4733 3967 4817; baseline -0.01 -15"><span class='ocrx_word' id='word_1_767' title='bbox 2288 4765 2375 4817; x_wconf 87' lang='grc' dir='ltr'>ιιι,</span> <span class='ocrx_word' id='word_1_768' title='bbox 2396 4747 2482 4816; x_wconf 70' lang='lat'><strong>2):</strong></span> <span class='ocrx_word' id='word_1_769' title='bbox 2520 4747 2577 4799; x_wconf 91' lang='lat' dir='ltr'><strong>et</strong></span> <span class='ocrx_word' id='word_1_770' title='bbox 2608 4740 2746 4797; x_wconf 90' lang='lat' dir='ltr'><strong>alibi</strong></span> <span class='ocrx_word' id='word_1_771' title='bbox 2774 4739 2854 4793; x_wconf 89' lang='lat' dir='ltr'><strong>ait</strong></span> <span class='ocrx_word' id='word_1_772' title='bbox 2886 4753 2898 4793; x_wconf 92' lang='lat'>:</span> <span class='ocrx_word' id='word_1_773' title='bbox 2928 4758 2949 4785; x_wconf 77' lang='grc' dir='ltr'><strong>ιι</strong></span> <span class='ocrx_word' id='word_1_774' title='bbox 2976 4735 3216 4806; x_wconf 90' lang='lat' dir='ltr'><strong>Oportet</strong></span> <span class='ocrx_word' id='word_1_775' title='bbox 3253 4734 3409 4788; x_wconf 90' lang='lat' dir='ltr'><strong>enim</strong></span> <span class='ocrx_word' id='word_1_776' title='bbox 3449 4733 3813 4804; x_wconf 91' lang='lat' dir='ltr'><strong>episcopum</strong></span> <span class='ocrx_word' id='word_1_777' title='bbox 3841 4734 3967 4788; x_wconf 85' lang='lat' dir='ltr'><strong>sine</strong></span> 
     </span>
    </p>
   </div>
   <div class='ocr_carea' id='block_1_109' title="bbox 2289 4824 3968 4903">
    <p class='ocr_par' dir='ltr' id='par_1_109' title="bbox 2289 4824 3968 4903">
     <span class='ocr_line' id='line_1_109' title="bbox 2289 4824 3968 4903; baseline -0.01 -12"><span class='ocrx_word' id='word_1_778' title='bbox 2289 4836 2538 4891; x_wconf 90' lang='lat' dir='ltr'><strong>crimine</strong></span> <span class='ocrx_word' id='word_1_779' title='bbox 2560 4846 2721 4900; x_wconf 90' lang='lat' dir='ltr'><strong>esse,</strong></span> <span class='ocrx_word' id='word_1_780' title='bbox 2747 4828 2903 4884; x_wconf 89' lang='lat' dir='ltr'><strong>sicut</strong></span> <span class='ocrx_word' id='word_1_781' title='bbox 2924 4826 3030 4880; x_wconf 92' lang='lat' dir='ltr'><strong>Dei</strong></span> <span class='ocrx_word' id='word_1_782' title='bbox 3052 4824 3546 4903; x_wconf 80' lang='lat' dir='ltr'><strong>dispensatorem,</strong></span> <span class='ocrx_word' id='word_1_783' title='bbox 3602 4836 3729 4876; x_wconf 92' lang='lat' dir='ltr'><strong>non</strong></span> <span class='ocrx_word' id='word_1_784' title='bbox 3759 4838 3968 4893; x_wconf 55' lang='lat' dir='ltr'><strong>super</strong></span> 
     </span>
    </p>
   </div>
   <div class='ocr_carea' id='block_1_110' title="bbox 2290 4911 3954 4995">
    <p class='ocr_par' dir='ltr' id='par_1_110' title="bbox 2290 4911 3954 4995">
     <span class='ocr_line' id='line_1_110' title="bbox 2290 4911 3954 4995; baseline -0.011 -14"><span class='ocrx_word' id='word_1_785' title='bbox 2290 4926 2452 4995; x_wconf 90' lang='lat' dir='ltr'><strong>bum,</strong></span> <span class='ocrx_word' id='word_1_786' title='bbox 2477 4934 2593 4978; x_wconf 76' lang='lat' dir='ltr'><strong>nan</strong></span> <span class='ocrx_word' id='word_1_787' title='bbox 2613 4917 2980 4983; x_wconf 88' lang='lat' dir='ltr'><strong>iracundum,</strong></span> <span class='ocrx_word' id='word_1_788' title='bbox 3006 4929 3122 4968; x_wconf 91' lang='lat' dir='ltr'><strong>non</strong></span> <span class='ocrx_word' id='word_1_789' title='bbox 3153 4911 3535 4979; x_wconf 88' lang='lat' dir='ltr'><strong>vinolentum,</strong></span> <span class='ocrx_word' id='word_1_790' title='bbox 3560 4926 3679 4965; x_wconf 90' lang='lat' dir='ltr'><strong>non</strong></span> <span class='ocrx_word' id='word_1_791' title='bbox 3696 4926 3954 4980; x_wconf 85' lang='lat' dir='ltr'><strong>percus-</strong></span> 
     </span>
    </p>
   </div>
   <div class='ocr_carea' id='block_1_111' title="bbox 2296 4999 3965 5080">
    <p class='ocr_par' dir='ltr' id='par_1_111' title="bbox 2296 4999 3965 5080">
     <span class='ocr_line' id='line_1_111' title="bbox 2296 4999 3965 5080; baseline -0.011 -10"><span class='ocrx_word' id='word_1_792' title='bbox 2296 5029 2516 5080; x_wconf 90' lang='lat' dir='ltr'><strong>sorem,</strong></span> <span class='ocrx_word' id='word_1_793' title='bbox 2557 5026 2674 5065; x_wconf 92' lang='lat' dir='ltr'><strong>non</strong></span> <span class='ocrx_word' id='word_1_794' title='bbox 2713 5005 2905 5076; x_wconf 87' lang='lat' dir='ltr'><strong>turpis</strong></span> <span class='ocrx_word' id='word_1_795' title='bbox 2940 5002 3093 5059; x_wconf 89' lang='lat' dir='ltr'><strong>lucri</strong></span> <span class='ocrx_word' id='word_1_796' title='bbox 3127 4999 3569 5072; x_wconf 79' lang='lat' dir='ltr'><strong>cupidum(Tit.</strong></span> <span class='ocrx_word' id='word_1_797' title='bbox 3589 5000 3728 5069; x_wconf 72' lang='lat'><strong>1,7).</strong></span> <span class='ocrx_word' id='word_1_798' title='bbox 3765 5023 3789 5048; x_wconf 75' lang='grc' dir='ltr'><strong>ι</strong></span> <span class='ocrx_word' id='word_1_799' title='bbox 3821 4999 3965 5053; x_wconf 81' lang='lat' dir='ltr'><strong>Nam</strong></span> 
     </span>
    </p>
   </div>
   <div class='ocr_carea' id='block_1_112' title="bbox 2295 5087 3963 5175">
    <p class='ocr_par' dir='ltr' id='par_1_112' title="bbox 2295 5087 3963 5175">
     <span class='ocr_line' id='line_1_112' title="bbox 2295 5087 3963 5175; baseline -0.011 -17"><span class='ocrx_word' id='word_1_800' title='bbox 2295 5100 2590 5175; x_wconf 89' lang='lat' dir='ltr'><strong>quomodo</strong></span> <span class='ocrx_word' id='word_1_801' title='bbox 2611 5095 2969 5154; x_wconf 89' lang='lat' dir='ltr'><strong>conveniunt</strong></span> <span class='ocrx_word' id='word_1_802' title='bbox 2989 5092 3107 5147; x_wconf 88' lang='lat' dir='ltr'><strong>sibi</strong></span> <span class='ocrx_word' id='word_1_803' title='bbox 3127 5090 3490 5162; x_wconf 86' lang='lat' dir='ltr'><strong>dispensatis</strong></span> <span class='ocrx_word' id='word_1_804' title='bbox 3528 5087 3963 5155; x_wconf 86' lang='lat' dir='ltr'><strong>misericordia,</strong></span> 
     </span>
    </p>
   </div>
   <div class='ocr_carea' id='block_1_113' title="bbox 2296 5184 2990 5261">
    <p class='ocr_par' dir='ltr' id='par_1_113' title="bbox 2296 5184 2990 5261">
     <span class='ocr_line' id='line_1_113' title="bbox 2296 5184 2990 5261; baseline -0.016 -13"><span class='ocrx_word' id='word_1_805' title='bbox 2296 5194 2353 5248; x_wconf 90' lang='lat' dir='ltr'><strong>et</strong></span> <span class='ocrx_word' id='word_1_806' title='bbox 2380 5188 2671 5261; x_wconf 91' lang='lat' dir='ltr'><strong>cupientis</strong></span> <span class='ocrx_word' id='word_1_807' title='bbox 2701 5184 2990 5241; x_wconf 83' lang='lat' dir='ltr'><strong>avaritia?</strong></span> 
     </span>
    </p>
   </div>
   <div class='ocr_carea' id='block_1_114' title="bbox 2297 5340 3591 5420">
    <p class='ocr_par' dir='ltr' id='par_1_114' title="bbox 2297 5340 3591 5420">
     <span class='ocr_line' id='line_1_114' title="bbox 2297 5340 3591 5420; baseline -0.011 -14"><span class='ocrx_word' id='word_1_808' title='bbox 2297 5351 2395 5406; x_wconf 88' lang='lat' dir='ltr'><strong>hic</strong></span> <span class='ocrx_word' id='word_1_809' title='bbox 2425 5348 2864 5417; x_wconf 89' lang='lat' dir='ltr'><strong>commemorat,</strong></span> <span class='ocrx_word' id='word_1_810' title='bbox 2898 5343 3046 5400; x_wconf 89' lang='lat' dir='ltr'><strong>satis</strong></span> <span class='ocrx_word' id='word_1_811' title='bbox 3078 5340 3288 5420; x_wconf 59' lang='lat' dir='ltr'><strong>innuit.</strong></span> <span class='ocrx_word' id='word_1_812' title='bbox 3362 5413 3373 5420; x_wconf 38' lang='lat'><strong><em>-</em></strong></span> <span class='ocrx_word' id='word_1_813' title='bbox 3578 5408 3591 5420; x_wconf 41' lang='lat'><em>.</em></span> 
     </span>
    </p>
   </div>
   <div class='ocr_carea' id='block_1_115' title="bbox 2371 5413 3962 5492">
    <p class='ocr_par' dir='ltr' id='par_1_115' title="bbox 2371 5413 3962 5492">
     <span class='ocr_line' id='line_1_115' title="bbox 2371 5413 3962 5492; baseline -0.011 -15"><span class='ocrx_word' id='word_1_814' title='bbox 2371 5422 2484 5492; x_wconf 75' lang='grc'>(84)</span> <span class='ocrx_word' id='word_1_815' title='bbox 2542 5420 2724 5476; x_wconf 90' lang='lat' dir='ltr'><strong>Pauci</strong></span> <span class='ocrx_word' id='word_1_816' title='bbox 2771 5413 2945 5487; x_wconf 85' lang='lat' dir='ltr'><strong>mss.;</strong></span> <span class='ocrx_word' id='word_1_817' title='bbox 3000 5438 3021 5465; x_wconf 73' lang='grc' dir='ltr'><strong>α</strong></span> <span class='ocrx_word' id='word_1_818' title='bbox 3075 5413 3448 5484; x_wconf 87' lang='lat' dir='ltr'><strong>Supplicator</strong></span> <span class='ocrx_word' id='word_1_819' title='bbox 3500 5413 3656 5465; x_wconf 86' lang='lat' dir='ltr'><strong>enim</strong></span> <span class='ocrx_word' id='word_1_820' title='bbox 3696 5424 3803 5480; x_wconf 88' lang='lat' dir='ltr'><strong>pro</strong></span> <span class='ocrx_word' id='word_1_821' title='bbox 3840 5422 3962 5478; x_wconf 84' lang='lat' dir='ltr'><strong>po-</strong></span> 
     </span>
    </p>
   </div>
   <div class='ocr_carea' id='block_1_116' title="bbox 2298 5494 3954 5636">
    <p class='ocr_par' dir='ltr' id='par_1_116' title="bbox 2298 5494 3954 5636">
     <span class='ocr_line' id='line_1_116' title="bbox 2298 5494 3954 5636; baseline -0.013 -14"><span class='ocrx_word' id='word_1_822' title='bbox 2298 5494 2636 5636; x_wconf 53' lang='grc' dir='ltr'><strong>Ρυέεξέ)”1ῐιιΔ</strong></span> <span class='ocrx_word' id='word_1_823' title='bbox 2673 5575 2880 5616; x_wconf 90' lang='lat' dir='ltr'><strong>omnes</strong></span> <span class='ocrx_word' id='word_1_824' title='bbox 2940 5568 3142 5636; x_wconf 18' lang='lat' dir='ltr'><strong>mss,;_‘</strong></span> <span class='ocrx_word' id='word_1_825' title='bbox 3180 5557 3240 5610; x_wconf 90' lang='lat' dir='ltr'><strong>at</strong></span> <span class='ocrx_word' id='word_1_826' title='bbox 3297 5555 3499 5608; x_wconf 86' lang='lat' dir='ltr'><strong>contra</strong></span> <span class='ocrx_word' id='word_1_827' title='bbox 3544 5548 3755 5636; x_wconf 73' lang='lat' dir='ltr'><strong>omnes</strong></span> <span class='ocrx_word' id='word_1_828' title='bbox 3801 5548 3954 5636; x_wconf 43' lang='lat' dir='ltr'><strong>edit?</strong></span> 
     </span>
    </p>
   </div>
   <div class='ocr_carea' id='block_1_117' title="bbox 2306 5622 3958 5761">
    <p class='ocr_par' dir='ltr' id='par_1_117' title="bbox 2306 5622 3958 5761">
     <span class='ocr_line' id='line_1_117' title="bbox 2306 5622 3958 5761; baseline -0.01 -70"><span class='ocrx_word' id='word_1_829' title='bbox 2306 5658 2328 5684; x_wconf 74' lang='grc' dir='ltr'><strong>α</strong></span> <span class='ocrx_word' id='word_1_830' title='bbox 2364 5622 2835 5761; x_wconf 56' lang='grc' dir='ltr'><strong>ιῖερίειιοὶῑΐιιινονθ,</strong></span> <span class='ocrx_word' id='word_1_831' title='bbox 2855 5645 2973 5688; x_wconf 91' lang='lat' dir='ltr'><strong>non</strong></span> <span class='ocrx_word' id='word_1_832' title='bbox 2996 5622 3151 5685; x_wconf 77' lang='lat' dir='ltr'><strong>norit</strong></span> <span class='ocrx_word' id='word_1_833' title='bbox 3171 5638 3526 5683; x_wconf 86' lang='lat' dir='ltr'><strong>assuescere</strong></span> <span class='ocrx_word' id='word_1_834' title='bbox 3550 5622 3827 5693; x_wconf 86' lang='lat' dir='ltr'><strong>clamore,</strong></span> <span class='ocrx_word' id='word_1_835' title='bbox 3846 5632 3958 5675; x_wconf 85' lang='lat' dir='ltr'><strong>non</strong></span> 
     </span>
     <span class='ocr_line' id='line_1_118' title="bbox 2306 5721 2739 5761; baseline -0.007 0"><span class='ocrx_word' id='word_1_836' title='bbox 2306 5721 2526 5761; x_wconf 85' lang='lat' dir='ltr'><strong>serere.</strong></span> <span class='ocrx_word' id='word_1_837' title='bbox 2560 5721 2590 5761; x_wconf 91' lang='lat' dir='ltr'><strong>e</strong></span> <span class='ocrx_word' id='word_1_838' title='bbox 2618 5721 2670 5761; x_wconf 89' lang='lat' dir='ltr'><strong>e.</strong></span> <span class='ocrx_word' id='word_1_839' title='bbox 2719 5727 2739 5757; x_wconf 70' lang='grc' dir='ltr'><em>η</em></span> 
     </span>
    </p>
   </div>
   <div class='ocr_carea' id='block_1_118' title="bbox 2304 5721 2739 5780">
    <p class='ocr_par' dir='ltr' id='par_1_118' title="bbox 2304 5721 2739 5780">
     <span class='ocr_line' id='line_1_119' title="bbox 2304 5721 2739 5780; baseline -0.014 -17"><span class='ocrx_word' id='word_1_840' title='bbox 2304 5721 2526 5780; x_wconf 86' lang='lat' dir='ltr'><strong>serere,</strong></span> <span class='ocrx_word' id='word_1_841' title='bbox 2560 5721 2670 5763; x_wconf 78' lang='lat' dir='ltr'><strong>etc.</strong></span> <span class='ocrx_word' id='word_1_842' title='bbox 2719 5727 2739 5757; x_wconf 70' lang='grc' dir='ltr'><em>η</em></span> 
     </span>
    </p>
   </div>
  </div>
