4070 6180
206 408 366 473 1257

1382 408 1998 491 EPISTOLARUM
2043 409 2382 475 cussrs
2426 409 2472 473 ι.

3516 408 3677 481 1258

286 612 375 668 62.
408 611 555 667 Haec
571 610 766 682 posui,
796 627 930 684 quae
958 613 1220 668 cavenda
1238 614 1895 684 acceperimzvirtutum
1920 595 1980 659 Α
2008 613 2362 684 Apostolum
2408 613 2482 668 de
2529 613 2811 684 episcopo
2860 616 2918 669 et
2967 613 3317 685 presbytero
3357 613 3673 685 statuisse,

219 704 412 756 autem
443 702 735 773 magister
771 701 1097 771 Apostolus
1144 707 1255 772 est,
1289 703 1391 774 qui
1435 719 1569 757 cum
1614 703 1894 773 patientia

220 790 672 863 redarguendos
702 790 921 845 doceat
962 792 1456 860 contradicentes,
1504 792 1604 862 qui
1648 813 1669 842 ι
1714 792 1908 863 unius,

218 879 426 935 uxoris
455 880 651 933 virum
690 879 869 949 (Ibid.
908 879 965 949 6)
1009 903 1031 927 ι»
1075 881 1377 951 praecipiat
1416 896 1586 951 esse,
1630 896 1747 936 non
1778 896 1893 951 quo

218 971 520 1037 exsortem
549 967 823 1023 excludat
846 968 1115 1041 conjugii
1145 971 1301 1040 (nam
1334 970 1445 1025 hoc
1488 985 1668 1040 supra
1699 970 1893 1041 legem

218 1057 500 1128 praecepti
530 1060 666 1126 est),
722 1057 830 1111 sed
870 1062 933 1111 ut
976 1057 1277 1130 conjugali
1316 1060 1664 1113 castimonia
1695 1062 1895 1113 servet

222 1146 543 1201 ablutionis
583 1162 712 1225 suae
762 1147 1013 1217 gratiam
1044 1147 1155 1217 (86)
1190 1164 1202 1201 :
1237 1163 1430 1219 neque
1460 1149 1672 1203 iterum
1699 1148 1892 1211 1037

219 1240 283 1291 ut
313 1236 472 1291 ﬁlios
520 1236 581 1291 in
618 1235 953 1291 sacerdotio
1004 1251 1211 1291 creare
1251 1237 1574 1308 apostolica
1615 1237 1897 1292 invitetur

220 1325 603 1396 auctoritate;
635 1324 951 1380 habentem
982 1326 1140 1380 enim
1161 1325 1306 1381 dixit
1333 1325 1510 1396 ﬁlios,
1543 1341 1660 1382 non
1683 1326 1896 1382 facien-

221 1416 339 1469 tem
367 1429 562 1486 neque
594 1412 941 1486 conjugium
961 1415 1199 1470 iterare.

288 1502 379 1559 63.
403 1502 570 1569 Quod
599 1503 730 1558 ideo
763 1518 882 1559 non
912 1503 1289 1574 praetermisi,
1338 1504 1475 1576 quia
1514 1504 1780 1577 plerique
1821 1504 1899 1560 ita

220 1595 713 1666 argumentemur
741 1593 919 1648 unius
943 1594 1148 1648 uxoris
1168 1593 1362 1649 virum
1384 1593 1498 1648 dici
1516 1598 1654 1664 post
1669 1594 1899 1665 baptis-

220 1698 382 1738 mum
410 1681 628 1737 habitae
659 1681 772 1751 (8‘7)
797 1696 812 1752 ;
845 1696 915 1737 eo
946 1682 1105 1754 quod
1123 1682 1417 1753 baptismo
1443 1682 1651 1738 vitium
1683 1683 1761 1737 sit
1791 1683 1898 1738 ab-
1960 1738 1967 1745 ,

221 1772 428 1842 lutum,
462 1787 580 1844 quo
601 1767 959 1827 atterebatur
986 1770 1487 1843 impedimentum.
1521 1771 1592 1826 Et
1622 1773 1740 1828 vita
1773 1774 1898 1845 qui-

2009 703 2117 758 sed
2156 703 2330 757 etiam
2371 703 2577 757 Patres
2616 703 2673 756 in
2706 702 2952 757 concilio
2984 702 3213 758 Nicaeni
3242 701 3355 774 (88)
3394 705 3677 758 tractatus

2009 793 2335 863 addidisse,
2356 808 2549 863 neque
2581 792 2864 847 clericum
2894 808 3248 863 quemquam
3281 792 3498 848 debere
3514 808 3676 862 esse,

2009 882 2111 952 qui
2150 881 2412 936 secunda
2451 880 2733 953 conjugia
2772 880 3020 935 sortitus
3061 880 3158 935 sit.
3190 880 3492 945 Quomodo
3523 882 3683 936 enim

2008 973 2222 1043 potest,
2265 970 2565 1026 consolari
2601 970 2868 1042 viduam,
2909 969 3226 1040 honorare,
3275 970 3572 1026 cohortari
3610 970 3687 1025 ad

2012 1060 2458 1115 custodiendam
2501 1060 2878 1129 viduitatem,
2934 1059 3290 1115 servandam
3350 1061 3559 1115 marito
3612 1060 3685 1114 ﬁ-

2011 1150 2177 1219 dem,
2231 1165 2405 1221 quam
2443 1138 2587 1220 ipse
2618 1148 2804 1219 priori
2840 1147 3124 1220 conjugio
3164 1164 3283 1204 non
3338 1164 3688 1206 reservave-

2011 1238 2143 1293 rit?
2177 1238 2294 1292 Aut
2334 1238 2477 1311 quid
2524 1238 2850 1293 interesset
2891 1238 3045 1293 inter
3079 1238 3361 1309 populum
3394 1241 3453 1293 et
3481 1253 3689 1293 sacer-

2013 1328 2207 1384 dotem
2228 1370 2243 1397 ,
2278 1327 2333 1382 si
2380 1327 2595 1383 iisdem
2636 1326 3119 1400 astringerentur
3160 1326 3400 1400 legibus
3432 1327 3472 1396 ?,
3502 1327 3693 1384 Debet

2013 1416 2470 1489 praeponderare
2523 1416 2643 1471 vita
2676 1415 3044 1487 sacerdotis,
3083 1415 3239 1471 sicut
3278 1415 3694 1489 praeponderat

2016 1507 2242 1579 gratia;
2279 1522 2415 1560 nam
2456 1505 2559 1577 qui
2590 1504 2743 1560 alios
2789 1503 3108 1576 pmceptis
3153 1505 3285 1561 suis
3313 1504 3479 1579 ligat,
3517 1492 3695 1561 debet

2016 1595 2146 1666 ipse
2179 1594 2443 1667 legitima
2487 1598 2787 1665 praecepta
2825 1594 2886 1649 in
2919 1609 2987 1649 se
3010 1594 3333 1650 custodire.

2084 1683 2175 1739 65.
2230 1683 2416 1748 Quam
2449 1683 2814 1738 resistebam
2861 1697 2937 1738 ne
2978 1682 3291 1738 ordinarer
3331 1680 3345 1739 l
3378 1684 3698 1740 Postremo

2016 1788 2150 1828 cum
2181 1786 2464 1844 cogerer,
2513 1771 2723 1826 saltem
2768 1770 3060 1826 ordinatio
3111 1772 3502 1843 protelaretur
3533 1771 3547 1829 Ι
3578 1772 3698 1829 Sed

222 1861 355 1916 dem
385 1865 561 1933 atque
591 1863 833 1931 peccata
862 1860 1169 1915 diluuntur
1185 1861 1410 1932 omnia;
1434 1864 1495 1916 ut
1527 1860 1579 1916 si
1602 1860 1738 1933 quis
1760 1878 1898 1917 con-
1930 1893 1983 1956 Β
2016 1877 2135 1917 non
2179 1860 2366 1917 voluit
2409 1860 2790 1932 praescriptio
2822 1859 2972 1931 (89),
3005 1860 3321 1931 praavaluit
3352 1861 3695 1933 impressio.

219 1949 592 2005 taminaverit
624 1965 800 2006 suum
829 1964 1050 2019 corpus
1083 1966 1218 2005 cum
1245 1950 1541 2020 plurimis,
1566 1966 1716 2022 quas
1738 1952 1899 2007 nulla

218 2038 489 2112 conjugii
519 2039 654 2111 lege
686 2038 1024 2108 sociaverit,
1058 2039 1431 2095 remittantur
1457 2039 1511 2094 ei
1526 2041 1719 2095 omnia
1752 2056 1765 2096 :
1792 2041 1901 2096 sed

216 2127 507 2201 conjugia
536 2144 655 2183 non
678 2129 1081 2198 resolvuntur,
1116 2128 1168 2182 si
1191 2129 1326 2199 quis
1357 2129 1657 2185 iteraverit
1682 2146 1697 2201 ;
1729 2131 1900 2200 culpa

212 2219 377 2274 enim
406 2218 667 2287 lavacro,
710 2233 829 2273 non
875 2218 976 2273 lex
1005 2218 1262 2272 solvitur
1294 2234 1306 2272 :
1341 2218 1503 2273 nulla
1538 2218 1693 2274 enim
1729 2220 1901 2290 culpa

217 2306 521 2380 coniugii,
565 2307 673 2362 sed
709 2306 808 2361 lex
851 2311 964 2362 est.
1008 2304 1175 2372 Quod
1214 2307 1370 2378 legis
1411 2312 1503 2362 est
1550 2308 1752 2381 igitur,
1785 2325 1903 2365 non

218 2397 573 2467 remittitur,
617 2396 791 2467 quasi
831 2397 1003 2466 culpa
1048 2412 1061 2451 :
1108 2392 1216 2451 sed
1264 2400 1527 2467 tenetur,
1568 2398 1742 2469 quasi
1781 2398 1902 2455 lex.

216 2485 360 2542 Ideo
404 2489 462 2541 et
500 2484 825 2557 Apostolus
878 2485 1076 2558 legem
1115 2485 1347 2556 posuit,
1382 2486 1588 2542 dicens
1621 2502 1633 2541 :
1669 2486 1731 2543 Si
1769 2488 1906 2559 quis

225 2576 364 2631 sine
396 2576 645 2631 crimine
685 2579 799 2645 est,
831 2575 1013 2630 unius
1056 2576 1269 2631 uxoris
1312 2576 1409 2629 vir
1451 2577 1610 2647 (dist.
1655 2577 1742 2647 26,
1777 2595 1905 2649 cap.

228 2664 348 2731 Qui
370 2666 547 2736 sine).
580 2664 740 2737 Ergo
770 2664 873 2735 qui
901 2665 1031 2721 sine
1067 2664 1316 2720 crimine
1346 2669 1458 2736 est,
1490 2666 1668 2738 unius
1697 2668 1909 2723 uxoris

218 2756 322 2809 vir
344 2796 359 2826 ,
398 2757 632 2810 tenetur
670 2753 743 2808 ad
774 2753 970 2826 legem
1006 2753 1324 2809 sacerdotii
1362 2755 1728 2825 suscipiendi
1760 2773 1772 2811 :
1809 2774 1910 2846 qui

225 2842 748 2899 autemiteraverit
769 2841 1137 2915 conjugium,
1160 2842 1396 2913 culpam
1426 2844 1663 2915 quidem
1679 2860 1797 2902 non
1811 2841 1908 2903 ha:

219 2934 330 2990 bet
357 2932 735 3004 coinquinati,
759 2932 864 2987 sed
882 2933 1283 3005 praerogativa
1300 2932 1536 2988 exuitur
1549 2936 1900 2992 sacerdotis.

295 3023 387 3079 64.
421 3023 692 3078 Diximus
727 3022 869 3094 quid
898 3021 1056 3094 legis
1088 3023 1206 3092 sit,
1250 3022 1518 3078 dicamus
1550 3025 1724 3079 etiam
1763 3026 1903 3096 quid

217 3113 496 3169 rationis.
542 3111 661 3167 Sed
707 3111 876 3183 prius
916 3126 1352 3185 cognoscamus
1398 3128 1515 3168 non
1548 3114 1741 3169 solum
1791 3115 1903 3171 hoc

293 3254 408 3328 (86)
455 3253 654 3328 Codex
680 3253 855 3328 Yall.,
883 3277 906 3303 «ι
940 3253 1329 3328 absolutionis
1356 3256 1630 3328 gratiam.
1669 3280 1691 3306 η

307 3326 579 3401 (8‘7)_Big.
616 3326 771 3396 cod.,
808 3346 831 3377 ι
876 3327 1070 3401 unius
1084 3328 1295 3401 uxoris
1327 3326 1441 3401 dici
1491 3333 1685 3397 potest
1714 3330 1909 3401 baptis

233 3415 402 3454 mum
431 3398 683 3471 habitas;
718 3421 741 3446 η
762 3398 996 3471 rectius
1019 3398 1137 3468 alii,
1174 3403 1236 3471 ut
1256 3414 1370 3453 nos
1399 3400 1459 3454 in
1490 3406 1671 3455 textu.
1696 3398 1906 3471 Operm

221 3475 427 3544 autem
466 3470 722 3544 pretium
758 3468 1276 3544 fuerit,_qum_hic
1316 3470 1389 3525 de
1436 3468 1810 3544 monogamia
1848 3479 1905 3529 et

214 3542 587 3597 continentia
635 3541 992 3613 sacerdotali
1048 3541 1359 3596 traduntur
1389 3584 1403 3613 ,
1460 3560 1593 3597 cum
1623 3541 1717 3598 'iis
1770 3561 1904 3613 quae

213 3614 603 3683 disputantur
640 3612 742 3667 lib.
786 3628 805 3665 1
849 3611 1026 3686 Ofﬁc.
1063 3628 1190 3683 cap.
1232 3613 1321 3686 50,
1364 3611 1525 3669 num.
1566 3614 1670 3669 25Ἷ
1702 3620 1757 3670 et
1777 3611 1902 3686 258,

212 3698 578 3765 componere
601 3724 615 3752 ,
657 3699 767 3738 nec
799 3698 925 3765 non
976 3684 1452 3739 observationem
1504 3702 1535 3740 a
1574 3687 1748 3741 nobis
1784 3684 1906 3744 illic

219 3754 568 3826 subjectum
607 3754 943 3810 consulere.

296 3828 411 3897 (88)
457 3827 627 3881 llom.
669 3827 807 3881 edit.
850 3830 906 3881 et
943 3827 1116 3896 pauci
1153 3843 1327 3897 mss.,

212 3899 379 3955 caeni
410 3902 659 3953 tractatu
700 3914 713 3953 :
762 3920 784 3946 ν

1376 3851 1398 3877 α
1440 3828 1501 3884 in
1539 3829 1771 3884 concilii
1802 3831 1905 3886 Ni-

830 3897 929 3952 alii
965 3914 1117 3970 mss.
1169 3899 1417 3970 aliquot,
1474 3923 1495 3948 α
1547 3900 1606 3955 in
1654 3902 1903 3959 concilio

213 3970 475 4041 Nicaeae
506 3971 866 4039 tractatus;»
892 3969 1123 4040 reliqui,
1149 3975 1205 4026 et
1235 3969 1352 4026 vet.
1396 3969 1555 4041 edit.,
1595 3994 1617 4024 α
1659 3975 1719 4027 in
1767 3989 1903 4029 con-

212 4042 364 4116 ci_l_io
386 4040 615 4116 lficaeni
636 4044 922 4116 tractatus
950 4056 965 4110 ;
1008 4061 1029 4089 ι
1058 4042 1213 4116 sicut
1245 4043 1419 4096 etiam
1444 4044 1663 4116 legitur
1693 4046 1753 4098 in
1781 4050 1899 4101 ant.

208 4112 364 4171 edit.
388 4111 760 4185 Gratiani,_et
778 4111 1143 4185 aliorum._At
1158 4128 1301 4185 vero
1341 4111 1576 4185 quoquo
1606 4116 1778 4171 modo
1812 4117 1900 4171 le-

268 4198 441 4238 amus
484 4182 641 4237 hunc
680 4183 903 4252 locum,
954 4182 1298 4238 difﬁcultate
1351 4182 1616 4240 sua—non
1656 4188 1896 4243 carebit.

278 4254 459 4309 tenim
491 4270 624 4308 cum
647 4269 906 4309 canones
937 4255 1173 4309 concilii
1195 4254 1421 4310 Nicaeni
1450 4261 1676 4311 tantum
1706 4259 1899 4313 20118-

210 4326 599 4399 beantur,in
631 4341 884 4399 quorum
897 4326 1061 4399 nullo
1095 4326 1165 4399 de
1196 4327 1453 4399 bigamis
1472 4329 1541 4382 ad
1561 4329 1902 4385 clericatum

211 4414 347 4470 non
376 4397 755 4470 admittendis
772 4397 1093 4470 quidquam
1125 4397 1361 4469 dicitur,
1401 4400 1541 4470 quid
1570 4400 1665 4455 his
1695 4402 1901 4456 verbis

208 4469 447 4525 indicet
484 4469 871 4537 Ambrosius,
901 4468 1204 4544 incertum;
1231 4468 1351 4544 est.
1386 4468 1679 4544 Baronius
1711 4477 1768 4527 et
1799 4475 1902 4544 qui

213 4556 365 4596 eum
405 4544 756 4611 sequuntur,
800 4555 1052 4594 cuneum
1093 4541 1209 4595 sibi
1248 4542 1523 4598 videntur
1562 4543 1698 4598 huic
1729 4541 1901 4600 modo

212 4611 557 4683 invenisse,
582 4612 721 4666 dum
750 4616 973 4682 praeter
992 4611 1103 4667 hos
1142 4613 1212 4667 20
1233 4629 1494 4669 canones
1526 4614 1726 4670 dicunt
1755 4617 1902 4670 alios

212 4683 524 4754 quosdam
563 4683 636 4737 ab
676 4683 880 4737 eadem
920 4684 1147 4754 synodo
1179 4685 1447 4757 conditos
1488 4701 1649 4756 esse,
1691 4689 1791 4757 qui
1831 4688 1904 4741 ad

212 4758 464 4810 etatem
511 4758 777 4827 nostram
828 4769 945 4809 non
992 4756 1394 4825 pervenerint.
1450 4756 1899 4827 Verumtamen,

209 4840 377 4896 pace
404 4828 699 4897 tantorum
719 4826 1008 4893 virorum,
1047 4826 1350 4897 inquisitio
1379 4827 1664 4882 Afrorum
1677 4826 1904 4883 antisti-

211 4904 358 4969 tum
396 4896 496 4969 qui
536 4897 901 4969 temporibus
951 4896 1240 4951 Bonifacii
1289 4915 1356 4952 ac
1404 4899 1639 4969 Zozimi,
1696 4901 1903 4954 missis

206 4967 652 5041 Alexandriam
673 4972 853 5041 atque
884 4969 1255 5041 Antiochiam
1284 4971 1356 5023 ad
1381 4967 1736 5041 quaerendos
1765 4987 1905 5026 eos-

208 5040 367 5112 dem
390 5055 650 5112 canones
672 5039 1162 5112 legatis,.tantum
1199 5039 1270 5095 20
1289 5039 1642 5112 receperunt
1666 5059 1677 5097 :
1704 5048 1906 5098 vetera

207 5109 506 5183 ejusdem
531 5109 1140 5182 synodi'exemplaria,
1182 5128 1244 5165 ιιι
1283 5109 1502 5183 quibus
1541 5114 1781 5168 totidem
1820 5116 1905 5168 in-

207 5182 580 5252 veniuntur;
622 5198 757 5236 nam
794 5183 951 5253 quod
983 5183 1052 5236 22
1085 5182 1259 5238 habet
1291 5182 1563 5253 Rufinus,
1606 5185 1752 5239 nihil
1792 5190 1903 5253 est,

207 5269 370 5309 cum
392 5253 489 5307 ille
526 5253 559 5325 4
589 5269 621 5308 e
653 5253 886 5307 duobus
914 5253 1127 5307 divisis
1167 5253 1428 5309 effecerit
1462 5272 1473 5309 :
1500 5259 1798 5325 postremo
1826 5261 1905 5311 te-

207 5325 511 5396 stimonia
537 5324 1007 5396 Theodoretilib.
1030 5342 1071 5396 ι,
1099 5341 1226 5394 cap.
1249 5326 1304 5394 8,
1340 5330 1395 5381 et
1424 5324 1728 5381 Hincmari
1754 5329 1906 5382 Rhe-

204 5395 463 5451 mensis
486 5395 657 5465 epist.
688 5396 764 5451 ad
785 5395 1233 5461 Laudunensem
1256 5414 1369 5451 non
1399 5397 1604 5466 plures
1628 5398 1906 5454 Nicaenos

203 5482 493 5523 canones
536 5467 727 5521 fuisse
756 5484 933 5537 quam
962 5468 1032 5522 20
1061 5469 1252 5537 palam
1276 5468 1517 5522 faciunt.
1548 5469 1740 5534 Quare
1763 5487 1905 5524 non-

204 5538 378 5595 nulli
399 5539 636 5608 quidem
658 5539 731 5611 de
761 5554 1005 5593 numero
1029 5555 1232 5593 eorum
1253 5555 1369 5593 non
1395 5541 1774 5611 dissentiunt,
1801 5541 1908 5597 sed

201 5612 260 5666 ii
316 5614 531 5680 negant
571 5611 667 5682 agi
707 5610 778 5664 de
818 5611 1455 5684 canonibusadoctore
1482 5617 1707 5681 nostro,
1731 5610 1908 5684 quem

202 5684 522 5738 tractatus
574 5680 828 5750 tantum,
871 5681 980 5736 hac
1029 5680 1101 5736 de
1150 5697 1213 5736 re
1264 5682 1323 5734 in
1371 5681 1616 5737 Nicmno
1657 5680 1905 5739 coricilio

202 5751 509 5823 habitos,
550 5769 665 5808 non
706 5757 900 5808 autem
952 5752 1210 5808 canones
1250 5753 1517 5808 conditos
1566 5756 1770 5810 testari
1819 5757 1904 5811 di-

204 5825 393 5887 cant.
432 5825 509 5884 At
546 5839 689 5883 vero
737 5840 872 5881 cum
916 5824 1274 5897 prmmiserit
1322 5825 1710 5904 Ambrosius,
1762 5827 1903 5908 quid

592 5968 853 6037 Panos.
892 5968 1047 6039 XVI.

1942 3069 1994 3134 C

2016 1952 2235 2006 Tamen
2282 1950 2714 2007 ordinationem
2742 1964 2936 2004 meam
2984 1949 3389 2006 occidentales
3431 1951 3702 2022 episcopi

2011 2040 2278 2113 judicio,
2328 2038 2652 2094 orientales
2703 2038 2880 2093 etiam
2930 2038 3203 2108 exemplo
3234 2039 3580 2109 probarunt.
3628 2039 3701 2095 Et

2016 2133 2212 2184 tamen
2256 2128 2590 2199 neophytus
2637 2126 2798 2197 (dist.
2847 2125 2952 2197 61,
2992 2142 3121 2198 cap.
3153 2127 3531 2201 Neopbytus)
3560 2144 3701 2199 pro-

2017 2219 2255 2274 hibetur
2319 2215 2515 2280 1038
2568 2215 2847 2285 ordinari,
2868 2230 2942 2270 ne
2959 2215 3274 2270 extollatur
3308 2216 3607 2287 superbia.
3636 2217 3701 2272 Si

2020 2308 2219 2363 dilatio
2251 2304 2605 2361 ordinationi
2643 2303 2864 2374 defuit,
2896 2304 2992 2358 vis
3024 2305 3297 2376 cogentis
3328 2308 3457 2376 est;
3488 2305 3545 2360 si
3574 2321 3695 2363 non

2022 2397 2191 2452 deest
2219 2394 2523 2451 humilitas
2573 2396 2919 2463 competens
2966 2392 3323 2466 sacerdotio,
3365 2393 3472 2449 ubi
3514 2409 3699 2451 causa

2023 2502 2142 2542 non
2174 2485 2379 2554 haeret,
2412 2483 2620 2538 vitium
2649 2498 2768 2538 non
2788 2483 3126 2554 imputatur.

2095 2574 2183 2630 66.
2215 2573 2383 2640 Quod
2414 2573 2468 2627 si
2498 2572 2559 2627 in
2589 2571 2723 2626 aliis
2754 2570 3045 2628 Ecclesiis
3075 2573 3234 2627 tanta
3261 2573 3521 2651 suppetit
3550 2573 3701 2630 ordi-

2026 2664 2202 2722 nandi
2235 2662 2566 2718 sacerdotis
2596 2661 3016 2733 consideratio,
3048 2666 3266 2735 quanta
3296 2648 3438 2718 cura
3467 2664 3698 2736 expeti-

2024 2761 2122 2812 tur
2149 2755 2211 2809 in
2231 2751 2601 2809 Vercellensi
2643 2749 2950 2823 Ecclesia’,
2995 2750 3098 2806 ubi
3137 2751 3254 2808 duo
3282 2753 3506 2824 pariter
3537 2751 3700 2826 exigi

2024 2846 2300 2902 videntur
2340 2842 2415 2898 ab
2447 2830 2764 2913 episcopo,
2809 2840 3155 2897 monasterii
3200 2841 3594 2913 continentia,
3630 2836 3701 2898 'et

2024 2934 2338 3005 disciplina
2360 2931 2649 2987 Ecclesiae
2668 2932 2698 2985 ξ)
2729 2926 2884 2985 Haec'
2901 2930 3059 2987 enim
3087 2930 3316 3002 primus
3334 2931 3395 2987 in
3410 2930 3698 2988 Occiden-

2018 3026 2097 3081 tis
2120 3023 2392 3096 partibus
2423 3020 2536 3094 (90)
2565 3020 2806 3075 diversa
2832 3019 2988 3075 inter
3031 3035 3099 3075 se
3140 3019 3440 3099 Eusebius
3472 3007 3697 3081 sancta:

2019 3113 2321 3171 memoriae
2350 3108 2694 3183 conjunxit;
2731 3110 2794 3165 ut
2824 3113 2880 3165 et
2911 3108 3225 3165 incivitate
3254 3111 3489 3182 positus
3518 3111 3689 3168 insti-

2022 3256 2348 3330 Apostolus
2378 3254 2451 3309 de
2480 3252 2760 3330 episcopo
2791 3254 2849 3330 et
2876 3250 3226 3330 presbytero
3256 3252 3546 3330 statuerit,
3577 3269 3696 3330 ma-

2022 3324 2305 3387 nifestum
2334 3331 2427 3382 est
2457 3324 2590 3380 eum
2621 3324 2763 3396 quid
2790 3324 2851 3378 in
2881 3328 3200 3396 memorata
3221 3325 3452 3395 synodo
3468 3325 3541 3380 de
3571 3326 3695 3381 dia-

2022 3417 2173 3457 cono
2204 3404 2262 3455 et
2305 3395 2669 3453 subdiacono
2692 3395 3021 3468 decretum
3064 3395 3261 3465 fuerit,
3293 3396 3638 3468 subjecisse
3671 3413 3684 3455 :

2021 3488 2213 3544 neque
2245 3471 2402 3544 hunc
2431 3469 2636 3544 locum
2656 3467 2770 3521 alio
2787 3482 2977 3544 sensu
2989 3483 3175 3544 posse
3206 3467 3480 3544 intelligi,
3501 3468 3692 3525 Nobis

2021 3538 2202 3618 igitur
2231 3538 3312 3618 nihiloccurrit_verisim_i_l_ius,.quam
3340 3538 3691 3618 si'dicamus

2023 3610 2307 3671 c'anonem
2338 3613 2502 3666 illum
2532 3627 2607 3665 ex
2636 3610 2750 3664 alio
2781 3611 3030 3664 concilio
3062 3610 3327 3665 Nicaanis
3359 3612 3690 3666 canonibus

2020 3688 2082 3741 in
2112 3702 2183 3742 eo
2206 3685 2429 3753 codice,
2463 3698 2578 3754 quo
2610 3681 2904 3754 utebatur,
2925 3686 3169 3754 sanctus
3204 3682 3475 3754 antistes,
3511 3682 3691 3754 addi-

2021 3762 2143 3813 tum
2174 3772 2334 3820 esse,
2366 3752 2501 3826 qud
2521 3754 2624 3826 ille
2649 3754 2710 3807 in
2745 3752 3031 3826 fraudem
3047 3753 3325 3826 inductus
3370 3753 3567 3826 fuerit,
3609 3754 3690 3809 si-

2023 3835 2121 3885 cut
2155 3829 2212 3883 in
2232 3823 2410 3882 simili
2439 3842 2503 3881 re
2533 3824 2629 3878 alii
2655 3840 2771 3879 non
2787 3825 2981 3895 pauci.
3005 3823 3120 3879 Sed
3144 3840 3336 3895 neque
3367 3824 3550 3879 ullum
3568 3842 3691 3881 mo-

2021 3916 2165 3955 vere
2195 3899 2389 3967 debet,
2422 3897 2579 3968 quod
2610 3896 2880 3966 habetur,
2917 3915 2941 3947 α
2977 3910 3169 3968 neque
3189 3895 3473 3950 clericum
3491 3912 3691 3968 quem-

2020 3988 2217 4044 quam,
2256 3994 2278 4020 »
2314 3966 2463 4044 etc.;
2493 3983 2702 4023 vocem
2732 3968 2888 4044 enim
2923 3966 3287 4044 «clericum,
3328 3988 3350 4017 ι
3386 3968 3459 4021 ad
3488 3966 3691 4044 diaco-

2020 4038 2132 4099 nos
2161 4038 2218 4098 et
2250 4040 2649 4096 subdiaconos
2695 4038 2979 4110 restringi
3021 4040 3270 4109 constat,
3304 4040 3690 4110 quemadmo-

2020 4116 2159 4170 dum
2189 4114 2370 4168 verba
2403 4110 2888 4183 quoqueLeonis
2912 4110 3134 4183 Magni
3164 4125 3240 4183 ex
3286 4110 3459 4181 epist.
3495 4110 3583 4179 12,
3617 4110 3694 4167 ad

2018 4187 2326 4255 Anastas.,
2360 4180 2575 4255 capt,
2608 4181 2710 4236 ubi
2742 4180 3073 4255 scribitur}
3110 4201 3133 4230 ι
3180 4180 3329 4255 Nam
3359 4196 3498 4255 cum
3524 4184 3693 4255 extra

2019 4252 2372 4313 clericorum
2385 4252 2653 4310 ordinem
2670 4252 3007 4306 constitutis
3029 4252 3361 4321 nuptiarum
3376 4252 3687 4306 societati..

2019 4345 2130 4384 nec
2161 4326 2546 4383 subdiaconis
2577 4324 2813 4395 quidem
2845 4323 3205 4395 connubium
3226 4322 3462 4376 carnale
3479 4336 3691 4395 conce-

2020 4401 2194 4455 ditur.
2232 4422 2255 4449 ι»
2288 4398 2518 4464 Quibus
2548 4393 2751 4450 verbis
2799 4394 3200 4448 subdiaconos
3246 4408 3316 4446 ac
3347 4393 3691 4464 superiores

2020 4472 2259 4527 ordines
2291 4462 2443 4524 intra
2474 4467 2825 4522 clericorum
2870 4467 3127 4519 classem
3175 4462 3475 4518 includere
3507 4462 3693 4517 voluit

2020 4546 2265 4598 sanctus
2298 4542 2474 4611 Papa,
2508 4554 2625 4593 non
2654 4541 2848 4591 autem
2878 4536 3215 4605 inferiores,
3248 4549 3382 4589 cum
3411 4533 3506 4589 his
3538 4548 3691 4589 uxo-

2021 4631 2152 4670 rum
2187 4613 2396 4684 copula
2412 4611 2869 4684 permitteretur.

2092 4685 2204 4757 (89)
2235 4675 2815 4757 Prms'criptiouidem
2857 4677 2955 4757 hic
2985 4680 3255 4757 sonat_ac
3281 4675 3694 4757 ecclesiastica

2022 4748 2133 4812 seu
2162 4748 2444 4810 canonica
2474 4748 2813 4806 constitutio
2848 4764 2860 4803 :
2896 4748 3214 4819 impressio
3254 4751 3447 4802 autem
3476 4748 3571 4803 vis
3601 4752 3695 4803 est

2021 4832 2195 4899 atque
2218 4828 2472 4895 impetus
2510 4820 2846 4899 popularis.
2869 4819 3233 4899 Frequenter
3262 4834 3439 4889 porro
3472 4819 3544 4899 de
3567 4819 3692 4874 ele-

2023 4835 2195 4899 atque
2218 4835 2472 4895 impetus
2510 4835 2834 4892 popularis.
2869 4835 3233 4944 Frequenter
3262 4835 3439 4889 porro
3472 4835 3544 4874 de
3567 4835 3692 4874 eie-

2023 4902 2216 4953 ctione
2249 4912 2357 4951 sua
2388 4893 2669 4964 conqueri
2702 4891 2854 4945 solet
2884 4892 2992 4944 Am
3042 4890 3535 4964 rosius,exempli
3564 4906 3697 4964 can.

2024 4986 2091 5025 sa
2122 4970 2222 5023 lib.
2255 4985 2274 5020 ι
2305 4967 2379 5022 de
2406 4961 2576 5020 Oilic.
2609 4979 2737 5033 cap.
2772 4964 2824 5031 1,
2860 4977 3019 5033 num.
3052 4962 3105 5030 4,
3137 4961 3244 5016 lib.
3276 4978 3317 5015 ιι
3348 4962 3423 5033 de
3470 4963 3692 5017 I’aanit.

2025 5057 2151 5110 cap.
2178 5040 2231 5108 8,
2264 5054 2424 5093 num.
2471 5037 2559 5103 7:2,
2595 5034 2837 5110 et_alib_i.
2877 5032 3043 5110 Quod
3068 5036 3261 5110 autem
3293 5032 3567 5110 adjungit
3592 5050 3695 5087 or-

2024 5104 2385 5166 diuationem
2424 5123 2593 5162 suam
2620 5107 2693 5160 ab
2725 5104 3112 5160 orientalibus
3156 5104 3458 5174 episcopis
3489 5104 3695 5158 exem-

2024 5185 2121 5254 plo
2154 5178 2833 5254 fuissegcomprobatam,
2860 5176 3152 5254 B_aroniu_s
3185 5179 3242 5254 ent
3271 5176 3373 5254 alii
3398 5180 3536 5254 post
3562 5189 3698 5230 eum

2025 5246 2473 5325 intelligendum
2505 5246 2751 5325 censent
2787 5249 2863 5325 de
2890 5247 3166 5325 Nectario
3193 5246 3695 5325 gonstantinopo-

2026 5317 2247 5393 litano:
2260 5324 2331 5377 de
2354 5339 2469 5394 quo
2494 5320 2641 5375 satis
2673 5319 2904 5375 abunde
2928 5337 2959 5373 a
2976 5319 3149 5375 nobis
3176 5319 3395 5373 dictum
3413 5317 3485 5370 ad
3517 5317 3694 5385 epist.

2027 5397 2113 5451 13.
2149 5411 2308 5450 num.
2340 5395 2393 5449 3.

2455 5463 2875 5538 institutionem
2922 5462 3214 5538 Baronius
3244 5460 3330 5538 ad_
3356 5456 3592 5538 an._328
3624 5456 3697 5511 ab

2027 5531 2288 5595 Eusebio
2322 5542 2442 5592 tum
2476 5536 2687 5590 factam
2720 5539 2944 5603 censet,
2985 5550 3116 5589 cum
3148 5533 3220 5586 ab
3252 5531 3535 5603 ngypto,
3578 5544 3697 5600 quo

2025 5611 2261 5683 legatus
2295 5610 2613 5683 aililomano
2643 5600 3174 5683 Rontillce'missus
3202 5600 3411 5683 fuerat,
3446 5600 3518 5653 ad
3548 5614 3699 5683 suos

2026 5671 2218 5738 rediit.
2238 5682 2355 5737 Sed
2401 5696 2535 5736 cum
2564 5678 2918 5733 Ambrosius
2946 5690 3065 5729 non
3078 5672 3498 5743 monachorum
3516 5671 3703 5743 IEgy-

2065 5756 2313 5825 tiorum,
2359 5757 2422 5808 ut
2464 5751 2756 5806 Baronius
2799 5746 3018 5802 asserit
3043 5744 3151 5800 sed
3193 5742 3360 5815 Elite,
3394 5742 3703 5798 Elismi’ac

2022 5772 2305 5889 gaptistae
2350 5822 2642 5889 exemplis
2671 5819 2997 5879 Eusebium
3026 5816 3268 5875 ductum
3297 5818 3603 5888 memoret,
3639 5816 3703 5881 ut

2074 5816 2309 5904 aptistae
2350 5822 2642 5900 exemplis
2671 5819 2997 5879 Eusebium
3026 5816 3268 5875 ductum
3297 5818 3603 5888 memoret,
3639 5816 3704 5881 ut

3219 5956 3292 6034 60
