4060 6178
475 457 637 524 1259

1920 463 1986 528 S.
2033 459 2477 532 AMBROSII.

3725 483 3854 550 1260

476 659 599 713 tuta
629 657 1058 716 monachorum
1081 664 1330 734 teneret,
1364 665 1421 719 et
1451 662 1783 721 Ecclesiam
1811 670 2049 740 regeret
2060 667 2157 740 je-
2185 655 2242 720 Α
2270 686 2485 726 nocere
2516 671 2741 727 sanctis
2772 671 3056 744 nequivit.
3089 673 3182 728 Ira
3211 673 3362 729 enim
3376 674 3550 748 regis,
3579 677 3658 733 ira
3679 679 3852 751 leonis,

471 745 627 820 junii
655 747 1000 805 sobrietate.
1021 751 1266 808 Multum
1305 753 1462 808 enim
1492 753 1814 826 adjumenti
1837 757 2062 811 accedit
2082 759 2156 813 ad

473 837 809 892 sacerdotis
849 839 1120 912 gratiam,
1178 841 1231 896 si
1273 843 1346 897 ad
1378 844 1636 898 studium
1668 845 2062 914 abstinentiae,
2097 850 2155 902 et

472 927 542 980 ad
602 943 869 982 normam
915 929 1275 1002 integritatis
1314 931 1688 1004 juventutem
1733 935 2044 1008 astringat,
2093 941 2150 991 et

470 1021 791 1072 vernantes
837 1018 990 1074 intra
1037 1021 1247 1076 urbem
1293 1021 1527 1078 abdicet
1572 1040 1687 1078 usu
1733 1024 1902 1078 urbis
1943 1025 2058 1096 (9t)
2096 1030 2152 1080 et

470 1108 944 1163 conversatione.

538 1249 629 1305 67.
665 1251 818 1305 Hinc
866 1251 952 1306 illi
992 1259 1422 1322 processerunt
1467 1254 1602 1324 viri,
1649 1253 1832 1326 Elias,
1867 1255 2144 1326 Elismus,

465 1337 752 1408 Joannes,
776 1338 1084 1395 Elisabeth
1115 1341 1248 1411 (92),
1282 1343 1380 1414 qui
1401 1343 1670 1414 pelliceis
1707 1344 1924 1398 tunicis
1954 1349 2010 1399 et
2045 1361 2147 1399 ca-

465 1427 654 1498 prinis
685 1429 920 1483 exuviis
951 1429 1159 1500 induti,
1193 1431 1402 1503 inopes
1435 1437 1610 1504 atque
1631 1437 1900 1506 egentes,
1923 1449 2148 1506 angus-

462 1515 564 1570 tiis
597 1519 654 1572 et
684 1517 991 1573 doloribus
1033 1518 1255 1590 afflicti,
1301 1521 1362 1575 in
1407 1521 1826 1576 solitudinibus
1871 1521 2146 1577 errabant

463 1605 617 1661 inter
645 1605 762 1662 alta
799 1611 857 1662 et
885 1608 1187 1664 condensa
1217 1610 1522 1680 montium,
1544 1610 1700 1665 invia
1732 1611 1986 1682 rupium,
2015 1627 2145 1682 spe-

462 1693 773 1750 luncarum
809 1695 1052 1751 horrida
1080 1697 1216 1768 (93),
1263 1699 1570 1754 fovearum
1611 1699 1858 1769 vadosa,
1891 1715 2145 1772 quorum

463 1784 918 1839 conversatione
949 1785 1170 1857 dignus
1187 1786 1354 1842 orbis
1373 1791 1666 1842 terrarum
1680 1804 1798 1843 non
1817 1792 1963 1843 erat.
1991 1789 2143 1844 Hinc

460 1869 548 1924 illi
578 1871 806 1941 Daniel,
823 1872 1107 1941 Ananias,
1129 1875 1375 1929 Azarias
1396 1917 1410 1945 ,
1435 1875 1663 1944 Misael,
1679 1877 1780 1948 qui
1801 1877 1862 1932 in
1892 1877 2024 1932 aula
2051 1893 2144 1933 re-

459 1959 559 2032 gia
588 1960 1008 2032 pascebantur,
1037 1961 1274 2034 jejunio
1297 1963 1606 2020 alebantur
1635 1968 1911 2036 tanquam
1939 1966 2000 2021 in
2031 1967 2139 2022 de-

458 2048 662 2118 sertis,
697 2049 832 2104 cibo
861 2065 1102 2121 aspero,
1125 2053 1384 2122 potuque
1407 2052 1606 2108 obvio.
1639 2053 1966 2126 Meritoque
1988 2055 2138 2128 regii

459 2136 691 2193 servuli
738 2138 946 2211 regnis
975 2139 1416 2209 praevaluerunt
1455 2141 1590 2211 (94),
1639 2145 1699 2198 et
1742 2144 2137 2215 captivitatem

457 2225 718 2282 decusso
742 2225 896 2300 jugo
926 2231 1408 2299 contempserunt
1432 2271 1446 2299 ,
1494 2235 1821 2300 potestates
1873 2235 2136 2306 subege-

457 2317 612 2386 runt,
646 2315 936 2372 elementa
968 2317 1258 2387 vicerunt,
1309 2321 1580 2374 naturam
1611 2320 1772 2393 ignis
1818 2323 2130 2378 exstinxe-

454 2409 613 2476 runt,
646 2405 1000 2462 hebetarunt
1019 2407 1308 2477 ﬂammas,
1333 2407 1689 2464 obtuderunt
1717 2410 1906 2465 aciem
1926 2412 2130 2484 gladii,

456 2495 827 2550 strinxerunt
873 2495 1112 2550 leonum
1150 2511 1299 2566 ora;
1349 2500 1404 2552 et
1453 2497 1554 2552 ubi
1595 2497 1954 2554 infirmiores
2003 2501 2133 2555 ﬁeri

456 2583 923 2654 mstimabantur,
955 2585 1038 2639 ibi
1071 2585 1352 2641 fortiores
1380 2586 1838 2657 reperiebantur
1861 2604 1874 2644 :
1898 2605 2016 2644 non
2030 2605 2131 2644 re-

455 2671 764 2745 fugiebant
792 2672 1049 2728 ludibria
1094 2673 1370 2743 humana,
1420 2675 1557 2746 quia
1606 2676 1872 2732 caelestia
1919 2693 2131 2749 spera-

453 2759 597 2815 bant
643 2761 934 2832 praemia:
987 2777 1104 2816 non
1154 2762 1475 2818 horrebant
1520 2765 1801 2821 tenebras
1846 2767 2126 2837 carceris,

455 2849 675 2920 quibus
705 2850 913 2905 aeterni
952 2849 1192 2906 luminis
1223 2852 1414 2924 gratia
1451 2853 1804 2927 refulgebat.

523 2989 614 3048 68.
645 2992 772 3048 Hos
797 2997 1040 3049 secutus
1060 2993 1359 3050 Eusebius
1381 2999 1626 3051 sanctus
1658 2997 1842 3054 exivit
1863 2999 1936 3055 de
1967 3003 2128 3056 terra

455 3095 584 3152 sua,
604 3084 661 3136 et
688 3081 761 3137 de
792 3083 1145 3156 cognatione
1176 3099 1306 3154 sua,
1347 3087 1403 3140 et
1434 3085 1760 3142 domestico
1793 3089 1911 3144 otio
1960 3105 2126 3160 pere-

453 3171 848 3242 grinationem
878 3173 1154 3244 praetulit.
1189 3174 1305 3229 Pro
1337 3173 1451 3229 fide
1483 3191 1718 3248 quoque
1745 3178 1936 3243 1039
1971 3179 2128 3233 exsi-

453 3259 517 3316 lii
533 3260 678 3316 dura
696 3265 1044 3334 pranptavit
1064 3270 1237 3338 atque
1256 3267 1454 3340 elegit,
1476 3269 1795 3341 conjuncto
1815 3269 1932 3323 sibi
1955 3285 2126 3323 sanc-

452 3354 528 3405 tae
559 3353 864 3408 memoriae
896 3354 1180 3428 Dionysio
1212 3358 1344 3428 (95),
1378 3359 1480 3429 qui
1509 3358 1853 3429 posthabuit
1881 3357 2127 3429 impera-

2268 766 2330 816 ut
2359 761 2417 816 in
2449 761 2792 822 Proverbiis
2824 761 3010 817 habes
3039 762 3245 825 (Prov.
3279 780 3397 831 xxx,
3430 763 3532 833 12).

2339 851 2426 905 69.
2459 850 2792 906 Confessus
2837 855 2928 905 est
2971 851 3190 906 victum
3243 867 3308 906 se
3347 867 3498 922 esse,
3541 854 3634 925 qui
3657 859 3856 928 rogabat

2264 943 2326 994 ut
2349 943 2647 995 mutarent
2680 941 3027 996 sententiam
3061 956 3074 994 :
3112 941 3218 994 sed
3264 941 3345 994 illi
3389 937 3706 998 validiorem
3740 947 3857 1000 calao

2265 1045 2423 1084 mum
2461 1045 2634 1084 suum
2669 1029 2882 1083 ferreis
2934 1029 3150 1100 gladiis
3184 1029 3618 1086 arbitrabantur.
3646 1033 3853 1106 Denique

2264 1118 2567 1172 vulnerata
2597 1123 2688 1172 est
2718 1118 2985 1188 perfidia,
3019 1122 3080 1172 ut
3109 1119 3422 1188 occideret,
3457 1135 3563 1173 non
3591 1125 3674 1174 est
3699 1123 3856 1177 vulne-

2265 1209 2390 1262 rata
2439 1210 2780 1261 sanctorum
2828 1207 2978 1262 fides
3011 1223 3023 1262 :
3062 1223 3179 1262 non
3223 1207 3621 1263 desiderarunt
3659 1211 3852 1278 patrium

2264 1295 2624 1366 sepulcrum,
2671 1295 2890 1367 quibus
2935 1295 3358 1351 reservabatur
3393 1296 3623 1351 caeleste
3661 1297 3852 1354 domici-

2261 1385 2424 1440 lium.
2463 1384 2827 1440 Erraverunt
2855 1388 2976 1440 toto
3008 1385 3183 1454 orbe,
3235 1388 3299 1440 ut
3342 1384 3484 1439 nihil
3529 1385 3794 1457 habentes,
3814 1393 3852 1444 et

2261 1473 2642 1544 possidentes
2666 1473 2858 1528 omnia
2878 1473 2964 1543 (II
2982 1472 3118 1528 Cor.
3137 1489 3217 1542 VI,
3239 1471 3352 1543 10).
3369 1472 3706 1546 Quoeunque
3729 1477 3852 1531 missi

2263 1566 2496 1633 essent,
2529 1561 2698 1617 locus
2740 1562 3089 1617 deliciarum
3130 1562 3479 1634 putabatur;
3530 1577 3704 1634 neque
3742 1565 3853 1620 enim

2259 1650 2379 1706 illis
2411 1650 2732 1722 quidquam
2763 1651 2983 1721 deerat,
3017 1649 3237 1722 quibus
3270 1651 3421 1706 fides
3450 1651 3695 1722 locuples
3719 1652 3853 1707 abun-

2260 1739 2454 1794 dabat.
2490 1739 2756 1810 Denique
2787 1739 3228 1810 locupletabant
3257 1739 3440 1808 alios,
3472 1739 3584 1810 ipsi
3610 1740 3783 1812 inopes
3802 1741 3852 1796 ad

2256 1831 2553 1899 sumptum
2585 1827 2764 1898 Opimi
2809 1828 2882 1882 ad
2914 1827 3184 1900 gratiam.
3219 1827 3630 1898 Tentabantur,
3659 1829 3749 1884 sed
3770 1845 3852 1884 non

2255 1916 2784 1988 mortiﬁcabantur,
2817 1918 2875 1971 in
2903 1916 3176 1988 jejuniis,
3229 1917 3293 1971 in
3324 1917 3639 1987 laboribus,
3679 1918 3729 1972 in
3751 1932 3850 1972 cus-

2254 2006 2453 2076 todiis,
2487 2006 2546 2060 in
2579 2006 2826 2078 vigiliis.
2863 2005 3198 2061 Evaserunt
3241 2005 3316 2062 de
3366 2006 3680 2062 inﬁrmitate
3716 2007 3849 2061 fortes

2255 2094 2467 2164 (Hebr.
2502 2111 2582 2164 xi,
2616 2094 2730 2164 34).
2783 2094 2916 2149 Non
2963 2095 3394 2166 exspectabant
3438 2096 3748 2150 deliciarum
3771 2094 3852 2148 ille-

2255 2184 2490 2253 cebras,
2528 2199 2679 2255 quos
2714 2183 3028 2256 saginabat
3073 2184 3264 2240 fames
3301 2200 3314 2240 :
3357 2201 3472 2240 non
3508 2184 3848 2240 adurebateos

2251 2272 2472 2327 torrida
2517 2277 2730 2342 aestas,
2780 2273 3002 2344 quibus
3042 2272 3446 2346 refrigerabat
3501 2277 3716 2328 aeternae
3748 2287 3846 2343 spes

2246 2361 2462 2434 gratiae
2495 2377 2509 2416 :
2532 2377 2649 2416 non
2671 2361 3028 2434 frangebant
3048 2360 3329 2434 glacialis
3345 2362 3535 2435 plagae
3553 2361 3743 2435 frigida
3758 2360 3848 2432 (Ἦ),

2249 2449 2468 2520 quibus
2499 2449 2751 2505 ferventi
2791 2449 3003 2521 spiritu
3031 2451 3324 2506 vernabat
3347 2452 3576 2507 devotio
3609 2467 3620 2506 :
3648 2467 3747 2506 non
3775 2464 3848 2503 ve-

2246 2539 2531 2593 rebantur
2558 2538 2795 2593 vincula
2841 2539 3174 2611 hominum,
3215 2555 3376 2612 quos
3405 2540 3582 2596 Jesus
3608 2539 3845 2596 solverat:

2247 2643 2366 2683 non
2396 2628 2813 2684 desiderabant
2833 2629 3042 2684 redimi
3065 2645 3098 2684 a
3115 2633 3326 2702 morte,
3359 2631 3459 2704 qui
3486 2629 3850 2702 praesumebant

2245 2732 2278 2770 a
2309 2717 2546 2774 Christo
2576 2719 2946 2775 resuscitari.

2315 2807 2404 2861 '70.
2439 2807 2705 2879 Denique
2754 2811 3000 2862 sanctus
3039 2807 3369 2880 Dionysius
3414 2809 3604 2882 exegit
3637 2808 3784 2877 votis,
3806 2807 3849 2858 ut

2243 2894 2304 2950 in
2334 2895 2546 2951 exsilio
2577 2901 2757 2950 vitam
2776 2899 3044 2967 poneret,
3071 2913 3144 2952 ne
3175 2913 3502 2970 regressus
3534 2896 3753 2953 confusa
3767 2896 3851 2948 ins-

2243 2985 2430 3040 titutis
2463 3001 2571 3040 seu
2603 3002 2717 3040 usu
2746 2986 3072 3045 infidelium
3102 2987 3303 3042 studia
3323 2988 3515 3058 plebis
3541 2991 3634 3042 aut
3661 2985 3776 3041 cieri
3793 2985 3851 3037 in-

2239 3075 2470 3130 veniret
2499 3091 2512 3130 :
2551 3075 2880 3147 meruitque
2912 3075 3062 3131 hanc
3093 3077 3349 3149 gratiam
3368 3079 3431 3132 ut
3458 3092 3651 3148 pacem
3669 3071 3847 3130 Domini

2239 3164 2554 3236 tranquillo
2586 3162 2798 3219 affectu
2831 3179 3035 3220 secum
3079 3165 3353 3222 referret.
3403 3166 3596 3238 Itaque
3623 3169 3679 3220 ut
3703 3163 3848 3218 Euse-

2237 3254 2636 3310 biussanctus
2689 3253 2854 3325 prior
2891 3254 3109 3310 levavit
3141 3255 3430 3310 vexillum
3477 3251 3852 3318 confessionis,

2240 3343 2317 3398 ita
2360 3344 2572 3398 beatus
2604 3343 2926 3416 Dionysius
2957 3345 3017 3398 in
3055 3344 3254 3399 exsilii
3297 3345 3450 3400 locis
3481 3345 3654 3417 priori
3679 3345 3848 3412 marty-

451 3403 930 3496 to'risiamicitiam
945 3403 1159 3500 exsilio
1177 3403 1754 3519 voluntariofltaque
1767 3403 2125 3502 memorabi-
2157 3403 2207 3466 Ο
2239 3433 2408 3488 ribus
2440 3433 2552 3504 (98)
2582 3421 2750 3488 “uno
2781 3434 2960 3489 Vitam
2991 3433 3311 3490 θκδθῙθνίῑο

449 3527 540 3584 les
558 3529 668 3584 viri
691 3530 1036 3587 circumdati
1053 3535 1256 3606 armis,
1276 3535 1475 3592 vallati
1496 3537 1779 3605 exercitu,
1805 3551 1939 3590 cum
1957 3551 2123 3606 rape-

449 3621 655 3674 rentur
682 3619 754 3674 de
785 3619 1054 3676 Ecclesia
1085 3623 1334 3696 majore,
1370 3626 1808 3698 triumphabant
1837 3626 1909 3681 de
1942 3626 2123 3695 impe-

451 3707 538 3762 rio
571 3723 585 3763 :
620 3709 758 3780 quia
789 3712 1140 3767 contumelia
1173 3715 1442 3769 terrestri
1466 3715 1880 3770 mercabantur
1909 3714 2123 3770 mentis

448 3793 875 3869 fortitudinem,
910 3801 1082 3873 regni
1101 3804 1438 3873 potentiam,
1465 3804 1683 3876 quibus
1703 3804 1975 3858 militaris
1997 3819 2124 3858 ma-

447 3897 563 3938 nus
594 3882 705 3956 (96)
736 3902 1032 3943 armorum
1063 3892 1350 3961 strepitus
1385 3897 1742 3965 extorquere
1786 3909 1904 3948 non
1935 3892 2125 3965 potuit

421 3963 644 4045 fidem,
677 3974 1047 4048 subegerunt
1092 3979 1366 4036 bestialis
1415 3963 1598 4038 animi
1636 3963 1956 4053 feritatem,
1985 3999 2120 4055 quae

445 4115 832 4196 monasticam
859 4117 1038 4196 vitam
1069 4121 1462 4196 conjungeret
1493 4140 1627 4179 cum
1658 4125 1937 4196 clericali,
1972 4124 2120 4180 nihil

443 4186 721 4270 prohibet
749 4191 1067 4270 quominus
1087 4186 1565 4264 conjun'ctionem
1587 4196 1738 4251 hanc
1768 4213 1836 4252 ea
1865 4186 2108 4270 legatio-

443 4273 518 4314 ne
550 4261 810 4319 priorem
840 4261 1214 4319 arbitremur.

515 4330 917 4406 (9l)l\_lonnulli
947 4350 1120 4406 mss.,
1158 4357 1180 4382 α
1217 4335 1470 4392 abducat
1505 4354 1620 4393 usu
1647 4338 1837 4394 urbis.
1877 4363 1898 4387 η

514 4401 626 4476 (92)
659 4402 808 4458 Mss.
839 4405 1081 4476 aliquot,
1105 4401 1114 4406 ’
1135 4410 1192 4462 et
1219 4408 1358 4464 edit.
1412 4411 1581 4465 Rom.
1617 4411 1887 4464 omittunt
1915 4409 2118 4466 Elisa-

440 4471 632 4529 betb':
668 4480 726 4529 at
757 4471 1103 4554 omissionis
1151 4495 1392 4554 causam
1441 4485 1716 4551 putamus
1764 4497 1923 4554 esse,
1958 4484 2116 4554 quod

441 4558 572 4622 eam
601 4561 809 4622 vorem
836 4548 902 4622 in
932 4549 1216 4622 gignendi
1251 4568 1396 4607 casu
1425 4548 1678 4622 positam
1709 4569 1822 4606 non
1841 4548 2109 4619 adverte-

437 4618 612 4696 runt;
644 4617 850 4696 phrasi
879 4617 1035 4675 enim
1065 4621 1292 4692 Graeca,
1349 4648 1371 4672 υ
1427 4617 1689 4679 ῖῐυειιωθε
1722 4617 2051 4696 Elisabeth,
2087 4650 2109 4675 υ

441 4687 650 4756 supple
680 4689 862 4745 filius.

510 4757 622 4834 (93)
655 4759 802 4834 Mss.
835 4763 1124 4834 nonnulli,
1165 4787 1187 4812 α

509 4827 622 4911 (94)
843 4834 1084 4911 Amerb.
1111 4827 1296 4907 atque
1329 4837 1522 4911 Eras.,
1553 4839 1774 4911 «aregis
1793 4837 2116 4908 praevalue-

438 4901 596 4953 runt.
635 4923 664 4982 »Δ
693 4901 824 4982 Qill.
859 4921 928 4982 ac
963 4907 1156 4976 ltom.,
1185 4901 1217 4954 εἴ
1243 4910 1372 4982 regi
1393 4901 1866 4980 prmi/aluerunt;
1905 4931 1926 4956 α
1961 4926 2110 4965 mss.

437 4983 580 5023 vero
611 4973 672 5024 ut
703 4972 760 5024 in
788 4975 971 5030 textu.

507 5041 620 5110 (95)
669 5041 1172 5107 Quemadmodum
1235 5049 1536 5106 Eusebius
1582 5051 1983 5107 Vercellensis
2041 5068 2110 5107 ac

435 5110 760 5193 Dionysius
811 5116 1270 5193 Medialanensis
1317 5129 1628 5193 propterea
1675 5124 1734 5177 in
1775 5123 2047 5177 exsilium
2079 5140 2112 5177 a

433 5181 678 5266 Valente
707 5185 1060 5266 imperatore
1091 5181 1516 5266 pulsifueriht,
1551 5195 1706 5264 quod
1739 5195 1796 5248 in
1829 5195 2108 5248 Mediola-

432 5259 606 5310 nensi
638 5259 890 5313 concilio
921 5259 1333 5318 recusaverint
1373 5259 1682 5320 Athanasii
1715 5266 2104 5320 subscribere

433 5327 941 5406 condemnationi,
959 5332 1219 5406 explicat
1249 5336 1612 5390 Athanasius
1657 5337 1786 5406 ipse
1831 5337 1890 5391 in
1933 5336 2106 5406 epist.

430 5391 504 5479 ad
537 5399 868 5479 Solitarips,
897 5391 1157 5457 Hilarius
1179 5410 1442 5479 extrema
1471 5409 1642 5477 epist.
1677 5391 1750 5462 ad
1781 5391 2106 5479 Constant,

427 5467 725 5547 Socrates,
758 5467 1142 5542 Soiomenus,
1176 5475 1340 5547 Sulp.
1376 5467 1661 5547 Severus,
1698 5483 1754 5534 et
1787 5479 1906 5533 alii.

501 5541 614 5613 (96)
647 5541 748 5600 lta.
785 5562 935 5600 mss.
970 5541 1156 5618 prope
1188 5547 1260 5601 ad
1286 5541 1472 5604 unum
1508 5566 1520 5606 :
1555 5541 1694 5606 edit.
1728 5561 1870 5604 vero
1900 5549 2105 5607 dictio-

427 5627 799 5690 nem_m§nus
825 5633 942 5690 non
973 5619 1400 5690 agnoscebant.

497 5685 612 5754 (9'7)
644 5687 813 5765 139m.
847 5688 986 5744 edit.
1014 5685 1078 5744 at
1100 5706 1248 5765 mss.
1275 5691 1518 5765 aliquot,
1543 5715 1564 5739 «
1583 5691 2100 5765 quos...gloriee...

425 5755 621 5836 plagae
653 5757 923 5836 frigora;
981 5783 1002 5808 ι)
1057 5764 1172 5817 vet.
1222 5755 1402 5834 editf,
1433 5786 1456 5812 «
1503 5755 1750 5836 quos...
1798 5755 2101 5834 g'ratieeuu

423 5825 984 5953 ξὲαὲἓηὲιὲᾁὲάἰιαὲς
1021 5854 1043 5882 »ι
1079 5848 1229 5890 mss.
1267 5825 1462 5893 autem
1492 5825 1709 5910 magno
1740 5825 2008 5910 nu'mero,
2041 5839 2105 5895 ut

423 5911 487 5963 ιη
516 5909 812 5958 contextu.

1228 4765 1644 4835 speluncarum
1675 4766 1907 4821 horrea.
1949 4791 1970 4814 »

2308 3522 2397 3577 ⁵⁵11.
2434 3522 2578 3577 Ηωο
2607 3523 2790 3596 igitur
2818 3524 3096 3594 patientia
3143 3525 3204 3578 in
3252 3527 3464 3581 sancto
3503 3523 3736 3598 Eusebio
3759 3535 3846 3575 mo-

2237 3611 2483 3666 nasterii
2513 3612 2730 3667 coaluit
2759 3628 2898 3682 usu,
2931 3617 2989 3667 et
3016 3613 3279 3670 durioris
3312 3611 3726 3671 observationis
3751 3624 3846 3664 con-

2237 3701 2552 3756 suetudine
2582 3701 2781 3756 hausit
2796 3701 3065 3758 laborum
3087 3702 3478 3760 tolerantiam.
3499 3703 3738 3774 Namque
3753 3699 3846 3753 hac

2235 3790 2352 3845 duo
2383 3790 2444 3844 in
2474 3791 2784 3846 attentiore
2805 3789 3281 3848 Christianorum
3302 3793 3609 3849 devotione
3625 3791 3848 3862 prmstan-

2235 3880 2386 3936 tiora
2413 3895 2554 3935 esse
2585 3880 2722 3952 quis
2753 3881 3032 3954 ambigat,
3059 3881 3420 3942 clericorum
3451 3881 3656 3951 ofﬁcia,
3687 3881 3735 3934 et
3757 3890 3846 3930 mo-

2235 3968 2562 4025 nachorum
2598 3969 2910 4026 instituta?
2950 3971 3070 4026 Ista
3102 3971 3175 4026 ad
3211 3972 3672 4028 commoditatem
3697 3966 3846 4038 (99)et

2304 4110 2416 4183 (98)
2459 4112 2679 4186 Omnes
2726 4113 2864 4186 edit.
2907 4118 2964 4168 et
3009 4130 3160 4184 mss,
3211 4115 3520 4186 nonnulli,
3575 4138 3595 4162 -
3624 4105 3844 4186 propiori

2231 4179 2590 4264 martyribus
2622 4185 2904 4264 (quidam,
2934 4179 3443 4264 martyrii)_titulo_
3474 4179 3548 4264 τί»
3591 4179 3841 4264 aliiniultq

2229 4251 2456 4326 plures,
2485 4251 2704 4328 priori,
2737 4251 3064 4328 etc.,'quod
3088 4251 3304 4330 imagis
3347 4259 3590 4330 videtur,
3612 4251 3842 4330 huiclocq

2232 4327 2586 4400 congruere,
2634 4333 2696 4382 ut
2725 4327 2968 4384 cruento
2999 4329 3107 4383 sed
3137 4327 3310 4384 brevi
3357 4329 3630 4400 martyrio
3659 4327 3841 4400 datum!

2229 4391 2428 4472 exsilii
2461 4391 2700 4472 labores
2731 4415 2801 4472 ac
2833 4400 3141 4472 molestiae,
3176 4401 3237 4454 in
3259 4401 3480 4472 quibus
3511 4391 3677 4472 vitam
3702 4391 3843 4472 finitit
3953 4437 3955 4466 ξ

2229 4469 2574 4544 Dionysius,
2607 4470 3019 4544 praeferantur.
3071 4466 3224 4544 Ejus
3259 4466 3442 4542 porro
3475 4471 3684 4544 obitum
3711 4466 3842 4544 iane}.-

2227 4531 2407 4615 vitate
2428 4531 2791 4615 _Retr§_ie_nsi
2826 4531 3148 4612 provinciae
3191 4531 3578 4614 Cappadociae
3605 4554 3739 4594 anno
3763 4531 3836 4615 ξπ

2225 4613 2444 4689 ve13'l4
2475 4613 2724 4689 VIII‘EQL
2737 4613 2884 4689 _J_un.
2908 4615 3238 4689 contigisse
3255 4613 3588 4689 memorant
3606 4613 3840 4689 Barpnws

2225 4685 2296 4737 ad
2329 4699 2546 4738 annum
2575 4684 2700 4756 375,
2737 4684 3031 4756 Ughellus
3063 4681 3220 4740 t'omo
3253 4685 3350 4754 IV,
3383 4690 3440 4740 et
3470 4681 3716 4742 Bollandi
3743 4691 3842 4732 con-

2224 4755 2573 4810 tinuatores.
2607 4755 2772 4820 Quod
2804 4755 2998 4812 autem
3028 4758 3100 4811 ad
3123 4757 3470 4824 Eusebium,
3501 4757 3553 4809 is
3581 4756 3636 4807 in
3662 4763 3839 4824 sermo-

2225 4827 2403 4881 nibus
2435 4827 2670 4881 duobus
2717 4829 3018 4883 Ambrosii
3062 4829 3298 4884 nomine
3331 4820 3611 4882 hactenus
3639 4820 3839 4890 evulga-

2224 4899 2322 4968 tis,
2355 4914 2506 4969 quos
2547 4898 2942 4972 Ughellusex
2969 4915 3082 4954 ms.
3117 4900 3336 4971 allegat
3365 4903 3494 4972 ante
3511 4910 3686 4972 annos

2225 4974 2286 5045 με
2310 4967 2774 5045 Ριὶιξιβη-εοῐιὶριο,
2801 4971 3018 5045 dicitur
3045 4972 3197 5026 inter
3225 4967 3521 5026 cruciatus
3549 4969 3624 5045 ab.
3646 4967 3837 5045 Arianis

2222 5031 2338 5117 ipsi
2371 5031 2676 5117 adhibitos
2720 5031 3089 5117 exspirasse.
3141 5045 3410 5098 Attamen
3439 5031 3838 5117 -verisimil‘e,lu‘l

2223 5105 2516 5166 Baronius
2566 5112 2638 5165 ad
2684 5105 2972 5168 enm-8'11
3023 5115 3322 5181 observat,
3374 5113 3602 5167 minime
3644 5105 3836 5181 videtur

2223 5184 2604 5261 Ambrosium
2650 5184 2763 5261 hoc
2791 5184 2934 5261 loco
2964 5186 3040 5261 id_
3068 5185 3162 5241 vel
3205 5169 3736 5261 praetermissurum,
3763 5169 3835 5261 τίς]

2224 5256 2553 5328 secundum
2583 5259 2700 5328 vet.
2737 5256 2875 5311 edit.
2910 5255 3223 5312 lectionem
3255 5255 3532 5328 Dionysio
3561 5255 3765 5328 priores
3790 5255 3835 5328 ll)

2225 5325 2550 5380 Eusebium
2607 5327 2935 5401 delaturum
2991 5329 3220 5400 fuisse,
3281 5329 3332 5401 si
3385 5317 3580 5401 hujus:
3601 5317 3832 5401 Θξξίίξιξφ

2221 5401 2502 5452 cruentus
2551 5399 2746 5454 exitus
2795 5405 3166 5455 coronasset.
3207 5387 3323 5456 Sed
3369 5387 3501 5452 alibi
3541 5394 3606 5449 de
3656 5387 3831 5444 iisdem

2217 5469 2336 5544 illis
2369 5471 2749 5544 sermonibus
2781 5487 2850 5526 ac
2882 5471 2953 5526 de
3000 5475 3249 5544 utroque
3293 5471 3494 5526 sancto
3531 5461 3829 5522 confessore

2216 5539 2430 5595 dicturi
2463 5557 2693 5598 sumus.

2288 5612 2401 5694 (99)
2431 5611 2650 5668 Omnes
2680 5615 2818 5670 edit.
2852 5629 2920 5694 ac
2945 5613 3288 5694 paucimss.
3315 5635 3337 5660 α
3370 5606 3822 5694 ad_comitatea‘lu;_§

2217 5673 2315 5739 alii
2347 5673 2696 5760 vero_m_ss.,
2746 5673 2970 5758 majori
3002 5701 3286 5756 numero,
3323 5707 3344 5732 ιι
3395 5684 3465 5738 ad
3511 5673 3827 5760 ᾳοξιξξηράξξθ·

2218 5762 2372 5833 tem,
2395 5781 2418 5806 »
2451 5748 2730 5812 nimirum
2763 5763 2825 5812 ut
2841 5748 3821 5833 'proximoruminecessitatibusﬂ‘

2215 5813 2457 5899 serviat,
2475 5833 2612 5884 etse
2641 5813 3046 5885 accommodet
3078 5845 3090 5885 :
3125 5829 3216 5884 sic
3237 5828 3404 5884 etiam
3425 5821 3694 5886 moralitas
3706 5813 3818 5874 Αω·

2213 5900 2420 5962 brosio
2449 5901 2607 5962 idem
2637 5903 2732 5962 est
2759 5915 2830 5961 ac
2857 5915 3090 5964 morum
3123 5900 3390 5962 facilitas.

3951 4589 3953 4661 ι

3949 4697 3952 4800 Ι
