4070 6180
350 447 504 512 1261

1523 438 2136 510 EPISTOLARUM
2174 393 2521 508 'CLASSIS
2566 443 2614 508 1.
2696 401 2703 421 ’

3637 442 3794 512 1262

345 631 737 702 moralitatem
768 645 1098 716 disciplina,
1135 647 1232 701 illa
1254 647 1325 700 ad
1359 647 1776 701 abstinentiam
1807 663 2017 701 assue-
2043 628 2101 688 Α
2130 645 2350 700 minum
2385 646 2700 717 baptizavit
2741 647 2816 716 (“2}
2857 647 3022 716 (Luc.
3057 665 3138 715 ιιι,
3181 646 3234 715 2,
3267 646 3392 716 21);
3427 649 3483 701 et
3514 650 3794 701 constan-

347 736 503 790 facta
526 739 698 806 atque
728 736 1097 806 patientiam:
1130 735 1258 790 haec
1291 736 1451 790 velut
1482 736 1537 788 in
1572 736 1824 806 quodam
1855 737 2016 790 thea-

348 829 460 895 tro,
484 826 585 879 illa
616 827 672 878 in
697 829 928 879 secreto
955 841 966 879 :
1005 830 1307 894 spectatur
1327 827 1462 896 ista,
1489 826 1584 878 illa
1609 827 2012 880 absconditur.

349 915 489 970 Ideo
535 905 730 969 1040
761 917 954 969 bonus
996 916 1212 970 athleta
1243 917 1355 970 ait:
1407 939 1426 962 ει
1471 915 1884 985 Spectaculum
1927 916 2016 969 fa-

349 1005 426 1059 cti
469 1021 677 1058 sumus
718 1004 854 1082 huic
890 1005 1107 1058 mundo
1140 1010 1194 1058 et
1230 1005 1460 1076 angelis
1493 1005 1546 1075 (1
1575 1005 1708 1060 Cor.
1748 1023 1827 1074 1v,
1868 1005 1945 1074 9).
1988 1029 2010 1053 ιι

349 1094 580 1166 Dignus
613 1109 757 1147 sane
788 1094 887 1164 qui
912 1098 1282 1162 spectaretur
1303 1096 1373 1148 ab
1407 1095 1658 1166 angelis,
1685 1111 1817 1149 cum
1840 1095 2016 1148 lucta-

347 1187 534 1254 retur,
568 1187 630 1236 ut
662 1183 734 1236 ad
763 1182 983 1237 Christi
1013 1185 1286 1238 bravium
1307 1185 1643 1254 perveniret
1669 1200 1682 1252 ;
1717 1200 1849 1238 cum
1881 1200 2013 1238 cer-

350 1276 519 1341 taret,
553 1272 703 1326 utin
741 1273 919 1327 terris
957 1273 1135 1326 vitam
1175 1274 1524 1344 angelorum
1561 1273 1911 1343 institueret,
1955 1274 2014 1327 in

349 1361 498 1416 coelo
522 1361 841 1432 nequitiam
863 1362 1213 1434 angelorum
1236 1361 1560 1417 refelleret:
1589 1363 2016 1416 colluctabatur

348 1451 504 1505 enim
552 1451 832 1522 nequitiis
883 1452 1270 1521 spiritalibus.
1319 1452 1528 1506 Merito
1576 1452 1832 1506 mundus
1881 1468 2014 1506 cum

349 1541 673 1610 spectabat,
706 1544 769 1594 ut
799 1540 1055 1596 mundus
1086 1541 1430 1595 imitaretur.

419 1629 507 1683 '72.
561 1629 704 1683 Haec
749 1645 896 1702 ergo
946 1630 1065 1684 vita
1101 1629 1160 1684 in
1199 1630 1410 1700 stadio,
1452 1630 1553 1685 illa
1593 1632 1652 1684 in
1692 1630 2010 1701 spelunca:

347 1717 479 1774 haec
519 1719 812 1773 adversus
855 1719 1266 1775 confusionem
1305 1720 1534 1790 swculi,
1577 1720 1671 1774 illa
1719 1720 2014 1775 adversus

349 1808 546 1863 carnis
579 1809 1004 1878 appetentiam:
1039 1809 1168 1864 haec
1201 1809 1553 1880 subjiciens,
1578 1809 1676 1863 illa
1708 1809 2014 1882 refugiens

349 1897 618 1968 corporis
651 1898 1023 1968 voluptates:
1066 1899 1195 1954 haec
1229 1898 1477 1971 gratior,
1508 1898 1606 1952 illa
1637 1899 1847 1954 tutior:
1885 1898 2013 1953 haec
2047 1937 2098 1998 Β

348 2003 416 2042 se
446 1987 637 2058 ipsam
667 2003 916 2060 regens,
946 1987 1044 2042 illa
1076 1993 1264 2042 semet
1295 1988 1485 2059 ipsam
1516 2004 1800 2044 coercens
1827 2005 1837 2042 :
1864 1993 2018 2042 utra-

349 2092 462 2147 que
503 2081 698 2131 tamen
731 2092 798 2131 se
831 2077 1156 2148 abnegans,
1192 2080 1254 2132 ut
1286 2077 1382 2132 ﬁat
1422 2076 1663 2148 Christi,
1708 2078 1844 2148 quia
1875 2094 2016 2148 per-

348 2163 522 2220 fectis
561 2165 780 2220 dictum
811 2168 939 2220 est:
989 2188 1010 2213 α
1046 2164 1154 2230 Qui
1195 2165 1318 2220 vult
1348 2169 1482 2235 post
1521 2183 1614 2220 mc
1653 2166 1875 2235 venire,
1909 2167 2016 2219 ab-

349 2257 527 2326 neget
560 2270 625 2308 se
658 2255 854 2324 ipsum
885 2254 1021 2325 sibi,
1057 2259 1112 2309 et
1144 2254 1304 2308 tollat
1336 2271 1575 2309 crucem
1606 2271 1794 2324 suam,
1828 2260 1884 2309 et
1915 2272 2016 2309 se-

349 2347 565 2414 quatur
593 2360 685 2398 me
713 2343 954 2413 (Matth.
988 2361 1106 2414 xvx,
1139 2344 1252 2414 24).
1291 2368 1311 2392 »ι
1348 2344 1625 2415 Sequitur
1655 2359 1799 2416 ergo
1839 2343 2015 2398 Chri-

349 2437 528 2503 stum,
577 2433 678 2503 qui
716 2436 912 2503 potest
955 2433 1193 2489 dicere:
1250 2456 1271 2480 ιι
1323 2433 1471 2487 Vivo
1517 2437 1711 2487 autem
1744 2431 1868 2504 jam
1899 2449 2014 2487 non

349 2536 483 2593 ego,
518 2521 664 2575 vivit
692 2538 835 2576 vero
866 2522 926 2576 in
957 2537 1050 2576 me
1078 2521 1356 2577 Christus
1386 2521 1604 2591 (Galat.
1640 2539 1700 2591 ιι,
1733 2522 1842 2592 20).
1884 2546 1904 2570 ιι

418 2610 506 2665 ’73.
541 2610 809 2683 Negabat
843 2627 908 2666 se
940 2612 1182 2682 Paulus,
1217 2628 1352 2666 cum
1383 2613 1582 2666 sciens
1615 2613 1750 2682 quia
1779 2611 2016 2666 vincula

350 2704 406 2754 et
446 2700 855 2755 tribulationes
897 2717 1032 2756 eum
1073 2704 1378 2755 manerent
1417 2701 1476 2754 in
1517 2701 1872 2770 Jerusalem,
1906 2717 2015 2755 vo-

345 2787 638 2843 luntarius
671 2805 737 2844 se
770 2789 1009 2845 offerret
1037 2790 1339 2860 periculis,
1375 2790 1609 2845 dicens:
1649 2811 1670 2841 «
1707 2790 1830 2844 Nec
1863 2789 2014 2843 facio

349 2879 601 2932 animam
632 2895 822 2934 meam
852 2879 1184 2934 chariorem
1217 2880 1381 2948 mihi,
1409 2879 1722 2934 dummodo
1747 2895 2016 2933 consum-

348 2983 501 3022 mem
552 2985 798 3023 cursum
841 2986 1057 3040 meum,
1101 2974 1157 3024 et
1196 2969 1590 3024 ministerium
1621 2969 1810 3037 verbi,
1859 2968 2015 3039 quod

349 3059 551 3126 accepi
582 3074 615 3112 a
646 3059 893 3113 Domino
924 3060 1069 3114 Jesu
1100 3059 1258 3130 (Act.
1285 3076 1383 3129 xx,
1408 3059 1520 3128 24).
1557 3082 1578 3106 ι»
1607 3059 1873 3128 Denique
1906 3058 2015 3111 cir-

351 3149 784 3202 cumstantibus
814 3149 1109 3218 plurimis,
1141 3149 1513 3219 plorantibus
1554 3153 1609 3203 et
1641 3147 2013 3202 obsecranti-

2131 737 2268 790 tiam
2310 735 2429 790 illic
2470 737 2638 805 prius
2675 737 2966 808 exercuit,
3010 740 3071 790 ut
3111 740 3318 806 postea
3357 751 3562 808 regem
3597 737 3795 792 incre-

2129 831 2317 896 paret.

2200 915 2288 969 7'7.
2335 915 2405 970 Et
2447 917 2581 986 quia
2633 916 2704 970 de
2755 917 2944 970 sancti
2985 915 3130 970 Elite
3171 915 3529 970 habitatione
3575 916 3798 971 deserti

2130 1006 2363 1059 nomina
2398 1005 2662 1060 locorum
2700 1023 2815 1060 non
2855 1006 3042 1060 otiosa
3083 1007 3254 1076 quasi
3295 1005 3492 1060 feriati
3531 1006 3797 1076 praeteri-

2127 1093 2342 1163 vimus,
2368 1095 2507 1165 quid
2532 1095 2870 1167 signiﬁcent
2889 1095 3269 1164 repetendum
3290 1096 3544 1150 videtur.
3566 1095 3792 1150 Missus

2126 1187 2218 1236 est
2271 1183 2432 1238 Elias
2481 1185 2553 1238 ad
2603 1187 2923 1240 torrentem
2976 1183 3257 1253 Chorath,
3309 1185 3392 1238 ibi
3443 1201 3576 1240 eum
3630 1185 3798 1239 corvi

2124 1272 2376 1342 alebant,
2412 1289 2582 1328 mane
2612 1290 2823 1345 panem
2853 1272 3198 1343 efferebant,
3245 1265 3429 1329 1041
3470 1275 3542 1328 ad
3585 1290 3798 1345 vespe-

2125 1378 2252 1415 ram
2275 1379 2507 1418 carnes.
2539 1363 2672 1418 Non
2702 1364 2990 1418 immerito
3022 1378 3191 1417 mane
3212 1362 3384 1432 panis
3415 1363 3794 1432 aﬂ‘erebatur,

2125 1453 2263 1522 quia
2303 1453 2609 1507 conﬁrmat
2657 1468 2760 1507 cor
2807 1452 3064 1507 hominis
3105 1451 3294 1523 (Psal.
3338 1468 3466 1519 om,
3519 1451 3629 1522 15).
3670 1453 3796 1518 Quo

2125 1541 2280 1595 enim
2315 1543 2446 1596 cibo
2482 1542 2602 1596 nisi
2632 1542 2884 1614 mystico
2919 1542 3178 1597 aleretur
3210 1541 3543 1613 prepheta?
3574 1542 3666 1596 Ad
3697 1559 3798 1598 ve-

2127 1645 2363 1699 speram
2413 1646 2552 1684 caro
2600 1631 3069 1686 ministrabatur.
3114 1631 3378 1702 Intellige
3427 1648 3563 1703 quae
3601 1633 3794 1704 legis,

2125 1719 2262 1789 quia
2292 1718 2550 1773 Chorath
2581 1719 2916 1774 intellectus
2941 1723 3035 1775 est
3056 1719 3164 1789 (3);
3202 1719 3434 1774 Choreb
3467 1736 3638 1774 omne
3671 1737 3794 1792 cor,

2125 1808 2218 1862 vel
2258 1807 2432 1878 quasi
2459 1823 2563 1862 cor
2594 1808 2830 1877 dicitur,
2866 1808 3167 1863 Bersabee
3195 1823 3429 1879 quoque
3455 1812 3671 1879 puteus
3705 1826 3798 1865 se-

2126 1897 2311 1968 ptimi,
2340 1900 2437 1951 aut
2452 1895 2777 1967 juramenti
2796 1896 3001 1950 Latina
3019 1897 3422 1967 interpretatio
3443 1901 3555 1954 est.

2198 1985 2287 2041 78.
2311 1985 2573 2040 Primum
2591 1985 2752 2040 Elias
2770 1985 2829 2039 in
2847 1986 3146 2041 Bersabee
3165 1989 3466 2043 concessit
3483 1988 3556 2042 ad
3575 1993 3797 2044 sanctae

2130 2076 2284 2148 legis
2313 2076 2612 2147 mysteria,
2645 2075 2946 2145 divinique
2969 2073 3126 2147 juris
3160 2080 3556 2132 sacramenta:
3592 2081 3798 2147 postea

2131 2165 2202 2219 ad
2233 2167 2555 2219 torrentem
2595 2164 2860 2233 mittitur,
2893 2164 2967 2218 ad
2998 2165 3164 2218 illum
3195 2165 3456 2220 ﬂuminis
3488 2166 3793 2236 impetum,

2131 2255 2229 2326 qui
2257 2253 2513 2308 laetificat
2544 2253 2836 2307 civitatem
2865 2253 2970 2308 Dei
2997 2253 3174 2323 (Psal
3189 2271 3323 2323 κων,
3357 2256 3432 2324 5).
3465 2255 3797 2327 Utrumque

2130 2343 2395 2397 advertis
2426 2342 2604 2396 unius
2637 2342 2895 2396 auctoris
2927 2342 3400 2399 Testamentum:
3435 2347 3608 2399 vetus
3639 2344 3798 2399 Scri-

2126 2436 2300 2504 ptura
2331 2432 2504 2502 quasi
2529 2435 2743 2500 puteus
2769 2431 3061 2501 profunda
3087 2435 3259 2503 atque
3287 2433 3623 2504 obscurior,
3641 2434 3798 2491 unde

2128 2539 2262 2577 cum
2309 2521 2510 2576 labore
2556 2521 2825 2576 haurias:
2872 2537 2988 2575 non
3032 2522 3224 2592 plena,
3277 2522 3415 2592 quia
3455 2522 3647 2578 adhuc
3697 2523 3799 2594 qui

2127 2612 2399 2681 impleret
2434 2610 2604 2681 team,
2655 2627 2770 2666 non
2818 2615 3080 2665 venerat.
3125 2611 3389 2684 Denique
3436 2615 3643 2683 postea
3681 2614 3794 2668 ait:

2131 2722 2153 2752 ε
2199 2701 2330 2755 Non
2363 2702 2496 2755 veni
2528 2701 2720 2771 legem
2754 2701 3008 2769 solvere,
3047 2700 3154 2754 sed
3181 2701 3426 2772 implere
3461 2702 3700 2768 (Matth.
3737 2719 3795 2772 v,

2127 2791 2238 2861 17).
2274 2811 2298 2840 ι
2343 2791 2481 2845 Ideo
2513 2790 2586 2844 ad
2628 2789 2871 2844 fluvium
2912 2791 3169 2845 transire
3206 2794 3449 2845 sanctus
3485 2807 3518 2845 a
3550 2792 3797 2846 Domino

2121 2881 2370 2954 jubetur
2410 2880 2524 2951 (III
2551 2880 2698 2952 Reg.
2731 2897 2876 2950 xvu,
2911 2879 3004 2942 3):
3057 2881 3335 2950 quoniam
3382 2881 3480 2952 qui
3522 2881 3594 2936 de
3642 2897 3798 2936 novo

2126 2971 2507 3025 Testamento
2555 2969 2791 3038 biberit,
2841 2985 2959 3024 non
3005 2969 3201 3024 solum
3250 2970 3469 3025 ﬂumen
3525 2973 3637 3042 est,
3691 2971 3799 3025 sed

2127 3061 2302 3130 etiam
2346 3059 2586 3113 ﬂumina
2630 3059 2703 3112 de
2752 3062 2956 3112 ventre
3006 3058 3140 3129 ejus
3190 3059 3372 3113 ﬂuent
3421 3075 3592 3131 aquae
3643 3061 3798 3114 vivae

2126 3150 2316 3220 (Joan.
2350 3166 2452 3218 vn,
2485 3147 2597 3218 38),
2633 3149 2871 3202 ﬂumina
2902 3148 3259 3216 intellectus,
3293 3149 3534 3202 ﬂumina
3567 3150 3797 3220 cogita-

347 3237 485 3307 bus,
519 3253 634 3291 non
664 3238 895 3292 reﬂexit
925 3238 1218 3293 animum:
1263 3238 1340 3292 ita
1381 3239 1528 3293 fides
1567 3241 1834 3308 prompta
1867 3237 2013 3291 dura
2044 3260 2095 3321 C
2127 3239 2307 3294 tionis
2348 3239 2446 3309 (4),
2481 3238 2718 3292 ﬂumina
2759 3237 3081 3308 spiritalia:
3125 3254 3259 3309 quae
3299 3242 3493 3292 tamen
3532 3238 3796 3309 perﬁdiae

349 3327 442 3381 sui
479 3343 695 3382 censor
735 3332 828 3382 est
848 3325 860 3382 Ι

417 3417 507 3472 '74.
541 3417 685 3472 Haec
716 3433 862 3490 ergo
896 3417 1151 3486 dimicat,
1187 3418 1283 3472 illa
1316 3433 1382 3472 se
1413 3421 1710 3472 removet:
1746 3416 1873 3472 haec
1899 3417 2015 3471 ille-

350 3507 564 3562 cebras
595 3507 796 3578 vincit,
829 3507 928 3562 illa
959 3508 1211 3580 refugit:
1245 3508 1381 3562 huic
1404 3507 1660 3562 mundus
1693 3507 2015 3577 triumpha-

349 3601 464 3666 tur,
497 3595 580 3652 illi
613 3596 846 3651 exsulat
873 3613 885 3652 :
929 3597 1064 3651 huic
1095 3597 1351 3651 mundus
1384 3597 1754 3668 crucifigitur
1793 3596 2011 3666 (Galat.

347 3701 427 3753 VI,
462 3685 570 3755 14),
608 3686 701 3740 vel
737 3685 867 3755 ipsa
905 3686 1143 3756 mundo,
1180 3686 1264 3741 illi
1300 3686 1634 3758 ignoratur:
1679 3685 1815 3740 huic
1847 3686 2016 3755 plura

347 3779 722 3846 tentamenta,
763 3780 820 3831 et
849 3776 981 3831 ideo
1017 3775 1211 3847 major
1245 3776 1530 3848 victoria;
1567 3776 1648 3830 illi
1682 3775 2018 3846 infrequen-

348 3865 465 3918 tior
502 3865 731 3936 lapsus,
776 3865 1009 3920 facilior
1048 3867 1335 3920 custodia.

418 3953 506 4010 '75.
552 3955 814 4027 Denique
864 3955 994 4026 ipse
1035 3955 1220 4027 Elias,
1271 3961 1334 4010 ut
1381 3956 1834 4011 confirmaretur
1875 3972 2014 4010 vcr-

349 4045 488 4099 bum
524 4045 601 4114 (1)
632 4046 754 4100 oris
782 4045 979 4117 cujus,
1014 4047 1241 4101 missus
1274 4049 1366 4101 est
1395 4062 1427 4100 a
1455 4046 1720 4115 Domino,
1751 4050 1811 4100 ut
1846 4061 1912 4100 se
1944 4045 2014 4098 ad

349 4123 681 4190 torrentem.
711 4136 1103 4191 absconderet
1141 4135 1398 4190 Chorath
1438 4135 1531 4205 (ΙΙΙ
1563 4136 1710 4207 Reg.
1750 4152 1889 4204 xvn,
1933 4137 2010 4204 3).

348 4217 682 4280 Minabatur
710 4226 935 4297 Achab,
969 4226 1302 4280 minabatur
1336 4225 1594 4296 Jezabel,
1629 4225 1818 4278 timuit
1853 4224 2014 4278 Elias

349 4319 406 4370 et
428 4316 782 4384 exsurrexit,
808 4320 863 4370 et
884 4317 1096 4370 iterum
1115 4316 1174 4370 in
1195 4317 1412 4370 virtute
1436 4331 1593 4370 escae
1625 4314 2014 4386 intelligibilis

349 4406 739 4478 quadraginta
779 4406 991 4461 diebus
1028 4406 1367 4475 ambulavit,
1401 4408 1458 4460 et
1492 4405 1884 4476 quadraginta
1920 4419 2016 4458 no-

350 4497 546 4551 ctibus
587 4511 780 4567 usque
821 4497 892 4550 ad
930 4500 1187 4550 montem
1223 4495 1328 4550 Dei
1366 4494 1620 4563 Choreb,
1660 4500 1715 4548 et
1754 4494 2016 4547 introivit

2129 3331 2409 3384 aruerunt
2449 3331 2730 3399 tempore,
2770 3342 2843 3382 ne
2877 3326 3156 3398 sacrilegi
3188 3327 3493 3398 biberent,
3527 3331 3800 3398 potarent

2126 3419 2358 3491 perﬁdi.
2429 3399 2446 3419 ’

2197 3508 2285 3564 79.
2335 3508 2423 3562 Ibi
2468 3507 2817 3578 prephetam
2865 3505 3098 3560 Domini
3145 3507 3553 3578 agnoscebant
3605 3508 3792 3576 corvi,

2127 3614 2301 3670 quem
2326 3613 2443 3652 non
2466 3597 2872 3668 agnoscebant
2895 3596 3106 3651 Judaei.
3140 3597 3474 3651 Pascebant
3497 3597 3662 3652 corvi
3685 3597 3801 3666 (III

2126 3688 2274 3760 Heg.
2317 3703 2459 3756 xvu,
2501 3687 2578 3755 6),
2619 3701 2796 3756 quem
2837 3701 3030 3756 genus
3072 3686 3276 3758 regale
3325 3686 3466 3740 illud
3505 3689 3562 3741 et
3597 3686 3794 3740 nobile

2125 3777 2614 3847 persequebatur.
2631 3775 2774 3839 Quae
2795 3778 2887 3828 est
2906 3775 3162 3845 Jezabel,
3181 3792 3312 3846 quae
3325 3776 3798 3847 persequebatur

2125 3867 2243 3922 nisi
2274 3866 2612 3937 Synagoga,
2654 3880 2803 3919 vane
2844 3863 3058 3934 ﬂuens,
3092 3880 3244 3919 vano
3286 3865 3594 3920 abundans
3627 3865 3795 3920 Scri-

2124 3956 2337 4028 pturis,
2372 3971 2521 4026 quas
2552 3970 2744 4026 neque
2777 3953 3054 4024 custodit,
3091 3969 3282 4024 neque
3313 3954 3636 4027 intelligit?
3682 3954 3795 4020 Qui

2127 4046 2288 4102 corvi
2320 4044 2664 4115 pascebant,
2699 4043 2813 4098 nisi
2853 4059 3104 4115 quorum
3139 4043 3285 4114 pulli
3325 4059 3460 4098 eum
3491 4044 3787 4113 invocant,

2126 4151 2379 4210 quorum
2415 4158 2435 4181 ιι
2467 4134 2752 4205 jumentis
2785 4133 2883 4187 dat
2913 4149 3132 4202 eseam,
3159 4156 3180 4181 ι»
3207 4136 3269 4187 ut
3299 4133 3576 4205 legimus,
3606 4156 3628 4181 ιι
3664 4133 3790 4203 pul-

2127 4227 2201 4282 lis
2233 4240 2552 4280 corvorum
2584 4221 3000 4293 invocantibus
3030 4237 3165 4276 eum
3192 4222 3379 4293 (Psal.
3416 4239 3609 4289 cxnvi,
3641 4222 3736 4292 9)?
3762 4246 3782 4269 η

2126 4315 2403 4371 Sciebant
2434 4312 2517 4367 illi
2549 4312 2733 4380 corvi,
2768 4285 2941 4382 quem
2971 4285 3322 4382 poscerent:
3363 4311 3464 4381 qui
3499 4285 3792 4381 juxta'in-

2126 4406 2422 4460 tellectum
2457 4405 2643 4470 erant,
2679 4406 2734 4454 et
2764 4401 2837 4454 ad
2872 4400 3035 4477 illum
3069 4398 3427 4471 cognitionis
3457 4414 3647 4452 sacrae
3678 4399 3790 4452 ﬂu-

2125 4497 2287 4550 vium
2318 4509 2516 4549 escam
2551 4491 2864 4546 vehebant.

345 4586 404 4640 in
432 4586 795 4656 speluncam,
823 4590 876 4640 et
903 4586 1194 4656 requievit
1214 4585 1325 4655 ibi;
1353 4589 1409 4639 et
1436 4584 1524 4639 sic
1550 4589 1756 4655 postea
1784 4584 2012 4637 missus
2043 4592 2096 4652 Ι)
2200 4585 2286 4639 80.
2322 4583 2520 4638 l’ascit
2549 4580 2916 4652 prophetam,
2951 4578 3050 4649 qui
3080 4577 3371 4647 intelligit,
3405 4576 3506 4647 qui
3535 4577 3792 4632 custodit

351 4682 464 4747 est,
501 4680 565 4730 ut
598 4678 846 4748 ungeret
882 4667 1062 4747 reges
1093 4675 1188 4745 (ΙΙΙ
1214 4675 1360 4746 Reg.
1393 4692 1512 4744 xxx,
1547 4671 1739 4743 8-16).’
1757 4675 2012 4728 Diu-atus

350 4767 536 4838 igitur
583 4766 655 4820 ad
699 4766 1036 4836 patientiam
1083 4769 1175 4819 est
1214 4765 1595 4819 solitudinum
1636 4765 1910 4832 incolatu,
1961 4768 2016 4818 ct

351 4860 626 4926 tanquam
665 4859 874 4926 pastus
913 4855 984 4909 ad
1030 4855 1264 4909 virtutis
1314 4854 1602 4924 adipalem
1645 4855 1868 4925 agresti
1914 4855 2017 4907 ali-

351 4950 546 4999 mento
581 4947 878 5015 processit
913 4945 1144 4999 fortior.

420 5034 509 5090 '16.
549 5034 810 5090 Joannes
846 5050 1083 5106 quoque
1120 5035 1180 5088 in
1220 5034 1457 5089 deserto
1489 5033 1762 5100 adolevit,
1801 5034 1857 5086 et
1897 5031 2015 5086 Do-

423 5178 500 5250 (1)
543 5177 694 5233 Mss.
743 5177 983 5249 aliquot,

353 5253 500 5392 e“(3:2)
523 5321 604 5375 Ita
628 5324 744 5376 vet.
773 5321 910 5376 edit.
941 5320 1261 5392 pluresque
1289 5337 1437 5375 mss.
1464 5322 1634 5376 Rom.
1661 5325 1854 5374 autem
1877 5320 2014 5374 edit.

1615 5397 1669 5446 et
1709 5392 2019 5447 Dominum

1040 5201 1061 5228 α
1115 5183 1178 5232 ut
1225 5177 1625 5233 inﬂrmaretur
1668 5177 1936 5246 verbum,
1989 5200 2010 5223 η

353 5409 485 5447 cum
524 5393 657 5447 aliis
698 5393 826 5448 cod.
877 5394 1175 5448 nonnullis
1213 5393 1500 5463 omittunt,
1549 5417 1569 5440 ιι

351 5465 691 5534 baptizavit.
733 5485 755 5515 »

423 5532 500 5606 (3)
550 5537 613 5609 In
667 5537 766 5592 lib.
824 5537 897 5592 de
943 5535 1105 5609 Fuga
1149 5536 1372 5604 saeculi,
1431 5553 1561 5609 cap.
1612 5536 1680 5609 6,_
1714 5551 1872 5588 num.

355 5605 593 5680 Cliorad
613 5609 926 5680 exponitur
947 5605 1206 5680 cognitio
1227 5627 1246 5680 ,ἡ
1278 5609 1391 5680 sed
1411 5607 1569 5680 Oreb
1587 5607 1706 5680 vel,
1731 5611 1793 5660 ut
1817 5605 2022 5680 scribi-

351 5683 448 5734 tur
469 5679 528 5732 in
561 5677 734 5748 mss},
773 5677 1036 5745 Choreb;
1056 5681 1114 5734 in
1146 5679 1352 5734 eodem
1383 5679 1534 5732 libro
1571 5679 1786 5732 dicitur
1818 5677 2018 5730 exsic—

352 5751 526 5823 ogatio,
569 5755 626 5805 et
647 5751 826 5823 vulgo
851 5752 1023 5807 etiam
1046 5751 1372 5822 explicatur
1401 5749 1666 5823 siccitas,
1692 5748 2016 5823 desertum,

354 5819 685 5884 destructio
717 5819 780 5882 ei
814 5824 1070 5902 gladius,
1103 5819 1140 5882 εἰ
1175 5823 1392 5906 quibus
1433 5819 2018 5900 interpretationibus

2130 4692 2263 4747 qua:
2295 4673 2512 4742 scripta
2544 4673 2700 4724 sunt.
2735 4669 2842 4722 Dat
2873 4668 2927 4722 ei
2957 4682 3202 4720 succum
3235 4666 3383 4719 ﬁdes
3433 4669 3657 4734 nostra,
3692 4667 3789 4720 dat

2128 4767 2182 4821 ei
2210 4764 2548 4818 alimentum
2581 4761 2784 4813 noster
2812 4757 3113 4826 profectus
3139 4771 3150 4808 :
3177 4757 3406 4808 mentes
3428 4754 3526 4809 ille
3550 4759 3786 4809 nostras

2125 4866 2463 4921 sensusque
2486 4847 2751 4918 pascitur
2773 4847 2868 4916 (5),
2903 4845 2961 4898 in
2993 4848 3197 4898 nostro
3231 4859 3427 4898 sermo
3453 4844 3587 4915 ejus
3619 4845 3787 4899 intel-

2123 4943 2280 4998 lectu
2317 4939 2604 5009 epulatur.
2649 4937 2869 4988 Damus
2909 4935 2963 4988 ei
3005 4950 3175 4988 mane
3207 4949 3437 5004 panem,
3474 4935 3576 5004 qui
3605 4934 3662 4988 in
3692 4934 3786 4989 lu-

2122 5032 2278 5086 mine
2311 5025 2614 5098 Evangelii
2647 5024 2846 5094 positi,
2881 5024 3243 5079 conferimus
3275 5023 3330 5078 ei
3361 5024 3551 5078 nostri
3586 5024 3785 5078 firma-

2123 5175 2236 5229 hoc
2266 5173 2397 5226 loco
2430 5186 2547 5225 non
2580 5184 2784 5238 parum
2814 5168 3170 5222 Ambrosius
3211 5167 3452 5236 recedit,
3485 5166 3594 5221 sed
3632 5165 3786 5220 haud

2125 5247 2300 5301 dubie
2339 5244 2489 5297 alius
2531 5240 2864 5310 cujuspiam
2898 5239 3210 5309 scriptoris
3251 5239 3653 5310 auctoritatem
3693 5251 3786 5289 se-

2126 5323 2318 5371 cutus.
2345 5314 2512 5379 Quod
2545 5309 2685 5366 vero
2712 5309 2792 5364 ad
2833 5327 3038 5365 vocem
3082 5311 3389 5364 Bersabee
3429 5325 3537 5363 seu
3570 5309 3785 5362 Betsa-

2126 5390 2254 5450 beo,
2293 5387 2450 5440 illam
2484 5383 2618 5456 ejus
2651 5383 3100 5456 explicationem
3121 5397 3328 5435 omnes
3358 5382 3711 5456 proponunt:

2197 5448 2273 5527 (4)
2305 5459 2387 5512 Ita
2417 5448 2565 5510 mss.
2599 5448 2781 5526 prope
2813 5455 2884 5508 ad
2927 5469 3138 5508 unum:
3194 5448 3400 5508 omnes
3441 5465 3583 5504 vero
3624 5448 3784 5517 edit.,

2129 5553 2151 5581 ι
2197 5530 2435 5585 ﬂumina
2467 5527 2846 5600 cognitionis.
2886 5549 2944 5600 ξι--
3329 5595 3338 5600 Δ
3597 5589 3608 5600 ⁹

2197 5605 2274 5672 (5)
2301 5603 2470 5655 llom.
2494 5593 2631 5653 edit.
2659 5598 2806 5672 sola,
2840 5620 2860 5643 «
2889 5597 2985 5650 ille
3003 5611 3189 5672 sensu
3211 5595 3416 5672 nostro
3446 5593 3731 5672 pascitur.
3763 5613 3781 5637 ι»

2127 5663 2433 5729 Αἵθέιίίοιη
2465 5686 2599 5725 cum
2632 5669 2764 5723 aliis
2795 5663 2919 5744 non
2951 5670 3094 5744 post
3136 5665 3395 5744 multa,_«
3440 5663 3548 5744 his
3581 5663 3789 5733 jejuna

2127 5745 2268 5820 diu;
2307 5765 2328 5797 υ
2365 5759 2511 5802 mss.
2545 5746 2739 5800 autem
2770 5737 3083 5812 utrobique
3113 5740 3174 5794 ut
3203 5750 3314 5792 nos
3348 5735 3406 5793 in
3436 5735 3617 5795 textu.
