4070 6180
352 433 515 499 1263

1790 436 1858 499 S.
1888 435 2333 502 AMBROSII.

3637 439 3777 507 1264

352 637 547 692 menta
578 633 801 690 cordis.
836 634 947 690 His
970 635 1166 709 alitur,
1185 636 1282 692 his
1312 636 1494 710 viget,
1517 636 1615 692 his
1632 636 2028 710 jejunantium
2055 622 2107 684 Ᾱ
2140 654 2215 693 an
2236 642 2375 693 voto
2396 638 2675 710 nocendi;
2713 655 2847 695 cum
2868 639 3207 713 malignitas
3230 642 3291 697 in
3313 643 3561 714 utroque
3581 656 3778 715 genere

351 725 541 797 replet
570 740 694 796 ora,
729 723 948 796 quibus
984 725 1328 782 Judmorum
1359 726 1604 797 perfidia
1635 727 1861 782 nullum
1892 726 2029 782 fidei

355 816 553 871 cibum
584 814 1097 871 subministrabat.
1132 816 1389 888 Jejunus
1420 819 1512 871 est
1544 816 1662 872 illic
1686 818 1877 871 omnis
1902 833 2028 871 ser-

350 920 448 960 mo
482 904 888 977 propheticus,
925 903 1101 976 cujus
1143 905 1376 977 adipem
1414 906 1756 961 interiorem
1785 921 1903 960 non
1932 904 2026 959 vi-

354 993 514 1066 dent,
546 1009 769 1049 exesus
798 997 855 1049 et
884 994 1104 1067 tenuis,
1142 994 1243 1066 qui
1274 994 1646 1067 impinguare
1680 1010 1884 1050 eorum
1906 995 2026 1050 fau-

352 1099 456 1141 ces
489 1100 607 1140 non
638 1086 855 1155 potest.

425 1174 514 1229 81.
529 1173 812 1230 Fortasse
834 1172 968 1228 ideo
992 1172 1339 1229 deferebant
1357 1174 1432 1230 ad
1451 1189 1765 1245 vesperam
1786 1188 2021 1244 carnes,

354 1263 529 1336 quasi
561 1262 841 1319 fortiores
873 1262 1064 1332 cibos,
1099 1279 1252 1335 quos
1294 1264 1512 1318 infirmi
1541 1264 1782 1336 ingenio
1813 1261 2025 1318 Corin-

351 1352 464 1409 thii
490 1368 611 1409 non
640 1354 911 1423 poterant
941 1367 1213 1422 sumere;
1247 1356 1301 1408 et
1332 1354 1466 1408 ideo
1496 1353 1646 1408 lacte
1676 1352 2030 1423 potabantur

355 1441 684 1513 apostolico
715 1440 770 1512 (Ι
798 1441 933 1497 Cor.
968 1457 1051 1511 ιιι,
1084 1440 1162 1510 2).
1198 1441 1354 1496 Esca
1391 1457 1541 1514 ergo
1580 1440 1791 1496 fortior
1816 1441 1889 1496 ad
1920 1456 2028 1495 ve-

356 1544 595 1602 speram
626 1529 831 1586 mundi
861 1528 1046 1602 hujus
1086 1515 1483 1601 deferebatur,
1518 1545 1690 1585 mane
1729 1530 1922 1600 panis.
1956 1529 2029 1584 Et

354 1621 490 1677 ideo
510 1620 650 1693 quia
672 1619 962 1676 Dominus
984 1619 1138 1674 hanc
1167 1620 1491 1675 ministrari
1512 1619 1811 1674 mandavit
1832 1609 2027 1673 1042

353 1709 715 1781 alimoniam,
747 1708 903 1764 bene
934 1708 1077 1765 illud
1097 1708 1508 1779 propheticum
1528 1708 1645 1763 dici
1662 1709 1718 1763 ei
1750 1708 1863 1763 hoc
1893 1706 2026 1762 loco

357 1798 636 1854 convenit
660 1815 673 1853 :
727 1819 749 1845 α

353 1886 452 1943 bis
494 1887 571 1959 (6)
611 1886 801 1958 (PsaI.
851 1902 1012 1957 LXIV,
1052 1884 1147 1955 9):
1203 1910 1226 1935 ιι
1269 1889 1327 1942 et
1367 1886 1558 1942 infra:
1608 1910 1629 1934 α
1669 1886 1902 1941 Parasti
1947 1885 2031 1940 ci-

806 1796 984 1853 Exitu
1030 1797 1314 1852 matutino
1362 1800 1419 1852 et
1463 1812 1718 1868 vespere
1767 1794 2047 1851 delecta-'

2143 743 2261 782 non
2292 732 2489 782 careat
2516 726 3004 798 reprehensione.
3033 729 3182 785 Nam
3213 731 3537 803 malignum
3563 747 3692 787 esse
3717 734 3780 788 ab

2140 816 2367 887 injusto
2434 817 2580 872 nihil
2638 818 2846 872 distat:
2910 818 3162 891 ideoque
3222 820 3328 874 tibi
3396 820 3610 874 dictum
3669 827 3781 877 est:

2148 926 2169 955 ι
2222 907 2358 961 Noli
2404 907 2705 978 malignus
2757 923 2897 962 esse
2945 908 3098 963 inter
3155 909 3570 981 malignantes,
3617 926 3788 981 neque

2144 995 2454 1050 aemulatus
2478 995 2667 1051 fueris
2691 996 2980 1051 facientes
3002 998 3372 1069 iniquitatem
3395 998 3577 1067 (Psal.
3600 1016 3785 1070 xxxvx,

2144 1083 2234 1154 1);
2270 1108 2291 1133 η
2327 1087 2384 1139 et
2414 1101 2595 1155 supra
2626 1085 2781 1140 idem
2812 1086 2923 1142 ait:
2961 1107 2985 1137 α
3019 1086 3167 1141 Odio
3198 1087 3380 1142 habui
3403 1089 3791 1160 congregatio-

2143 1186 2278 1228 nem
2306 1173 2751 1245 malignantium
2783 1174 2971 1244 (Psal.
3008 1192 3148 1246 xxv,
3180 1177 3257 1245 5).
3295 1199 3318 1224 η
3365 1176 3585 1231 Omnes
3612 1177 3793 1248 utique

2145 1262 2492 1333 complexus
2532 1266 2644 1332 est,
2685 1263 2914 1318 nullum
2951 1266 3216 1336 excepit:
3258 1265 3680 1338 malignitatem
3713 1270 3792 1322 te-

2143 1350 2290 1421 nuit,
2324 1367 2444 1407 non
2474 1367 2715 1407 causam
2744 1352 3154 1425 interrogavit.

2215 1439 2304 1495 84.
2336 1439 2479 1505 Qum
2511 1445 2705 1496 autem
2752 1441 2963 1497 melior
3002 1443 3191 1497 forma
3238 1458 3420 1516 quam
3444 1441 3689 1515 justitiaa
3714 1443 3792 1498 di-

2141 1528 2345 1584 vinae?
2376 1529 2528 1584 Dicit
2565 1531 2723 1585 enim
2762 1530 2867 1585 Dei
2906 1530 3094 1586 Filius
3129 1548 3143 1588 :
3190 1554 3213 1579 α
3260 1532 3503 1605 Diligite
3540 1531 3792 1587 inimicos

2141 1621 2378 1673 vestros
2407 1618 2646 1688 (Matth.
2680 1636 2739 1690 v,
2769 1618 2883 1688 44).
2921 1640 2944 1671 ι
2982 1619 3054 1674 Et
3092 1620 3306 1677 iterum
3336 1622 3521 1676 dicit:
3569 1641 3592 1672 ι
3641 1620 3791 1677 Orate

2138 1723 2248 1778 pro
2277 1708 2776 1780 persequentibus
2800 1712 2857 1763 et
2879 1708 3380 1766 calumniantibus
3398 1726 3514 1766 vos
3533 1710 3746 1781 (Ibid).
3769 1733 3787 1757 ι

2141 1796 2423 1868 Eousque
2451 1796 2733 1873 perfectis
2774 1798 3035 1853 studium
3066 1798 3278 1875 adimit
3316 1799 3585 1869 ultionis,
3616 1802 3678 1854 ut
3701 1798 3792 1854 lae-

2141 1881 2403 1940 dentium
2435 1885 2777 1941 charitatem
2797 1887 3046 1957 imperet
3064 1888 3199 1959 (ll).
3228 1888 3300 1942 Et
3329 1889 3612 1959 quoniam
3634 1888 3691 1942 in
3708 1903 3794 1942 ve-

353 1976 501 2033 bum
536 1975 809 2063 illorum,
851 1975 989 2047 quia
1034 1974 1115 2030 ita
1153 1977 1247 2030 est
1281 1975 1633 2047 prmparatio
1672 1974 1807 2047 ejus
1846 1974 2025 2045 (Ibid.
2060 2003 2115 2068 Β
2140 1974 2251 2028 teri
2295 1974 2600 2045 Scriptura
2646 1975 2911 2032 dixerat:
2968 1998 2991 2027 ε
3028 1977 3173 2031 Mihi
3220 1976 3569 2048 vindictam,
3608 1980 3662 2032 et
3696 1991 3793 2049 ego

356 2066 468 2137 ιο).
508 2088 531 2115 ι.

422 2155 513 2210 82.
562 2153 682 2210 Sed
723 2153 871 2209 satis
920 2153 995 2209 de
1035 2153 1325 2226 magistro
1366 2153 1586 2209 dictum
1635 2156 1820 2224 puto;
1866 2168 2030 2208 nunc

354 2243 787 2315 discipulorum
824 2242 1004 2297 vitam
1040 2259 1493 2315 persequamur,
1529 2243 1629 2314 qui
1669 2243 1730 2297 in
1770 2242 1930 2297 illam
1962 2257 2029 2297 se

353 2332 589 2389 lau‘dem
609 2333 951 2403 induerunt,
968 2332 1205 2404 hymnis
1228 2333 1358 2388 dies
1381 2348 1449 2386 ac
1463 2336 1670 2388 noctes
1682 2334 2027 2403 personant.

354 2423 501 2479 Haec
533 2438 746 2494 nempe
777 2422 1127 2495 angelorum
1156 2422 1362 2477 militia
1391 2425 1484 2478 est
1522 2437 1762 2492 semper
1791 2436 1930 2476 esse
1969 2421 2030 2476 in

353 2513 461 2568 Dei
491 2512 791 2582 laudibus,
824 2512 1193 2567 orationibus
1228 2510 1546 2567 conciliare
1569 2510 1820 2580 crebris,
1855 2515 2033 2582 atque

303 2616 312 2625 ·
352 2616 604 2658 exorare
654 2601 1009 2657 Dominum:
1055 2601 1299 2655 student
1328 2600 1590 2671 lectioni,
1622 2599 1718 2656 vel
1749 2601 2032 2670 operibus

353 2691 432 2763 ('7)
455 2690 754 2747 continuis
772 2692 1025 2746 mentem
1050 2693 1360 2761 occupant,
1387 2690 1647 2760 separati
1668 2706 1702 2744 a
1728 2692 1886 2744 coetu
1906 2704 2032 2742 mu-

353 2777 588 2852 lierum,
621 2779 739 2834 sibi
762 2778 880 2850 ipsi
900 2778 1155 2834 invicem
1177 2781 1361 2834 tutam
1384 2778 1654 2849 praebent
1679 2777 2028 2834 custodiam.

353 2869 558 2936 Qualis
598 2868 730 2924 hac
767 2868 907 2937 vita,
950 2867 1011 2922 in
1050 2883 1165 2939 qua
1206 2868 1353 2922 nihil
1396 2868 1473 2922 sit
1504 2867 1662 2939 quod
1701 2867 1932 2936 timeas,
1976 2870 2033 2922 et

355 2958 517 3032 quod
545 2958 794 3014 imiteris
826 2955 1143 3028 plurimum
1173 2957 1395 3013 adest?
1426 2956 1653 3028 Jejunii
1673 2957 1843 3012 labor
1864 2972 2031 3011 com-

351 3049 642 3121 pensatur
680 3046 897 3103 mentis
937 3045 1296 3117 placiditate,
1337 3045 1569 3102 levatur
1604 3062 1742 3117 usu,
1786 3048 2031 3101 susten-

354 3140 512 3193 tatur
537 3137 678 3207 otio,
712 3138 811 3192 aut
833 3134 1055 3191 fallitur
1074 3135 1315 3208 negotio
1341 3151 1354 3191 :
1386 3151 1507 3192 non
1527 3138 1807 3192 oneratur
1828 3136 2033 3191 mundi

359 3227 779 3296 sollicitudine,
812 3240 931 3281 non
964 3228 1289 3297 occupatur
1318 3226 1530 3282 alienis
1562 3225 1876 3297 molestiis,
1911 3241 2031 3282 non

355 3320 606 3391 urgetur
635 3315 893 3389 urbanis
916 3314 1317 3371 discursibus.

2139 2063 2462 2118 retribuam
2509 2063 2705 2135 (Deut.
2755 2081 2941 2135 χχχιι,
2987 2065 3110 2136 35),
3175 2090 3197 2114 υ
3245 2066 3309 2120 in
3354 2065 3678 2138 Evangelia
3728 2066 3795 2119 ait

2142 2152 2429 2207 orandum
2458 2168 2565 2222 pro
2604 2153 2680 2207 iis
2720 2154 2823 2225 qui
2861 2153 3145 2225 laeserint,
3179 2169 3253 2209 ne
3284 2154 3348 2210 in
3390 2170 3498 2210 eos
3538 2154 3792 2223 vindicet,

2139 2241 2241 2313 qui
2277 2241 3052 2313 vindicandumpromisit:
3095 2242 3223 2297 vult
3270 2244 3432 2299 enim
3473 2260 3548 2300 ex
3585 2247 3681 2298 tua
3721 2242 3795 2297 di-

2140 2330 2371 2385 mittere
2400 2330 2722 2400 voluntate,
2754 2331 2814 2385 in
2844 2347 2960 2403 quo
2996 2322 3190 2388 1043
3213 2348 3287 2388 ex
3317 2349 3431 2388 sua
3471 2332 3796 2388 convenitur

2142 2419 2562 2490 promissione.
2612 2420 2781 2486 Quod
2829 2421 2884 2475 si
2929 2421 3251 2476 vindictam
3298 2422 3584 2495 requiris,
3628 2420 3792 2475 habes

2141 2509 2280 2579 quia
2327 2508 2592 2581 injustus
2636 2510 2889 2580 amplius
2939 2512 3069 2566 suis
3120 2512 3365 2582 punitur
3413 2511 3799 2584 opinionibus,

2140 2612 2318 2670 quam
2341 2596 2679 2668 judiciariis
2709 2600 3151 2656 severitatibus.

2210 2685 2300 2741 85.
2334 2686 2406 2741 Et
2434 2688 2713 2759 quoniam
2743 2704 2916 2744 nemo
2946 2692 3142 2760 potest
3171 2705 3313 2745 esse
3355 2689 3490 2745 sine
3520 2688 3791 2761 aliquibus

2141 2775 2437 2847 adversis,
2471 2777 2529 2831 id
2560 2793 2830 2849 agamus,
2863 2794 2938 2833 ne
2967 2779 3145 2834 nobis
3177 2782 3387 2835 nostro
3409 2778 3553 2835 vitio
3570 2779 3679 2850 (12)
3703 2776 3793 2832 ad-

2139 2880 2318 2921 versa
2348 2865 2637 2921 accidant.
2663 2868 2852 2923 Nemo
2873 2868 3033 2923 enim
3052 2868 3301 2940 gravius
3324 2869 3521 2924 alieno
3543 2867 3793 2923 condem-

2139 2958 2314 3010 natur
2334 2953 2585 3026 judicio,
2619 2971 2797 3027 quam
2826 2957 3119 3027 insipiens
3151 2940 3285 3028 suo,
3317 2959 3425 3030 qui
3463 2958 3581 3013 sibi
3608 2958 3790 3011 auctor

2140 3046 2233 3099 est
2268 3043 2576 3099 malorum.
2614 3044 2785 3100 Unde
2826 3046 3075 3101 molesta
3115 3050 3172 3102 et
3211 3046 3391 3118 plena
3418 3043 3791 3101 contentionis

2141 3132 2509 3188 declinemus
2538 3135 2799 3207 negotia,
2833 3151 2967 3207 quae
2997 3152 3190 3207 neque
3214 3136 3478 3192 fructum
3500 3135 3724 3203 habent,
3743 3135 3793 3186 et

2139 3222 2621 3292 impedimentum
2651 3222 2923 3280 afferunt.
2958 3223 3305 3297 Quanquam
3338 3222 3399 3280 id
3430 3240 3609 3297 agere
3637 3222 3792 3278 dabo.

2140 3326 2297 3382 mus,
2347 3327 2421 3368 ne
2468 3328 2580 3367 nos
2620 3313 2848 3368 arbitrii
2896 3316 3086 3369 nostri
3134 3316 3442 3387 paeniteat,
3493 3317 3591 3370 aut
3636 3310 3790 3367 facti:

477 3365 594 3373 η--
642 3365 893 3389 -η--η,
920 3365 1317 3371 ψη----πἯ
2216 3365 2219 3366 ν
2282 3365 2296 3382 ,
2398 3365 2411 3368 -
2559 3365 2573 3367 _
2897 3365 3086 3369 ﬂ---"
3134 3365 3442 3387 τπ---ηἸ
3496 3365 3589 3370 --,

428 3365 519 3462 88.
552 3405 706 3461 Huic
736 3404 831 3460 vel
863 3405 1182 3475 servando,
1213 3406 1311 3460 vel
1342 3404 1646 3461 edocendo
1679 3402 1910 3459 muneri
1939 3402 2034 3458 ad-
2067 3365 2121 3433 ο
2141 3399 2449 3471 prudentis
2480 3406 2573 3456 est
2602 3402 2759 3456 enim
2787 3405 3156 3474 prospicere,
3190 3420 3265 3459 ne
3308 3405 3652 3476 frequenter
3676 3414 3792 3457 eum

357 3496 589 3553 vertitis
618 3494 813 3568 qualis
835 3493 1213 3550 adhibendus
1236 3494 1523 3567 magister
1544 3495 1641 3565 sit,
1665 3509 1841 3565 quem
1864 3509 2034 3565 repe-

356 3586 478 3645 rire
506 3601 855 3658 possumus,
889 3584 944 3639 si
966 3587 1170 3639 vestra
1195 3585 1552 3640 unanimitas
1576 3584 1819 3656 aspiret,
1846 3584 1899 3639 si
1921 3599 2031 3639 vos

359 3675 594 3732 donetis
632 3675 891 3730 invicem
929 3674 1105 3730 vobis
1144 3674 1389 3746 (Ephes.
1424 3690 1504 3745 xv,
1544 3674 1657 3745 32),
1691 3675 1745 3728 si
1783 3675 1919 3745 quis
1959 3674 2032 3730 ab

358 3764 541 3820 altero
573 3780 641 3820 se
676 3764 890 3819 laesum
929 3766 1092 3834 putat
1121 3762 1218 3834 (8).
1258 3763 1392 3817 Non
1430 3763 1587 3818 enim
1620 3763 1749 3818 haec
1772 3763 1911 3819 'sola
1939 3765 2034 3819 est

358 3853 551 3910 forma
576 3851 847 3924 justitiae,
880 3855 942 3907 ut
964 3868 1083 3908 non
1102 3851 1290 3907 laedas
1313 3867 1468 3923 eum,
1502 3852 1604 3924 qui
1634 3848 1691 3907 te
1710 3868 1828 3908 non
1851 3853 2029 3908 laese-

359 3942 466 4012 rit;
500 3942 610 3997 sed
640 3941 814 3997 etiam
845 3941 965 4011 illa,
998 3943 1062 3996 ut
1091 3940 1266 3996 etiam
1297 3941 1353 3996 ei
1381 3941 1672 4009 remittas,
1708 3941 1809 4013 qui
1836 3945 1894 3997 te
1921 3941 2030 3997 lae-

361 4030 528 4088 serit.
570 4030 873 4085 Lmdimur
910 4030 1259 4101 plerumque
1299 4030 1506 4086 fraude
1556 4030 1834 4103 alterius,
1895 4032 2030 4087 dolo

358 4119 613 4192 proximi
637 4135 651 4174 :
686 4118 971 4191 numquid
1000 4118 1114 4175 hoc
1142 4119 1382 4174 virtutis
1410 4121 1706 4191 putamus,
1739 4123 1803 4175 ut
1832 4120 2033 4176 dolum

358 4210 499 4266 dolo
558 4208 943 4280 ulciscamur,
996 4208 1264 4264 fraudem
1302 4208 1634 4265 referamus
1673 4209 2033 4267 fraudibus?

360 4298 596 4356 Etenim
626 4298 680 4353 si
701 4297 937 4369 justitia
967 4298 1159 4353 virtus
1189 4302 1301 4369 est,
1337 4280 1580 4354 drimine
1602 4298 1777 4355 debet
1796 4315 2030 4371 vacare,

361 4404 475 4444 nec
520 4388 958 4459 improbitatem
1004 4387 1380 4459 improbitate
1427 4387 1701 4444 refellere
1750 4389 1847 4459 (9).
1888 4388 2033 4454 Quae

360 4478 518 4534 enim
545 4479 738 4533 virtus
770 4477 902 4532 hinc
933 4493 967 4532 a
999 4480 1054 4533 te
1087 4478 1235 4549 ﬁeri,
1261 4478 1421 4550 quod
1451 4479 1512 4533 in
1541 4477 1726 4533 altero
1757 4478 1888 4549 ipse
1918 4494 2033 4549 pu-

357 4568 493 4624 nias
512 4568 542 4623 9
572 4566 859 4640 Contagio
892 4566 1008 4621 ista
1035 4566 1429 4637 improbitatis
1459 4583 1581 4623 non
1609 4566 1753 4623 ultio
1773 4570 1903 4623 est:
1938 4567 2032 4621 ni-

357 4656 441 4711 hil
474 4659 670 4712 autem
719 4656 968 4711 interest
996 4655 1490 4734 cuimalefacias,
1522 4659 1717 4711 utrum
1742 4655 1931 4728 justo,
1958 4672 2033 4711 an

2141 3489 2422 3561 poeniteat
2460 3491 2594 3562 sui;
2638 3507 2939 3563 nunquam
2978 3492 3135 3547 enim
3171 3494 3467 3563 poenitere
3507 3493 3687 3549 solius
3715 3489 3793 3545 est

2144 3579 2271 3635 Dei.
2301 3580 2446 3645 Quis
2477 3596 2619 3637 vero
2658 3580 2910 3653 justitiaa
2956 3581 3209 3655 fructus,
3241 3583 3358 3639 nisi
3410 3583 3621 3639 mentis
3651 3585 3793 3635 tran-

2142 3670 2404 3741 quillitas
2422 3672 2451 3726 ‘?
2478 3672 2596 3725 Aut
2623 3671 2765 3742 quid
2794 3673 2887 3726 est
2914 3671 3078 3743 juste
3108 3673 3333 3743 vivere,
3359 3674 3480 3729 nisi
3499 3686 3628 3728 cum
3656 3673 3792 3725 tran-

2143 3758 2428 3830 quillitate
2458 3760 2706 3816 vivere?
2742 3759 2944 3825 Qualis
2975 3761 3167 3817 forma
3194 3761 3373 3816 fuerit
3407 3762 3645 3829 domini,
3673 3756 3790 3814 talis

2141 3848 2323 3903 totius
2355 3849 2566 3904 domus
2598 3852 2692 3904 est
2718 3852 2932 3906 status.
2964 3848 3133 3916 Quod
3163 3852 3218 3906 si
3239 3852 3444 3907 domui
3472 3851 3791 3924 quaruntur

2143 3937 2278 4009 ista,
2312 3942 2532 4010 quanto
2563 3938 2756 4011 magis
2798 3937 2860 3995 in
2912 3937 3204 4010 Ecclesia,
3242 3961 3265 3991 ι
3313 3942 3421 3997 ubi
3458 3945 3514 3997 et
3551 3940 3709 3995 dives
3744 3939 3792 3990 et

2142 4043 2386 4098 pauper,
2421 4043 2636 4084 servus
2665 4031 2724 4084 et
2753 4028 2925 4098 liber,
2948 4029 3196 4085 Grmcus
3218 4034 3277 4085 et
3297 4030 3539 4103 Scytha,
3562 4030 3790 4085 honora-

2144 4121 2241 4173 tus
2263 4121 2319 4172 et
2348 4118 2640 4190 plebeius,
2665 4134 2874 4175 omnes
2895 4119 2957 4174 in
2977 4118 3215 4176 Christo
3236 4136 3425 4176 unum
3445 4134 3649 4177 sumus
3671 4115 3790 4187 (Co-

2144 4206 2285 4263 loss.
2320 4224 2401 4277 ιιι,
2446 4206 2584 4279 li)?
2618 4227 2642 4257 ι

2217 4294 2307 4352 86.
2339 4297 2527 4353 Nemo
2548 4300 2893 4368 praesumat,
2918 4299 3057 4370 quia
3084 4298 3253 4361 dives
3278 4302 3392 4371 est,
3418 4299 3552 4371 plus
3571 4295 3680 4353 sibi
3704 4293 3789 4348 de-

2144 4387 2476 4444 ferendum.
2509 4387 2613 4442 Ille
2642 4390 2736 4443 est
2765 4388 2936 4443 dives
2966 4388 3026 4443 in
3055 4387 3348 4459 Ecclesia,
3384 4390 3488 4461 qui
3510 4388 3620 4443 ﬁde
3639 4385 3786 4440 dives

2143 4480 2233 4533 est
2256 4492 2291 4549 ;.
2313 4476 2475 4532 fideli
2511 4476 2669 4531 enim
2707 4474 2821 4547 (13)
2854 4479 3014 4533 totus
3052 4478 3667 4559 mundusdivitiarum
3709 4471 3786 4559 est

2143 4566 2351 4636 (Prov.
2376 4582 2479 4637 xx,
2504 4566 2579 4634 6).
2604 4565 2756 4632 Quid
2785 4566 2998 4623 mirum
3019 4567 3073 4622 si
3102 4557 3385 4624 mundum
3407 4566 3596 4623 ﬁdelis
3616 4557 3786 4634 possi-

2143 4655 2260 4726 det,
2277 4655 2378 4726 qui
2390 4655 2661 4728 possidet
2672 4654 2892 4710 Christi
2906 4655 3331 4728 hacreditatem,
3346 4673 3481 4728 quae
3496 4649 3784 4727 pretiosior

359 4743 821 4817 injusto,cumte
834 4732 1187 4801 malefacere
1200 4761 1318 4802 non
1332 4747 1617 4817 oporteat.
1634 4745 2035 4817 Nequedistat
2063 4732 2120 4798 D
2145 4747 2238 4800 est
2264 4744 2527 4801 mundo?
2579 4768 2602 4793 α
2654 4743 2958 4818 Sanguine
2995 4746 3260 4816 pretioso
3290 4744 3548 4816 redempi
3578 4740 3711 4798 estis
3739 4732 3787 4807 (Ι

356 4833 652 4906 quomodo
667 4833 964 4906 malignus
978 4834 1089 4906 sis,
1104 4838 1301 4891 utrum
1313 4834 1654 4892 vindicandi
1671 4835 1870 4892 studio
1892 4836 1941 4907 (l
1950 4836 2005 4908 0)
2016 4878 2031 4907 ,

426 5029 506 5101 (6)
532 5028 633 5086 Sic
663 5043 871 5085 omnes
901 5029 1039 5085 edit.
1073 5046 1143 5086 ac
1170 5046 1321 5087 mss.
1370 5031 1638 5087 nonnulli
1666 5048 1679 5088 :
1734 5032 1834 5087 alii
1886 5048 2031 5089 vero

351 5101 579 5176 plures,
628 5123 651 5149 ‹‹
684 5102 878 5176 exitus
922 5103 1238 5176 matutinos
1286 5105 1343 5158 et
1373 5105 1682 5175 vesperis;
1734 5129 1755 5153 »
1791 5105 2032 5175 quidam

351 5174 557 5246 etiam,
586 5194 609 5221 α
642 5174 841 5246 exitus
858 5174 1133 5246 matutini
1160 5177 1225 5246 et
1252 5190 1510 5246 vespere
1544 5174 1889 5231 delectabis.
1932 5200 1954 5225 »

422 5246 498 5317 ('7)
527 5244 746 5300 Omnes
777 5244 914 5300 edit.
949 5250 1007 5299 et
1036 5245 1275 5316 quidam
1298 5244 1472 5313 mss.,
1502 5269 1524 5295 ιι
1564 5248 1877 5303 Dominum
1906 5251 2030 5303 stu-

347 5317 508 5387 dent,
540 5318 803 5391 oratione
833 5317 926 5370 vel
953 5317 1266 5391 operibus;
1307 5323 1474 5391 ngetc.
1502 5334 1648 5375 mss.
1674 5324 1874 5375 autem
1901 5321 2026 5391 plu-

344 5404 448 5445 res
479 5404 548 5443 ac
575 5389 949 5459 probatiores
983 5388 1295 5443 nobiscum
1325 5388 1575 5445 faciunt.

417 5459 495 5587 88)
526 5460 695 5516 Eras.
728 5464 785 5515 et
815 5476 943 5542 seq.
976 5460 1137 5528 edit.,
1178 5482 1199 5510 α
1234 5477 1301 5515 se
1332 5462 1544 5517 lzesum
1584 5478 1702 5546 non
1732 5465 1911 5532 putat
1944 5477 1961 5531 ;
2006 5483 2029 5513 ι

491 5533 662 5587 abest
692 5536 926 5587 negatio
958 5532 1029 5586 ab
1068 5531 1307 5587 Amerh.
1342 5538 1399 5587 et
1439 5538 1670 5587 cunctis
1713 5550 1861 5587 mss.
1918 5548 2029 5587 nec

343 5531 455 5589 sed
491 5533 662 5587 abest
692 5532 926 5603 negatio
958 5532 1029 5586 ab
1068 5531 1307 5587 Amerh.
1342 5538 1399 5587 et
1439 5535 1670 5588 cunctis
1713 5550 1861 5587 mss.
1918 5548 2031 5588 nec

339 5618 473 5660 eam
510 5619 746 5675 quoque
786 5619 1008 5658 sensus
1045 5603 1313 5675 admittit.
1358 5605 1509 5659 Nam
1546 5605 1646 5675 qui
1685 5619 1753 5659 se
1789 5605 1809 5659 1
1840 5620 2035 5659 assum

330 5674 680 5758 nog‘p’utat,
719 5674 1083 5758 quod‘alteri
1124 5674 1587 5758 remittat,.ni‘hil_
1630 5675 1827 5758 habet.

407 5746 488 5868 (9)
512 5745 659 5800 Mss.
682 5745 926 5828 aliquot,
956 5766 980 5797 ι
1005 5761 1237 5817 vacare,
1261 5747 1550 5828 probitate
1573 5745 2027 5828 improbitatem

431 5829 463 5868 θ
490 5814 641 5868 lere:
678 5838 700 5865 η
736 5830 797 5868 ιιι
825 5816 1185 5868 quibusdam
1214 5821 1396 5868 etiam
1426 5820 1716 5868 omittitur
1730 5834 1851 5868 vox
1876 5836 2013 5868 nm-

332 5828 401 5870 re

334 5814 641 5951 ﬁggltlgare;
678 5838 700 5865 η
736 5814 801 5874 id
825 5816 1185 5891 quibusdam
1214 5814 1396 5876 etiam
1426 5814 1716 5876 omittitur
1730 5834 1851 5877 vox
1867 5836 2013 5895 pro-

2145 4834 2316 4891 Petr.
2332 4851 2373 4906 ι,
2390 4834 2499 4907 19),
2510 4857 2533 4884 ι»
2550 4834 2828 4891 omnibus
2844 4836 3068 4908 utique,
3082 4851 3202 4891 non
3216 4835 3367 4892 solis
3380 4829 3702 4907 pecuniosis
3714 4825 3783 4881 di-

2217 5031 2330 5103 (10)
2362 5032 2535 5088 Rom.
2568 5031 2705 5102 edit,
2740 5031 2888 5103 sola,
2927 5054 2949 5079 «ι
2981 5030 3146 5103 justo
3177 5031 3512 5087 vindicandi
3539 5026 3729 5103 studio.
3753 5042 3771 5070 ι

2148 5096 2441 5159 Caeterum
2470 5096 2706 5159 videtur
2732 5096 3089 5159 Ambrosius
3119 5105 3315 5158 varias
3339 5119 3565 5170 causas,
3588 5096 3774 5171 quibus

2152 5176 2468 5230 dissidium
2508 5176 2569 5229 in
2619 5174 2889 5230 Ecclesia
2929 5175 3297 5229 Vercellensi
3327 5175 3689 5238 nutriebatur,
3716 5178 3772 5219 ac

2152 5246 2427 5317 episcopi
2449 5246 2856 5301 retardabatur
2894 5246 3123 5317 electio,
3156 5247 3252 5301 hic
3283 5248 3683 5317 perstringere.

2223 5319 2334 5388 (11)
2361 5313 2513 5373 Mss.
2537 5317 2793 5389 aliquam
2825 5317 3009 5388 multi,
3038 5339 3062 5370 α
3100 5313 3445 5374 charitatem
3472 5313 3727 5386 impleret.
3749 5328 3767 5352 ι

2150 5389 2284 5444 Νοιι
2315 5391 2463 5443 satis
2499 5394 2679 5445 recte.
3562 5458 3574 5459 ί
3756 5445 3767 5459 ,

2221 5460 2333 5531 (12)
2360 5460 2589 5516 Omnes
2618 5461 2782 5531 edit.,
2819 5482 2841 5509 α
2876 5462 3083 5516 nostro
3109 5459 3405 5532 judicio...
3440 5458 3769 5517 condemnari

2149 5536 2383 5605 potest;
2421 5556 2443 5581 η
2479 5534 2697 5605 optime
2725 5549 2869 5588 vero
2912 5533 3338 5604 propemodum
3386 5546 3582 5590 omnes
3623 5536 3763 5587 mssa

2162 5604 2185 5655 ι
2218 5607 2424 5659 nostro
2454 5604 2714 5660 vitio.....
2750 5605 3191 5661 condemnatur.
3231 5629 3252 5653 ιι

2222 5675 2337 5747 (13)
2368 5676 2451 5730 Ita
2478 5677 2822 5751 mss.,_edi_t.
2855 5676 3218 5751 vero,_«_qui
3238 5676 3518 5751 pauperi,
3537 5661 3763 5751 non}

2151 5733 2331 5804 dives'
2378 5751 2492 5804 est.
2542 5747 2610 5806 In
2637 5733 2927 5807 'Ecclesia
2978 5733 3173 5807 fidelis
3221 5733 3402 5808 dives.
3439 5749 3555 5820 est;
3605 5733 3763 5799 fidelis

2151 5821 2329 5896 enim,
2368 5841 2391 5873 ι
2424 5824 2538 5882 etc.
