  <div class='ocr_page' id='page_1' title='image "/cluster/home/n/w/nwhite01/storage/ocr_20150623/16/hvd.32044096580444/638.png"; bbox 0 0 4070 6180; ppageno 0'>
   <div class='ocr_carea' id='block_1_1' title="bbox 330 280 487 346">
    <p class='ocr_par' dir='ltr' id='par_1_1' title="bbox 330 280 487 346">
     <span class='ocr_line' id='line_1_1' title="bbox 330 280 487 346; baseline 0 0"><span class='ocrx_word' id='word_1_1' title='bbox 330 280 487 346; x_wconf 82' lang='lat'><strong>1265</strong></span> 
     </span>
    </p>
   </div>
   <div class='ocr_carea' id='block_1_2' title="bbox 1482 276 2579 346">
    <p class='ocr_par' dir='ltr' id='par_1_2' title="bbox 1482 276 2579 346">
     <span class='ocr_line' id='line_1_2' title="bbox 1482 276 2579 346; baseline -0.003 0"><span class='ocrx_word' id='word_1_2' title='bbox 1482 276 2099 346; x_wconf 82' lang='lat' dir='ltr'><strong>EPISTOLARUM</strong></span> <span class='ocrx_word' id='word_1_3' title='bbox 2143 279 2485 346; x_wconf 83' lang='lat' dir='ltr'><strong>CLASSIS</strong></span> <span class='ocrx_word' id='word_1_4' title='bbox 2528 284 2579 346; x_wconf 92' lang='grc' dir='ltr'><strong>Ι.</strong></span> 
     </span>
    </p>
   </div>
   <div class='ocr_carea' id='block_1_3' title="bbox 3508 230 3783 351">
    <p class='ocr_par' dir='ltr' id='par_1_3' title="bbox 3508 230 3783 351">
     <span class='ocr_line' id='line_1_3' title="bbox 3508 230 3783 351; baseline 0.004 -1"><span class='ocrx_word' id='word_1_5' title='bbox 3625 280 3783 351; x_wconf 79' lang='lat'><strong>1266</strong></span> 
     </span>
    </p>
   </div>
   <div class='ocr_carea' id='block_1_4' title="bbox 324 462 3779 557">
    <p class='ocr_par' dir='ltr' id='par_1_4' title="bbox 324 462 3779 557">
     <span class='ocr_line' id='line_1_4' title="bbox 324 462 3779 557; baseline 0.001 -16"><span class='ocrx_word' id='word_1_6' title='bbox 324 489 483 541; x_wconf 88' lang='lat' dir='ltr'><strong>ctum</strong></span> <span class='ocrx_word' id='word_1_7' title='bbox 504 488 614 541; x_wconf 90' lang='lat' dir='ltr'><strong>est.</strong></span> <span class='ocrx_word' id='word_1_8' title='bbox 638 484 755 541; x_wconf 85' lang='lat' dir='ltr'><strong>Sed</strong></span> <span class='ocrx_word' id='word_1_9' title='bbox 778 486 831 540; x_wconf 91' lang='lat' dir='ltr'><strong>si</strong></span> <span class='ocrx_word' id='word_1_10' title='bbox 851 484 1033 541; x_wconf 87' lang='lat' dir='ltr'><strong>vultis</strong></span> <span class='ocrx_word' id='word_1_11' title='bbox 1055 484 1270 540; x_wconf 83' lang='lat' dir='ltr'><strong>divites</strong></span> <span class='ocrx_word' id='word_1_12' title='bbox 1292 483 1994 555; x_wconf 81' lang='lat' dir='ltr'><strong>esse,sequiminidicen-</strong></span> <span class='ocrx_word' id='word_1_13' title='bbox 2021 462 2081 526; x_wconf 77' lang='grc' dir='ltr'>Α</span> <span class='ocrx_word' id='word_1_14' title='bbox 2111 483 2248 555; x_wconf 83' lang='lat' dir='ltr'><strong>plus</strong></span> <span class='ocrx_word' id='word_1_15' title='bbox 2299 483 2442 554; x_wconf 92' lang='lat' dir='ltr'><strong>sitit,</strong></span> <span class='ocrx_word' id='word_1_16' title='bbox 2493 486 2551 540; x_wconf 91' lang='lat' dir='ltr'><strong>et</strong></span> <span class='ocrx_word' id='word_1_17' title='bbox 2597 485 2771 557; x_wconf 86' lang='lat' dir='ltr'><strong>quasi</strong></span> <span class='ocrx_word' id='word_1_18' title='bbox 2816 483 3072 556; x_wconf 83' lang='lat' dir='ltr'><strong>quadam</strong></span> <span class='ocrx_word' id='word_1_19' title='bbox 3119 483 3447 542; x_wconf 80' lang='lat' dir='ltr'><strong>inardescit</strong></span> <span class='ocrx_word' id='word_1_20' title='bbox 3492 482 3779 545; x_wconf 82' lang='lat' dir='ltr'><strong>ebrietate</strong></span> 
     </span>
    </p>
   </div>
   <div class='ocr_carea' id='block_1_5' title="bbox 324 572 1988 645">
    <p class='ocr_par' dir='ltr' id='par_1_5' title="bbox 324 572 1988 645">
     <span class='ocr_line' id='line_1_5' title="bbox 324 572 1988 645; baseline -0.002 -14"><span class='ocrx_word' id='word_1_21' title='bbox 324 580 480 631; x_wconf 89' lang='lat' dir='ltr'><strong>tem:</strong></span> <span class='ocrx_word' id='word_1_22' title='bbox 519 597 542 622; x_wconf 76' lang='grc' dir='ltr'><strong>α</strong></span> <span class='ocrx_word' id='word_1_23' title='bbox 568 574 767 629; x_wconf 84' lang='lat' dir='ltr'><strong>Sancti</strong></span> <span class='ocrx_word' id='word_1_24' title='bbox 804 574 864 628; x_wconf 90' lang='lat' dir='ltr'><strong>in</strong></span> <span class='ocrx_word' id='word_1_25' title='bbox 904 575 1062 629; x_wconf 88' lang='lat' dir='ltr'><strong>omni</strong></span> <span class='ocrx_word' id='word_1_26' title='bbox 1101 574 1555 635; x_wconf 79' lang='lat' dir='ltr'><strong>conversatione</strong></span> <span class='ocrx_word' id='word_1_27' title='bbox 1585 576 1776 629; x_wconf 91' lang='lat' dir='ltr'><strong>estote</strong></span> <span class='ocrx_word' id='word_1_28' title='bbox 1808 572 1988 645; x_wconf 52' lang='lat' dir='ltr'><strong>(ibid.</strong></span> 
     </span>
    </p>
   </div>
   <div class='ocr_carea' id='block_1_6' title="bbox 324 662 1992 735">
    <p class='ocr_par' dir='ltr' id='par_1_6' title="bbox 324 662 1992 735">
     <span class='ocr_line' id='line_1_6' title="bbox 324 662 1992 735; baseline -0.002 -15"><span class='ocrx_word' id='word_1_29' title='bbox 324 665 434 735; x_wconf 83' lang='lat'><strong>15).</strong></span> <span class='ocrx_word' id='word_1_30' title='bbox 465 688 487 713; x_wconf 75' lang='grc' dir='ltr'><strong>ιι</strong></span> <span class='ocrx_word' id='word_1_31' title='bbox 516 662 648 719; x_wconf 87' lang='grc' dir='ltr'>Νοιι</span> <span class='ocrx_word' id='word_1_32' title='bbox 678 664 825 719; x_wconf 91' lang='lat' dir='ltr'><strong>solis</strong></span> <span class='ocrx_word' id='word_1_33' title='bbox 857 664 1140 719; x_wconf 76' lang='lat' dir='ltr'><strong>divitibus</strong></span> <span class='ocrx_word' id='word_1_34' title='bbox 1172 664 1333 729; x_wconf 83' lang='lat' dir='ltr'><strong>dicit,</strong></span> <span class='ocrx_word' id='word_1_35' title='bbox 1361 663 1469 717; x_wconf 93' lang='lat' dir='ltr'><strong>sed</strong></span> <span class='ocrx_word' id='word_1_36' title='bbox 1500 663 1777 717; x_wconf 90' lang='lat' dir='ltr'><strong>omnibus</strong></span> <span class='ocrx_word' id='word_1_37' title='bbox 1804 680 1817 729; x_wconf 92' lang='lat'>;</span> <span class='ocrx_word' id='word_1_38' title='bbox 1854 663 1992 734; x_wconf 86' lang='lat' dir='ltr'><strong>quia</strong></span> 
     </span>
    </p>
   </div>
   <div class='ocr_carea' id='block_1_7' title="bbox 325 752 1994 825">
    <p class='ocr_par' dir='ltr' id='par_1_7' title="bbox 325 752 1994 825">
     <span class='ocr_line' id='line_1_7' title="bbox 325 752 1994 825; baseline -0.003 -15"><span class='ocrx_word' id='word_1_39' title='bbox 325 756 457 810; x_wconf 84' lang='lat' dir='ltr'><strong>sine</strong></span> <span class='ocrx_word' id='word_1_40' title='bbox 477 754 821 809; x_wconf 89' lang='lat' dir='ltr'><strong>discrimine</strong></span> <span class='ocrx_word' id='word_1_41' title='bbox 842 769 1237 825; x_wconf 89' lang='lat' dir='ltr'><strong>personarum</strong></span> <span class='ocrx_word' id='word_1_42' title='bbox 1251 752 1500 823; x_wconf 88' lang='lat' dir='ltr'><strong>judicat,</strong></span> <span class='ocrx_word' id='word_1_43' title='bbox 1519 756 1581 806; x_wconf 92' lang='lat' dir='ltr'><strong>ut</strong></span> <span class='ocrx_word' id='word_1_44' title='bbox 1599 752 1795 806; x_wconf 91' lang='lat' dir='ltr'><strong>bonus</strong></span> <span class='ocrx_word' id='word_1_45' title='bbox 1822 752 1994 806; x_wconf 90' lang='lat' dir='ltr'><strong>testis</strong></span> 
     </span>
    </p>
   </div>
   <div class='ocr_carea' id='block_1_8' title="bbox 324 842 1991 915">
    <p class='ocr_par' dir='ltr' id='par_1_8' title="bbox 324 842 1991 915">
     <span class='ocr_line' id='line_1_8' title="bbox 324 842 1991 915; baseline -0.004 -14"><span class='ocrx_word' id='word_1_46' title='bbox 324 844 458 915; x_wconf 84' lang='lat' dir='ltr'><strong>ejus</strong></span> <span class='ocrx_word' id='word_1_47' title='bbox 489 844 812 913; x_wconf 79' lang='lat' dir='ltr'><strong>Apostolus</strong></span> <span class='ocrx_word' id='word_1_48' title='bbox 846 843 1022 897; x_wconf 89' lang='lat' dir='ltr'><strong>dicit:</strong></span> <span class='ocrx_word' id='word_1_49' title='bbox 1058 842 1129 896; x_wconf 87' lang='lat' dir='ltr'><strong>Et</strong></span> <span class='ocrx_word' id='word_1_50' title='bbox 1174 842 1308 897; x_wconf 92' lang='lat' dir='ltr'><strong>ideo</strong></span> <span class='ocrx_word' id='word_1_51' title='bbox 1359 858 1473 895; x_wconf 89' lang='lat' dir='ltr'><strong>non</strong></span> <span class='ocrx_word' id='word_1_52' title='bbox 1505 842 1564 895; x_wconf 91' lang='lat' dir='ltr'><strong>in</strong></span> <span class='ocrx_word' id='word_1_53' title='bbox 1606 842 1991 910; x_wconf 87' lang='lat' dir='ltr'><strong>remissione,</strong></span> 
     </span>
    </p>
   </div>
   <div class='ocr_carea' id='block_1_9' title="bbox 323 930 1996 1001">
    <p class='ocr_par' dir='ltr' id='par_1_9' title="bbox 323 930 1996 1001">
     <span class='ocr_line' id='line_1_9' title="bbox 323 930 1996 1001; baseline -0.002 -14"><span class='ocrx_word' id='word_1_54' title='bbox 323 948 439 988; x_wconf 90' lang='lat' dir='ltr'><strong>non</strong></span> <span class='ocrx_word' id='word_1_55' title='bbox 468 932 528 987; x_wconf 92' lang='lat' dir='ltr'><strong>in</strong></span> <span class='ocrx_word' id='word_1_56' title='bbox 557 932 816 1001; x_wconf 87' lang='lat' dir='ltr'><strong>fastidio,</strong></span> <span class='ocrx_word' id='word_1_57' title='bbox 850 948 966 987; x_wconf 90' lang='lat' dir='ltr'><strong>non</strong></span> <span class='ocrx_word' id='word_1_58' title='bbox 995 931 1055 985; x_wconf 92' lang='lat' dir='ltr'><strong>in</strong></span> <span class='ocrx_word' id='word_1_59' title='bbox 1087 931 1437 986; x_wconf 89' lang='lat' dir='ltr'><strong>exaltatione</strong></span> <span class='ocrx_word' id='word_1_60' title='bbox 1468 930 1671 986; x_wconf 89' lang='lat' dir='ltr'><strong>cordis</strong></span> <span class='ocrx_word' id='word_1_61' title='bbox 1696 945 1709 986; x_wconf 92' lang='lat'><strong>:</strong></span> <span class='ocrx_word' id='word_1_62' title='bbox 1745 930 1852 986; x_wconf 90' lang='lat' dir='ltr'><strong>sed</strong></span> <span class='ocrx_word' id='word_1_63' title='bbox 1889 952 1909 976; x_wconf 77' lang='grc' dir='ltr'><strong>ιι</strong></span> <span class='ocrx_word' id='word_1_64' title='bbox 1937 930 1996 983; x_wconf 92' lang='lat' dir='ltr'><strong>in</strong></span> 
     </span>
    </p>
   </div>
   <div class='ocr_carea' id='block_1_10' title="bbox 321 1020 1991 1092">
    <p class='ocr_par' dir='ltr' id='par_1_10' title="bbox 321 1020 1991 1092">
     <span class='ocr_line' id='line_1_10' title="bbox 321 1020 1991 1092; baseline -0.003 -15"><span class='ocrx_word' id='word_1_65' title='bbox 321 1023 552 1091; x_wconf 89' lang='lat' dir='ltr'><strong>timore,</strong></span> <span class='ocrx_word' id='word_1_66' title='bbox 587 1021 793 1092; x_wconf 85' lang='lat' dir='ltr'><strong>inquit,</strong></span> <span class='ocrx_word' id='word_1_67' title='bbox 828 1021 940 1075; x_wconf 91' lang='lat' dir='ltr'><strong>hoc</strong></span> <span class='ocrx_word' id='word_1_68' title='bbox 972 1020 1265 1075; x_wconf 89' lang='lat' dir='ltr'><strong>incolatus</strong></span> <span class='ocrx_word' id='word_1_69' title='bbox 1307 1020 1499 1075; x_wconf 88' lang='lat' dir='ltr'><strong>vestri</strong></span> <span class='ocrx_word' id='word_1_70' title='bbox 1548 1024 1815 1090; x_wconf 90' lang='lat' dir='ltr'><strong>tempore</strong></span> <span class='ocrx_word' id='word_1_71' title='bbox 1847 1034 1991 1073; x_wconf 91' lang='lat' dir='ltr'><strong>con-</strong></span> 
     </span>
    </p>
   </div>
   <div class='ocr_carea' id='block_1_11' title="bbox 322 1107 1995 1181">
    <p class='ocr_par' dir='ltr' id='par_1_11' title="bbox 322 1107 1995 1181">
     <span class='ocr_line' id='line_1_11' title="bbox 322 1107 1995 1181; baseline -0.003 -15"><span class='ocrx_word' id='word_1_72' title='bbox 322 1111 647 1166; x_wconf 88' lang='lat' dir='ltr'><strong>vcrsamini</strong></span> <span class='ocrx_word' id='word_1_73' title='bbox 677 1109 847 1181; x_wconf 82' lang='lat' dir='ltr'><strong>(Ibid.</strong></span> <span class='ocrx_word' id='word_1_74' title='bbox 890 1110 1001 1181; x_wconf 84' lang='lat'><strong>1’7).</strong></span> <span class='ocrx_word' id='word_1_75' title='bbox 1039 1133 1061 1159; x_wconf 69' lang='grc' dir='ltr'><strong><em>η</em></strong></span> <span class='ocrx_word' id='word_1_76' title='bbox 1113 1109 1373 1180; x_wconf 89' lang='lat' dir='ltr'><strong>Tempus</strong></span> <span class='ocrx_word' id='word_1_77' title='bbox 1424 1109 1742 1180; x_wconf 88' lang='lat' dir='ltr'><strong>accepistis</strong></span> <span class='ocrx_word' id='word_1_78' title='bbox 1793 1108 1903 1163; x_wconf 92' lang='lat' dir='ltr'><strong>hac</strong></span> <span class='ocrx_word' id='word_1_79' title='bbox 1936 1107 1995 1161; x_wconf 92' lang='lat' dir='ltr'><strong>in</strong></span> 
     </span>
    </p>
   </div>
   <div class='ocr_carea' id='block_1_12' title="bbox 316 1197 1995 1271">
    <p class='ocr_par' dir='ltr' id='par_1_12' title="bbox 316 1197 1995 1271">
     <span class='ocr_line' id='line_1_12' title="bbox 316 1197 1995 1271; baseline -0.004 -15"><span class='ocrx_word' id='word_1_80' title='bbox 316 1204 504 1270; x_wconf 89' lang='lat' dir='ltr'><strong>terra,</strong></span> <span class='ocrx_word' id='word_1_81' title='bbox 555 1215 673 1255; x_wconf 93' lang='lat' dir='ltr'><strong>non</strong></span> <span class='ocrx_word' id='word_1_82' title='bbox 718 1199 1212 1271; x_wconf 88' lang='lat' dir='ltr'><strong>perpetuitatem:</strong></span> <span class='ocrx_word' id='word_1_83' title='bbox 1263 1199 1382 1270; x_wconf 90' lang='lat' dir='ltr'><strong>ipsi</strong></span> <span class='ocrx_word' id='word_1_84' title='bbox 1434 1202 1701 1269; x_wconf 90' lang='lat' dir='ltr'><strong>tempore</strong></span> <span class='ocrx_word' id='word_1_85' title='bbox 1750 1197 1995 1252; x_wconf 89' lang='lat' dir='ltr'><strong>utamini</strong></span> 
     </span>
    </p>
   </div>
   <div class='ocr_carea' id='block_1_13' title="bbox 262 1289 1216 1360">
    <p class='ocr_par' dir='ltr' id='par_1_13' title="bbox 262 1289 1216 1360">
     <span class='ocr_line' id='line_1_13' title="bbox 262 1289 1216 1360; baseline -0.002 -16"><span class='ocrx_word' id='word_1_86' title='bbox 262 1318 269 1323; x_wconf 87' lang='lat'><strong><em>-</em></strong></span> <span class='ocrx_word' id='word_1_87' title='bbox 322 1290 425 1360; x_wconf 87' lang='lat' dir='ltr'><strong>qui</strong></span> <span class='ocrx_word' id='word_1_88' title='bbox 454 1289 660 1344; x_wconf 87' lang='lat' dir='ltr'><strong>sciatis</strong></span> <span class='ocrx_word' id='word_1_89' title='bbox 692 1304 803 1343; x_wconf 90' lang='lat' dir='ltr'><strong>vos</strong></span> <span class='ocrx_word' id='word_1_90' title='bbox 830 1289 1216 1358; x_wconf 87' lang='lat' dir='ltr'><strong>migraturos.</strong></span> 
     </span>
    </p>
   </div>
   <div class='ocr_carea' id='block_1_14' title="bbox 391 1394 1995 1466">
    <p class='ocr_par' dir='ltr' id='par_1_14' title="bbox 391 1394 1995 1466">
     <span class='ocr_line' id='line_1_14' title="bbox 391 1394 1995 1466; baseline -0.002 -16"><span class='ocrx_word' id='word_1_91' title='bbox 391 1396 479 1450; x_wconf 87' lang='lat'><strong>8&#39;1.</strong></span> <span class='ocrx_word' id='word_1_92' title='bbox 516 1395 709 1451; x_wconf 89' lang='lat' dir='ltr'><strong>Nolite</strong></span> <span class='ocrx_word' id='word_1_93' title='bbox 755 1396 815 1449; x_wconf 89' lang='lat' dir='ltr'><strong>in</strong></span> <span class='ocrx_word' id='word_1_94' title='bbox 862 1395 1084 1449; x_wconf 87' lang='lat' dir='ltr'><strong>divitiis</strong></span> <span class='ocrx_word' id='word_1_95' title='bbox 1135 1394 1454 1462; x_wconf 83' lang='lat' dir='ltr'><strong>confidere,</strong></span> <span class='ocrx_word' id='word_1_96' title='bbox 1508 1395 1608 1466; x_wconf 89' lang='lat' dir='ltr'><strong>qui</strong></span> <span class='ocrx_word' id='word_1_97' title='bbox 1658 1394 1855 1449; x_wconf 85' lang='lat' dir='ltr'><strong>omnia</strong></span> <span class='ocrx_word' id='word_1_98' title='bbox 1895 1394 1995 1448; x_wconf 88' lang='lat' dir='ltr'><strong>illa</strong></span> 
     </span>
    </p>
   </div>
   <div class='ocr_carea' id='block_1_15' title="bbox 320 1483 1996 1556">
    <p class='ocr_par' dir='ltr' id='par_1_15' title="bbox 320 1483 1996 1556">
     <span class='ocr_line' id='line_1_15' title="bbox 320 1483 1996 1556; baseline -0.002 -15"><span class='ocrx_word' id='word_1_99' title='bbox 320 1486 417 1541; x_wconf 90' lang='lat' dir='ltr'><strong>hic</strong></span> <span class='ocrx_word' id='word_1_100' title='bbox 455 1486 891 1556; x_wconf 89' lang='lat' dir='ltr'><strong>relinquuntur,</strong></span> <span class='ocrx_word' id='word_1_101' title='bbox 936 1485 1064 1540; x_wconf 88' lang='lat' dir='ltr'><strong>sola</strong></span> <span class='ocrx_word' id='word_1_102' title='bbox 1102 1500 1212 1539; x_wconf 87' lang='lat' dir='ltr'><strong>vos</strong></span> <span class='ocrx_word' id='word_1_103' title='bbox 1252 1485 1634 1539; x_wconf 80' lang='lat' dir='ltr'><strong>comitabitur</strong></span> <span class='ocrx_word' id='word_1_104' title='bbox 1663 1484 1833 1539; x_wconf 79' lang='lat' dir='ltr'><strong>fides.</strong></span> <span class='ocrx_word' id='word_1_105' title='bbox 1868 1483 1996 1538; x_wconf 87' lang='lat' dir='ltr'><strong>Erit</strong></span> 
     </span>
    </p>
   </div>
   <div class='ocr_carea' id='block_1_16' title="bbox 320 1573 1996 1645">
    <p class='ocr_par' dir='ltr' id='par_1_16' title="bbox 320 1573 1996 1645">
     <span class='ocr_line' id='line_1_16' title="bbox 320 1573 1996 1645; baseline -0.001 -16"><span class='ocrx_word' id='word_1_106' title='bbox 320 1590 465 1630; x_wconf 87' lang='lat' dir='ltr'><strong>sane</strong></span> <span class='ocrx_word' id='word_1_107' title='bbox 495 1575 670 1629; x_wconf 90' lang='lat' dir='ltr'><strong>etiam</strong></span> <span class='ocrx_word' id='word_1_108' title='bbox 693 1574 927 1645; x_wconf 87' lang='lat' dir='ltr'><strong>justitia</strong></span> <span class='ocrx_word' id='word_1_109' title='bbox 960 1589 1182 1643; x_wconf 89' lang='lat' dir='ltr'><strong>comes,</strong></span> <span class='ocrx_word' id='word_1_110' title='bbox 1218 1575 1271 1629; x_wconf 92' lang='lat' dir='ltr'><strong>si</strong></span> <span class='ocrx_word' id='word_1_111' title='bbox 1302 1574 1452 1629; x_wconf 83' lang='lat' dir='ltr'><strong>ﬁdes</strong></span> <span class='ocrx_word' id='word_1_112' title='bbox 1476 1573 1702 1644; x_wconf 86' lang='lat' dir='ltr'><strong>praevia</strong></span> <span class='ocrx_word' id='word_1_113' title='bbox 1722 1573 1821 1628; x_wconf 87' lang='lat' dir='ltr'><strong>sit.</strong></span> <span class='ocrx_word' id='word_1_114' title='bbox 1844 1573 1996 1638; x_wconf 87' lang='lat' dir='ltr'><strong>Quid</strong></span> 
     </span>
    </p>
   </div>
   <div class='ocr_carea' id='block_1_17' title="bbox 230 1663 1996 1735">
    <p class='ocr_par' dir='ltr' id='par_1_17' title="bbox 230 1663 1996 1735">
     <span class='ocr_line' id='line_1_17' title="bbox 230 1663 1996 1735; baseline 0 -18"><span class='ocrx_word' id='word_1_115' title='bbox 230 1670 249 1679; x_wconf 81' lang='lat'><strong><em>&#39;</em></strong></span> <span class='ocrx_word' id='word_1_116' title='bbox 318 1679 430 1719; x_wconf 93' lang='lat' dir='ltr'><strong>vos</strong></span> <span class='ocrx_word' id='word_1_117' title='bbox 461 1665 699 1735; x_wconf 89' lang='lat' dir='ltr'><strong>palpant</strong></span> <span class='ocrx_word' id='word_1_118' title='bbox 726 1664 946 1719; x_wconf 76' lang='lat' dir='ltr'><strong>divitiae</strong></span> <span class='ocrx_word' id='word_1_119' title='bbox 968 1664 998 1718; x_wconf 85' lang='lat'><strong>?</strong></span> <span class='ocrx_word' id='word_1_120' title='bbox 1033 1685 1055 1711; x_wconf 76' lang='grc' dir='ltr'><strong><em>α</em></strong></span> <span class='ocrx_word' id='word_1_121' title='bbox 1092 1664 1224 1718; x_wconf 89' lang='grc' dir='ltr'>Νοιι</span> <span class='ocrx_word' id='word_1_122' title='bbox 1247 1678 1392 1717; x_wconf 90' lang='lat' dir='ltr'><strong>auro</strong></span> <span class='ocrx_word' id='word_1_123' title='bbox 1416 1663 1511 1717; x_wconf 90' lang='lat' dir='ltr'><strong>vel</strong></span> <span class='ocrx_word' id='word_1_124' title='bbox 1535 1665 1804 1734; x_wconf 90' lang='lat' dir='ltr'><strong>argento,</strong></span> <span class='ocrx_word' id='word_1_125' title='bbox 1835 1685 1856 1711; x_wconf 76' lang='grc' dir='ltr'><strong>υ</strong></span> <span class='ocrx_word' id='word_1_126' title='bbox 1879 1677 1996 1717; x_wconf 88' lang='lat' dir='ltr'><strong>non</strong></span> 
     </span>
    </p>
   </div>
   <div class='ocr_carea' id='block_1_18' title="bbox 317 1751 1997 1826">
    <p class='ocr_par' dir='ltr' id='par_1_18' title="bbox 317 1751 1997 1826">
     <span class='ocr_line' id='line_1_18' title="bbox 317 1751 1997 1826; baseline -0.002 -17"><span class='ocrx_word' id='word_1_127' title='bbox 317 1753 834 1826; x_wconf 88' lang='lat' dir='ltr'><strong>possessionibus,</strong></span> <span class='ocrx_word' id='word_1_128' title='bbox 871 1768 985 1807; x_wconf 92' lang='lat' dir='ltr'><strong>non</strong></span> <span class='ocrx_word' id='word_1_129' title='bbox 1019 1753 1235 1808; x_wconf 90' lang='lat' dir='ltr'><strong>sericis</strong></span> <span class='ocrx_word' id='word_1_130' title='bbox 1267 1752 1561 1820; x_wconf 86' lang='lat' dir='ltr'><strong>vestibus,</strong></span> <span class='ocrx_word' id='word_1_131' title='bbox 1591 1772 1618 1801; x_wconf 84' lang='grc'><strong>‹‹</strong></span> <span class='ocrx_word' id='word_1_132' title='bbox 1638 1751 1710 1806; x_wconf 92' lang='lat' dir='ltr'><strong>de</strong></span> <span class='ocrx_word' id='word_1_133' title='bbox 1728 1767 1885 1805; x_wconf 92' lang='lat' dir='ltr'><strong>vana</strong></span> <span class='ocrx_word' id='word_1_134' title='bbox 1902 1766 1997 1806; x_wconf 93' lang='lat' dir='ltr'><strong>ve-</strong></span> 
     </span>
    </p>
   </div>
   <div class='ocr_carea' id='block_1_19' title="bbox 321 1840 1994 1912">
    <p class='ocr_par' dir='ltr' id='par_1_19' title="bbox 321 1840 1994 1912">
     <span class='ocr_line' id='line_1_19' title="bbox 321 1840 1994 1912; baseline -0.002 -14"><span class='ocrx_word' id='word_1_135' title='bbox 321 1847 449 1898; x_wconf 91' lang='lat' dir='ltr'><strong>stra</strong></span> <span class='ocrx_word' id='word_1_136' title='bbox 466 1842 919 1898; x_wconf 86' lang='lat' dir='ltr'><strong>conversatione</strong></span> <span class='ocrx_word' id='word_1_137' title='bbox 937 1843 1225 1912; x_wconf 88' lang='lat' dir='ltr'><strong>redempti</strong></span> <span class='ocrx_word' id='word_1_138' title='bbox 1243 1843 1419 1896; x_wconf 90' lang='lat' dir='ltr'><strong>estis:</strong></span> <span class='ocrx_word' id='word_1_139' title='bbox 1442 1840 1550 1895; x_wconf 89' lang='lat' dir='ltr'><strong>sed</strong></span> <span class='ocrx_word' id='word_1_140' title='bbox 1570 1841 1837 1910; x_wconf 88' lang='lat' dir='ltr'><strong>pretioso</strong></span> <span class='ocrx_word' id='word_1_141' title='bbox 1861 1856 1994 1894; x_wconf 91' lang='lat' dir='ltr'><strong>san-</strong></span> 
     </span>
    </p>
   </div>
   <div class='ocr_carea' id='block_1_20' title="bbox 320 1930 1995 2006">
    <p class='ocr_par' dir='ltr' id='par_1_20' title="bbox 320 1930 1995 2006">
     <span class='ocr_line' id='line_1_20' title="bbox 320 1930 1995 2006; baseline -0.002 -19"><span class='ocrx_word' id='word_1_142' title='bbox 320 1933 499 2006; x_wconf 86' lang='lat' dir='ltr'><strong>guine</strong></span> <span class='ocrx_word' id='word_1_143' title='bbox 528 1932 753 1987; x_wconf 87' lang='lat' dir='ltr'><strong>Christi</strong></span> <span class='ocrx_word' id='word_1_144' title='bbox 782 1932 929 1986; x_wconf 79' lang='lat' dir='ltr'><strong>Jesu</strong></span> <span class='ocrx_word' id='word_1_145' title='bbox 961 1931 1131 2001; x_wconf 86' lang='lat' dir='ltr'><strong>(Ibid.</strong></span> <span class='ocrx_word' id='word_1_146' title='bbox 1169 1931 1256 1997; x_wconf 91' lang='lat'><strong>18,</strong></span> <span class='ocrx_word' id='word_1_147' title='bbox 1302 1930 1413 2000; x_wconf 86' lang='lat'><strong>19).</strong></span> <span class='ocrx_word' id='word_1_148' title='bbox 1450 1954 1472 1977; x_wconf 72' lang='grc' dir='ltr'><strong>η</strong></span> <span class='ocrx_word' id='word_1_149' title='bbox 1509 1930 1614 1984; x_wconf 88' lang='lat' dir='ltr'><strong>Ille</strong></span> <span class='ocrx_word' id='word_1_150' title='bbox 1647 1946 1794 2001; x_wconf 90' lang='lat' dir='ltr'><strong>ergo</strong></span> <span class='ocrx_word' id='word_1_151' title='bbox 1825 1930 1995 1984; x_wconf 87' lang='lat' dir='ltr'><strong>dives</strong></span> 
     </span>
    </p>
   </div>
   <div class='ocr_carea' id='block_1_21' title="bbox 319 2018 1997 2092">
    <p class='ocr_par' dir='ltr' id='par_1_21' title="bbox 319 2018 1997 2092">
     <span class='ocr_line' id='line_1_21' title="bbox 319 2018 1997 2092; baseline -0.003 -15"><span class='ocrx_word' id='word_1_152' title='bbox 319 2027 431 2090; x_wconf 92' lang='lat' dir='ltr'><strong>est,</strong></span> <span class='ocrx_word' id='word_1_153' title='bbox 474 2021 575 2092; x_wconf 87' lang='lat' dir='ltr'><strong>qui</strong></span> <span class='ocrx_word' id='word_1_154' title='bbox 613 2019 794 2074; x_wconf 85' lang='lat' dir='ltr'><strong>fuerit</strong></span> <span class='ocrx_word' id='word_1_155' title='bbox 832 2019 1032 2075; x_wconf 87' lang='lat' dir='ltr'><strong>haeres</strong></span> <span class='ocrx_word' id='word_1_156' title='bbox 1076 2021 1201 2088; x_wconf 89' lang='lat' dir='ltr'><strong>Dei,</strong></span> <span class='ocrx_word' id='word_1_157' title='bbox 1245 2019 1471 2075; x_wconf 89' lang='lat' dir='ltr'><strong>Christi</strong></span> <span class='ocrx_word' id='word_1_158' title='bbox 1510 2019 1805 2074; x_wconf 75' lang='lat' dir='ltr'><strong>cohaares.</strong></span> <span class='ocrx_word' id='word_1_159' title='bbox 1861 2018 1997 2072; x_wconf 88' lang='lat' dir='ltr'><strong>Noli</strong></span> 
     </span>
    </p>
   </div>
   <div class='ocr_carea' id='block_1_22' title="bbox 317 2092 1995 2183">
    <p class='ocr_par' dir='ltr' id='par_1_22' title="bbox 317 2092 1995 2183">
     <span class='ocr_line' id='line_1_22' title="bbox 317 2092 1995 2183; baseline -0.002 -18"><span class='ocrx_word' id='word_1_160' title='bbox 317 2124 643 2183; x_wconf 80' lang='lat' dir='ltr'><strong>pauperem</strong></span> <span class='ocrx_word' id='word_1_161' title='bbox 673 2092 1075 2178; x_wconf 68' lang='lat' dir='ltr'><strong>contemnere,</strong></span> <span class='ocrx_word' id='word_1_162' title='bbox 1120 2110 1217 2165; x_wconf 85' lang='lat' dir='ltr'><strong>ille</strong></span> <span class='ocrx_word' id='word_1_163' title='bbox 1259 2113 1313 2164; x_wconf 91' lang='lat' dir='ltr'><strong>te</strong></span> <span class='ocrx_word' id='word_1_164' title='bbox 1353 2109 1595 2163; x_wconf 88' lang='lat' dir='ltr'><strong>divitem</strong></span> <span class='ocrx_word' id='word_1_165' title='bbox 1636 2108 1798 2163; x_wconf 87' lang='lat' dir='ltr'><strong>fecit.</strong></span> <span class='ocrx_word' id='word_1_166' title='bbox 1859 2108 1995 2162; x_wconf 92' lang='lat' dir='ltr'><strong>Noli</strong></span> 
     </span>
    </p>
   </div>
   <div class='ocr_carea' id='block_1_23' title="bbox 318 2197 1991 2272">
    <p class='ocr_par' dir='ltr' id='par_1_23' title="bbox 318 2197 1991 2272">
     <span class='ocr_line' id='line_1_23' title="bbox 318 2197 1991 2272; baseline -0.002 -17"><span class='ocrx_word' id='word_1_167' title='bbox 318 2203 592 2272; x_wconf 79' lang='lat' dir='ltr'><strong>egentem</strong></span> <span class='ocrx_word' id='word_1_168' title='bbox 622 2198 893 2253; x_wconf 85' lang='lat' dir='ltr'><strong>fastidire</strong></span> <span class='ocrx_word' id='word_1_169' title='bbox 918 2213 930 2253; x_wconf 93' lang='lat'><strong>:</strong></span> <span class='ocrx_word' id='word_1_170' title='bbox 972 2220 993 2245; x_wconf 74' lang='grc' dir='ltr'><strong><em>α</em></strong></span> <span class='ocrx_word' id='word_1_171' title='bbox 1029 2198 1149 2253; x_wconf 90' lang='lat' dir='ltr'><strong>Iste</strong></span> <span class='ocrx_word' id='word_1_172' title='bbox 1180 2214 1407 2268; x_wconf 87' lang='lat' dir='ltr'><strong>pauper</strong></span> <span class='ocrx_word' id='word_1_173' title='bbox 1438 2197 1730 2266; x_wconf 87' lang='lat' dir='ltr'><strong>clamavit,</strong></span> <span class='ocrx_word' id='word_1_174' title='bbox 1783 2199 1841 2251; x_wconf 90' lang='lat' dir='ltr'><strong>et</strong></span> <span class='ocrx_word' id='word_1_175' title='bbox 1870 2197 1991 2251; x_wconf 91' lang='lat' dir='ltr'><strong>Do-</strong></span> 
     </span>
    </p>
   </div>
   <div class='ocr_carea' id='block_1_24' title="bbox 318 2285 1989 2357">
    <p class='ocr_par' dir='ltr' id='par_1_24' title="bbox 318 2285 1989 2357">
     <span class='ocr_line' id='line_1_24' title="bbox 318 2285 1989 2357; baseline -0.002 -14"><span class='ocrx_word' id='word_1_176' title='bbox 318 2290 517 2343; x_wconf 90' lang='lat' dir='ltr'><strong>minus</strong></span> <span class='ocrx_word' id='word_1_177' title='bbox 574 2287 877 2343; x_wconf 85' lang='lat' dir='ltr'><strong>exaudivit</strong></span> <span class='ocrx_word' id='word_1_178' title='bbox 934 2303 1070 2342; x_wconf 91' lang='lat' dir='ltr'><strong>eum</strong></span> <span class='ocrx_word' id='word_1_179' title='bbox 1130 2287 1319 2357; x_wconf 85' lang='lat' dir='ltr'><strong>(Psal.</strong></span> <span class='ocrx_word' id='word_1_180' title='bbox 1367 2304 1568 2355; x_wconf 87' lang='lat' dir='ltr'><strong>xxxm,</strong></span> <span class='ocrx_word' id='word_1_181' title='bbox 1618 2287 1694 2357; x_wconf 85' lang='lat'><strong>&#39;7).</strong></span> <span class='ocrx_word' id='word_1_182' title='bbox 1760 2306 1783 2335; x_wconf 73' lang='grc' dir='ltr'><strong>ι</strong></span> <span class='ocrx_word' id='word_1_183' title='bbox 1854 2285 1989 2340; x_wconf 88' lang='lat' dir='ltr'><strong>Noli</strong></span> 
     </span>
    </p>
   </div>
   <div class='ocr_carea' id='block_1_25' title="bbox 316 2374 1992 2449">
    <p class='ocr_par' dir='ltr' id='par_1_25' title="bbox 316 2374 1992 2449">
     <span class='ocr_line' id='line_1_25' title="bbox 316 2374 1992 2449; baseline -0.001 -16"><span class='ocrx_word' id='word_1_184' title='bbox 316 2380 553 2449; x_wconf 90' lang='lat' dir='ltr'><strong>inopem</strong></span> <span class='ocrx_word' id='word_1_185' title='bbox 584 2375 886 2432; x_wconf 87' lang='lat' dir='ltr'><strong>refutare:</strong></span> <span class='ocrx_word' id='word_1_186' title='bbox 935 2380 997 2432; x_wconf 93' lang='lat' dir='ltr'><strong>et</strong></span> <span class='ocrx_word' id='word_1_187' title='bbox 1046 2376 1325 2432; x_wconf 90' lang='lat' dir='ltr'><strong>Christus</strong></span> <span class='ocrx_word' id='word_1_188' title='bbox 1369 2391 1597 2447; x_wconf 89' lang='lat' dir='ltr'><strong>pauper</strong></span> <span class='ocrx_word' id='word_1_189' title='bbox 1644 2374 1839 2429; x_wconf 90' lang='lat' dir='ltr'><strong>factus</strong></span> <span class='ocrx_word' id='word_1_190' title='bbox 1879 2378 1992 2443; x_wconf 87' lang='lat' dir='ltr'><strong>est,</strong></span> 
     </span>
    </p>
   </div>
   <div class='ocr_carea' id='block_1_26' title="bbox 320 2463 1992 2537">
    <p class='ocr_par' dir='ltr' id='par_1_26' title="bbox 320 2463 1992 2537">
     <span class='ocr_line' id='line_1_26' title="bbox 320 2463 1992 2537; baseline -0.003 -15"><span class='ocrx_word' id='word_1_191' title='bbox 320 2483 455 2523; x_wconf 90' lang='lat' dir='ltr'><strong>cum</strong></span> <span class='ocrx_word' id='word_1_192' title='bbox 485 2467 656 2522; x_wconf 90' lang='lat' dir='ltr'><strong>dives</strong></span> <span class='ocrx_word' id='word_1_193' title='bbox 688 2470 881 2522; x_wconf 86' lang='lat' dir='ltr'><strong>esset:</strong></span> <span class='ocrx_word' id='word_1_194' title='bbox 920 2465 1027 2520; x_wconf 89' lang='lat' dir='ltr'><strong>sed</strong></span> <span class='ocrx_word' id='word_1_195' title='bbox 1044 2469 1287 2537; x_wconf 86' lang='lat' dir='ltr'><strong>propter</strong></span> <span class='ocrx_word' id='word_1_196' title='bbox 1317 2468 1374 2520; x_wconf 91' lang='lat' dir='ltr'><strong>te</strong></span> <span class='ocrx_word' id='word_1_197' title='bbox 1402 2480 1626 2535; x_wconf 86' lang='lat' dir='ltr'><strong>pauper</strong></span> <span class='ocrx_word' id='word_1_198' title='bbox 1654 2463 1848 2519; x_wconf 89' lang='lat' dir='ltr'><strong>factus</strong></span> <span class='ocrx_word' id='word_1_199' title='bbox 1879 2466 1992 2532; x_wconf 90' lang='lat' dir='ltr'><strong>est,</strong></span> 
     </span>
    </p>
   </div>
   <div class='ocr_carea' id='block_1_27' title="bbox 318 2553 1995 2628">
    <p class='ocr_par' dir='ltr' id='par_1_27' title="bbox 318 2553 1995 2628">
     <span class='ocr_line' id='line_1_27' title="bbox 318 2553 1995 2628; baseline -0.003 -16"><span class='ocrx_word' id='word_1_200' title='bbox 318 2561 384 2612; x_wconf 89' lang='lat' dir='ltr'><strong>ut</strong></span> <span class='ocrx_word' id='word_1_201' title='bbox 411 2560 468 2612; x_wconf 93' lang='lat' dir='ltr'><strong>te</strong></span> <span class='ocrx_word' id='word_1_202' title='bbox 496 2557 693 2628; x_wconf 88' lang='lat' dir='ltr'><strong>inopia</strong></span> <span class='ocrx_word' id='word_1_203' title='bbox 722 2556 835 2627; x_wconf 71' lang='grc'><strong>(14)</strong></span> <span class='ocrx_word' id='word_1_204' title='bbox 888 2572 999 2610; x_wconf 92' lang='lat' dir='ltr'><strong>sua</strong></span> <span class='ocrx_word' id='word_1_205' title='bbox 1046 2555 1292 2610; x_wconf 85' lang='lat' dir='ltr'><strong>divitem</strong></span> <span class='ocrx_word' id='word_1_206' title='bbox 1342 2555 1585 2609; x_wconf 86' lang='lat' dir='ltr'><strong>faceret.</strong></span> <span class='ocrx_word' id='word_1_207' title='bbox 1638 2554 1773 2609; x_wconf 89' lang='lat' dir='ltr'><strong>Noli</strong></span> <span class='ocrx_word' id='word_1_208' title='bbox 1821 2553 1995 2625; x_wconf 89' lang='lat' dir='ltr'><strong>quasi</strong></span> 
     </span>
    </p>
   </div>
   <div class='ocr_carea' id='block_1_28' title="bbox 319 2642 1994 2716">
    <p class='ocr_par' dir='ltr' id='par_1_28' title="bbox 319 2642 1994 2716">
     <span class='ocr_line' id='line_1_28' title="bbox 319 2642 1994 2716; baseline -0.004 -13"><span class='ocrx_word' id='word_1_209' title='bbox 319 2648 489 2703; x_wconf 90' lang='lat' dir='ltr'><strong>dives</strong></span> <span class='ocrx_word' id='word_1_210' title='bbox 546 2651 602 2702; x_wconf 92' lang='lat' dir='ltr'><strong>te</strong></span> <span class='ocrx_word' id='word_1_211' title='bbox 650 2646 956 2702; x_wconf 89' lang='lat' dir='ltr'><strong>attollere:</strong></span> <span class='ocrx_word' id='word_1_212' title='bbox 1014 2645 1145 2699; x_wconf 90' lang='lat' dir='ltr'><strong>sine</strong></span> <span class='ocrx_word' id='word_1_213' title='bbox 1203 2644 1453 2716; x_wconf 87' lang='lat' dir='ltr'><strong>pecunia</strong></span> <span class='ocrx_word' id='word_1_214' title='bbox 1490 2642 1653 2698; x_wconf 89' lang='lat' dir='ltr'><strong>misit</strong></span> <span class='ocrx_word' id='word_1_215' title='bbox 1690 2644 1994 2714; x_wconf 91' lang='lat' dir='ltr'><strong>apostolos</strong></span> 
     </span>
    </p>
   </div>
   <div class='ocr_carea' id='block_1_29' title="bbox 318 2752 491 2792">
    <p class='ocr_par' dir='ltr' id='par_1_29' title="bbox 318 2752 491 2792">
     <span class='ocr_line' id='line_1_29' title="bbox 318 2752 491 2792; baseline -0.006 0"><span class='ocrx_word' id='word_1_216' title='bbox 318 2752 491 2792; x_wconf 81' lang='lat'><strong>81108.</strong></span> 
     </span>
    </p>
   </div>
   <div class='ocr_carea' id='block_1_30' title="bbox 389 2839 1994 2915">
    <p class='ocr_par' dir='ltr' id='par_1_30' title="bbox 389 2839 1994 2915">
     <span class='ocr_line' id='line_1_30' title="bbox 389 2839 1994 2915; baseline -0.002 -17"><span class='ocrx_word' id='word_1_217' title='bbox 389 2843 477 2899; x_wconf 90' lang='lat'><strong>88.</strong></span> <span class='ocrx_word' id='word_1_218' title='bbox 503 2842 768 2915; x_wconf 87' lang='lat' dir='ltr'><strong>Denique</strong></span> <span class='ocrx_word' id='word_1_219' title='bbox 807 2843 1039 2914; x_wconf 89' lang='lat' dir='ltr'><strong>primus</strong></span> <span class='ocrx_word' id='word_1_220' title='bbox 1073 2857 1280 2897; x_wconf 89' lang='lat' dir='ltr'><strong>eorum</strong></span> <span class='ocrx_word' id='word_1_221' title='bbox 1311 2840 1493 2896; x_wconf 83' lang='lat' dir='ltr'><strong>dixit:</strong></span> <span class='ocrx_word' id='word_1_222' title='bbox 1531 2862 1553 2887; x_wconf 71' lang='grc' dir='ltr'><strong><em>α</em></strong></span> <span class='ocrx_word' id='word_1_223' title='bbox 1577 2839 1905 2912; x_wconf 79' lang='lat' dir='ltr'><strong>Argentum</strong></span> <span class='ocrx_word' id='word_1_224' title='bbox 1937 2843 1994 2894; x_wconf 91' lang='lat' dir='ltr'><strong>et</strong></span> 
     </span>
    </p>
   </div>
   <div class='ocr_carea' id='block_1_31' title="bbox 320 2930 1993 3003">
    <p class='ocr_par' dir='ltr' id='par_1_31' title="bbox 320 2930 1993 3003">
     <span class='ocr_line' id='line_1_31' title="bbox 320 2930 1993 3003; baseline -0.004 -13"><span class='ocrx_word' id='word_1_225' title='bbox 320 2948 531 2989; x_wconf 89' lang='lat' dir='ltr'><strong>aurum</strong></span> <span class='ocrx_word' id='word_1_226' title='bbox 561 2948 677 2987; x_wconf 89' lang='lat' dir='ltr'><strong>non</strong></span> <span class='ocrx_word' id='word_1_227' title='bbox 706 2933 895 2987; x_wconf 88' lang='lat' dir='ltr'><strong>habeo</strong></span> <span class='ocrx_word' id='word_1_228' title='bbox 927 2931 1086 3003; x_wconf 82' lang='lat' dir='ltr'><strong>(Act.</strong></span> <span class='ocrx_word' id='word_1_229' title='bbox 1128 2947 1211 3000; x_wconf 88' lang='grc' dir='ltr'>ιιι,</span> <span class='ocrx_word' id='word_1_230' title='bbox 1252 2930 1327 3001; x_wconf 89' lang='lat'><strong>6).</strong></span> <span class='ocrx_word' id='word_1_231' title='bbox 1367 2950 1390 2980; x_wconf 68' lang='grc' dir='ltr'><strong>ι</strong></span> <span class='ocrx_word' id='word_1_232' title='bbox 1423 2930 1726 2985; x_wconf 90' lang='lat' dir='ltr'><strong>Gloriatur</strong></span> <span class='ocrx_word' id='word_1_233' title='bbox 1756 2930 1817 2983; x_wconf 89' lang='lat' dir='ltr'><strong>in</strong></span> <span class='ocrx_word' id='word_1_234' title='bbox 1845 2944 1993 3000; x_wconf 90' lang='lat' dir='ltr'><strong>pau-</strong></span> 
     </span>
    </p>
   </div>
   <div class='ocr_carea' id='block_1_32' title="bbox 320 3019 1995 3094">
    <p class='ocr_par' dir='ltr' id='par_1_32' title="bbox 320 3019 1995 3094">
     <span class='ocr_line' id='line_1_32' title="bbox 320 3019 1995 3094; baseline -0.003 -17"><span class='ocrx_word' id='word_1_235' title='bbox 320 3025 572 3094; x_wconf 90' lang='lat' dir='ltr'><strong>pertate,</strong></span> <span class='ocrx_word' id='word_1_236' title='bbox 606 3021 779 3093; x_wconf 92' lang='lat' dir='ltr'><strong>quasi</strong></span> <span class='ocrx_word' id='word_1_237' title='bbox 809 3021 1070 3093; x_wconf 81' lang='lat' dir='ltr'><strong>refugiat</strong></span> <span class='ocrx_word' id='word_1_238' title='bbox 1100 3020 1671 3075; x_wconf 88' lang='lat' dir='ltr'><strong>contaminationem.</strong></span> <span class='ocrx_word' id='word_1_239' title='bbox 1698 3041 1719 3066; x_wconf 81' lang='grc' dir='ltr'><strong>α</strong></span> <span class='ocrx_word' id='word_1_240' title='bbox 1756 3019 1995 3091; x_wconf 88' lang='lat' dir='ltr'><strong>Argen-</strong></span> 
     </span>
    </p>
   </div>
   <div class='ocr_carea' id='block_1_33' title="bbox 317 3109 1995 3182">
    <p class='ocr_par' dir='ltr' id='par_1_33' title="bbox 317 3109 1995 3182">
     <span class='ocr_line' id='line_1_33' title="bbox 317 3109 1995 3182; baseline -0.003 -16"><span class='ocrx_word' id='word_1_241' title='bbox 317 3113 462 3179; x_wconf 88' lang='lat' dir='ltr'><strong>tum,</strong></span> <span class='ocrx_word' id='word_1_242' title='bbox 484 3110 690 3182; x_wconf 89' lang='lat' dir='ltr'><strong>inquit,</strong></span> <span class='ocrx_word' id='word_1_243' title='bbox 735 3115 791 3165; x_wconf 90' lang='lat' dir='ltr'><strong>et</strong></span> <span class='ocrx_word' id='word_1_244' title='bbox 831 3126 1041 3165; x_wconf 90' lang='lat' dir='ltr'><strong>aurum</strong></span> <span class='ocrx_word' id='word_1_245' title='bbox 1078 3125 1193 3163; x_wconf 88' lang='lat' dir='ltr'><strong>non</strong></span> <span class='ocrx_word' id='word_1_246' title='bbox 1215 3109 1443 3179; x_wconf 86' lang='lat' dir='ltr'><strong>habeo;</strong></span> <span class='ocrx_word' id='word_1_247' title='bbox 1483 3132 1504 3156; x_wconf 77' lang='grc' dir='ltr'>ι»</span> <span class='ocrx_word' id='word_1_248' title='bbox 1541 3123 1676 3177; x_wconf 88' lang='grc' dir='ltr'>ιιοιι,</span> <span class='ocrx_word' id='word_1_249' title='bbox 1700 3123 1911 3163; x_wconf 91' lang='lat' dir='ltr'><strong>aurum</strong></span> <span class='ocrx_word' id='word_1_250' title='bbox 1939 3111 1995 3161; x_wconf 89' lang='lat' dir='ltr'><strong>et</strong></span> 
     </span>
    </p>
   </div>
   <div class='ocr_carea' id='block_1_34' title="bbox 320 3197 1989 3271">
    <p class='ocr_par' dir='ltr' id='par_1_34' title="bbox 320 3197 1989 3271">
     <span class='ocr_line' id='line_1_34' title="bbox 320 3197 1989 3271; baseline -0.001 -18"><span class='ocrx_word' id='word_1_251' title='bbox 320 3204 652 3271; x_wconf 84' lang='lat' dir='ltr'><strong>argentum.</strong></span> <span class='ocrx_word' id='word_1_252' title='bbox 706 3199 912 3254; x_wconf 88' lang='lat' dir='ltr'><strong>Nescit</strong></span> <span class='ocrx_word' id='word_1_253' title='bbox 960 3199 1245 3270; x_wconf 87' lang='lat' dir='ltr'><strong>ordinem,</strong></span> <span class='ocrx_word' id='word_1_254' title='bbox 1281 3199 1383 3270; x_wconf 92' lang='lat' dir='ltr'><strong>qui</strong></span> <span class='ocrx_word' id='word_1_255' title='bbox 1432 3198 1621 3252; x_wconf 89' lang='lat' dir='ltr'><strong>nescit</strong></span> <span class='ocrx_word' id='word_1_256' title='bbox 1651 3213 1826 3251; x_wconf 89' lang='lat' dir='ltr'><strong>usum</strong></span> <span class='ocrx_word' id='word_1_257' title='bbox 1858 3197 1989 3266; x_wconf 87' lang='lat'><strong>(15).</strong></span> 
     </span>
    </p>
   </div>
   <div class='ocr_carea' id='block_1_35' title="bbox 322 3273 1993 3361">
    <p class='ocr_par' dir='ltr' id='par_1_35' title="bbox 322 3273 1993 3361">
     <span class='ocr_line' id='line_1_35' title="bbox 322 3273 1993 3361; baseline 0 -21"><span class='ocrx_word' id='word_1_258' title='bbox 322 3310 344 3340; x_wconf 72' lang='grc' dir='ltr'><strong>ι</strong></span> <span class='ocrx_word' id='word_1_259' title='bbox 390 3289 721 3361; x_wconf 79' lang='lat' dir='ltr'><strong>Argentum</strong></span> <span class='ocrx_word' id='word_1_260' title='bbox 770 3289 843 3343; x_wconf 90' lang='lat' dir='ltr'><strong>et&#39;</strong></span> <span class='ocrx_word' id='word_1_261' title='bbox 875 3303 1086 3343; x_wconf 89' lang='lat' dir='ltr'><strong>aurum</strong></span> <span class='ocrx_word' id='word_1_262' title='bbox 1117 3303 1232 3341; x_wconf 90' lang='lat' dir='ltr'><strong>non</strong></span> <span class='ocrx_word' id='word_1_263' title='bbox 1262 3273 1452 3341; x_wconf 82' lang='lat' dir='ltr'><strong>habeo</strong></span> <span class='ocrx_word' id='word_1_264' title='bbox 1478 3305 1492 3353; x_wconf 92' lang='lat'><strong>;</strong></span> <span class='ocrx_word' id='word_1_265' title='bbox 1544 3286 1653 3341; x_wconf 93' lang='lat' dir='ltr'><strong>sed</strong></span> <span class='ocrx_word' id='word_1_266' title='bbox 1683 3286 1860 3341; x_wconf 83' lang='lat' dir='ltr'><strong>fidem</strong></span> <span class='ocrx_word' id='word_1_267' title='bbox 1891 3285 1993 3340; x_wconf 87' lang='lat' dir='ltr'><strong>ha-</strong></span> 
     </span>
    </p>
   </div>
   <div class='ocr_carea' id='block_1_36' title="bbox 318 3367 1990 3447">
    <p class='ocr_par' dir='ltr' id='par_1_36' title="bbox 318 3367 1990 3447">
     <span class='ocr_line' id='line_1_36' title="bbox 318 3367 1990 3447; baseline -0.003 -11"><span class='ocrx_word' id='word_1_268' title='bbox 318 3381 452 3436; x_wconf 90' lang='lat' dir='ltr'><strong>beo.</strong></span> <span class='ocrx_word' id='word_1_269' title='bbox 494 3379 653 3435; x_wconf 91' lang='lat' dir='ltr'><strong>Satis</strong></span> <span class='ocrx_word' id='word_1_270' title='bbox 693 3379 862 3433; x_wconf 90' lang='lat' dir='ltr'><strong>dives</strong></span> <span class='ocrx_word' id='word_1_271' title='bbox 898 3393 1031 3432; x_wconf 93' lang='lat' dir='ltr'><strong>sum</strong></span> <span class='ocrx_word' id='word_1_272' title='bbox 1065 3367 1262 3432; x_wconf 87' lang='lat'><strong>1044</strong></span> <span class='ocrx_word' id='word_1_273' title='bbox 1293 3377 1352 3430; x_wconf 92' lang='lat' dir='ltr'><strong>in</strong></span> <span class='ocrx_word' id='word_1_274' title='bbox 1380 3376 1614 3431; x_wconf 89' lang='lat' dir='ltr'><strong>nomine</strong></span> <span class='ocrx_word' id='word_1_275' title='bbox 1634 3376 1802 3446; x_wconf 84' lang='lat' dir='ltr'><strong>Jesu,</strong></span> <span class='ocrx_word' id='word_1_276' title='bbox 1836 3376 1990 3447; x_wconf 90' lang='lat' dir='ltr'><strong>quod</strong></span> 
     </span>
    </p>
   </div>
   <div class='ocr_carea' id='block_1_37' title="bbox 321 3465 1991 3540">
    <p class='ocr_par' dir='ltr' id='par_1_37' title="bbox 321 3465 1991 3540">
     <span class='ocr_line' id='line_1_37' title="bbox 321 3465 1991 3540; baseline -0.004 -16"><span class='ocrx_word' id='word_1_277' title='bbox 321 3485 506 3540; x_wconf 87' lang='lat' dir='ltr'><strong>super</strong></span> <span class='ocrx_word' id='word_1_278' title='bbox 535 3484 707 3525; x_wconf 90' lang='lat' dir='ltr'><strong>omne</strong></span> <span class='ocrx_word' id='word_1_279' title='bbox 739 3483 951 3522; x_wconf 89' lang='lat' dir='ltr'><strong>nomen</strong></span> <span class='ocrx_word' id='word_1_280' title='bbox 982 3471 1075 3522; x_wconf 91' lang='lat' dir='ltr'><strong>est</strong></span> <span class='ocrx_word' id='word_1_281' title='bbox 1122 3466 1406 3538; x_wconf 78' lang='lat' dir='ltr'><strong>(Philipp.</strong></span> <span class='ocrx_word' id='word_1_282' title='bbox 1449 3482 1510 3535; x_wconf 90' lang='grc' dir='ltr'><strong>ιι,</strong></span> <span class='ocrx_word' id='word_1_283' title='bbox 1551 3466 1629 3535; x_wconf 89' lang='lat'><strong>9).</strong></span> <span class='ocrx_word' id='word_1_284' title='bbox 1662 3465 1991 3537; x_wconf 87' lang='lat' dir='ltr'><strong>Argentum</strong></span> 
     </span>
    </p>
   </div>
   <div class='ocr_carea' id='block_1_38' title="bbox 320 3555 1987 3627">
    <p class='ocr_par' dir='ltr' id='par_1_38' title="bbox 320 3555 1987 3627">
     <span class='ocr_line' id='line_1_38' title="bbox 320 3555 1987 3627; baseline -0.002 -15"><span class='ocrx_word' id='word_1_285' title='bbox 320 3574 437 3614; x_wconf 89' lang='lat' dir='ltr'><strong>non</strong></span> <span class='ocrx_word' id='word_1_286' title='bbox 488 3558 701 3627; x_wconf 86' lang='lat' dir='ltr'><strong>habeo,</strong></span> <span class='ocrx_word' id='word_1_287' title='bbox 751 3557 859 3611; x_wconf 89' lang='lat' dir='ltr'><strong>sed</strong></span> <span class='ocrx_word' id='word_1_288' title='bbox 912 3572 1020 3611; x_wconf 91' lang='lat' dir='ltr'><strong>nec</strong></span> <span class='ocrx_word' id='word_1_289' title='bbox 1068 3556 1347 3626; x_wconf 88' lang='lat' dir='ltr'><strong>requiro;</strong></span> <span class='ocrx_word' id='word_1_290' title='bbox 1382 3571 1592 3609; x_wconf 91' lang='lat' dir='ltr'><strong>aurum</strong></span> <span class='ocrx_word' id='word_1_291' title='bbox 1620 3571 1737 3609; x_wconf 91' lang='lat' dir='ltr'><strong>non</strong></span> <span class='ocrx_word' id='word_1_292' title='bbox 1776 3555 1987 3626; x_wconf 85' lang='lat' dir='ltr'><strong>habeo,</strong></span> 
     </span>
    </p>
   </div>
   <div class='ocr_carea' id='block_1_39' title="bbox 320 3642 1991 3715">
    <p class='ocr_par' dir='ltr' id='par_1_39' title="bbox 320 3642 1991 3715">
     <span class='ocr_line' id='line_1_39' title="bbox 320 3642 1991 3715; baseline -0.003 -12"><span class='ocrx_word' id='word_1_293' title='bbox 320 3648 428 3703; x_wconf 92' lang='lat' dir='ltr'><strong>sed</strong></span> <span class='ocrx_word' id='word_1_294' title='bbox 457 3663 566 3702; x_wconf 88' lang='lat' dir='ltr'><strong>nec</strong></span> <span class='ocrx_word' id='word_1_295' title='bbox 596 3646 873 3701; x_wconf 88' lang='lat' dir='ltr'><strong>desidero</strong></span> <span class='ocrx_word' id='word_1_296' title='bbox 899 3662 911 3701; x_wconf 91' lang='lat'><strong>:</strong></span> <span class='ocrx_word' id='word_1_297' title='bbox 949 3646 1057 3701; x_wconf 90' lang='lat' dir='ltr'><strong>sed</strong></span> <span class='ocrx_word' id='word_1_298' title='bbox 1088 3645 1277 3699; x_wconf 88' lang='lat' dir='ltr'><strong>habeo</strong></span> <span class='ocrx_word' id='word_1_299' title='bbox 1310 3644 1466 3715; x_wconf 92' lang='lat' dir='ltr'><strong>quod</strong></span> <span class='ocrx_word' id='word_1_300' title='bbox 1495 3659 1606 3699; x_wconf 92' lang='lat' dir='ltr'><strong>vos</strong></span> <span class='ocrx_word' id='word_1_301' title='bbox 1637 3642 1852 3698; x_wconf 90' lang='lat' dir='ltr'><strong>divites</strong></span> <span class='ocrx_word' id='word_1_302' title='bbox 1875 3660 1991 3698; x_wconf 89' lang='lat' dir='ltr'><strong>non</strong></span> 
     </span>
    </p>
   </div>
   <div class='ocr_carea' id='block_1_40' title="bbox 318 3733 1988 3807">
    <p class='ocr_par' dir='ltr' id='par_1_40' title="bbox 318 3733 1988 3807">
     <span class='ocr_line' id='line_1_40' title="bbox 318 3733 1988 3807; baseline -0.002 -16"><span class='ocrx_word' id='word_1_303' title='bbox 318 3736 569 3803; x_wconf 90' lang='lat' dir='ltr'><strong>habetis,</strong></span> <span class='ocrx_word' id='word_1_304' title='bbox 605 3736 794 3791; x_wconf 86' lang='lat' dir='ltr'><strong>habeo</strong></span> <span class='ocrx_word' id='word_1_305' title='bbox 826 3736 982 3807; x_wconf 89' lang='lat' dir='ltr'><strong>quod</strong></span> <span class='ocrx_word' id='word_1_306' title='bbox 1012 3735 1204 3805; x_wconf 88' lang='lat' dir='ltr'><strong>pluris</strong></span> <span class='ocrx_word' id='word_1_307' title='bbox 1237 3749 1375 3789; x_wconf 93' lang='lat' dir='ltr'><strong>esse</strong></span> <span class='ocrx_word' id='word_1_308' title='bbox 1405 3734 1579 3787; x_wconf 89' lang='lat' dir='ltr'><strong>etiam</strong></span> <span class='ocrx_word' id='word_1_309' title='bbox 1608 3748 1719 3788; x_wconf 91' lang='lat' dir='ltr'><strong>vos</strong></span> <span class='ocrx_word' id='word_1_310' title='bbox 1741 3733 1988 3787; x_wconf 89' lang='lat' dir='ltr'><strong>arbitre-</strong></span> 
     </span>
    </p>
   </div>
   <div class='ocr_carea' id='block_1_41' title="bbox 316 3822 1987 3896">
    <p class='ocr_par' dir='ltr' id='par_1_41' title="bbox 316 3822 1987 3896">
     <span class='ocr_line' id='line_1_41' title="bbox 316 3822 1987 3896; baseline -0.002 -17"><span class='ocrx_word' id='word_1_311' title='bbox 316 3826 479 3896; x_wconf 90' lang='lat' dir='ltr'><strong>mini,</strong></span> <span class='ocrx_word' id='word_1_312' title='bbox 516 3829 574 3882; x_wconf 90' lang='lat' dir='ltr'><strong>et</strong></span> <span class='ocrx_word' id='word_1_313' title='bbox 604 3825 758 3881; x_wconf 91' lang='lat' dir='ltr'><strong>dono</strong></span> <span class='ocrx_word' id='word_1_314' title='bbox 788 3825 1153 3896; x_wconf 90' lang='lat' dir='ltr'><strong>pauperibus</strong></span> <span class='ocrx_word' id='word_1_315' title='bbox 1181 3840 1196 3895; x_wconf 87' lang='lat'><strong>;</strong></span> <span class='ocrx_word' id='word_1_316' title='bbox 1230 3828 1294 3878; x_wconf 91' lang='lat' dir='ltr'><strong>ut</strong></span> <span class='ocrx_word' id='word_1_317' title='bbox 1339 3824 1399 3877; x_wconf 92' lang='lat' dir='ltr'><strong>in</strong></span> <span class='ocrx_word' id='word_1_318' title='bbox 1452 3823 1686 3878; x_wconf 92' lang='lat' dir='ltr'><strong>nomine</strong></span> <span class='ocrx_word' id='word_1_319' title='bbox 1718 3822 1867 3878; x_wconf 80' lang='lat' dir='ltr'><strong>Jesu</strong></span> <span class='ocrx_word' id='word_1_320' title='bbox 1897 3822 1987 3876; x_wconf 91' lang='lat' dir='ltr'><strong>di-</strong></span> 
     </span>
    </p>
   </div>
   <div class='ocr_carea' id='block_1_42' title="bbox 320 3912 1990 3985">
    <p class='ocr_par' dir='ltr' id='par_1_42' title="bbox 320 3912 1990 3985">
     <span class='ocr_line' id='line_1_42' title="bbox 320 3912 1990 3985; baseline -0.002 -16"><span class='ocrx_word' id='word_1_321' title='bbox 320 3930 486 3969; x_wconf 89' lang='lat' dir='ltr'><strong>cam:</strong></span> <span class='ocrx_word' id='word_1_322' title='bbox 526 3937 549 3961; x_wconf 73' lang='lat' dir='ltr'><strong><em>u</em></strong></span> <span class='ocrx_word' id='word_1_323' title='bbox 602 3913 1033 3983; x_wconf 90' lang='lat' dir='ltr'><strong>Convalescite,</strong></span> <span class='ocrx_word' id='word_1_324' title='bbox 1084 3929 1297 3968; x_wconf 91' lang='lat' dir='ltr'><strong>manus</strong></span> <span class='ocrx_word' id='word_1_325' title='bbox 1344 3912 1639 3982; x_wconf 89' lang='lat' dir='ltr'><strong>remissae,</strong></span> <span class='ocrx_word' id='word_1_326' title='bbox 1694 3916 1751 3968; x_wconf 90' lang='lat' dir='ltr'><strong>et</strong></span> <span class='ocrx_word' id='word_1_327' title='bbox 1794 3926 1990 3985; x_wconf 85' lang='lat' dir='ltr'><strong>genua</strong></span> 
     </span>
    </p>
   </div>
   <div class='ocr_carea' id='block_1_43' title="bbox 319 4003 1165 4074">
    <p class='ocr_par' dir='ltr' id='par_1_43' title="bbox 319 4003 1165 4074">
     <span class='ocr_line' id='line_1_43' title="bbox 319 4003 1165 4074; baseline 0.002 -17"><span class='ocrx_word' id='word_1_328' title='bbox 319 4004 614 4059; x_wconf 88' lang='lat' dir='ltr'><strong>dissoluta</strong></span> <span class='ocrx_word' id='word_1_329' title='bbox 643 4003 775 4074; x_wconf 85' lang='lat' dir='ltr'><strong>(Isa.</strong></span> <span class='ocrx_word' id='word_1_330' title='bbox 810 4020 995 4073; x_wconf 86' lang='lat' dir='ltr'><strong>xxxv,</strong></span> <span class='ocrx_word' id='word_1_331' title='bbox 1028 4004 1105 4074; x_wconf 85' lang='lat'><strong>3).</strong></span> <span class='ocrx_word' id='word_1_332' title='bbox 1144 4027 1165 4051; x_wconf 78' lang='grc' dir='ltr'>»ι</span> 
     </span>
    </p>
   </div>
   <div class='ocr_carea' id='block_1_44' title="bbox 391 4110 1984 4180">
    <p class='ocr_par' dir='ltr' id='par_1_44' title="bbox 391 4110 1984 4180">
     <span class='ocr_line' id='line_1_44' title="bbox 391 4110 1984 4180; baseline -0.002 -14"><span class='ocrx_word' id='word_1_333' title='bbox 391 4111 480 4167; x_wconf 90' lang='lat'><strong>89.</strong></span> <span class='ocrx_word' id='word_1_334' title='bbox 512 4111 631 4168; x_wconf 88' lang='lat' dir='ltr'><strong>Sed</strong></span> <span class='ocrx_word' id='word_1_335' title='bbox 660 4112 716 4167; x_wconf 91' lang='lat' dir='ltr'><strong>si</strong></span> <span class='ocrx_word' id='word_1_336' title='bbox 744 4111 926 4166; x_wconf 89' lang='lat' dir='ltr'><strong>vultis</strong></span> <span class='ocrx_word' id='word_1_337' title='bbox 967 4110 1183 4166; x_wconf 87' lang='lat' dir='ltr'><strong>divites</strong></span> <span class='ocrx_word' id='word_1_338' title='bbox 1238 4126 1398 4179; x_wconf 89' lang='lat' dir='ltr'><strong>esse,</strong></span> <span class='ocrx_word' id='word_1_339' title='bbox 1451 4111 1640 4165; x_wconf 89' lang='lat' dir='ltr'><strong>estote</strong></span> <span class='ocrx_word' id='word_1_340' title='bbox 1669 4124 1984 4180; x_wconf 88' lang='lat' dir='ltr'><strong>pauperes.</strong></span> 
     </span>
    </p>
   </div>
   <div class='ocr_carea' id='block_1_45' title="bbox 319 4199 1988 4271">
    <p class='ocr_par' dir='ltr' id='par_1_45' title="bbox 319 4199 1988 4271">
     <span class='ocr_line' id='line_1_45' title="bbox 319 4199 1988 4271; baseline -0.002 -15"><span class='ocrx_word' id='word_1_341' title='bbox 319 4202 481 4257; x_wconf 91' lang='lat' dir='ltr'><strong>Tunc</strong></span> <span class='ocrx_word' id='word_1_342' title='bbox 505 4200 673 4256; x_wconf 90' lang='lat' dir='ltr'><strong>eritis</strong></span> <span class='ocrx_word' id='word_1_343' title='bbox 711 4216 822 4271; x_wconf 90' lang='lat' dir='ltr'><strong>per</strong></span> <span class='ocrx_word' id='word_1_344' title='bbox 852 4200 1046 4255; x_wconf 90' lang='lat' dir='ltr'><strong>omnia</strong></span> <span class='ocrx_word' id='word_1_345' title='bbox 1076 4200 1311 4268; x_wconf 91' lang='lat' dir='ltr'><strong>divites,</strong></span> <span class='ocrx_word' id='word_1_346' title='bbox 1344 4200 1397 4253; x_wconf 91' lang='lat' dir='ltr'><strong>si</strong></span> <span class='ocrx_word' id='word_1_347' title='bbox 1428 4199 1663 4253; x_wconf 85' lang='lat' dir='ltr'><strong>fueritis</strong></span> <span class='ocrx_word' id='word_1_348' title='bbox 1692 4213 1988 4271; x_wconf 87' lang='lat' dir='ltr'><strong>pauperes</strong></span> 
     </span>
    </p>
   </div>
   <div class='ocr_carea' id='block_1_46' title="bbox 318 4286 1992 4369">
    <p class='ocr_par' dir='ltr' id='par_1_46' title="bbox 318 4286 1992 4369">
     <span class='ocr_line' id='line_1_46' title="bbox 318 4286 1992 4369; baseline -0.003 -23"><span class='ocrx_word' id='word_1_349' title='bbox 318 4291 533 4362; x_wconf 90' lang='lat' dir='ltr'><strong>spiritu</strong></span> <span class='ocrx_word' id='word_1_350' title='bbox 566 4289 803 4369; x_wconf 75' lang='lat' dir='ltr'><strong>(Matth.</strong></span> <span class='ocrx_word' id='word_1_351' title='bbox 834 4306 892 4358; x_wconf 91' lang='lat' dir='ltr'><strong>v,</strong></span> <span class='ocrx_word' id='word_1_352' title='bbox 924 4289 979 4360; x_wconf 86' lang='lat'><strong>3)</strong></span> <span class='ocrx_word' id='word_1_353' title='bbox 1006 4305 1018 4343; x_wconf 91' lang='lat'><strong>:</strong></span> <span class='ocrx_word' id='word_1_354' title='bbox 1055 4304 1171 4343; x_wconf 90' lang='lat' dir='ltr'><strong>non</strong></span> <span class='ocrx_word' id='word_1_355' title='bbox 1204 4304 1427 4344; x_wconf 90' lang='lat' dir='ltr'><strong>census</strong></span> <span class='ocrx_word' id='word_1_356' title='bbox 1459 4288 1720 4358; x_wconf 87' lang='lat' dir='ltr'><strong>divitem,</strong></span> <span class='ocrx_word' id='word_1_357' title='bbox 1746 4288 1854 4343; x_wconf 90' lang='lat' dir='ltr'><strong>sed</strong></span> <span class='ocrx_word' id='word_1_358' title='bbox 1874 4286 1992 4341; x_wconf 86' lang='lat' dir='ltr'><strong>ani-</strong></span> 
     </span>
    </p>
   </div>
   <div class='ocr_carea' id='block_1_47' title="bbox 317 4379 643 4436">
    <p class='ocr_par' dir='ltr' id='par_1_47' title="bbox 317 4379 643 4436">
     <span class='ocr_line' id='line_1_47' title="bbox 317 4379 643 4436; baseline -0.003 0"><span class='ocrx_word' id='word_1_359' title='bbox 317 4396 453 4436; x_wconf 90' lang='lat' dir='ltr'><strong>mus</strong></span> <span class='ocrx_word' id='word_1_360' title='bbox 482 4379 643 4435; x_wconf 83' lang='lat' dir='ltr'><strong>facit.</strong></span> 
     </span>
    </p>
   </div>
   <div class='ocr_carea' id='block_1_48' title="bbox 386 4485 1991 4559">
    <p class='ocr_par' dir='ltr' id='par_1_48' title="bbox 386 4485 1991 4559">
     <span class='ocr_line' id='line_1_48' title="bbox 386 4485 1991 4559; baseline -0.002 -18"><span class='ocrx_word' id='word_1_361' title='bbox 386 4487 477 4541; x_wconf 91' lang='lat'><strong>90.</strong></span> <span class='ocrx_word' id='word_1_362' title='bbox 521 4485 672 4542; x_wconf 91' lang='lat' dir='ltr'><strong>Sunt</strong></span> <span class='ocrx_word' id='word_1_363' title='bbox 703 4488 803 4559; x_wconf 88' lang='lat' dir='ltr'><strong>qui</strong></span> <span class='ocrx_word' id='word_1_364' title='bbox 852 4500 920 4541; x_wconf 89' lang='lat' dir='ltr'><strong>se</strong></span> <span class='ocrx_word' id='word_1_365' title='bbox 966 4485 1278 4540; x_wconf 89' lang='lat' dir='ltr'><strong>humiliant</strong></span> <span class='ocrx_word' id='word_1_366' title='bbox 1327 4486 1387 4539; x_wconf 89' lang='lat' dir='ltr'><strong>in</strong></span> <span class='ocrx_word' id='word_1_367' title='bbox 1418 4486 1621 4541; x_wconf 90' lang='lat' dir='ltr'><strong>multis</strong></span> <span class='ocrx_word' id='word_1_368' title='bbox 1652 4485 1899 4555; x_wconf 87' lang='lat' dir='ltr'><strong>divitiis,</strong></span> <span class='ocrx_word' id='word_1_369' title='bbox 1934 4486 1991 4539; x_wconf 90' lang='lat' dir='ltr'><strong>et</strong></span> 
     </span>
    </p>
   </div>
   <div class='ocr_carea' id='block_1_49' title="bbox 318 4575 1989 4647">
    <p class='ocr_par' dir='ltr' id='par_1_49' title="bbox 318 4575 1989 4647">
     <span class='ocr_line' id='line_1_49' title="bbox 318 4575 1989 4647; baseline -0.002 -15"><span class='ocrx_word' id='word_1_370' title='bbox 318 4581 501 4647; x_wconf 90' lang='lat' dir='ltr'><strong>recte,</strong></span> <span class='ocrx_word' id='word_1_371' title='bbox 526 4592 593 4630; x_wconf 92' lang='lat' dir='ltr'><strong>ac</strong></span> <span class='ocrx_word' id='word_1_372' title='bbox 623 4576 983 4647; x_wconf 89' lang='lat' dir='ltr'><strong>prudenter;</strong></span> <span class='ocrx_word' id='word_1_373' title='bbox 1020 4575 1168 4630; x_wconf 87' lang='lat' dir='ltr'><strong>satis</strong></span> <span class='ocrx_word' id='word_1_374' title='bbox 1200 4575 1356 4630; x_wconf 91' lang='lat' dir='ltr'><strong>enim</strong></span> <span class='ocrx_word' id='word_1_375' title='bbox 1388 4575 1558 4630; x_wconf 91' lang='lat' dir='ltr'><strong>dives</strong></span> <span class='ocrx_word' id='word_1_376' title='bbox 1591 4575 1865 4630; x_wconf 91' lang='lat' dir='ltr'><strong>omnibus</strong></span> <span class='ocrx_word' id='word_1_377' title='bbox 1888 4591 1989 4629; x_wconf 84' lang='lat' dir='ltr'><strong>na-</strong></span> 
     </span>
    </p>
   </div>
   <div class='ocr_carea' id='block_1_50' title="bbox 316 4664 1986 4735">
    <p class='ocr_par' dir='ltr' id='par_1_50' title="bbox 316 4664 1986 4735">
     <span class='ocr_line' id='line_1_50' title="bbox 316 4664 1986 4735; baseline -0.002 -14"><span class='ocrx_word' id='word_1_378' title='bbox 316 4669 470 4721; x_wconf 69' lang='lat' dir='ltr'><strong>turaa</strong></span> <span class='ocrx_word' id='word_1_379' title='bbox 508 4667 608 4721; x_wconf 84' lang='lat' dir='ltr'><strong>lex</strong></span> <span class='ocrx_word' id='word_1_380' title='bbox 646 4669 760 4735; x_wconf 90' lang='lat' dir='ltr'><strong>est,</strong></span> <span class='ocrx_word' id='word_1_381' title='bbox 802 4665 896 4719; x_wconf 88' lang='lat' dir='ltr'><strong>cui</strong></span> <span class='ocrx_word' id='word_1_382' title='bbox 930 4665 1044 4720; x_wconf 91' lang='lat' dir='ltr'><strong>cito</strong></span> <span class='ocrx_word' id='word_1_383' title='bbox 1076 4664 1369 4732; x_wconf 90' lang='lat' dir='ltr'><strong>invenias,</strong></span> <span class='ocrx_word' id='word_1_384' title='bbox 1404 4680 1522 4735; x_wconf 88' lang='lat' dir='ltr'><strong>quo</strong></span> <span class='ocrx_word' id='word_1_385' title='bbox 1556 4664 1849 4720; x_wconf 90' lang='lat' dir='ltr'><strong>abundet:</strong></span> <span class='ocrx_word' id='word_1_386' title='bbox 1888 4681 1986 4720; x_wconf 92' lang='lat' dir='ltr'><strong>cu-</strong></span> 
     </span>
    </p>
   </div>
   <div class='ocr_carea' id='block_1_51' title="bbox 2026 1979 2080 2042">
    <p class='ocr_par' dir='ltr' id='par_1_51' title="bbox 2026 1979 2080 2042">
     <span class='ocr_line' id='line_1_51' title="bbox 2026 1979 2080 2042; baseline 0 0"><span class='ocrx_word' id='word_1_387' title='bbox 2026 1979 2080 2042; x_wconf 94' lang='lat' dir='ltr'>B</span> 
     </span>
    </p>
   </div>
   <div class='ocr_carea' id='block_1_52' title="bbox 2113 573 2792 644">
    <p class='ocr_par' dir='ltr' id='par_1_52' title="bbox 2113 573 2792 644">
     <span class='ocr_line' id='line_1_52' title="bbox 2113 573 2792 644; baseline 0.003 -17"><span class='ocrx_word' id='word_1_388' title='bbox 2113 573 2496 644; x_wconf 89' lang='lat' dir='ltr'><strong>cupiditatum</strong></span> <span class='ocrx_word' id='word_1_389' title='bbox 2524 589 2792 630; x_wconf 90' lang='lat' dir='ltr'><strong>suarum.</strong></span> 
     </span>
    </p>
   </div>
   <div class='ocr_carea' id='block_1_53' title="bbox 2182 662 3782 736">
    <p class='ocr_par' dir='ltr' id='par_1_53' title="bbox 2182 662 3782 736">
     <span class='ocr_line' id='line_1_53' title="bbox 2182 662 3782 736; baseline 0.004 -20"><span class='ocrx_word' id='word_1_390' title='bbox 2182 663 2271 718; x_wconf 79' lang='lat'><strong>92.</strong></span> <span class='ocrx_word' id='word_1_391' title='bbox 2313 662 2465 727; x_wconf 90' lang='lat' dir='ltr'><strong>Quid</strong></span> <span class='ocrx_word' id='word_1_392' title='bbox 2504 665 2675 733; x_wconf 92' lang='lat' dir='ltr'><strong>quasi</strong></span> <span class='ocrx_word' id='word_1_393' title='bbox 2723 664 3139 719; x_wconf 90' lang='lat' dir='ltr'><strong>necessarium</strong></span> <span class='ocrx_word' id='word_1_394' title='bbox 3177 662 3782 736; x_wconf 34' lang='lat' dir='ltr'><strong>quaeritisvcumulum</strong></span> 
     </span>
    </p>
   </div>
   <div class='ocr_carea' id='block_1_54' title="bbox 2112 752 3782 828">
    <p class='ocr_par' dir='ltr' id='par_1_54' title="bbox 2112 752 3782 828">
     <span class='ocr_line' id='line_1_54' title="bbox 2112 752 3782 828; baseline 0.004 -22"><span class='ocrx_word' id='word_1_395' title='bbox 2112 752 2451 806; x_wconf 88' lang='lat' dir='ltr'><strong>divitiarum</strong></span> <span class='ocrx_word' id='word_1_396' title='bbox 2472 752 2500 806; x_wconf 69' lang='grc' dir='ltr'><strong>ἱ)</strong></span> <span class='ocrx_word' id='word_1_397' title='bbox 2533 752 2695 807; x_wconf 90' lang='lat' dir='ltr'><strong>Nihil</strong></span> <span class='ocrx_word' id='word_1_398' title='bbox 2726 756 2843 807; x_wconf 92' lang='lat' dir='ltr'><strong>tam</strong></span> <span class='ocrx_word' id='word_1_399' title='bbox 2872 754 3308 819; x_wconf 88' lang='lat' dir='ltr'><strong>necessarium,</strong></span> <span class='ocrx_word' id='word_1_400' title='bbox 3346 769 3524 825; x_wconf 87' lang='lat' dir='ltr'><strong>quam</strong></span> <span class='ocrx_word' id='word_1_401' title='bbox 3553 770 3782 828; x_wconf 86' lang='lat' dir='ltr'><strong>cogno-</strong></span> 
     </span>
    </p>
   </div>
   <div class='ocr_carea' id='block_1_55' title="bbox 2112 841 3786 912">
    <p class='ocr_par' dir='ltr' id='par_1_55' title="bbox 2112 841 3786 912">
     <span class='ocr_line' id='line_1_55' title="bbox 2112 841 3786 912; baseline 0.004 -17"><span class='ocrx_word' id='word_1_402' title='bbox 2112 856 2284 896; x_wconf 89' lang='lat' dir='ltr'><strong>scere</strong></span> <span class='ocrx_word' id='word_1_403' title='bbox 2306 841 2447 912; x_wconf 89' lang='lat' dir='ltr'><strong>quid</strong></span> <span class='ocrx_word' id='word_1_404' title='bbox 2462 857 2580 896; x_wconf 91' lang='lat' dir='ltr'><strong>non</strong></span> <span class='ocrx_word' id='word_1_405' title='bbox 2602 842 2681 896; x_wconf 92' lang='lat' dir='ltr'><strong>sit</strong></span> <span class='ocrx_word' id='word_1_406' title='bbox 2699 843 3134 897; x_wconf 89' lang='lat' dir='ltr'><strong>necessarium.</strong></span> <span class='ocrx_word' id='word_1_407' title='bbox 3154 842 3306 908; x_wconf 89' lang='lat' dir='ltr'><strong>Quid</strong></span> <span class='ocrx_word' id='word_1_408' title='bbox 3334 843 3398 897; x_wconf 92' lang='lat' dir='ltr'><strong>in</strong></span> <span class='ocrx_word' id='word_1_409' title='bbox 3428 859 3667 900; x_wconf 87' lang='lat' dir='ltr'><strong>carnem</strong></span> <span class='ocrx_word' id='word_1_410' title='bbox 3696 861 3786 903; x_wconf 87' lang='lat' dir='ltr'><strong>re-</strong></span> 
     </span>
    </p>
   </div>
   <div class='ocr_carea' id='block_1_56' title="bbox 2108 932 3783 1008">
    <p class='ocr_par' dir='ltr' id='par_1_56' title="bbox 2108 932 3783 1008">
     <span class='ocr_line' id='line_1_56' title="bbox 2108 932 3783 1008; baseline 0.004 -23"><span class='ocrx_word' id='word_1_411' title='bbox 2108 932 2404 1002; x_wconf 89' lang='lat' dir='ltr'><strong>torquetis</strong></span> <span class='ocrx_word' id='word_1_412' title='bbox 2436 932 2920 987; x_wconf 86' lang='lat' dir='ltr'><strong>excusationem?</strong></span> <span class='ocrx_word' id='word_1_413' title='bbox 2961 932 3095 987; x_wconf 90' lang='lat' dir='ltr'><strong>Non</strong></span> <span class='ocrx_word' id='word_1_414' title='bbox 3125 932 3397 1003; x_wconf 91' lang='lat' dir='ltr'><strong>corporis</strong></span> <span class='ocrx_word' id='word_1_415' title='bbox 3428 936 3639 990; x_wconf 85' lang='lat' dir='ltr'><strong>venter</strong></span> <span class='ocrx_word' id='word_1_416' title='bbox 3667 933 3783 1008; x_wconf 85' lang='lat'><strong>(16)</strong></span> 
     </span>
    </p>
   </div>
   <div class='ocr_carea' id='block_1_57' title="bbox 2111 1019 3783 1095">
    <p class='ocr_par' dir='ltr' id='par_1_57' title="bbox 2111 1019 3783 1095">
     <span class='ocr_line' id='line_1_57' title="bbox 2111 1019 3783 1095; baseline 0.005 -22"><span class='ocrx_word' id='word_1_417' title='bbox 2111 1019 2500 1076; x_wconf 87' lang='lat' dir='ltr'><strong>insatiabilem</strong></span> <span class='ocrx_word' id='word_1_418' title='bbox 2510 1064 2523 1091; x_wconf 90' lang='lat'><strong>,</strong></span> <span class='ocrx_word' id='word_1_419' title='bbox 2545 1021 2652 1077; x_wconf 91' lang='lat' dir='ltr'><strong>sed</strong></span> <span class='ocrx_word' id='word_1_420' title='bbox 2665 1021 2880 1077; x_wconf 89' lang='lat' dir='ltr'><strong>mentis</strong></span> <span class='ocrx_word' id='word_1_421' title='bbox 2894 1022 3139 1076; x_wconf 88' lang='lat' dir='ltr'><strong>avaritia</strong></span> <span class='ocrx_word' id='word_1_422' title='bbox 3149 1020 3309 1077; x_wconf 83' lang='lat' dir='ltr'><strong>facit.</strong></span> <span class='ocrx_word' id='word_1_423' title='bbox 3330 1021 3633 1095; x_wconf 89' lang='lat' dir='ltr'><strong>Numquid</strong></span> <span class='ocrx_word' id='word_1_424' title='bbox 3645 1038 3783 1081; x_wconf 90' lang='lat' dir='ltr'><strong>caro</strong></span> 
     </span>
    </p>
   </div>
   <div class='ocr_carea' id='block_1_58' title="bbox 2114 1109 3784 1186">
    <p class='ocr_par' dir='ltr' id='par_1_58' title="bbox 2114 1109 3784 1186">
     <span class='ocr_line' id='line_1_58' title="bbox 2114 1109 3784 1186; baseline 0.005 -23"><span class='ocrx_word' id='word_1_425' title='bbox 2114 1125 2283 1180; x_wconf 88' lang='lat' dir='ltr'><strong>spem</strong></span> <span class='ocrx_word' id='word_1_426' title='bbox 2295 1109 2479 1165; x_wconf 86' lang='lat' dir='ltr'><strong>futuri</strong></span> <span class='ocrx_word' id='word_1_427' title='bbox 2499 1110 2779 1166; x_wconf 89' lang='lat' dir='ltr'><strong>abstulit?</strong></span> <span class='ocrx_word' id='word_1_428' title='bbox 2801 1110 3103 1181; x_wconf 86' lang='lat' dir='ltr'><strong>Numquid</strong></span> <span class='ocrx_word' id='word_1_429' title='bbox 3114 1126 3258 1166; x_wconf 91' lang='lat' dir='ltr'><strong>caro</strong></span> <span class='ocrx_word' id='word_1_430' title='bbox 3270 1110 3560 1181; x_wconf 89' lang='lat' dir='ltr'><strong>spiritalis</strong></span> <span class='ocrx_word' id='word_1_431' title='bbox 3573 1114 3784 1186; x_wconf 67' lang='lat' dir='ltr'><strong>gratim</strong></span> 
     </span>
    </p>
   </div>
   <div class='ocr_carea' id='block_1_59' title="bbox 2114 1199 3787 1273">
    <p class='ocr_par' dir='ltr' id='par_1_59' title="bbox 2114 1199 3787 1273">
     <span class='ocr_line' id='line_1_59' title="bbox 2114 1199 3787 1273; baseline 0.004 -20"><span class='ocrx_word' id='word_1_432' title='bbox 2114 1202 2464 1255; x_wconf 87' lang='lat' dir='ltr'><strong>suavitatem</strong></span> <span class='ocrx_word' id='word_1_433' title='bbox 2486 1200 2741 1255; x_wconf 84' lang='lat' dir='ltr'><strong>ademit?</strong></span> <span class='ocrx_word' id='word_1_434' title='bbox 2763 1199 3064 1271; x_wconf 88' lang='lat' dir='ltr'><strong>Numquid</strong></span> <span class='ocrx_word' id='word_1_435' title='bbox 3075 1215 3214 1254; x_wconf 91' lang='lat' dir='ltr'><strong>caro</strong></span> <span class='ocrx_word' id='word_1_436' title='bbox 3242 1200 3417 1256; x_wconf 80' lang='lat' dir='ltr'><strong>fidem</strong></span> <span class='ocrx_word' id='word_1_437' title='bbox 3430 1201 3737 1273; x_wconf 91' lang='lat' dir='ltr'><strong>impedivit</strong></span> <span class='ocrx_word' id='word_1_438' title='bbox 3756 1204 3787 1260; x_wconf 84' lang='lat'><strong>?</strong></span> 
     </span>
    </p>
   </div>
   <div class='ocr_carea' id='block_1_60' title="bbox 2112 1287 3784 1363">
    <p class='ocr_par' dir='ltr' id='par_1_60' title="bbox 2112 1287 3784 1363">
     <span class='ocr_line' id='line_1_60' title="bbox 2112 1287 3784 1363; baseline 0.003 -20"><span class='ocrx_word' id='word_1_439' title='bbox 2112 1289 2413 1360; x_wconf 88' lang='lat' dir='ltr'><strong>Numquid</strong></span> <span class='ocrx_word' id='word_1_440' title='bbox 2427 1304 2563 1344; x_wconf 90' lang='lat' dir='ltr'><strong>caro</strong></span> <span class='ocrx_word' id='word_1_441' title='bbox 2578 1288 2797 1360; x_wconf 91' lang='lat' dir='ltr'><strong>aliquid</strong></span> <span class='ocrx_word' id='word_1_442' title='bbox 2811 1291 3088 1360; x_wconf 89' lang='lat' dir='ltr'><strong>tanquam</strong></span> <span class='ocrx_word' id='word_1_443' title='bbox 3100 1287 3352 1344; x_wconf 87' lang='lat' dir='ltr'><strong>furiosis</strong></span> <span class='ocrx_word' id='word_1_444' title='bbox 3377 1290 3654 1363; x_wconf 90' lang='lat' dir='ltr'><strong>dominis,</strong></span> <span class='ocrx_word' id='word_1_445' title='bbox 3685 1309 3784 1349; x_wconf 90' lang='lat' dir='ltr'><strong>va-</strong></span> 
     </span>
    </p>
   </div>
   <div class='ocr_carea' id='block_1_61' title="bbox 2109 1378 3787 1450">
    <p class='ocr_par' dir='ltr' id='par_1_61' title="bbox 2109 1378 3787 1450">
     <span class='ocr_line' id='line_1_61' title="bbox 2109 1378 3787 1450; baseline 0.004 -18"><span class='ocrx_word' id='word_1_446' title='bbox 2109 1378 2207 1433; x_wconf 90' lang='lat' dir='ltr'><strong>nis</strong></span> <span class='ocrx_word' id='word_1_447' title='bbox 2246 1378 2624 1448; x_wconf 89' lang='lat' dir='ltr'><strong>opinionibus</strong></span> <span class='ocrx_word' id='word_1_448' title='bbox 2654 1378 3066 1450; x_wconf 82' lang='lat' dir='ltr'><strong>adjudicavit?</strong></span> <span class='ocrx_word' id='word_1_449' title='bbox 3113 1378 3259 1433; x_wconf 87' lang='lat' dir='ltr'><strong>Plus</strong></span> <span class='ocrx_word' id='word_1_450' title='bbox 3302 1382 3457 1434; x_wconf 88' lang='lat' dir='ltr'><strong>amat</strong></span> <span class='ocrx_word' id='word_1_451' title='bbox 3488 1396 3626 1436; x_wconf 86' lang='lat' dir='ltr'><strong>caro</strong></span> <span class='ocrx_word' id='word_1_452' title='bbox 3656 1397 3787 1438; x_wconf 88' lang='lat' dir='ltr'><strong>mo-</strong></span> 
     </span>
    </p>
   </div>
   <div class='ocr_carea' id='block_1_62' title="bbox 2111 1467 3791 1540">
    <p class='ocr_par' dir='ltr' id='par_1_62' title="bbox 2111 1467 3791 1540">
     <span class='ocr_line' id='line_1_62' title="bbox 2111 1467 3791 1540; baseline 0.003 -18"><span class='ocrx_word' id='word_1_453' title='bbox 2111 1467 2373 1522; x_wconf 90' lang='lat' dir='ltr'><strong>deratam</strong></span> <span class='ocrx_word' id='word_1_454' title='bbox 2405 1467 2824 1540; x_wconf 84' lang='lat' dir='ltr'><strong>frugalitatem,</strong></span> <span class='ocrx_word' id='word_1_455' title='bbox 2868 1483 2983 1539; x_wconf 85' lang='lat' dir='ltr'><strong>qua</strong></span> <span class='ocrx_word' id='word_1_456' title='bbox 3014 1471 3227 1526; x_wconf 86' lang='lat' dir='ltr'><strong>exutur</strong></span> <span class='ocrx_word' id='word_1_457' title='bbox 3275 1484 3478 1538; x_wconf 91' lang='lat' dir='ltr'><strong>onere,</strong></span> <span class='ocrx_word' id='word_1_458' title='bbox 3529 1470 3791 1528; x_wconf 83' lang='lat' dir='ltr'><strong>induitur</strong></span> 
     </span>
    </p>
   </div>
   <div class='ocr_carea' id='block_1_63' title="bbox 2112 1557 3791 1632">
    <p class='ocr_par' dir='ltr' id='par_1_63' title="bbox 2112 1557 3791 1632">
     <span class='ocr_line' id='line_1_63' title="bbox 2112 1557 3791 1632; baseline 0.004 -21"><span class='ocrx_word' id='word_1_459' title='bbox 2112 1558 2499 1628; x_wconf 85' lang='lat' dir='ltr'><strong>salubritate;</strong></span> <span class='ocrx_word' id='word_1_460' title='bbox 2530 1558 2668 1629; x_wconf 89' lang='lat' dir='ltr'><strong>quia</strong></span> <span class='ocrx_word' id='word_1_461' title='bbox 2719 1557 3183 1613; x_wconf 90' lang='lat' dir='ltr'><strong>sollicitudinem</strong></span> <span class='ocrx_word' id='word_1_462' title='bbox 3222 1558 3483 1632; x_wconf 89' lang='lat' dir='ltr'><strong>deponit,</strong></span> <span class='ocrx_word' id='word_1_463' title='bbox 3537 1561 3791 1617; x_wconf 85' lang='lat' dir='ltr'><strong>assumit</strong></span> 
     </span>
    </p>
   </div>
   <div class='ocr_carea' id='block_1_64' title="bbox 2112 1645 2615 1717">
    <p class='ocr_par' dir='ltr' id='par_1_64' title="bbox 2112 1645 2615 1717">
     <span class='ocr_line' id='line_1_64' title="bbox 2112 1645 2615 1717; baseline 0.004 -18"><span class='ocrx_word' id='word_1_464' title='bbox 2112 1645 2615 1717; x_wconf 84' lang='lat' dir='ltr'><strong>tranquillitatem.</strong></span> 
     </span>
    </p>
   </div>
   <div class='ocr_carea' id='block_1_65' title="bbox 2182 1732 3790 1811">
    <p class='ocr_par' dir='ltr' id='par_1_65' title="bbox 2182 1732 3790 1811">
     <span class='ocr_line' id='line_1_65' title="bbox 2182 1732 3790 1811; baseline 0.004 -22"><span class='ocrx_word' id='word_1_465' title='bbox 2182 1732 2272 1789; x_wconf 74' lang='lat'><strong>92.</strong></span> <span class='ocrx_word' id='word_1_466' title='bbox 2310 1733 2428 1789; x_wconf 89' lang='lat' dir='ltr'><strong>Sed</strong></span> <span class='ocrx_word' id='word_1_467' title='bbox 2457 1750 2567 1790; x_wconf 91' lang='lat' dir='ltr'><strong>nec</strong></span> <span class='ocrx_word' id='word_1_468' title='bbox 2597 1735 2748 1804; x_wconf 59' lang='lat' dir='ltr'><strong>ipsa;</strong></span> <span class='ocrx_word' id='word_1_469' title='bbox 2778 1734 2999 1789; x_wconf 58' lang='lat' dir='ltr'><strong>divitiae</strong></span> <span class='ocrx_word' id='word_1_470' title='bbox 3039 1735 3490 1806; x_wconf 89' lang='lat' dir='ltr'><strong>vituperabiles.</strong></span> <span class='ocrx_word' id='word_1_471' title='bbox 3522 1737 3790 1811; x_wconf 86' lang='lat' dir='ltr'><strong>Denique</strong></span> 
     </span>
    </p>
   </div>
   <div class='ocr_carea' id='block_1_66' title="bbox 2117 1822 3788 1900">
    <p class='ocr_par' dir='ltr' id='par_1_66' title="bbox 2117 1822 3788 1900">
     <span class='ocr_line' id='line_1_66' title="bbox 2117 1822 3788 1900; baseline 0.008 -29"><span class='ocrx_word' id='word_1_472' title='bbox 2117 1845 2139 1871; x_wconf 76' lang='grc' dir='ltr'><strong>α</strong></span> <span class='ocrx_word' id='word_1_473' title='bbox 2176 1822 2502 1893; x_wconf 89' lang='lat' dir='ltr'><strong>redemptio</strong></span> <span class='ocrx_word' id='word_1_474' title='bbox 2549 1823 2763 1877; x_wconf 90' lang='lat' dir='ltr'><strong>animae</strong></span> <span class='ocrx_word' id='word_1_475' title='bbox 2808 1822 2945 1891; x_wconf 90' lang='lat' dir='ltr'><strong>viri,</strong></span> <span class='ocrx_word' id='word_1_476' title='bbox 2997 1823 3220 1878; x_wconf 86' lang='lat' dir='ltr'><strong>divitiae</strong></span> <span class='ocrx_word' id='word_1_477' title='bbox 3252 1824 3387 1895; x_wconf 83' lang='lat' dir='ltr'><strong>ejus</strong></span> <span class='ocrx_word' id='word_1_478' title='bbox 3418 1825 3631 1894; x_wconf 82' lang='lat' dir='ltr'><strong>(Prov.</strong></span> <span class='ocrx_word' id='word_1_479' title='bbox 3664 1844 3788 1900; x_wconf 80' lang='grc' dir='ltr'>χιιι,</span> 
     </span>
    </p>
   </div>
   <div class='ocr_carea' id='block_1_67' title="bbox 2112 1911 3792 1984">
    <p class='ocr_par' dir='ltr' id='par_1_67' title="bbox 2112 1911 3792 1984">
     <span class='ocr_line' id='line_1_67' title="bbox 2112 1911 3792 1984; baseline 0.008 -24"><span class='ocrx_word' id='word_1_480' title='bbox 2112 1911 2205 1983; x_wconf 81' lang='grc'><strong>9);</strong></span> <span class='ocrx_word' id='word_1_481' title='bbox 2241 1933 2264 1961; x_wconf 71' lang='grc' dir='ltr'><strong>ι</strong></span> <span class='ocrx_word' id='word_1_482' title='bbox 2307 1912 2584 1984; x_wconf 89' lang='lat' dir='ltr'><strong>quoniam</strong></span> <span class='ocrx_word' id='word_1_483' title='bbox 2626 1912 2726 1983; x_wconf 90' lang='lat' dir='ltr'><strong>qui</strong></span> <span class='ocrx_word' id='word_1_484' title='bbox 2758 1911 3004 1982; x_wconf 87' lang='lat' dir='ltr'><strong>pauperi</strong></span> <span class='ocrx_word' id='word_1_485' title='bbox 3044 1912 3239 1983; x_wconf 89' lang='lat' dir='ltr'><strong>donat,</strong></span> <span class='ocrx_word' id='word_1_486' title='bbox 3272 1912 3509 1969; x_wconf 87' lang='lat' dir='ltr'><strong>redimit</strong></span> <span class='ocrx_word' id='word_1_487' title='bbox 3539 1916 3792 1973; x_wconf 87' lang='lat' dir='ltr'><strong>animam</strong></span> 
     </span>
    </p>
   </div>
   <div class='ocr_carea' id='block_1_68' title="bbox 2114 1997 3794 2073">
    <p class='ocr_par' dir='ltr' id='par_1_68' title="bbox 2114 1997 3794 2073">
     <span class='ocr_line' id='line_1_68' title="bbox 2114 1997 3794 2073; baseline 0.004 -17"><span class='ocrx_word' id='word_1_488' title='bbox 2114 2017 2305 2056; x_wconf 89' lang='lat' dir='ltr'><strong>suam.</strong></span> <span class='ocrx_word' id='word_1_489' title='bbox 2342 2001 2452 2056; x_wconf 88' lang='lat' dir='ltr'><strong>Est</strong></span> <span class='ocrx_word' id='word_1_490' title='bbox 2480 2016 2624 2073; x_wconf 87' lang='lat' dir='ltr'><strong>ergo</strong></span> <span class='ocrx_word' id='word_1_491' title='bbox 2654 2004 2710 2055; x_wconf 93' lang='lat' dir='ltr'><strong>et</strong></span> <span class='ocrx_word' id='word_1_492' title='bbox 2742 2001 2837 2055; x_wconf 91' lang='lat' dir='ltr'><strong>his</strong></span> <span class='ocrx_word' id='word_1_493' title='bbox 2867 2001 3274 2057; x_wconf 88' lang='lat' dir='ltr'><strong>materialibus</strong></span> <span class='ocrx_word' id='word_1_494' title='bbox 3326 2002 3556 2059; x_wconf 89' lang='lat' dir='ltr'><strong>divitiis</strong></span> <span class='ocrx_word' id='word_1_495' title='bbox 3587 1997 3794 2062; x_wconf 86' lang='lat' dir='ltr'><strong>virtuti</strong></span> 
     </span>
    </p>
   </div>
   <div class='ocr_carea' id='block_1_69' title="bbox 2112 2089 3787 2165">
    <p class='ocr_par' dir='ltr' id='par_1_69' title="bbox 2112 2089 3787 2165">
     <span class='ocr_line' id='line_1_69' title="bbox 2112 2089 3787 2165; baseline 0.003 -20"><span class='ocrx_word' id='word_1_496' title='bbox 2112 2091 2305 2146; x_wconf 92' lang='lat' dir='ltr'><strong>locus.</strong></span> <span class='ocrx_word' id='word_1_497' title='bbox 2346 2089 2528 2156; x_wconf 90' lang='lat' dir='ltr'><strong>Quasi</strong></span> <span class='ocrx_word' id='word_1_498' title='bbox 2570 2090 3006 2161; x_wconf 88' lang='lat' dir='ltr'><strong>gubernatores</strong></span> <span class='ocrx_word' id='word_1_499' title='bbox 3055 2092 3203 2147; x_wconf 90' lang='lat' dir='ltr'><strong>estis</strong></span> <span class='ocrx_word' id='word_1_500' title='bbox 3240 2091 3303 2146; x_wconf 89' lang='lat' dir='ltr'><strong>in</strong></span> <span class='ocrx_word' id='word_1_501' title='bbox 3361 2108 3577 2165; x_wconf 84' lang='lat' dir='ltr'><strong>magno</strong></span> <span class='ocrx_word' id='word_1_502' title='bbox 3616 2094 3787 2150; x_wconf 89' lang='lat' dir='ltr'><strong>mari.</strong></span> 
     </span>
    </p>
   </div>
   <div class='ocr_carea' id='block_1_70' title="bbox 2114 2166 3791 2252">
    <p class='ocr_par' dir='ltr' id='par_1_70' title="bbox 2114 2166 3791 2252">
     <span class='ocr_line' id='line_1_70' title="bbox 2114 2166 3791 2252; baseline 0.003 -18"><span class='ocrx_word' id='word_1_503' title='bbox 2114 2180 2176 2235; x_wconf 91' lang='lat' dir='ltr'><strong>Si</strong></span> <span class='ocrx_word' id='word_1_504' title='bbox 2205 2179 2341 2250; x_wconf 90' lang='lat' dir='ltr'><strong>quis</strong></span> <span class='ocrx_word' id='word_1_505' title='bbox 2372 2179 2527 2234; x_wconf 89' lang='lat' dir='ltr'><strong>bene</strong></span> <span class='ocrx_word' id='word_1_506' title='bbox 2556 2166 2854 2251; x_wconf 85' lang='lat' dir='ltr'><strong>gubernat</strong></span> <span class='ocrx_word' id='word_1_507' title='bbox 2880 2194 3056 2233; x_wconf 90' lang='lat' dir='ltr'><strong>suum</strong></span> <span class='ocrx_word' id='word_1_508' title='bbox 3087 2179 3413 2252; x_wconf 87' lang='lat' dir='ltr'><strong>navigium,</strong></span> <span class='ocrx_word' id='word_1_509' title='bbox 3447 2181 3565 2238; x_wconf 92' lang='lat' dir='ltr'><strong>cito</strong></span> <span class='ocrx_word' id='word_1_510' title='bbox 3595 2183 3791 2239; x_wconf 87' lang='lat' dir='ltr'><strong>trans-</strong></span> 
     </span>
    </p>
   </div>
   <div class='ocr_carea' id='block_1_71' title="bbox 2115 2268 3790 2342">
    <p class='ocr_par' dir='ltr' id='par_1_71' title="bbox 2115 2268 3790 2342">
     <span class='ocr_line' id='line_1_71' title="bbox 2115 2268 3790 2342; baseline 0.004 -19"><span class='ocrx_word' id='word_1_511' title='bbox 2115 2269 2158 2323; x_wconf 93' lang='lat' dir='ltr'><strong>it</strong></span> <span class='ocrx_word' id='word_1_512' title='bbox 2208 2269 2446 2337; x_wconf 89' lang='lat' dir='ltr'><strong>fretum,</strong></span> <span class='ocrx_word' id='word_1_513' title='bbox 2506 2270 2569 2322; x_wconf 91' lang='lat' dir='ltr'><strong>ut</strong></span> <span class='ocrx_word' id='word_1_514' title='bbox 2605 2268 2914 2338; x_wconf 90' lang='lat' dir='ltr'><strong>perveniat</strong></span> <span class='ocrx_word' id='word_1_515' title='bbox 2968 2268 3042 2324; x_wconf 91' lang='lat' dir='ltr'><strong>ad</strong></span> <span class='ocrx_word' id='word_1_516' title='bbox 3093 2271 3371 2339; x_wconf 88' lang='lat' dir='ltr'><strong>portum:</strong></span> <span class='ocrx_word' id='word_1_517' title='bbox 3433 2269 3537 2342; x_wconf 90' lang='lat' dir='ltr'><strong>qui</strong></span> <span class='ocrx_word' id='word_1_518' title='bbox 3592 2274 3790 2330; x_wconf 86' lang='lat' dir='ltr'><strong>autem</strong></span> 
     </span>
    </p>
   </div>
   <div class='ocr_carea' id='block_1_72' title="bbox 2115 2359 3785 2434">
    <p class='ocr_par' dir='ltr' id='par_1_72' title="bbox 2115 2359 3785 2434">
     <span class='ocr_line' id='line_1_72' title="bbox 2115 2359 3785 2434; baseline 0.003 -21"><span class='ocrx_word' id='word_1_519' title='bbox 2115 2359 2308 2413; x_wconf 91' lang='lat' dir='ltr'><strong>nescit</strong></span> <span class='ocrx_word' id='word_1_520' title='bbox 2346 2372 2559 2429; x_wconf 87' lang='lat' dir='ltr'><strong>regere</strong></span> <span class='ocrx_word' id='word_1_521' title='bbox 2587 2373 2764 2412; x_wconf 90' lang='lat' dir='ltr'><strong>suum</strong></span> <span class='ocrx_word' id='word_1_522' title='bbox 2794 2372 3065 2427; x_wconf 89' lang='lat' dir='ltr'><strong>censum,</strong></span> <span class='ocrx_word' id='word_1_523' title='bbox 3121 2373 3302 2414; x_wconf 92' lang='lat' dir='ltr'><strong>onere</strong></span> <span class='ocrx_word' id='word_1_524' title='bbox 3331 2374 3444 2415; x_wconf 91' lang='lat' dir='ltr'><strong>suo</strong></span> <span class='ocrx_word' id='word_1_525' title='bbox 3474 2362 3785 2434; x_wconf 84' lang='lat' dir='ltr'><strong>mergitur.</strong></span> 
     </span>
    </p>
   </div>
   <div class='ocr_carea' id='block_1_73' title="bbox 2116 2446 3785 2517">
    <p class='ocr_par' dir='ltr' id='par_1_73' title="bbox 2116 2446 3785 2517">
     <span class='ocr_line' id='line_1_73' title="bbox 2116 2446 3785 2517; baseline 0.004 -15"><span class='ocrx_word' id='word_1_526' title='bbox 2116 2448 2253 2503; x_wconf 91' lang='lat' dir='ltr'><strong>Ideo</strong></span> <span class='ocrx_word' id='word_1_527' title='bbox 2277 2447 2563 2517; x_wconf 90' lang='lat' dir='ltr'><strong>scriptum</strong></span> <span class='ocrx_word' id='word_1_528' title='bbox 2582 2448 2711 2502; x_wconf 92' lang='lat' dir='ltr'><strong>est:</strong></span> <span class='ocrx_word' id='word_1_529' title='bbox 2748 2468 2770 2494; x_wconf 76' lang='grc' dir='ltr'><strong><em>α</em></strong></span> <span class='ocrx_word' id='word_1_530' title='bbox 2802 2446 3125 2503; x_wconf 87' lang='lat' dir='ltr'><strong>Possessio</strong></span> <span class='ocrx_word' id='word_1_531' title='bbox 3165 2447 3414 2504; x_wconf 90' lang='lat' dir='ltr'><strong>divitum</strong></span> <span class='ocrx_word' id='word_1_532' title='bbox 3437 2450 3649 2507; x_wconf 87' lang='lat' dir='ltr'><strong>civitas</strong></span> <span class='ocrx_word' id='word_1_533' title='bbox 3679 2451 3785 2508; x_wconf 82' lang='lat' dir='ltr'><strong>fir-</strong></span> 
     </span>
    </p>
   </div>
   <div class='ocr_carea' id='block_1_74' title="bbox 2114 2535 2928 2606">
    <p class='ocr_par' dir='ltr' id='par_1_74' title="bbox 2114 2535 2928 2606">
     <span class='ocr_line' id='line_1_74' title="bbox 2114 2535 2928 2606; baseline -0.009 -14"><span class='ocrx_word' id='word_1_534' title='bbox 2114 2538 2382 2593; x_wconf 88' lang='lat' dir='ltr'><strong>missima</strong></span> <span class='ocrx_word' id='word_1_535' title='bbox 2414 2535 2624 2605; x_wconf 83' lang='lat' dir='ltr'><strong>(Prov.</strong></span> <span class='ocrx_word' id='word_1_536' title='bbox 2658 2553 2717 2602; x_wconf 90' lang='lat' dir='ltr'><strong>x,</strong></span> <span class='ocrx_word' id='word_1_537' title='bbox 2757 2535 2868 2606; x_wconf 84' lang='lat'><strong>15).</strong></span> <span class='ocrx_word' id='word_1_538' title='bbox 2906 2559 2928 2585; x_wconf 82' lang='grc' dir='ltr'><strong>ιι</strong></span> 
     </span>
    </p>
   </div>
   <div class='ocr_carea' id='block_1_75' title="bbox 2183 2624 3787 2701">
    <p class='ocr_par' dir='ltr' id='par_1_75' title="bbox 2183 2624 3787 2701">
     <span class='ocr_line' id='line_1_75' title="bbox 2183 2624 3787 2701; baseline 0.003 -19"><span class='ocrx_word' id='word_1_539' title='bbox 2183 2627 2274 2682; x_wconf 91' lang='grc'><strong>93.</strong></span> <span class='ocrx_word' id='word_1_540' title='bbox 2313 2625 2458 2691; x_wconf 66' lang='lat' dir='ltr'><strong>Quin</strong></span> <span class='ocrx_word' id='word_1_541' title='bbox 2505 2628 2600 2681; x_wconf 92' lang='lat' dir='ltr'><strong>est</strong></span> <span class='ocrx_word' id='word_1_542' title='bbox 2641 2625 2776 2696; x_wconf 88' lang='lat' dir='ltr'><strong>ista,</strong></span> <span class='ocrx_word' id='word_1_543' title='bbox 2827 2624 2945 2682; x_wconf 89' lang='lat' dir='ltr'><strong>nisi</strong></span> <span class='ocrx_word' id='word_1_544' title='bbox 2986 2625 3343 2698; x_wconf 84' lang='lat' dir='ltr'><strong>Jerusalem,</strong></span> <span class='ocrx_word' id='word_1_545' title='bbox 3377 2643 3513 2701; x_wconf 65' lang='lat' dir='ltr'><strong>qum</strong></span> <span class='ocrx_word' id='word_1_546' title='bbox 3541 2628 3602 2685; x_wconf 94' lang='lat' dir='ltr'><strong>in</strong></span> <span class='ocrx_word' id='word_1_547' title='bbox 3633 2630 3787 2687; x_wconf 87' lang='lat' dir='ltr'><strong>coelo</strong></span> 
     </span>
    </p>
   </div>
   <div class='ocr_carea' id='block_1_76' title="bbox 2114 2712 3784 2790">
    <p class='ocr_par' dir='ltr' id='par_1_76' title="bbox 2114 2712 3784 2790">
     <span class='ocr_line' id='line_1_76' title="bbox 2114 2712 3784 2790; baseline 0.002 -18"><span class='ocrx_word' id='word_1_548' title='bbox 2114 2716 2306 2785; x_wconf 91' lang='lat' dir='ltr'><strong>est,in</strong></span> <span class='ocrx_word' id='word_1_549' title='bbox 2353 2731 2471 2787; x_wconf 90' lang='lat' dir='ltr'><strong>qua</strong></span> <span class='ocrx_word' id='word_1_550' title='bbox 2503 2730 2756 2787; x_wconf 88' lang='lat' dir='ltr'><strong>regnum</strong></span> <span class='ocrx_word' id='word_1_551' title='bbox 2796 2716 2889 2770; x_wconf 91' lang='lat' dir='ltr'><strong>est</strong></span> <span class='ocrx_word' id='word_1_552' title='bbox 2910 2714 3064 2783; x_wconf 84' lang='lat' dir='ltr'><strong>Dei?</strong></span> <span class='ocrx_word' id='word_1_553' title='bbox 3097 2716 3261 2772; x_wconf 91' lang='lat' dir='ltr'><strong>Bona</strong></span> <span class='ocrx_word' id='word_1_554' title='bbox 3290 2712 3784 2790; x_wconf 52' lang='lat' dir='ltr'><strong>haec&#39;posseesio,</strong></span> 
     </span>
    </p>
   </div>
   <div class='ocr_carea' id='block_1_77' title="bbox 2114 2803 3787 2882">
    <p class='ocr_par' dir='ltr' id='par_1_77' title="bbox 2114 2803 3787 2882">
     <span class='ocr_line' id='line_1_77' title="bbox 2114 2803 3787 2882; baseline 0.004 -22"><span class='ocrx_word' id='word_1_555' title='bbox 2114 2822 2247 2878; x_wconf 90' lang='lat' dir='ltr'><strong>quae</strong></span> <span class='ocrx_word' id='word_1_556' title='bbox 2278 2804 2507 2859; x_wconf 87' lang='lat' dir='ltr'><strong>fructus</strong></span> <span class='ocrx_word' id='word_1_557' title='bbox 2539 2807 2860 2875; x_wconf 90' lang='lat' dir='ltr'><strong>perpetuos</strong></span> <span class='ocrx_word' id='word_1_558' title='bbox 2890 2803 3050 2860; x_wconf 89' lang='lat' dir='ltr'><strong>facit.</strong></span> <span class='ocrx_word' id='word_1_559' title='bbox 3083 2805 3248 2862; x_wconf 91' lang='lat' dir='ltr'><strong>Bona</strong></span> <span class='ocrx_word' id='word_1_560' title='bbox 3276 2808 3615 2878; x_wconf 90' lang='lat' dir='ltr'><strong>possessio,</strong></span> <span class='ocrx_word' id='word_1_561' title='bbox 3651 2825 3787 2882; x_wconf 81' lang='lat' dir='ltr'><strong>quae</strong></span> 
     </span>
    </p>
   </div>
   <div class='ocr_carea' id='block_1_78' title="bbox 2114 2893 3785 2968">
    <p class='ocr_par' dir='ltr' id='par_1_78' title="bbox 2114 2893 3785 2968">
     <span class='ocr_line' id='line_1_78' title="bbox 2114 2893 3785 2968; baseline 0.002 -18"><span class='ocrx_word' id='word_1_562' title='bbox 2114 2911 2234 2951; x_wconf 90' lang='lat' dir='ltr'><strong>non</strong></span> <span class='ocrx_word' id='word_1_563' title='bbox 2262 2894 2358 2950; x_wconf 91' lang='lat' dir='ltr'><strong>hic</strong></span> <span class='ocrx_word' id='word_1_564' title='bbox 2398 2893 2771 2965; x_wconf 89' lang='lat' dir='ltr'><strong>relinquitur,</strong></span> <span class='ocrx_word' id='word_1_565' title='bbox 2823 2894 2932 2950; x_wconf 88' lang='lat' dir='ltr'><strong>sed</strong></span> <span class='ocrx_word' id='word_1_566' title='bbox 2984 2894 3108 2957; x_wconf 84' lang='lat' dir='ltr'><strong>illic</strong></span> <span class='ocrx_word' id='word_1_567' title='bbox 3164 2896 3529 2968; x_wconf 89' lang='lat' dir='ltr'><strong>possidetur.</strong></span> <span class='ocrx_word' id='word_1_568' title='bbox 3578 2897 3645 2953; x_wconf 93' lang='lat' dir='ltr'><strong>In</strong></span> <span class='ocrx_word' id='word_1_569' title='bbox 3674 2898 3785 2955; x_wconf 85' lang='lat' dir='ltr'><strong>hac</strong></span> 
     </span>
    </p>
   </div>
   <div class='ocr_carea' id='block_1_79' title="bbox 2113 2983 3786 3055">
    <p class='ocr_par' dir='ltr' id='par_1_79' title="bbox 2113 2983 3786 3055">
     <span class='ocr_line' id='line_1_79' title="bbox 2113 2983 3786 3055; baseline 0.002 -15"><span class='ocrx_word' id='word_1_570' title='bbox 2113 2983 2505 3055; x_wconf 89' lang='lat' dir='ltr'><strong>possessione</strong></span> <span class='ocrx_word' id='word_1_571' title='bbox 2535 2984 2637 3055; x_wconf 88' lang='lat' dir='ltr'><strong>qui</strong></span> <span class='ocrx_word' id='word_1_572' title='bbox 2668 2983 2865 3053; x_wconf 87' lang='lat' dir='ltr'><strong>fuerit,</strong></span> <span class='ocrx_word' id='word_1_573' title='bbox 2898 2984 3074 3040; x_wconf 90' lang='lat' dir='ltr'><strong>dicit:</strong></span> <span class='ocrx_word' id='word_1_574' title='bbox 3115 3007 3139 3033; x_wconf 71' lang='grc' dir='ltr'><strong>α</strong></span> <span class='ocrx_word' id='word_1_575' title='bbox 3189 2986 3392 3041; x_wconf 88' lang='lat' dir='ltr'><strong>Portio</strong></span> <span class='ocrx_word' id='word_1_576' title='bbox 3420 3002 3553 3044; x_wconf 90' lang='lat' dir='ltr'><strong>mea</strong></span> <span class='ocrx_word' id='word_1_577' title='bbox 3580 2987 3786 3045; x_wconf 89' lang='lat' dir='ltr'><strong>Domi-</strong></span> 
     </span>
    </p>
   </div>
   <div class='ocr_carea' id='block_1_80' title="bbox 2113 3071 3783 3144">
    <p class='ocr_par' dir='ltr' id='par_1_80' title="bbox 2113 3071 3783 3144">
     <span class='ocr_line' id='line_1_80' title="bbox 2113 3071 3783 3144; baseline 0.003 -16"><span class='ocrx_word' id='word_1_578' title='bbox 2113 3089 2229 3128; x_wconf 89' lang='lat' dir='ltr'><strong>nus</strong></span> <span class='ocrx_word' id='word_1_579' title='bbox 2260 3071 2449 3144; x_wconf 85' lang='lat' dir='ltr'><strong>(Psal.</strong></span> <span class='ocrx_word' id='word_1_580' title='bbox 2475 3088 2676 3141; x_wconf 84' lang='lat' dir='ltr'><strong>cxvm,</strong></span> <span class='ocrx_word' id='word_1_581' title='bbox 2706 3073 2819 3143; x_wconf 85' lang='lat'><strong>5’7).</strong></span> <span class='ocrx_word' id='word_1_582' title='bbox 2865 3096 2887 3120; x_wconf 76' lang='grc' dir='ltr'><strong>η</strong></span> <span class='ocrx_word' id='word_1_583' title='bbox 2924 3072 3058 3128; x_wconf 86' lang='grc' dir='ltr'>Νοιι</span> <span class='ocrx_word' id='word_1_584' title='bbox 3088 3073 3231 3129; x_wconf 91' lang='lat' dir='ltr'><strong>dicit</strong></span> <span class='ocrx_word' id='word_1_585' title='bbox 3256 3089 3269 3129; x_wconf 93' lang='lat'><strong>:</strong></span> <span class='ocrx_word' id='word_1_586' title='bbox 3320 3076 3517 3131; x_wconf 86' lang='lat' dir='ltr'><strong>Portio</strong></span> <span class='ocrx_word' id='word_1_587' title='bbox 3551 3092 3681 3133; x_wconf 89' lang='lat' dir='ltr'><strong>mea</strong></span> <span class='ocrx_word' id='word_1_588' title='bbox 3708 3076 3783 3133; x_wconf 84' lang='lat' dir='ltr'><strong>ab</strong></span> 
     </span>
    </p>
   </div>
   <div class='ocr_carea' id='block_1_81' title="bbox 2113 3161 3774 3233">
    <p class='ocr_par' dir='ltr' id='par_1_81' title="bbox 2113 3161 3774 3233">
     <span class='ocr_line' id='line_1_81' title="bbox 2113 3161 3774 3233; baseline 0.004 -17"><span class='ocrx_word' id='word_1_589' title='bbox 2113 3163 2233 3217; x_wconf 91' lang='lat' dir='ltr'><strong>illis</strong></span> <span class='ocrx_word' id='word_1_590' title='bbox 2281 3176 2474 3233; x_wconf 89' lang='lat' dir='ltr'><strong>usque</strong></span> <span class='ocrx_word' id='word_1_591' title='bbox 2522 3161 2595 3215; x_wconf 88' lang='lat' dir='ltr'><strong>ad</strong></span> <span class='ocrx_word' id='word_1_592' title='bbox 2628 3161 2766 3216; x_wconf 90' lang='lat' dir='ltr'><strong>illos</strong></span> <span class='ocrx_word' id='word_1_593' title='bbox 2813 3165 3084 3232; x_wconf 87' lang='lat' dir='ltr'><strong>porrecta</strong></span> <span class='ocrx_word' id='word_1_594' title='bbox 3132 3166 3189 3218; x_wconf 91' lang='lat' dir='ltr'><strong>et</strong></span> <span class='ocrx_word' id='word_1_595' title='bbox 3220 3161 3438 3218; x_wconf 86' lang='lat' dir='ltr'><strong>diffusa</strong></span> <span class='ocrx_word' id='word_1_596' title='bbox 3466 3166 3774 3223; x_wconf 88' lang='lat' dir='ltr'><strong>terminos.</strong></span> 
     </span>
    </p>
   </div>
   <div class='ocr_carea' id='block_1_82' title="bbox 2112 3249 3781 3323">
    <p class='ocr_par' dir='ltr' id='par_1_82' title="bbox 2112 3249 3781 3323">
     <span class='ocr_line' id='line_1_82' title="bbox 2112 3249 3781 3323; baseline 0.002 -16"><span class='ocrx_word' id='word_1_597' title='bbox 2112 3252 2246 3307; x_wconf 91' lang='lat' dir='ltr'><strong>Non</strong></span> <span class='ocrx_word' id='word_1_598' title='bbox 2268 3251 2440 3306; x_wconf 92' lang='lat' dir='ltr'><strong>dicit:</strong></span> <span class='ocrx_word' id='word_1_599' title='bbox 2465 3250 2665 3305; x_wconf 86' lang='lat' dir='ltr'><strong>Portio</strong></span> <span class='ocrx_word' id='word_1_600' title='bbox 2696 3265 2825 3305; x_wconf 90' lang='lat' dir='ltr'><strong>mea</strong></span> <span class='ocrx_word' id='word_1_601' title='bbox 2842 3249 2995 3306; x_wconf 90' lang='lat' dir='ltr'><strong>inter</strong></span> <span class='ocrx_word' id='word_1_602' title='bbox 3028 3251 3164 3307; x_wconf 90' lang='lat' dir='ltr'><strong>illos</strong></span> <span class='ocrx_word' id='word_1_603' title='bbox 3185 3251 3439 3323; x_wconf 90' lang='lat' dir='ltr'><strong>vicinos,</strong></span> <span class='ocrx_word' id='word_1_604' title='bbox 3482 3254 3600 3309; x_wconf 91' lang='lat' dir='ltr'><strong>nisi</strong></span> <span class='ocrx_word' id='word_1_605' title='bbox 3629 3254 3781 3311; x_wconf 84' lang='lat' dir='ltr'><strong>forte</strong></span> 
     </span>
    </p>
   </div>
   <div class='ocr_carea' id='block_1_83' title="bbox 2023 3340 3781 3412">
    <p class='ocr_par' dir='ltr' id='par_1_83' title="bbox 2023 3340 3781 3412">
     <span class='ocr_line' id='line_1_83' title="bbox 2023 3340 3781 3412; baseline 0.003 -17"><span class='ocrx_word' id='word_1_606' title='bbox 2023 3342 2076 3406; x_wconf 88' lang='lat' dir='ltr'><strong>C</strong></span> <span class='ocrx_word' id='word_1_607' title='bbox 2112 3341 2265 3396; x_wconf 89' lang='lat' dir='ltr'><strong>inter</strong></span> <span class='ocrx_word' id='word_1_608' title='bbox 2290 3340 2618 3412; x_wconf 90' lang='lat' dir='ltr'><strong>apostolos,</strong></span> <span class='ocrx_word' id='word_1_609' title='bbox 2650 3340 2803 3396; x_wconf 91' lang='lat' dir='ltr'><strong>inter</strong></span> <span class='ocrx_word' id='word_1_610' title='bbox 2831 3341 3175 3412; x_wconf 85' lang='lat' dir='ltr'><strong>prophetas,</strong></span> <span class='ocrx_word' id='word_1_611' title='bbox 3206 3342 3360 3406; x_wconf 83' lang='lat' dir='ltr'><strong>inter</strong></span> <span class='ocrx_word' id='word_1_612' title='bbox 3390 3345 3636 3401; x_wconf 90' lang='lat' dir='ltr'><strong>sanctos</strong></span> <span class='ocrx_word' id='word_1_613' title='bbox 3667 3344 3781 3402; x_wconf 91' lang='lat' dir='ltr'><strong>Do-</strong></span> 
     </span>
    </p>
   </div>
   <div class='ocr_carea' id='block_1_84' title="bbox 2111 3429 3781 3502">
    <p class='ocr_par' dir='ltr' id='par_1_84' title="bbox 2111 3429 3781 3502">
     <span class='ocr_line' id='line_1_84' title="bbox 2111 3429 3781 3502; baseline 0.002 -16"><span class='ocrx_word' id='word_1_614' title='bbox 2111 3431 2255 3487; x_wconf 88' lang='lat' dir='ltr'><strong>mini</strong></span> <span class='ocrx_word' id='word_1_615' title='bbox 2280 3447 2294 3501; x_wconf 84' lang='lat'><strong>;</strong></span> <span class='ocrx_word' id='word_1_616' title='bbox 2326 3431 2457 3487; x_wconf 87' lang='lat' dir='ltr'><strong>haec</strong></span> <span class='ocrx_word' id='word_1_617' title='bbox 2508 3432 2600 3486; x_wconf 90' lang='lat' dir='ltr'><strong>est</strong></span> <span class='ocrx_word' id='word_1_618' title='bbox 2631 3431 2788 3485; x_wconf 90' lang='lat' dir='ltr'><strong>enim</strong></span> <span class='ocrx_word' id='word_1_619' title='bbox 2817 3429 2985 3501; x_wconf 86' lang='lat' dir='ltr'><strong>justa</strong></span> <span class='ocrx_word' id='word_1_620' title='bbox 3014 3432 3229 3502; x_wconf 88' lang='lat' dir='ltr'><strong>portio.</strong></span> <span class='ocrx_word' id='word_1_621' title='bbox 3261 3431 3395 3487; x_wconf 93' lang='lat' dir='ltr'><strong>Non</strong></span> <span class='ocrx_word' id='word_1_622' title='bbox 3425 3432 3603 3489; x_wconf 91' lang='lat' dir='ltr'><strong>dicit:</strong></span> <span class='ocrx_word' id='word_1_623' title='bbox 3634 3434 3781 3490; x_wconf 86' lang='lat' dir='ltr'><strong>Por-</strong></span> 
     </span>
    </p>
   </div>
   <div class='ocr_carea' id='block_1_85' title="bbox 2053 3520 3777 3595">
    <p class='ocr_par' dir='ltr' id='par_1_85' title="bbox 2053 3520 3777 3595">
     <span class='ocr_line' id='line_1_85' title="bbox 2053 3520 3777 3595; baseline 0.002 -20"><span class='ocrx_word' id='word_1_624' title='bbox 2053 3548 2061 3555; x_wconf 82' lang='grc'><strong>·</strong></span> <span class='ocrx_word' id='word_1_625' title='bbox 2110 3522 2190 3576; x_wconf 88' lang='lat' dir='ltr'><strong>tio</strong></span> <span class='ocrx_word' id='word_1_626' title='bbox 2230 3535 2357 3575; x_wconf 90' lang='lat' dir='ltr'><strong>mea</strong></span> <span class='ocrx_word' id='word_1_627' title='bbox 2407 3520 2468 3575; x_wconf 93' lang='lat' dir='ltr'><strong>in</strong></span> <span class='ocrx_word' id='word_1_628' title='bbox 2509 3520 2714 3593; x_wconf 83' lang='lat' dir='ltr'><strong>pratis,</strong></span> <span class='ocrx_word' id='word_1_629' title='bbox 2758 3534 2877 3575; x_wconf 91' lang='lat' dir='ltr'><strong>non</strong></span> <span class='ocrx_word' id='word_1_630' title='bbox 2920 3520 2980 3575; x_wconf 92' lang='lat' dir='ltr'><strong>in</strong></span> <span class='ocrx_word' id='word_1_631' title='bbox 3019 3520 3212 3592; x_wconf 92' lang='lat' dir='ltr'><strong>silvis,</strong></span> <span class='ocrx_word' id='word_1_632' title='bbox 3261 3537 3380 3577; x_wconf 91' lang='lat' dir='ltr'><strong>non</strong></span> <span class='ocrx_word' id='word_1_633' title='bbox 3411 3523 3473 3578; x_wconf 89' lang='lat' dir='ltr'><strong>in</strong></span> <span class='ocrx_word' id='word_1_634' title='bbox 3509 3524 3777 3595; x_wconf 84' lang='lat' dir='ltr'><strong>eampis;</strong></span> 
     </span>
    </p>
   </div>
   <div class='ocr_carea' id='block_1_86' title="bbox 2110 3609 3780 3684">
    <p class='ocr_par' dir='ltr' id='par_1_86' title="bbox 2110 3609 3780 3684">
     <span class='ocr_line' id='line_1_86' title="bbox 2110 3609 3780 3684; baseline 0.004 -19"><span class='ocrx_word' id='word_1_635' title='bbox 2110 3610 2229 3665; x_wconf 91' lang='lat' dir='ltr'><strong>nisi</strong></span> <span class='ocrx_word' id='word_1_636' title='bbox 2278 3609 2427 3665; x_wconf 86' lang='lat' dir='ltr'><strong>forte</strong></span> <span class='ocrx_word' id='word_1_637' title='bbox 2472 3609 2537 3663; x_wconf 91' lang='lat' dir='ltr'><strong>in</strong></span> <span class='ocrx_word' id='word_1_638' title='bbox 2587 3609 2812 3680; x_wconf 88' lang='lat' dir='ltr'><strong>eampis</strong></span> <span class='ocrx_word' id='word_1_639' title='bbox 2861 3609 3050 3675; x_wconf 58' lang='lat' dir='ltr'><strong>silva,</strong></span> <span class='ocrx_word' id='word_1_640' title='bbox 3107 3610 3168 3665; x_wconf 92' lang='lat' dir='ltr'><strong>in</strong></span> <span class='ocrx_word' id='word_1_641' title='bbox 3225 3611 3444 3684; x_wconf 89' lang='lat' dir='ltr'><strong>quibus</strong></span> <span class='ocrx_word' id='word_1_642' title='bbox 3482 3612 3780 3670; x_wconf 88' lang='lat' dir='ltr'><strong>invenitur</strong></span> 
     </span>
    </p>
   </div>
   <div class='ocr_carea' id='block_1_87' title="bbox 2109 3697 3780 3769">
    <p class='ocr_par' dir='ltr' id='par_1_87' title="bbox 2109 3697 3780 3769">
     <span class='ocr_line' id='line_1_87' title="bbox 2109 3697 3780 3769; baseline 0.003 -15"><span class='ocrx_word' id='word_1_643' title='bbox 2109 3698 2383 3754; x_wconf 90' lang='lat' dir='ltr'><strong>Ecclesia</strong></span> <span class='ocrx_word' id='word_1_644' title='bbox 2421 3698 2493 3753; x_wconf 92' lang='lat' dir='ltr'><strong>de</strong></span> <span class='ocrx_word' id='word_1_645' title='bbox 2523 3713 2640 3769; x_wconf 88' lang='lat' dir='ltr'><strong>qua</strong></span> <span class='ocrx_word' id='word_1_646' title='bbox 2681 3697 2969 3769; x_wconf 90' lang='lat' dir='ltr'><strong>scriptum</strong></span> <span class='ocrx_word' id='word_1_647' title='bbox 3001 3702 3129 3755; x_wconf 89' lang='lat' dir='ltr'><strong>est:</strong></span> <span class='ocrx_word' id='word_1_648' title='bbox 3176 3723 3198 3748; x_wconf 76' lang='grc' dir='ltr'><strong>ι</strong></span> <span class='ocrx_word' id='word_1_649' title='bbox 3254 3700 3597 3758; x_wconf 89' lang='lat' dir='ltr'><strong>Invenimus</strong></span> <span class='ocrx_word' id='word_1_650' title='bbox 3648 3716 3780 3759; x_wconf 81' lang='lat' dir='ltr'><strong>eam</strong></span> 
     </span>
    </p>
   </div>
   <div class='ocr_carea' id='block_1_88' title="bbox 2109 3786 3772 3860">
    <p class='ocr_par' dir='ltr' id='par_1_88' title="bbox 2109 3786 3772 3860">
     <span class='ocr_line' id='line_1_88' title="bbox 2109 3786 3772 3860; baseline 0.002 -17"><span class='ocrx_word' id='word_1_651' title='bbox 2109 3789 2170 3843; x_wconf 92' lang='lat' dir='ltr'><strong>in</strong></span> <span class='ocrx_word' id='word_1_652' title='bbox 2210 3786 2435 3858; x_wconf 90' lang='lat' dir='ltr'><strong>campis</strong></span> <span class='ocrx_word' id='word_1_653' title='bbox 2475 3786 2646 3842; x_wconf 89' lang='lat' dir='ltr'><strong>silvae</strong></span> <span class='ocrx_word' id='word_1_654' title='bbox 2685 3786 2876 3857; x_wconf 85' lang='lat' dir='ltr'><strong>(Psal.</strong></span> <span class='ocrx_word' id='word_1_655' title='bbox 2928 3803 3130 3859; x_wconf 78' lang='lat' dir='ltr'><strong>cxxxi,</strong></span> <span class='ocrx_word' id='word_1_656' title='bbox 3181 3788 3258 3860; x_wconf 89' lang='lat'><strong>6).</strong></span> <span class='ocrx_word' id='word_1_657' title='bbox 3314 3813 3335 3837; x_wconf 84' lang='grc'><strong>»</strong></span> <span class='ocrx_word' id='word_1_658' title='bbox 3399 3790 3533 3846; x_wconf 86' lang='grc' dir='ltr'>Νοιι</span> <span class='ocrx_word' id='word_1_659' title='bbox 3591 3790 3772 3849; x_wconf 89' lang='lat' dir='ltr'><strong>dicit:</strong></span> 
     </span>
    </p>
   </div>
   <div class='ocr_carea' id='block_1_89' title="bbox 2109 3877 3777 3954">
    <p class='ocr_par' dir='ltr' id='par_1_89' title="bbox 2109 3877 3777 3954">
     <span class='ocr_line' id='line_1_89' title="bbox 2109 3877 3777 3954; baseline 0.005 -23"><span class='ocrx_word' id='word_1_660' title='bbox 2109 3877 2305 3933; x_wconf 84' lang='lat' dir='ltr'><strong>Portio</strong></span> <span class='ocrx_word' id='word_1_661' title='bbox 2327 3890 2458 3930; x_wconf 89' lang='lat' dir='ltr'><strong>mea</strong></span> <span class='ocrx_word' id='word_1_662' title='bbox 2477 3890 2699 3948; x_wconf 88' lang='lat' dir='ltr'><strong>greges</strong></span> <span class='ocrx_word' id='word_1_663' title='bbox 2720 3890 3028 3947; x_wconf 90' lang='lat' dir='ltr'><strong>equorum.</strong></span> <span class='ocrx_word' id='word_1_664' title='bbox 3050 3900 3074 3926; x_wconf 71' lang='grc' dir='ltr'><strong>ι</strong></span> <span class='ocrx_word' id='word_1_665' title='bbox 3120 3878 3374 3934; x_wconf 91' lang='lat' dir='ltr'><strong>Mendax</strong></span> <span class='ocrx_word' id='word_1_666' title='bbox 3408 3880 3564 3935; x_wconf 90' lang='lat' dir='ltr'><strong>enim</strong></span> <span class='ocrx_word' id='word_1_667' title='bbox 3583 3895 3777 3954; x_wconf 89' lang='lat' dir='ltr'><strong>equus</strong></span> 
     </span>
    </p>
   </div>
   <div class='ocr_carea' id='block_1_90' title="bbox 2107 3963 3777 4037">
    <p class='ocr_par' dir='ltr' id='par_1_90' title="bbox 2107 3963 3777 4037">
     <span class='ocr_line' id='line_1_90' title="bbox 2107 3963 3777 4037; baseline 0.004 -16"><span class='ocrx_word' id='word_1_668' title='bbox 2107 3966 2181 4021; x_wconf 90' lang='lat' dir='ltr'><strong>ad</strong></span> <span class='ocrx_word' id='word_1_669' title='bbox 2213 3966 2464 4020; x_wconf 91' lang='lat' dir='ltr'><strong>salutem</strong></span> <span class='ocrx_word' id='word_1_670' title='bbox 2512 3963 2700 4034; x_wconf 84' lang='lat' dir='ltr'><strong>(Psal.</strong></span> <span class='ocrx_word' id='word_1_671' title='bbox 2734 3981 2921 4035; x_wconf 83' lang='grc' dir='ltr'>χχχιι,</span> <span class='ocrx_word' id='word_1_672' title='bbox 2964 3963 3073 4037; x_wconf 83' lang='lat'><strong>1&#39;7).</strong></span> <span class='ocrx_word' id='word_1_673' title='bbox 3114 3990 3135 4016; x_wconf 73' lang='grc' dir='ltr'><strong>ιι</strong></span> <span class='ocrx_word' id='word_1_674' title='bbox 3172 3968 3306 4024; x_wconf 89' lang='grc' dir='ltr'>Νοιι</span> <span class='ocrx_word' id='word_1_675' title='bbox 3349 3968 3525 4026; x_wconf 90' lang='lat' dir='ltr'><strong>dicit:</strong></span> <span class='ocrx_word' id='word_1_676' title='bbox 3577 3969 3777 4027; x_wconf 86' lang='lat' dir='ltr'><strong>Portio</strong></span> 
     </span>
    </p>
   </div>
   <div class='ocr_carea' id='block_1_91' title="bbox 2105 4045 3776 4128">
    <p class='ocr_par' dir='ltr' id='par_1_91' title="bbox 2105 4045 3776 4128">
     <span class='ocr_line' id='line_1_91' title="bbox 2105 4045 3776 4128; baseline 0.001 -13"><span class='ocrx_word' id='word_1_677' title='bbox 2105 4076 2237 4116; x_wconf 90' lang='lat' dir='ltr'><strong>mea</strong></span> <span class='ocrx_word' id='word_1_678' title='bbox 2283 4060 2545 4114; x_wconf 87' lang='lat' dir='ltr'><strong>armenta</strong></span> <span class='ocrx_word' id='word_1_679' title='bbox 2586 4058 2766 4113; x_wconf 91' lang='lat' dir='ltr'><strong>boum</strong></span> <span class='ocrx_word' id='word_1_680' title='bbox 2788 4099 2804 4128; x_wconf 91' lang='lat'><strong>,</strong></span> <span class='ocrx_word' id='word_1_681' title='bbox 2832 4045 3027 4113; x_wconf 83' lang='lat'><strong>1045</strong></span> <span class='ocrx_word' id='word_1_682' title='bbox 3047 4057 3223 4127; x_wconf 91' lang='lat' dir='ltr'><strong>asini,</strong></span> <span class='ocrx_word' id='word_1_683' title='bbox 3258 4074 3442 4114; x_wconf 88' lang='lat' dir='ltr'><strong>oves:</strong></span> <span class='ocrx_word' id='word_1_684' title='bbox 3475 4058 3596 4114; x_wconf 90' lang='lat' dir='ltr'><strong>nisi</strong></span> <span class='ocrx_word' id='word_1_685' title='bbox 3624 4060 3776 4116; x_wconf 89' lang='lat' dir='ltr'><strong>forte</strong></span> 
     </span>
    </p>
   </div>
   <div class='ocr_carea' id='block_1_92' title="bbox 2105 4148 3775 4221">
    <p class='ocr_par' dir='ltr' id='par_1_92' title="bbox 2105 4148 3775 4221">
     <span class='ocr_line' id='line_1_92' title="bbox 2105 4148 3775 4221; baseline 0.001 -18"><span class='ocrx_word' id='word_1_686' title='bbox 2105 4149 2259 4204; x_wconf 90' lang='lat' dir='ltr'><strong>inter</strong></span> <span class='ocrx_word' id='word_1_687' title='bbox 2279 4148 2376 4203; x_wconf 88' lang='lat' dir='ltr'><strong>illa</strong></span> <span class='ocrx_word' id='word_1_688' title='bbox 2400 4163 2467 4204; x_wconf 91' lang='lat' dir='ltr'><strong>se</strong></span> <span class='ocrx_word' id='word_1_689' title='bbox 2485 4151 2754 4204; x_wconf 88' lang='lat' dir='ltr'><strong>numerat</strong></span> <span class='ocrx_word' id='word_1_690' title='bbox 2773 4150 3058 4218; x_wconf 89' lang='lat' dir='ltr'><strong>armenta,</strong></span> <span class='ocrx_word' id='word_1_691' title='bbox 3092 4163 3229 4219; x_wconf 82' lang='lat' dir='ltr'><strong>quae</strong></span> <span class='ocrx_word' id='word_1_692' title='bbox 3262 4152 3600 4220; x_wconf 87' lang='lat' dir='ltr'><strong>agnoscunt</strong></span> <span class='ocrx_word' id='word_1_693' title='bbox 3627 4164 3775 4221; x_wconf 89' lang='lat' dir='ltr'><strong>pos-</strong></span> 
     </span>
    </p>
   </div>
   <div class='ocr_carea' id='block_1_93' title="bbox 2108 4237 3774 4294">
    <p class='ocr_par' dir='ltr' id='par_1_93' title="bbox 2108 4237 3774 4294">
     <span class='ocr_line' id='line_1_93' title="bbox 2108 4237 3774 4294; baseline 0.001 -1"><span class='ocrx_word' id='word_1_694' title='bbox 2108 4253 2412 4294; x_wconf 85' lang='lat' dir='ltr'><strong>sessorem</strong></span> <span class='ocrx_word' id='word_1_695' title='bbox 2459 4253 2673 4293; x_wconf 89' lang='lat' dir='ltr'><strong>suum:</strong></span> <span class='ocrx_word' id='word_1_696' title='bbox 2724 4241 2779 4293; x_wconf 93' lang='lat' dir='ltr'><strong>et</strong></span> <span class='ocrx_word' id='word_1_697' title='bbox 2827 4237 2888 4293; x_wconf 92' lang='lat' dir='ltr'><strong>in</strong></span> <span class='ocrx_word' id='word_1_698' title='bbox 2919 4237 3017 4293; x_wconf 91' lang='lat' dir='ltr'><strong>illa</strong></span> <span class='ocrx_word' id='word_1_699' title='bbox 3047 4237 3215 4292; x_wconf 89' lang='lat' dir='ltr'><strong>asina</strong></span> <span class='ocrx_word' id='word_1_700' title='bbox 3245 4237 3372 4293; x_wconf 88' lang='lat' dir='ltr'><strong>vult</strong></span> <span class='ocrx_word' id='word_1_701' title='bbox 3409 4238 3774 4294; x_wconf 85' lang='lat' dir='ltr'><strong>consortium</strong></span> 
     </span>
    </p>
   </div>
   <div class='ocr_carea' id='block_1_94' title="bbox 2105 4325 3769 4398">
    <p class='ocr_par' dir='ltr' id='par_1_94' title="bbox 2105 4325 3769 4398">
     <span class='ocr_line' id='line_1_94' title="bbox 2105 4325 3769 4398; baseline -0.001 -16"><span class='ocrx_word' id='word_1_702' title='bbox 2105 4327 2349 4397; x_wconf 87' lang='lat' dir='ltr'><strong>habere,</strong></span> <span class='ocrx_word' id='word_1_703' title='bbox 2401 4343 2536 4398; x_wconf 89' lang='lat' dir='ltr'><strong>quae</strong></span> <span class='ocrx_word' id='word_1_704' title='bbox 2585 4343 2703 4381; x_wconf 90' lang='lat' dir='ltr'><strong>non</strong></span> <span class='ocrx_word' id='word_1_705' title='bbox 2752 4326 2973 4398; x_wconf 86' lang='lat' dir='ltr'><strong>refugit</strong></span> <span class='ocrx_word' id='word_1_706' title='bbox 3012 4340 3285 4397; x_wconf 62' lang='lat' dir='ltr'><strong>praesepe</strong></span> <span class='ocrx_word' id='word_1_707' title='bbox 3314 4326 3533 4381; x_wconf 88' lang='lat' dir='ltr'><strong>Christi</strong></span> <span class='ocrx_word' id='word_1_708' title='bbox 3565 4325 3697 4396; x_wconf 84' lang='lat' dir='ltr'><strong>(lsa.</strong></span> <span class='ocrx_word' id='word_1_709' title='bbox 3730 4344 3769 4395; x_wconf 87' lang='grc' dir='ltr'><strong>ι,</strong></span> 
     </span>
    </p>
   </div>
   <div class='ocr_carea' id='block_1_95' title="bbox 2104 4414 3772 4487">
    <p class='ocr_par' dir='ltr' id='par_1_95' title="bbox 2104 4414 3772 4487">
     <span class='ocr_line' id='line_1_95' title="bbox 2104 4414 3772 4487; baseline 0 -16"><span class='ocrx_word' id='word_1_710' title='bbox 2104 4414 2198 4487; x_wconf 89' lang='lat'><strong>3):</strong></span> <span class='ocrx_word' id='word_1_711' title='bbox 2233 4421 2289 4472; x_wconf 93' lang='lat' dir='ltr'><strong>et</strong></span> <span class='ocrx_word' id='word_1_712' title='bbox 2335 4416 2434 4471; x_wconf 92' lang='lat' dir='ltr'><strong>illa</strong></span> <span class='ocrx_word' id='word_1_713' title='bbox 2466 4417 2598 4472; x_wconf 91' lang='lat' dir='ltr'><strong>ovis</strong></span> <span class='ocrx_word' id='word_1_714' title='bbox 2646 4416 2765 4470; x_wconf 92' lang='lat' dir='ltr'><strong>sibi</strong></span> <span class='ocrx_word' id='word_1_715' title='bbox 2792 4416 2984 4487; x_wconf 90' lang='lat' dir='ltr'><strong>portio</strong></span> <span class='ocrx_word' id='word_1_716' title='bbox 3033 4419 3147 4484; x_wconf 89' lang='lat' dir='ltr'><strong>est,</strong></span> <span class='ocrx_word' id='word_1_717' title='bbox 3180 4431 3314 4486; x_wconf 67' lang='lat' dir='ltr'><strong>qum</strong></span> <span class='ocrx_word' id='word_1_718' title='bbox 3345 4414 3420 4469; x_wconf 91' lang='lat' dir='ltr'><strong>ad</strong></span> <span class='ocrx_word' id='word_1_719' title='bbox 3463 4414 3772 4471; x_wconf 89' lang='lat' dir='ltr'><strong>immolan-</strong></span> 
     </span>
    </p>
   </div>
   <div class='ocr_carea' id='block_1_96' title="bbox 2105 4503 3769 4576">
    <p class='ocr_par' dir='ltr' id='par_1_96' title="bbox 2105 4503 3769 4576">
     <span class='ocr_line' id='line_1_96' title="bbox 2105 4503 3769 4576; baseline 0.001 -17"><span class='ocrx_word' id='word_1_720' title='bbox 2105 4505 2244 4560; x_wconf 91' lang='lat' dir='ltr'><strong>dum</strong></span> <span class='ocrx_word' id='word_1_721' title='bbox 2267 4506 2441 4561; x_wconf 89' lang='lat' dir='ltr'><strong>ducta</strong></span> <span class='ocrx_word' id='word_1_722' title='bbox 2458 4508 2571 4574; x_wconf 92' lang='lat' dir='ltr'><strong>est,</strong></span> <span class='ocrx_word' id='word_1_723' title='bbox 2600 4508 2656 4561; x_wconf 91' lang='lat' dir='ltr'><strong>et</strong></span> <span class='ocrx_word' id='word_1_724' title='bbox 2672 4504 2783 4560; x_wconf 79' lang='lat' dir='ltr'><strong>ille</strong></span> <span class='ocrx_word' id='word_1_725' title='bbox 2818 4526 2841 4552; x_wconf 78' lang='grc' dir='ltr'>α</span> <span class='ocrx_word' id='word_1_726' title='bbox 2872 4505 3085 4576; x_wconf 84' lang='lat' dir='ltr'><strong>Agnus</strong></span> <span class='ocrx_word' id='word_1_727' title='bbox 3118 4519 3316 4559; x_wconf 90' lang='lat' dir='ltr'><strong>coram</strong></span> <span class='ocrx_word' id='word_1_728' title='bbox 3338 4503 3616 4559; x_wconf 89' lang='lat' dir='ltr'><strong>tondente</strong></span> <span class='ocrx_word' id='word_1_729' title='bbox 3637 4504 3769 4561; x_wconf 88' lang='lat' dir='ltr'><strong>sine</strong></span> 
     </span>
    </p>
   </div>
   <div class='ocr_carea' id='block_1_97' title="bbox 2103 4592 3767 4668">
    <p class='ocr_par' dir='ltr' id='par_1_97' title="bbox 2103 4592 3767 4668">
     <span class='ocr_line' id='line_1_97' title="bbox 2103 4592 3767 4668; baseline -0.002 -20"><span class='ocrx_word' id='word_1_730' title='bbox 2103 4611 2271 4666; x_wconf 90' lang='lat' dir='ltr'><strong>voce,</strong></span> <span class='ocrx_word' id='word_1_731' title='bbox 2313 4596 2415 4668; x_wconf 91' lang='lat' dir='ltr'><strong>qui</strong></span> <span class='ocrx_word' id='word_1_732' title='bbox 2453 4611 2573 4650; x_wconf 91' lang='lat' dir='ltr'><strong>non</strong></span> <span class='ocrx_word' id='word_1_733' title='bbox 2628 4593 2855 4665; x_wconf 89' lang='lat' dir='ltr'><strong>aperuit</strong></span> <span class='ocrx_word' id='word_1_734' title='bbox 2910 4609 2979 4648; x_wconf 92' lang='lat' dir='ltr'><strong>os</strong></span> <span class='ocrx_word' id='word_1_735' title='bbox 3019 4608 3196 4648; x_wconf 89' lang='lat' dir='ltr'><strong>suum</strong></span> <span class='ocrx_word' id='word_1_736' title='bbox 3253 4592 3395 4662; x_wconf 85' lang='lat' dir='ltr'><strong>(Isa.</strong></span> <span class='ocrx_word' id='word_1_737' title='bbox 3437 4609 3557 4663; x_wconf 81' lang='lat' dir='ltr'><strong>Lm,</strong></span> <span class='ocrx_word' id='word_1_738' title='bbox 3599 4593 3697 4665; x_wconf 79' lang='lat'><strong>&#39;7);</strong></span> <span class='ocrx_word' id='word_1_739' title='bbox 3743 4614 3767 4645; x_wconf 75' lang='grc' dir='ltr'><strong>ι</strong></span> 
     </span>
    </p>
   </div>
   <div class='ocr_carea' id='block_1_98' title="bbox 2105 4680 3768 4758">
    <p class='ocr_par' dir='ltr' id='par_1_98' title="bbox 2105 4680 3768 4758">
     <span class='ocr_line' id='line_1_98' title="bbox 2105 4680 3768 4758; baseline -0.001 -17"><span class='ocrx_word' id='word_1_740' title='bbox 2105 4685 2282 4758; x_wconf 88' lang='lat' dir='ltr'><strong>cujus</strong></span> <span class='ocrx_word' id='word_1_741' title='bbox 2300 4687 2363 4740; x_wconf 91' lang='lat' dir='ltr'><strong>in</strong></span> <span class='ocrx_word' id='word_1_742' title='bbox 2381 4684 2763 4757; x_wconf 87' lang='lat' dir='ltr'><strong>humilitatem</strong></span> <span class='ocrx_word' id='word_1_743' title='bbox 2789 4680 3083 4753; x_wconf 84' lang='lat' dir='ltr'><strong>judicium</strong></span> <span class='ocrx_word' id='word_1_744' title='bbox 3112 4680 3431 4736; x_wconf 86' lang='lat' dir='ltr'><strong>exaltatum</strong></span> <span class='ocrx_word' id='word_1_745' title='bbox 3458 4684 3571 4738; x_wconf 90' lang='lat' dir='ltr'><strong>est.</strong></span> <span class='ocrx_word' id='word_1_746' title='bbox 3607 4683 3768 4740; x_wconf 91' lang='lat' dir='ltr'><strong>Bene</strong></span> 
     </span>
    </p>
   </div>
   <div class='ocr_carea' id='block_1_99' title="bbox 315 4739 3771 4844">
    <p class='ocr_par' dir='ltr' id='par_1_99' title="bbox 315 4739 3771 4844">
     <span class='ocr_line' id='line_1_99' title="bbox 315 4739 3771 4844; baseline 0 -35"><span class='ocrx_word' id='word_1_747' title='bbox 315 4756 661 4825; x_wconf 89' lang='lat' dir='ltr'><strong>piditatibus</strong></span> <span class='ocrx_word' id='word_1_748' title='bbox 720 4757 915 4844; x_wconf 88' lang='lat' dir='ltr'><strong>autem</strong></span> <span class='ocrx_word' id='word_1_749' title='bbox 972 4754 1165 4809; x_wconf 91' lang='lat' dir='ltr'><strong>omnis</strong></span> <span class='ocrx_word' id='word_1_750' title='bbox 1224 4753 1562 4807; x_wconf 90' lang='lat' dir='ltr'><strong>divitiarum</strong></span> <span class='ocrx_word' id='word_1_751' title='bbox 1607 4754 1986 4844; x_wconf 0' lang='lat' dir='ltr'><strong>(abundantia</strong></span> <span class='ocrx_word' id='word_1_752' title='bbox 2016 4739 2071 4801; x_wconf 85' lang='lat' dir='ltr'><strong>D</strong></span> <span class='ocrx_word' id='word_1_753' title='bbox 2103 4739 2465 4830; x_wconf 18' lang='grc' dir='ltr'><strong>έίίῖξσωοειῇ</strong></span> <span class='ocrx_word' id='word_1_754' title='bbox 2507 4739 2813 4839; x_wconf 42' lang='lat' dir='ltr'><strong>tondente:</strong></span> <span class='ocrx_word' id='word_1_755' title='bbox 2840 4770 2976 4843; x_wconf 72' lang='lat' dir='ltr'><strong>quia</strong></span> <span class='ocrx_word' id='word_1_756' title='bbox 3018 4769 3339 4841; x_wconf 61' lang='lat' dir='ltr'><strong>superﬂua,</strong></span> <span class='ocrx_word' id='word_1_757' title='bbox 3370 4786 3489 4826; x_wconf 73' lang='lat' dir='ltr'><strong>non</strong></span> <span class='ocrx_word' id='word_1_758' title='bbox 3531 4773 3771 4844; x_wconf 63' lang='lat' dir='ltr'><strong>propria</strong></span> 
     </span>
    </p>
   </div>
   <div class='ocr_carea' id='block_1_100' title="bbox 316 4842 1983 4915">
    <p class='ocr_par' dir='ltr' id='par_1_100' title="bbox 316 4842 1983 4915">
     <span class='ocr_line' id='line_1_100' title="bbox 316 4842 1983 4915; baseline 0 -16"><span class='ocrx_word' id='word_1_759' title='bbox 316 4845 514 4915; x_wconf 90' lang='lat' dir='ltr'><strong>inopia</strong></span> <span class='ocrx_word' id='word_1_760' title='bbox 544 4845 656 4899; x_wconf 88' lang='lat' dir='ltr'><strong>est.</strong></span> <span class='ocrx_word' id='word_1_761' title='bbox 692 4843 960 4914; x_wconf 90' lang='lat' dir='ltr'><strong>Denique</strong></span> <span class='ocrx_word' id='word_1_762' title='bbox 991 4858 1162 4896; x_wconf 91' lang='lat' dir='ltr'><strong>nemo</strong></span> <span class='ocrx_word' id='word_1_763' title='bbox 1194 4858 1422 4913; x_wconf 90' lang='lat' dir='ltr'><strong>pauper</strong></span> <span class='ocrx_word' id='word_1_764' title='bbox 1453 4842 1740 4913; x_wconf 87' lang='lat' dir='ltr'><strong>nascitur,</strong></span> <span class='ocrx_word' id='word_1_765' title='bbox 1772 4845 1877 4898; x_wconf 89' lang='lat' dir='ltr'><strong>sed</strong></span> <span class='ocrx_word' id='word_1_766' title='bbox 1902 4842 1983 4900; x_wconf 80' lang='lat' dir='ltr'><strong>ﬁt.</strong></span> 
     </span>
    </p>
   </div>
   <div class='ocr_carea' id='block_1_101' title="bbox 317 4932 1986 5007">
    <p class='ocr_par' dir='ltr' id='par_1_101' title="bbox 317 4932 1986 5007">
     <span class='ocr_line' id='line_1_101' title="bbox 317 4932 1986 5007; baseline -0.001 -18"><span class='ocrx_word' id='word_1_767' title='bbox 317 4934 451 4989; x_wconf 92' lang='lat' dir='ltr'><strong>Non</strong></span> <span class='ocrx_word' id='word_1_768' title='bbox 490 4949 636 5007; x_wconf 87' lang='lat' dir='ltr'><strong>ergo</strong></span> <span class='ocrx_word' id='word_1_769' title='bbox 676 4935 903 4987; x_wconf 64' lang='lat' dir='ltr'><strong>naturae</strong></span> <span class='ocrx_word' id='word_1_770' title='bbox 955 4936 1298 5004; x_wconf 86' lang='lat' dir='ltr'><strong>paupertas,</strong></span> <span class='ocrx_word' id='word_1_771' title='bbox 1354 4932 1463 4986; x_wconf 86' lang='lat' dir='ltr'><strong>sed</strong></span> <span class='ocrx_word' id='word_1_772' title='bbox 1520 4932 1814 5003; x_wconf 90' lang='lat' dir='ltr'><strong>opinionis</strong></span> <span class='ocrx_word' id='word_1_773' title='bbox 1852 4935 1986 5003; x_wconf 84' lang='lat' dir='ltr'><strong>est;</strong></span> 
     </span>
    </p>
   </div>
   <div class='ocr_carea' id='block_1_102' title="bbox 315 5020 1989 5093">
    <p class='ocr_par' dir='ltr' id='par_1_102' title="bbox 315 5020 1989 5093">
     <span class='ocr_line' id='line_1_102' title="bbox 315 5020 1989 5093; baseline -0.001 -16"><span class='ocrx_word' id='word_1_774' title='bbox 315 5023 567 5093; x_wconf 90' lang='lat' dir='ltr'><strong>ideoque</strong></span> <span class='ocrx_word' id='word_1_775' title='bbox 601 5022 713 5076; x_wconf 91' lang='lat' dir='ltr'><strong>cito</strong></span> <span class='ocrx_word' id='word_1_776' title='bbox 744 5022 1044 5076; x_wconf 86' lang='lat' dir='ltr'><strong>invenitur</strong></span> <span class='ocrx_word' id='word_1_777' title='bbox 1076 5022 1245 5076; x_wconf 84' lang='lat' dir='ltr'><strong>dives</strong></span> <span class='ocrx_word' id='word_1_778' title='bbox 1275 5024 1521 5090; x_wconf 84' lang='lat' dir='ltr'><strong>naturae,</strong></span> <span class='ocrx_word' id='word_1_779' title='bbox 1559 5020 1801 5076; x_wconf 85' lang='lat' dir='ltr'><strong>difﬁcile</strong></span> <span class='ocrx_word' id='word_1_780' title='bbox 1826 5023 1989 5093; x_wconf 91' lang='lat' dir='ltr'><strong>cupi-</strong></span> 
     </span>
    </p>
   </div>
   <div class='ocr_carea' id='block_1_103' title="bbox 318 5110 1986 5182">
    <p class='ocr_par' dir='ltr' id='par_1_103' title="bbox 318 5110 1986 5182">
     <span class='ocr_line' id='line_1_103' title="bbox 318 5110 1986 5182; baseline -0.001 -16"><span class='ocrx_word' id='word_1_781' title='bbox 318 5112 502 5167; x_wconf 85' lang='lat' dir='ltr'><strong>ditati.</strong></span> <span class='ocrx_word' id='word_1_782' title='bbox 545 5111 773 5166; x_wconf 85' lang='lat' dir='ltr'><strong>Etenim</strong></span> <span class='ocrx_word' id='word_1_783' title='bbox 822 5126 938 5182; x_wconf 91' lang='lat' dir='ltr'><strong>quo</strong></span> <span class='ocrx_word' id='word_1_784' title='bbox 968 5111 1105 5181; x_wconf 90' lang='lat' dir='ltr'><strong>plus</strong></span> <span class='ocrx_word' id='word_1_785' title='bbox 1154 5111 1570 5182; x_wconf 89' lang='lat' dir='ltr'><strong>unusquisque</strong></span> <span class='ocrx_word' id='word_1_786' title='bbox 1619 5110 1986 5182; x_wconf 87' lang='lat' dir='ltr'><strong>acquisierit,</strong></span> 
     </span>
    </p>
   </div>
   <div class='ocr_carea' id='block_1_104' title="bbox 391 5271 1990 5343">
    <p class='ocr_par' dir='ltr' id='par_1_104' title="bbox 391 5271 1990 5343">
     <span class='ocr_line' id='line_1_104' title="bbox 391 5271 1990 5343; baseline 0.001 -18"><span class='ocrx_word' id='word_1_787' title='bbox 391 5271 503 5341; x_wconf 80' lang='lat'><strong>(14)</strong></span> <span class='ocrx_word' id='word_1_788' title='bbox 550 5271 701 5325; x_wconf 89' lang='lat' dir='ltr'><strong>Edit.</strong></span> <span class='ocrx_word' id='word_1_789' title='bbox 754 5272 992 5326; x_wconf 89' lang='lat' dir='ltr'><strong>Amerb.</strong></span> <span class='ocrx_word' id='word_1_790' title='bbox 1046 5275 1219 5343; x_wconf 87' lang='lat' dir='ltr'><strong>atque</strong></span> <span class='ocrx_word' id='word_1_791' title='bbox 1269 5271 1502 5341; x_wconf 85' lang='lat' dir='ltr'><strong>Erasm,</strong></span> <span class='ocrx_word' id='word_1_792' title='bbox 1557 5294 1579 5319; x_wconf 73' lang='grc' dir='ltr'><strong>ιι</strong></span> <span class='ocrx_word' id='word_1_793' title='bbox 1624 5275 1680 5326; x_wconf 90' lang='lat' dir='ltr'><strong>et</strong></span> <span class='ocrx_word' id='word_1_794' title='bbox 1711 5271 1990 5328; x_wconf 88' lang='lat' dir='ltr'><strong>Christus</strong></span> 
     </span>
    </p>
   </div>
   <div class='ocr_carea' id='block_1_105' title="bbox 312 5344 1992 5413">
    <p class='ocr_par' dir='ltr' id='par_1_105' title="bbox 312 5344 1992 5413">
     <span class='ocr_line' id='line_1_105' title="bbox 312 5344 1992 5413; baseline 0.001 -17"><span class='ocrx_word' id='word_1_795' title='bbox 312 5359 542 5413; x_wconf 90' lang='lat' dir='ltr'><strong>pauper</strong></span> <span class='ocrx_word' id='word_1_796' title='bbox 574 5344 766 5397; x_wconf 88' lang='lat' dir='ltr'><strong>factus</strong></span> <span class='ocrx_word' id='word_1_797' title='bbox 798 5346 908 5412; x_wconf 89' lang='lat' dir='ltr'><strong>est,</strong></span> <span class='ocrx_word' id='word_1_798' title='bbox 944 5346 1007 5397; x_wconf 89' lang='lat' dir='ltr'><strong>ut</strong></span> <span class='ocrx_word' id='word_1_799' title='bbox 1039 5347 1092 5396; x_wconf 89' lang='lat' dir='ltr'><strong>te</strong></span> <span class='ocrx_word' id='word_1_800' title='bbox 1145 5344 1359 5412; x_wconf 82' lang='lat' dir='ltr'><strong>inopia,</strong></span> <span class='ocrx_word' id='word_1_801' title='bbox 1416 5366 1436 5391; x_wconf 70' lang='grc' dir='ltr'><strong><em>ν</em></strong></span> <span class='ocrx_word' id='word_1_802' title='bbox 1475 5348 1585 5398; x_wconf 88' lang='lat' dir='ltr'><strong>etc.</strong></span> <span class='ocrx_word' id='word_1_803' title='bbox 1640 5345 1834 5410; x_wconf 69' lang='lat' dir='ltr'><strong>Ilom.,</strong></span> <span class='ocrx_word' id='word_1_804' title='bbox 1875 5367 1897 5391; x_wconf 85' lang='lat'><strong>«</strong></span> <span class='ocrx_word' id='word_1_805' title='bbox 1936 5348 1992 5398; x_wconf 89' lang='lat' dir='ltr'><strong>et</strong></span> 
     </span>
    </p>
   </div>
   <div class='ocr_carea' id='block_1_106' title="bbox 313 5414 1993 5484">
    <p class='ocr_par' dir='ltr' id='par_1_106' title="bbox 313 5414 1993 5484">
     <span class='ocr_line' id='line_1_106' title="bbox 313 5414 1993 5484; baseline 0.001 -16"><span class='ocrx_word' id='word_1_806' title='bbox 313 5414 593 5468; x_wconf 86' lang='lat' dir='ltr'><strong>Christus</strong></span> <span class='ocrx_word' id='word_1_807' title='bbox 627 5418 870 5484; x_wconf 85' lang='lat' dir='ltr'><strong>propter</strong></span> <span class='ocrx_word' id='word_1_808' title='bbox 900 5419 954 5468; x_wconf 86' lang='lat' dir='ltr'><strong>te</strong></span> <span class='ocrx_word' id='word_1_809' title='bbox 986 5431 1213 5484; x_wconf 84' lang='lat' dir='ltr'><strong>pauper</strong></span> <span class='ocrx_word' id='word_1_810' title='bbox 1255 5415 1451 5469; x_wconf 76' lang='lat' dir='ltr'><strong>factus</strong></span> <span class='ocrx_word' id='word_1_811' title='bbox 1482 5419 1611 5483; x_wconf 84' lang='lat' dir='ltr'><strong>est;</strong></span> <span class='ocrx_word' id='word_1_812' title='bbox 1663 5431 1796 5468; x_wconf 84' lang='lat' dir='ltr'><strong>cum</strong></span> <span class='ocrx_word' id='word_1_813' title='bbox 1827 5418 1993 5470; x_wconf 89' lang='lat' dir='ltr'><strong>esset</strong></span> 
     </span>
    </p>
   </div>
   <div class='ocr_carea' id='block_1_107' title="bbox 319 5486 1993 5558">
    <p class='ocr_par' dir='ltr' id='par_1_107' title="bbox 319 5486 1993 5558">
     <span class='ocr_line' id='line_1_107' title="bbox 319 5486 1993 5558; baseline 0.001 -18"><span class='ocrx_word' id='word_1_814' title='bbox 319 5486 528 5540; x_wconf 88' lang='lat' dir='ltr'><strong>dives:</strong></span> <span class='ocrx_word' id='word_1_815' title='bbox 563 5489 626 5539; x_wconf 90' lang='lat' dir='ltr'><strong>ut</strong></span> <span class='ocrx_word' id='word_1_816' title='bbox 657 5491 709 5540; x_wconf 88' lang='lat' dir='ltr'><strong>te</strong></span> <span class='ocrx_word' id='word_1_817' title='bbox 745 5486 957 5556; x_wconf 87' lang='lat' dir='ltr'><strong>inopia,</strong></span> <span class='ocrx_word' id='word_1_818' title='bbox 1001 5506 1022 5535; x_wconf 72' lang='grc' dir='ltr'><strong>ι</strong></span> <span class='ocrx_word' id='word_1_819' title='bbox 1058 5489 1189 5558; x_wconf 45' lang='lat' dir='ltr'><strong>etc,</strong></span> <span class='ocrx_word' id='word_1_820' title='bbox 1217 5486 1349 5539; x_wconf 86' lang='lat' dir='ltr'><strong>Gill.</strong></span> <span class='ocrx_word' id='word_1_821' title='bbox 1386 5490 1579 5540; x_wconf 90' lang='lat' dir='ltr'><strong>autem</strong></span> <span class='ocrx_word' id='word_1_822' title='bbox 1613 5490 1670 5543; x_wconf 91' lang='lat' dir='ltr'><strong>et</strong></span> <span class='ocrx_word' id='word_1_823' title='bbox 1700 5503 1849 5541; x_wconf 90' lang='lat' dir='ltr'><strong>mss.</strong></span> <span class='ocrx_word' id='word_1_824' title='bbox 1884 5504 1993 5558; x_wconf 83' lang='lat' dir='ltr'><strong>op-</strong></span> 
     </span>
    </p>
   </div>
   <div class='ocr_carea' id='block_1_108' title="bbox 320 5556 1538 5627">
    <p class='ocr_par' dir='ltr' id='par_1_108' title="bbox 320 5556 1538 5627">
     <span class='ocr_line' id='line_1_108' title="bbox 320 5556 1538 5627; baseline 0.002 -18"><span class='ocrx_word' id='word_1_825' title='bbox 320 5557 458 5611; x_wconf 88' lang='lat' dir='ltr'><strong>time</strong></span> <span class='ocrx_word' id='word_1_826' title='bbox 487 5558 681 5611; x_wconf 89' lang='lat' dir='ltr'><strong>locum</strong></span> <span class='ocrx_word' id='word_1_827' title='bbox 716 5560 1051 5624; x_wconf 83' lang='lat' dir='ltr'><strong>restituunt,</strong></span> <span class='ocrx_word' id='word_1_828' title='bbox 1088 5559 1150 5610; x_wconf 89' lang='lat' dir='ltr'><strong>ut</strong></span> <span class='ocrx_word' id='word_1_829' title='bbox 1177 5556 1235 5608; x_wconf 90' lang='lat' dir='ltr'><strong>in</strong></span> <span class='ocrx_word' id='word_1_830' title='bbox 1268 5573 1538 5627; x_wconf 89' lang='lat' dir='ltr'><strong>corpore.</strong></span> 
     </span>
    </p>
   </div>
   <div class='ocr_carea' id='block_1_109' title="bbox 386 5629 1994 5699">
    <p class='ocr_par' dir='ltr' id='par_1_109' title="bbox 386 5629 1994 5699">
     <span class='ocr_line' id='line_1_109' title="bbox 386 5629 1994 5699; baseline 0.002 -18"><span class='ocrx_word' id='word_1_831' title='bbox 386 5630 499 5697; x_wconf 79' lang='grc'><strong>(15)</strong></span> <span class='ocrx_word' id='word_1_832' title='bbox 540 5629 638 5683; x_wconf 82' lang='lat' dir='ltr'><strong>Sic</strong></span> <span class='ocrx_word' id='word_1_833' title='bbox 683 5645 832 5684; x_wconf 90' lang='lat' dir='ltr'><strong>mss.</strong></span> <span class='ocrx_word' id='word_1_834' title='bbox 876 5645 1091 5699; x_wconf 84' lang='lat' dir='ltr'><strong>magno</strong></span> <span class='ocrx_word' id='word_1_835' title='bbox 1133 5644 1416 5684; x_wconf 86' lang='lat' dir='ltr'><strong>numero:</strong></span> <span class='ocrx_word' id='word_1_836' title='bbox 1461 5629 1598 5683; x_wconf 88' lang='lat' dir='ltr'><strong>edit.</strong></span> <span class='ocrx_word' id='word_1_837' title='bbox 1635 5632 1829 5683; x_wconf 87' lang='lat' dir='ltr'><strong>autem</strong></span> <span class='ocrx_word' id='word_1_838' title='bbox 1859 5630 1994 5684; x_wconf 91' lang='lat' dir='ltr'><strong>Gill.</strong></span> 
     </span>
    </p>
   </div>
   <div class='ocr_carea' id='block_1_110' title="bbox 322 5699 2003 5771">
    <p class='ocr_par' dir='ltr' id='par_1_110' title="bbox 322 5699 2003 5771">
     <span class='ocr_line' id='line_1_110' title="bbox 322 5699 2003 5771; baseline 0.001 -19"><span class='ocrx_word' id='word_1_839' title='bbox 322 5714 388 5753; x_wconf 86' lang='lat' dir='ltr'><strong>ac</strong></span> <span class='ocrx_word' id='word_1_840' title='bbox 425 5700 593 5755; x_wconf 78' lang='lat' dir='ltr'><strong>Rom.</strong></span> <span class='ocrx_word' id='word_1_841' title='bbox 634 5722 656 5747; x_wconf 85' lang='lat'><strong>«</strong></span> <span class='ocrx_word' id='word_1_842' title='bbox 692 5715 809 5755; x_wconf 89' lang='lat' dir='ltr'><strong>non</strong></span> <span class='ocrx_word' id='word_1_843' title='bbox 839 5700 1049 5755; x_wconf 89' lang='lat' dir='ltr'><strong>habeo.</strong></span> <span class='ocrx_word' id='word_1_844' title='bbox 1084 5699 1313 5753; x_wconf 90' lang='lat' dir='ltr'><strong>Aurum</strong></span> <span class='ocrx_word' id='word_1_845' title='bbox 1344 5702 1400 5754; x_wconf 94' lang='lat' dir='ltr'><strong>et</strong></span> <span class='ocrx_word' id='word_1_846' title='bbox 1440 5703 1754 5771; x_wconf 86' lang='lat' dir='ltr'><strong>argentum</strong></span> <span class='ocrx_word' id='word_1_847' title='bbox 1808 5701 2003 5756; x_wconf 91' lang='lat' dir='ltr'><strong>nescit</strong></span> 
     </span>
    </p>
   </div>
   <div class='ocr_carea' id='block_1_111' title="bbox 2104 4850 3773 4932">
    <p class='ocr_par' dir='ltr' id='par_1_111' title="bbox 2104 4850 3773 4932">
     <span class='ocr_line' id='line_1_111' title="bbox 2104 4850 3773 4932; baseline -0.001 -14"><span class='ocrx_word' id='word_1_848' title='bbox 2104 4865 2165 4918; x_wconf 93' lang='lat' dir='ltr'><strong>in</strong></span> <span class='ocrx_word' id='word_1_849' title='bbox 2191 4863 2291 4917; x_wconf 88' lang='lat' dir='ltr'><strong>illa</strong></span> <span class='ocrx_word' id='word_1_850' title='bbox 2321 4861 2595 4932; x_wconf 90' lang='lat' dir='ltr'><strong>deposuit</strong></span> <span class='ocrx_word' id='word_1_851' title='bbox 2625 4850 2800 4915; x_wconf 83' lang='lat' dir='ltr'><strong>cruce</strong></span> <span class='ocrx_word' id='word_1_852' title='bbox 2826 4876 2839 4914; x_wconf 92' lang='lat'><strong>:</strong></span> <span class='ocrx_word' id='word_1_853' title='bbox 2873 4859 2972 4931; x_wconf 89' lang='lat' dir='ltr'><strong>qui</strong></span> <span class='ocrx_word' id='word_1_854' title='bbox 3003 4875 3222 4930; x_wconf 90' lang='lat' dir='ltr'><strong>corpus</strong></span> <span class='ocrx_word' id='word_1_855' title='bbox 3256 4859 3437 4932; x_wconf 74' lang='lat' dir='ltr'><strong>eXuit,</strong></span> <span class='ocrx_word' id='word_1_856' title='bbox 3471 4877 3592 4917; x_wconf 91' lang='lat' dir='ltr'><strong>non</strong></span> <span class='ocrx_word' id='word_1_857' title='bbox 3622 4862 3773 4917; x_wconf 86' lang='lat' dir='ltr'><strong>divi-</strong></span> 
     </span>
    </p>
   </div>
   <div class='ocr_carea' id='block_1_112' title="bbox 2105 4949 2729 5024">
    <p class='ocr_par' dir='ltr' id='par_1_112' title="bbox 2105 4949 2729 5024">
     <span class='ocr_line' id='line_1_112' title="bbox 2105 4949 2729 5024; baseline -0.003 -18"><span class='ocrx_word' id='word_1_858' title='bbox 2105 4953 2345 5007; x_wconf 89' lang='lat' dir='ltr'><strong>nitatem</strong></span> <span class='ocrx_word' id='word_1_859' title='bbox 2377 4949 2595 5005; x_wconf 90' lang='lat' dir='ltr'><strong>amisit.</strong></span> <span class='ocrx_word' id='word_1_860' title='bbox 2725 5019 2729 5024; x_wconf 28' lang='lat'><strong><em>.</em></strong></span> 
     </span>
    </p>
   </div>
   <div class='ocr_carea' id='block_1_113' title="bbox 2175 5037 3774 5111">
    <p class='ocr_par' dir='ltr' id='par_1_113' title="bbox 2175 5037 3774 5111">
     <span class='ocr_line' id='line_1_113' title="bbox 2175 5037 3774 5111; baseline 0.001 -16"><span class='ocrx_word' id='word_1_861' title='bbox 2175 5040 2264 5095; x_wconf 79' lang='lat'><strong>94.</strong></span> <span class='ocrx_word' id='word_1_862' title='bbox 2290 5040 2422 5095; x_wconf 91' lang='lat' dir='ltr'><strong>Non</strong></span> <span class='ocrx_word' id='word_1_863' title='bbox 2444 5039 2780 5110; x_wconf 90' lang='lat' dir='ltr'><strong>quicunque</strong></span> <span class='ocrx_word' id='word_1_864' title='bbox 2817 5053 2962 5111; x_wconf 89' lang='lat' dir='ltr'><strong>ergo</strong></span> <span class='ocrx_word' id='word_1_865' title='bbox 2995 5037 3136 5093; x_wconf 90' lang='lat' dir='ltr'><strong>dicit</strong></span> <span class='ocrx_word' id='word_1_866' title='bbox 3164 5039 3315 5110; x_wconf 90' lang='lat'><strong>(16):</strong></span> <span class='ocrx_word' id='word_1_867' title='bbox 3356 5062 3378 5088; x_wconf 78' lang='grc' dir='ltr'>α</span> <span class='ocrx_word' id='word_1_868' title='bbox 3412 5040 3613 5097; x_wconf 86' lang='lat' dir='ltr'><strong>Portio</strong></span> <span class='ocrx_word' id='word_1_869' title='bbox 3642 5058 3774 5099; x_wconf 87' lang='lat' dir='ltr'><strong>mea</strong></span> 
     </span>
    </p>
   </div>
   <div class='ocr_carea' id='block_1_114' title="bbox 2109 5127 3770 5201">
    <p class='ocr_par' dir='ltr' id='par_1_114' title="bbox 2109 5127 3770 5201">
     <span class='ocr_line' id='line_1_114' title="bbox 2109 5127 3770 5201; baseline 0.001 -17"><span class='ocrx_word' id='word_1_870' title='bbox 2109 5129 2415 5184; x_wconf 89' lang='lat' dir='ltr'><strong>Dominus.</strong></span> <span class='ocrx_word' id='word_1_871' title='bbox 2454 5150 2475 5177; x_wconf 68' lang='grc' dir='ltr'>ιο</span> <span class='ocrx_word' id='word_1_872' title='bbox 2514 5128 2644 5183; x_wconf 88' lang='grc' dir='ltr'>Νοιι</span> <span class='ocrx_word' id='word_1_873' title='bbox 2676 5143 2892 5184; x_wconf 88' lang='lat' dir='ltr'><strong>avarus</strong></span> <span class='ocrx_word' id='word_1_874' title='bbox 2936 5127 3112 5184; x_wconf 89' lang='lat' dir='ltr'><strong>dicit:</strong></span> <span class='ocrx_word' id='word_1_875' title='bbox 3146 5130 3283 5201; x_wconf 87' lang='lat' dir='ltr'><strong>quia</strong></span> <span class='ocrx_word' id='word_1_876' title='bbox 3313 5131 3475 5185; x_wconf 92' lang='lat' dir='ltr'><strong>venit</strong></span> <span class='ocrx_word' id='word_1_877' title='bbox 3503 5131 3770 5198; x_wconf 89' lang='lat' dir='ltr'><strong>avaritia,</strong></span> 
     </span>
    </p>
   </div>
   <div class='ocr_carea' id='block_1_115' title="bbox 2109 5272 3769 5355">
    <p class='ocr_par' dir='ltr' id='par_1_115' title="bbox 2109 5272 3769 5355">
     <span class='ocr_line' id='line_1_115' title="bbox 2109 5272 3769 5355; baseline -0.001 -28"><span class='ocrx_word' id='word_1_878' title='bbox 2109 5272 2333 5341; x_wconf 90' lang='lat' dir='ltr'><strong>ordine,</strong></span> <span class='ocrx_word' id='word_1_879' title='bbox 2382 5272 2482 5355; x_wconf 88' lang='lat' dir='ltr'><strong>qui</strong></span> <span class='ocrx_word' id='word_1_880' title='bbox 2532 5272 2722 5346; x_wconf 73' lang='lat' dir='ltr'><strong>nescit</strong></span> <span class='ocrx_word' id='word_1_881' title='bbox 2757 5287 2926 5355; x_wconf 41' lang='lat' dir='ltr'><strong>.usui</strong></span> <span class='ocrx_word' id='word_1_882' title='bbox 2966 5296 2986 5320; x_wconf 74' lang='grc' dir='ltr'>η</span> <span class='ocrx_word' id='word_1_883' title='bbox 3021 5275 3078 5355; x_wconf 78' lang='lat' dir='ltr'><strong>at</strong></span> <span class='ocrx_word' id='word_1_884' title='bbox 3116 5272 3176 5327; x_wconf 91' lang='lat' dir='ltr'><strong>in</strong></span> <span class='ocrx_word' id='word_1_885' title='bbox 3224 5272 3464 5355; x_wconf 78' lang='lat' dir='ltr'><strong>Amerb.</strong></span> <span class='ocrx_word' id='word_1_886' title='bbox 3499 5288 3567 5327; x_wconf 90' lang='lat' dir='ltr'><strong>ac</strong></span> <span class='ocrx_word' id='word_1_887' title='bbox 3598 5272 3769 5327; x_wconf 89' lang='lat' dir='ltr'><strong>Eras.</strong></span> 
     </span>
    </p>
   </div>
   <div class='ocr_carea' id='block_1_116' title="bbox 2108 5345 3411 5415">
    <p class='ocr_par' dir='ltr' id='par_1_116' title="bbox 2108 5345 3411 5415">
     <span class='ocr_line' id='line_1_116' title="bbox 2108 5345 3411 5415; baseline -0.002 -16"><span class='ocrx_word' id='word_1_888' title='bbox 2108 5361 2219 5400; x_wconf 90' lang='lat' dir='ltr'><strong>nec</strong></span> <span class='ocrx_word' id='word_1_889' title='bbox 2252 5360 2371 5415; x_wconf 88' lang='lat' dir='ltr'><strong>non</strong></span> <span class='ocrx_word' id='word_1_890' title='bbox 2400 5345 2461 5398; x_wconf 88' lang='lat' dir='ltr'><strong>in</strong></span> <span class='ocrx_word' id='word_1_891' title='bbox 2491 5360 2638 5415; x_wconf 87' lang='lat' dir='ltr'><strong>mss.</strong></span> <span class='ocrx_word' id='word_1_892' title='bbox 2671 5345 3027 5415; x_wconf 89' lang='lat' dir='ltr'><strong>quibusdam</strong></span> <span class='ocrx_word' id='word_1_893' title='bbox 3060 5345 3267 5399; x_wconf 87' lang='lat' dir='ltr'><strong>lacuna</strong></span> <span class='ocrx_word' id='word_1_894' title='bbox 3299 5348 3411 5399; x_wconf 90' lang='lat' dir='ltr'><strong>est.</strong></span> 
     </span>
    </p>
   </div>
   <div class='ocr_carea' id='block_1_117' title="bbox 2208 5414 3772 5485">
    <p class='ocr_par' dir='ltr' id='par_1_117' title="bbox 2208 5414 3772 5485">
     <span class='ocr_line' id='line_1_117' title="bbox 2208 5414 3772 5485; baseline -0.001 -17"><span class='ocrx_word' id='word_1_895' title='bbox 2208 5414 2294 5484; x_wconf 83' lang='grc'><strong>16)</strong></span> <span class='ocrx_word' id='word_1_896' title='bbox 2328 5415 2527 5470; x_wconf 86' lang='lat' dir='ltr'><strong>Codex</strong></span> <span class='ocrx_word' id='word_1_897' title='bbox 2566 5414 2731 5469; x_wconf 88' lang='lat' dir='ltr'><strong>Colb.</strong></span> <span class='ocrx_word' id='word_1_898' title='bbox 2784 5433 2959 5485; x_wconf 89' lang='lat' dir='ltr'><strong>unus,</strong></span> <span class='ocrx_word' id='word_1_899' title='bbox 3010 5437 3031 5465; x_wconf 75' lang='grc' dir='ltr'><strong><em>α</em></strong></span> <span class='ocrx_word' id='word_1_900' title='bbox 3081 5416 3214 5470; x_wconf 87' lang='grc' dir='ltr'>Νοιι</span> <span class='ocrx_word' id='word_1_901' title='bbox 3248 5415 3516 5485; x_wconf 88' lang='lat' dir='ltr'><strong>corporis</strong></span> <span class='ocrx_word' id='word_1_902' title='bbox 3548 5429 3709 5469; x_wconf 89' lang='lat' dir='ltr'><strong>cura.</strong></span> <span class='ocrx_word' id='word_1_903' title='bbox 3748 5434 3772 5466; x_wconf 74' lang='grc' dir='ltr'><strong>ι</strong></span> 
     </span>
    </p>
   </div>
   <div class='ocr_carea' id='block_1_118' title="bbox 2210 5486 3778 5558">
    <p class='ocr_par' dir='ltr' id='par_1_118' title="bbox 2210 5486 3778 5558">
     <span class='ocr_line' id='line_1_118' title="bbox 2210 5486 3778 5558; baseline -0.001 -17"><span class='ocrx_word' id='word_1_904' title='bbox 2210 5487 2294 5556; x_wconf 88' lang='lat'><strong>19)</strong></span> <span class='ocrx_word' id='word_1_905' title='bbox 2333 5486 2627 5558; x_wconf 90' lang='lat' dir='ltr'><strong>Quidquid</strong></span> <span class='ocrx_word' id='word_1_906' title='bbox 2668 5487 2781 5542; x_wconf 87' lang='lat' dir='ltr'><strong>hoc</strong></span> <span class='ocrx_word' id='word_1_907' title='bbox 2830 5490 2886 5542; x_wconf 89' lang='lat' dir='ltr'><strong>et</strong></span> <span class='ocrx_word' id='word_1_908' title='bbox 2925 5503 3053 5558; x_wconf 90' lang='lat' dir='ltr'><strong>seq.</strong></span> <span class='ocrx_word' id='word_1_909' title='bbox 3087 5502 3246 5541; x_wconf 89' lang='lat' dir='ltr'><strong>num.</strong></span> <span class='ocrx_word' id='word_1_910' title='bbox 3281 5486 3513 5558; x_wconf 82' lang='lat' dir='ltr'><strong>dicitur,</strong></span> <span class='ocrx_word' id='word_1_911' title='bbox 3560 5488 3778 5558; x_wconf 87' lang='lat' dir='ltr'><strong>tantam</strong></span> 
     </span>
    </p>
   </div>
   <div class='ocr_carea' id='block_1_119' title="bbox 2113 5555 3779 5628">
    <p class='ocr_par' dir='ltr' id='par_1_119' title="bbox 2113 5555 3779 5628">
     <span class='ocr_line' id='line_1_119' title="bbox 2113 5555 3779 5628; baseline -0.001 -14"><span class='ocrx_word' id='word_1_912' title='bbox 2113 5555 2454 5614; x_wconf 77' lang='lat' dir='ltr'><strong>affinitatem</strong></span> <span class='ocrx_word' id='word_1_913' title='bbox 2507 5555 2683 5612; x_wconf 88' lang='lat' dir='ltr'><strong>habet</strong></span> <span class='ocrx_word' id='word_1_914' title='bbox 2732 5574 2864 5613; x_wconf 91' lang='lat' dir='ltr'><strong>cum</strong></span> <span class='ocrx_word' id='word_1_915' title='bbox 2924 5555 3291 5628; x_wconf 80' lang='lat' dir='ltr'><strong>expositione</strong></span> <span class='ocrx_word' id='word_1_916' title='bbox 3347 5555 3532 5627; x_wconf 84' lang='lat' dir='ltr'><strong>hujus</strong></span> <span class='ocrx_word' id='word_1_917' title='bbox 3584 5557 3779 5628; x_wconf 79' lang='lat' dir='ltr'><strong>ipsius</strong></span> 
     </span>
    </p>
   </div>
   <div class='ocr_carea' id='block_1_120' title="bbox 2116 5628 3776 5699">
    <p class='ocr_par' dir='ltr' id='par_1_120' title="bbox 2116 5628 3776 5699">
     <span class='ocr_line' id='line_1_120' title="bbox 2116 5628 3776 5699; baseline -0.001 -15"><span class='ocrx_word' id='word_1_918' title='bbox 2116 5630 2397 5685; x_wconf 87' lang='lat' dir='ltr'><strong>versiculi</strong></span> <span class='ocrx_word' id='word_1_919' title='bbox 2448 5645 2627 5684; x_wconf 86' lang='lat' dir='ltr'><strong>serm.</strong></span> <span class='ocrx_word' id='word_1_920' title='bbox 2662 5628 2730 5683; x_wconf 81' lang='lat'><strong>1‘2</strong></span> <span class='ocrx_word' id='word_1_921' title='bbox 2775 5630 2833 5684; x_wconf 92' lang='lat' dir='ltr'><strong>in</strong></span> <span class='ocrx_word' id='word_1_922' title='bbox 2880 5628 3037 5683; x_wconf 88' lang='lat' dir='ltr'><strong>Psal.</strong></span> <span class='ocrx_word' id='word_1_923' title='bbox 3073 5644 3271 5699; x_wconf 77' lang='lat' dir='ltr'><strong>exvm,</strong></span> <span class='ocrx_word' id='word_1_924' title='bbox 3310 5642 3470 5699; x_wconf 81' lang='lat' dir='ltr'><strong>num.</strong></span> <span class='ocrx_word' id='word_1_925' title='bbox 3500 5628 3574 5682; x_wconf 84' lang='lat'><strong>38</strong></span> <span class='ocrx_word' id='word_1_926' title='bbox 3600 5631 3658 5683; x_wconf 89' lang='lat' dir='ltr'><strong>et</strong></span> <span class='ocrx_word' id='word_1_927' title='bbox 3685 5628 3776 5699; x_wconf 88' lang='grc'><strong>39,</strong></span> 
     </span>
    </p>
   </div>
   <div class='ocr_carea' id='block_1_121' title="bbox 2118 5697 3777 5773">
    <p class='ocr_par' dir='ltr' id='par_1_121' title="bbox 2118 5697 3777 5773">
     <span class='ocr_line' id='line_1_121' title="bbox 2118 5697 3777 5773; baseline -0.001 -16"><span class='ocrx_word' id='word_1_928' title='bbox 2118 5705 2181 5757; x_wconf 92' lang='lat' dir='ltr'><strong>ut</strong></span> <span class='ocrx_word' id='word_1_929' title='bbox 2210 5716 2430 5773; x_wconf 85' lang='lat' dir='ltr'><strong>negare</strong></span> <span class='ocrx_word' id='word_1_930' title='bbox 2462 5703 2722 5773; x_wconf 80' lang='lat' dir='ltr'><strong>nequeat</strong></span> <span class='ocrx_word' id='word_1_931' title='bbox 2745 5701 2901 5756; x_wconf 90' lang='lat' dir='ltr'><strong>idem</strong></span> <span class='ocrx_word' id='word_1_932' title='bbox 2928 5700 3024 5755; x_wconf 90' lang='lat' dir='ltr'><strong>hic</strong></span> <span class='ocrx_word' id='word_1_933' title='bbox 3073 5697 3290 5753; x_wconf 87' lang='lat' dir='ltr'><strong>factum</strong></span> <span class='ocrx_word' id='word_1_934' title='bbox 3321 5697 3395 5753; x_wconf 87' lang='lat' dir='ltr'><strong>ab</strong></span> <span class='ocrx_word' id='word_1_935' title='bbox 3439 5697 3777 5771; x_wconf 80' lang='lat' dir='ltr'><strong>Ambrosio,</strong></span> 
     </span>
    </p>
   </div>
  </div>
