4098 6178
376 267 533 340 1267
1211 308 1219 315 -
1797 269 1862 333 S.
1909 269 2399 335 AMBROSSII.
3641 273 3779 340 1268

374 474 435 529 et
460 471 638 528 dicit:
690 471 819 527 Mea
866 471 1061 543 portio
1108 486 1198 541 es,
1251 487 1364 546 ego
1397 474 1453 528 te
1500 472 1804 528 subditum
1832 472 2033 543 habui,
2076 460 2465 528 Aducabant.
2501 471 2740 529 Festina
2788 475 2882 529 est
2911 473 3081 544 fides,
3133 474 3350 535 alacris
3382 474 3628 544 devotio,
3656 492 3783 548 spes

373 562 518 617 mihi
550 562 811 631 servisti,
846 561 988 616 mihi
1016 564 1075 617 te
1120 563 1180 618 in
1220 562 1318 617 illo
1348 578 1492 618 auro
1522 561 1859 630 vendidisti,
1895 561 2039 616 mihi
2154 563 2404 635 impigre
2432 579 2443 617 :
2479 563 2975 618 contradictiones
3006 563 3184 619 animi
3223 579 3344 620 non
3367 568 3535 631 amat,
3561 566 3664 619 sed
3686 570 3789 620 tra-

372 657 429 707 te
459 652 519 706 in
551 652 648 706 illa
679 651 1071 723 possessione
1104 652 1481 723 adjudicasti.
1536 653 1668 707 Non
1700 652 1840 706 dicit
1868 653 2037 706 luxu-
2152 652 2490 708 ductionem
2511 651 2584 707 ab
2605 651 2976 708 infructuose
3000 655 3116 709 otio
3137 654 3211 708 ad
3234 653 3493 709 fructum
3522 654 3787 712 laborum.

371 744 611 798 riosus:
645 741 843 797 Portio
866 756 995 796 mea
1026 741 1323 811 Christus,
1366 742 1466 813 qui
1506 741 1665 796 venit
1694 739 1947 809 luxuria,
1981 743 2039 795 et
2151 740 2301 806 Quid
2344 742 2670 796 crastinum
2709 740 2954 797 differs?
2991 744 3170 798 Potes
3187 747 3245 798 et
3276 743 3627 799 hodiernum
3655 744 3793 799 diem

372 832 549 887 dicit:
584 831 714 886 Mea
734 831 926 901 portio
950 846 1037 901 es,
1063 847 1176 904 ego
1216 835 1272 885 te
1308 831 1368 885 in
1406 831 1507 885 illo
1529 831 1673 884 mihi
1705 828 2038 900 mancipavi
2152 830 2370 884 lucrari
2396 832 2766 900 ,cavendum
2790 833 2882 886 est
2903 832 3056 887 enim
3082 849 3155 888 ne
3180 838 3236 887 et
3258 833 3428 888 illum
3449 847 3566 887 non
3578 836 3793 905 teneas,

372 921 667 991 convivio,
691 920 810 975 illis
841 924 898 975 te
930 921 1059 991 cepi
1107 920 1412 991 epularum
1441 920 1689 987 retibus,
1732 933 1845 990 ego
1876 921 1932 973 te
1963 918 2038 973 ad
2154 922 2211 975 et
2241 920 2397 974 hunc
2444 922 2697 975 amittas.
2750 921 2885 977 Non
2933 924 3215 994 exiguum
3262 923 3676 978 detrimentum
3716 927 3797 978 est

372 1011 593 1066 dictum
622 1014 793 1066 teneo
827 1009 982 1081 gula)
1012 1013 1128 1065 tua)
1176 1010 1598 1081 chirographo.
1652 1008 1745 1063 An
1792 1008 2038 1079 ignoras
2152 1009 2249 1063 vel
2271 1009 2434 1064 horae
2454 1010 2631 1064 unius
2657 1026 2670 1066 :
2704 1013 2761 1065 et
2787 1026 2903 1065 una
2933 1010 3077 1066 hora
3109 1011 3289 1067 totius
3323 1012 3466 1066 vitae
3488 1012 3674 1083 portio
3696 1014 3793 1068 est.

371 1100 509 1172 quia
548 1098 790 1154 charius
829 1098 938 1153 fuit
967 1115 1192 1154 mensae
1221 1102 1337 1154 tuae
1370 1114 1544 1170 quam
1573 1098 1709 1152 vitm
1740 1097 1991 1168 pretium
2011 1098 2040 1151 ?
2224 1097 2313 1153 98.
2339 1098 2487 1177 sunt
2522 1097 2800 1170 juvenes,
2838 1090 2939 1171 qui
2968 1101 3083 1155 cito
3114 1100 3320 1156 volunt
3350 1100 3429 1155 ad
3457 1103 3802 1156 senectutem

372 1189 497 1244 Tuo
519 1188 819 1261 tejudicio
845 1188 1122 1244 revinco:
1158 1204 1332 1261 nega,
1368 1188 1423 1242 si
1449 1190 1641 1258 potes,
1676 1186 1785 1241 sed
1815 1201 2038 1259 negare
2152 1189 2494 1258 pervenire:
2518 1203 2591 1243 ne
2612 1188 3195 1261 subjaceantdiutius
3213 1191 3528 1245 seniorum
3547 1189 3800 1261 arbitrio;

371 1294 489 1335 non
509 1281 701 1350 potes.
734 1277 998 1348 Denique
1043 1277 1188 1331 nihil
1229 1278 1303 1332 ad
1350 1278 1530 1331 vitam
1558 1276 1906 1346 reservasti,
1939 1278 2033 1329 to-
2156 1279 2294 1331 sunt
2322 1278 2494 1332 etiam
2524 1292 2723 1347 senes,
2759 1278 2860 1350 qui
2890 1278 3091 1346 velint,
3124 1278 3179 1334 si
3207 1279 3471 1350 possint,
3514 1279 3588 1334 ad
3613 1278 3804 1351 juven-

371 1373 495 1424 tum
515 1368 867 1423 admensam
889 1368 1243 1438 expendisti.
1270 1367 1403 1423 Non
1432 1368 1629 1437 potest
1661 1365 1858 1420 dicere
1881 1364 2039 1419 adul-
2154 1368 2336 1420 tutem
2384 1367 2598 1422 redire.
2650 1366 2911 1432 Quorum
2960 1368 3219 1422 studium
3266 1371 3550 1423 neutrum
3598 1369 3804 1438 probo;

370 1461 497 1513 ter:
536 1477 559 1509 ι
587 1457 784 1512 Portio
815 1471 945 1511 mea
976 1456 1296 1524 Dominus;
1334 1476 1357 1507 »
1378 1456 1516 1528 quia
1546 1455 1707 1510 venit
1751 1454 1955 1524 libido,
1981 1456 2040 1509 et
2155 1455 2292 1526 quia
2318 1454 2576 1525 juvenes
2607 1454 2901 1512 fastidiosi
2943 1458 3350 1527 praesentium,
3402 1457 3580 1529 quasi
3610 1458 3808 1530 ingrati

370 1547 550 1602 dicit:
604 1545 732 1619 Ego
763 1562 897 1602 sum
926 1545 1033 1600 tibi
1077 1545 1287 1615 portio,
1338 1545 1484 1600 mihi
1529 1549 1585 1600 te
1616 1545 1677 1599 in
1706 1544 1868 1599 illius
1899 1544 2038 1598 ado-
2156 1544 2537 1598 mutationem
2566 1544 2806 1603 vivendi
2845 1546 3174 1618 requirunt,
3226 1561 3413 1602 senes
3446 1545 3807 1616 dilationem;

371 1636 717 1692 lescentulae
739 1634 1017 1690 addixisti
1040 1649 1262 1702 amore,
1287 1634 1345 1689 id
1376 1635 1537 1690 illius
1576 1637 1748 1689 nocte
1770 1633 2039 1688 meretri-

372 1726 462 1781 cis
492 1726 552 1780 in
579 1742 744 1780 meas
774 1724 965 1797 leges,
998 1724 1056 1778 in
1084 1739 1215 1779 mea
1241 1724 1378 1796 jura
1406 1723 1703 1795 migrasti.
1732 1722 1864 1777 Non
1899 1722 2042 1777 dicit

371 1814 668 1887 proditor:
720 1814 921 1869 Portio
955 1829 1085 1868 mea
1116 1813 1394 1869 Christus
1421 1827 1436 1881 ;
1478 1812 1615 1882 quia
1642 1811 1841 1866 statim
1870 1810 2043 1866 irruit

372 1905 433 1960 in
465 1920 601 1959 eum
630 1903 892 1976 nequitia
937 1902 1074 1958 mali
1122 1902 1257 1973 (18),
1290 1904 1347 1957 et
1375 1902 1553 1957 dicit:
1602 1900 1774 1956 Fallit
1806 1904 1884 1969 te,
1919 1900 2039 1955 Do-

373 1994 530 2049 mine
561 1994 729 2063 Jesu,
762 2008 932 2048 meus
962 1995 1056 2047 est
1083 1991 1218 2047 iste.

442 2082 534 2139 95.
585 2081 893 2137 Habemus
925 2081 1281 2152 exemplum,
1322 2080 1459 2151 quia
1503 2080 1638 2159 cum
1668 2079 1854 2134 Judas
1892 2094 2043 2149 pane

374 2172 661 2227 aChristo
680 2171 1034 2241 accepisset,
1065 2169 1310 2224 immisit
1338 2184 1406 2224 se
1437 2168 1496 2223 in
1530 2183 1634 2223 cor
1662 2166 1799 2239 ejus
1831 2167 2040 2223 diabo-

372 2262 470 2318 lus
500 2261 690 2332 (Joan.
724 2276 851 2330 xm,
883 2259 959 2330 2),
993 2259 1165 2331 quasi
1210 2257 1666 2330 possessionem
1709 2272 1880 2311 suam
1911 2258 2047 2312 vin-

374 2351 604 2421 dicans,
645 2350 818 2422 quasi
873 2347 1162 2420 portionis
1221 2363 1348 2403 sum
1382 2345 1487 2419 jus
1538 2346 1826 2414 retinens,
1871 2346 2048 2417 quasi

374 2440 618 2496 dicens:
652 2439 786 2494 Non
814 2442 906 2494 est
950 2439 1088 2493 tu'us
1126 2437 1260 2508 iste,
1294 2436 1403 2492 sed
1432 2450 1641 2491 meus:
1675 2450 1845 2490 meus
1878 2438 2036 2490 certe

376 2529 665 2599 minister,
680 2530 818 2585 tuus
830 2528 1122 2598 proditor:
1147 2542 1318 2583 meus
1330 2525 1500 2597 plane
1515 2526 1628 2581 iste
1643 2527 1753 2580 est.
1778 2524 2046 2596 Denique

376 2623 573 2676 tecum
618 2618 928 2688 recumbit,
979 2620 1036 2673 et
1065 2616 1209 2671 mihi
1258 2616 1478 2671 servit:
1529 2616 1725 2670 tecum
1757 2613 2048 2685 epulatur,

378 2713 437 2765 et
464 2724 695 2765 mecum
723 2708 1026 2779 pascitur:
1081 2721 1115 2761 a
1141 2709 1198 2761 te
1231 2720 1443 2776 panem
1473 2704 1721 2774 accepit,
1752 2719 1785 2757 a
1817 2719 1909 2758 me
1942 2717 2049 2773 pe-

379 2799 651 2855 cuniam:
697 2799 895 2852 tecum
949 2795 1117 2863 bibit,
1179 2799 1238 2850 et
1286 2793 1430 2849 mihi
1478 2797 1643 2848 tuum
1690 2793 2047 2865 sanguinem

378 2887 662 2944 vendidit.
701 2884 889 2951 Quam
926 2899 1067 2939 vera
1122 2884 1364 2955 diceret,
1423 2882 1716 2954 probavit.
1781 2882 2051 2952 Denique

380 2976 661 3033 Christus
689 2975 947 3031 recessit
967 2974 1040 3030 ab
1070 2990 1158 3045 eo,
1198 2975 1329 3046 ipse
1346 2988 1582 3046 quoque
1604 2972 1792 3029 Judas
1813 2970 2053 3043 reliquit
2171 2992 2194 3023 α
2230 2972 2373 3029 Date
2405 2973 2600 3028 locum
2629 2974 2734 3030 irae
2767 2975 2956 3046 (Rom.
2998 2993 3098 3046 xxi,
3130 2973 3219 3047 19)
3245 2993 3260 3047 ;
3297 3000 3320 3024 ι»
3360 2993 3439 3033 ne
3472 2977 3714 3034 alterius
3739 2975 3818 3029 in-

382 3067 611 3133 Jesum,
647 3069 893 3122 secutus
924 3064 1243 3120 diabolum.
2167 3061 2427 3135 dignatio
2450 3067 2505 3118 te
2527 3079 2761 3135 quoque
2784 3065 2844 3119 in
2868 3069 3174 3136 peccatum
3196 3066 3411 3137 trahat,
3448 3066 3589 3122 dum
3619 3065 3707 3120 vis
3735 3079 3818 3120 re-

452 3156 543 3212 96.
574 3155 761 3223 Quam
789 3155 1005 3210 multos
1036 3152 1310 3209 dominos
1358 3152 1555 3223 habet,
1590 3152 1697 3224 qui
1741 3166 1926 3207 unum
1955 3166 2055 3206 re-
2098 3196 2148 3224 η
2169 3150 2404 3222 sistere,
2440 3151 2580 3207 dum
2608 3154 2705 3208 vis
2737 3154 3048 3210 vindicari.
3082 3157 3259 3211 Potes
3309 3161 3369 3212 et
3399 3157 3475 3211 ab
3507 3155 3607 3211 illo
3637 3158 3692 3211 et
3717 3157 3818 3208 ate

455 3196 543 3212 νυ.
577 3196 761 3223 κω...
791 3196 1005 3210 ...υηνυ
1038 3196 1310 3209 ..............
1359 3196 1555 3223 ..κν-,η
1591 3196 1697 3224 η..-
1745 3196 1926 3207 ........-
1958 3196 2019 3206 ,ν
2169 3196 2404 3222 νην-ν,
2622 3196 2705 3208 ..υ
2749 3196 3048 3210 ...ηυνυηη
3087 3196 3104 3210 .
3130 3196 3259 3211 υνυς,
3310 3196 3369 3212 ν.
3399 3196 3474 3211 ..υ
3507 3196 3606 3211 ,μυ
3638 3196 3692 3211 ν.
3717 3196 3747 3208 ..
3774 3196 3818 3208 ,ν

384 3244 638 3319 fugerit!
688 3244 807 3301 Sed
855 3258 966 3299 nos
1010 3258 1130 3299 non
1182 3242 1573 3315 refugiamus.
1615 3240 1761 3306 Quis
1800 3240 2060 3312 refugiat
2097 3196 2475 3297 cremovere
2499 3243 2749 3314 culpam,
2795 3245 2848 3299 si
2870 3244 3199 3300 cedendum
3233 3246 3347 3316 (20)
3379 3247 3579 3317 putes.
3613 3244 3819 3299 Imitare

386 3353 520 3392 eum
538 3351 715 3409 quem
736 3336 1068 3406 sequuntur
1097 3332 1320 3405 alligati
1353 3330 1628 3400 vinculis,
1653 3329 1763 3385 sed
1794 3328 2056 3384 vinculis
2167 3330 2602 3404 patriarcham,
2665 3334 2764 3406 qui
2822 3333 2894 3389 de
2962 3334 3213 3389 consilio
3282 3334 3495 3390 matris
3561 3334 3820 3407 loginqua

385 3425 760 3495 voluntariis,
781 3440 915 3496 quae
932 3422 1193 3491 solvunt,
1224 3436 1344 3475 non
1372 3419 1637 3492 alligant,
1672 3418 1892 3490 quibus
1922 3419 2057 3472 vin-
2167 3420 2351 3491 petiit,
2387 3421 2559 3491 (Gen.
2594 3439 2780 3493 xxvii,
2806 3423 2915 3493 43).
2950 3423 3021 3478 Et
3050 3422 3229 3495 cujus
3258 3424 3473 3480 matris
3493 3425 3524 3480 ?
3556 3423 3820 3480 Rebecca:

388 3516 468 3572 cti
495 3514 752 3570 vinculis
784 3512 1113 3587 gloriantur
1141 3510 1446 3566 dicentes:
1486 3530 1508 3560 ι
1562 3507 1784 3563 Paulus
1819 3507 2059 3562 vinctus
2170 3511 2392 3582 utique,
2418 3511 2529 3566 hoc
2570 3515 2681 3582 est,
2706 3511 3022 3583 patientiae.
3046 3511 3236 3585 Cujus
3270 3514 3432 3568 enim
3465 3514 3585 3570 nisi
3612 3512 3817 3584 patien-

2158 1648 2293 1688 cum
2322 1633 2516 1704 possit
2545 1636 2603 1689 et
2624 1633 2910 1707 juventus
2935 1651 3255 1692 senescere
3271 1634 3570 1705 moribus,
3596 1638 3651 1691 et
3666 1651 3811 1690 sene-

2159 1726 2291 1777 ctus
2320 1723 2523 1778 vivere
2572 1724 2878 1794 cperibus.
2929 1725 3138 1798 Neque
3167 1726 3325 1781 enim
3358 1724 3810 1780 emendationem

2086 1837 2139 1900 B
2158 1827 2387 1867 morum
2418 1812 2611 1885 magis
2642 1816 2789 1870 mtas
2818 1812 3007 1885 atl'ert,
3032 1830 3209 1885 quam
3241 1813 3584 1884 disciplina.
3609 1810 3810 1879 Quanto

2159 1916 2304 1973 ergo
2344 1902 2536 1974 magis
2568 1918 2680 1958 nos
2703 1906 2932 1973 oportet
2976 1918 3145 1974 spem
3174 1903 3447 1958 attollere
3480 1902 3557 1957 ad
3584 1917 3812 1975 regnum

2159 1990 2287 2061 Dei,
2321 1990 2424 2047 ubi
2449 1991 2587 2047 vitae
2627 1992 2881 2060 novitas,
2917 1992 3021 2048 ubi
3061 1992 3270 2065 gratia:
3302 1992 3441 2063 erit,
3490 2007 3611 2049 non
3644 1992 3810 2048 mtatis

2162 2080 2538 2136 commutatio
2558 2082 2587 2136 ?

2229 2167 2319 2224 99.
2343 2169 2475 2224 Non
2498 2169 2635 2241 otio,
2662 2185 2781 2226 non
2804 2186 3015 2226 somno
3056 2187 3290 2227 merces
3312 2176 3581 2244 paratur.
3597 2173 3813 2231 Nullum

2162 2272 2313 2329 Opus
2346 2258 2695 2314 dormientis
2739 2262 2851 2330 est,
2886 2260 3088 2317 nullus
3119 2259 3355 2317 fructus
3388 2262 3534 2319 otii:
3570 2264 3684 2319 imo
3714 2279 3815 2318 ma-

2161 2346 2257 2418 gis
2289 2346 2691 2419 dispendium.
2724 2348 2965 2405 Otiosus
2993 2349 3155 2405 Esau
3184 2352 3388 2407 amisit
3415 2353 3703 2424 primatus
3723 2352 3813 2408 be-

2162 2435 2516 2491 nedictionis
2548 2436 2659 2507 (19)
2692 2436 3066 2509 (Gen.xxvn,
3086 2438 3208 2511 35);
3233 2442 3375 2512 quia
3404 2442 3613 2497 maluit
3642 2443 3816 2498 cibum

2162 2525 2680 2598 accipereﬂquam
2730 2543 3021 2599 quarere.
3056 2528 3430 2587 Laboriosus
3468 2530 3655 2588 Jacob
3682 2529 3816 2602 apud

2166 2617 2482 2687 utrumque
2510 2620 2813 2686 parentem
2844 2617 3068 2673 invenit
3096 2619 3369 2691 gratiam.

2239 2703 2361 2759 100.
2387 2704 2457 2758 Et
2485 2708 2679 2762 tamen
2710 2722 2843 2761 cum
2883 2707 3159 2778 superior
3187 2712 3355 2764 esset
3405 2708 3595 2765 Jacob
3627 2709 3815 2764 virtute

2166 2795 2223 2849 et
2262 2794 2474 2866 gratia,
2515 2795 2701 2851 cessit
2731 2794 2932 2851 fratris
2961 2797 3372 2870 indignationi.
3409 2798 3513 2870 qui
3542 2798 3659 2854 sibi
3686 2813 3818 2869 prai-

2165 2880 2921 2955 latumfratremjuniorem
2942 2885 3195 2941 dolebat.
3220 2886 3360 2943 Ideo
3383 2887 3673 2959 scriptum
3692 2890 3777 2942 est
3800 2901 3813 2940 :

389 3604 538 3662 Jesu
565 3602 806 3675 Christi,
832 3605 889 3658 et
908 3600 1253 3657 Timotheus
1275 3597 1556 3667 (Philem.
1577 3597 1651 3668 1).
1677 3617 1700 3648 ι
1724 3595 2061 3653 Gloriosius
2168 3600 2266 3655 tim
2299 3600 2409 3655 hoc
2459 3601 2772 3656 consilium
2807 3616 2946 3657 esse
2969 3603 3243 3673 poterat?
3275 3603 3532 3659 Amabat
3561 3605 3738 3658 mater
3766 3599 3824 3654 tl-

390 3694 464 3751 ab
496 3694 610 3749 hoc
638 3692 1008 3765 stringimur,
1042 3705 1219 3764 quam
1261 3688 1394 3743 aliis
1422 3686 1793 3743 absolvimur
1822 3688 1879 3741 et
1908 3684 2060 3740 rela-
2170 3690 2314 3746 lium
2361 3688 2516 3762 (21);
2563 3690 2765 3746 maluit
2815 3690 2971 3746 enim
3023 3692 3141 3746 sibi
3189 3706 3323 3748 eum
3356 3694 3639 3749 exsulare
3669 3704 3821 3764 quam

392 3781 980 3854 xamur.Quisigitur
1006 3779 1195 3852 fugiat
1223 3778 1479 3850 pacem?
1508 3779 1644 3849 quis
1675 3775 1865 3849 fugiat
1897 3773 2064 3829 salu-
2173 3780 2315 3835 Deo.
2369 3779 2440 3835 Et
2488 3780 2619 3835 ideo
2669 3780 3008 3855 quiagbona
3058 3784 3245 3836 mater
3300 3783 3541 3855 utrique
3600 3779 3819 3845 detulit,

390 3874 559 3928 tem?
605 3872 743 3944 quis
785 3853 976 3944 fugiat
1004 3866 1523 3925 misericordiam?
1563 3865 1700 3938 quis
1749 3864 1940 3937 fugiat
1971 3877 2067 3919 re-
2165 3868 2392 3941 juniori
2422 3874 2618 3925 tamen
2666 3853 3325 3941 ﬁlio’benedietionem,
3374 3853 3557 3943 quam
3598 3883 3820 3926 conser-

393 3960 830 4033 demptionem?
2171 3974 2312 4014 vare
2344 3963 2590 4030 poterat,
2622 3958 2812 4014 dedit:
2848 3975 2967 4014 non
2997 3959 3154 4013 enim
3185 3959 3370 4014 filium
3403 3960 3548 4029 filio,
3593 3959 3696 4015 sed
3727 3958 3823 4011 im-

463 4051 555 4107 9‘1.
603 4050 853 4120 Videtis,
906 4047 1030 4119 filii,
1079 4046 1290 4121 quales
1324 4044 1648 4115 evaserint,
1679 4043 1778 4115 qui
1811 4044 1941 4101 haec
1973 4057 2068 4098 se-
2172 4048 2408 4120 pigrum
2439 4048 2631 4104 otioso
2662 4048 2941 4119 praetulit,
2993 4048 3226 4104 fidelem
3275 4048 3481 4105 inﬁdo.
3529 4048 3642 4105 Sed
3670 4047 3821 4103 etiam

396 4141 517 4198 cuti
547 4142 706 4211 sunt,
757 4137 1053 4211 quomodo
1102 4137 1425 4207 operentur
1469 4133 1782 4189 defuncti?
1809 4131 2071 4198 Quarum
2175 4137 2294 4192 lilio
2343 4137 2459 4209 ipsi
2512 4137 2736 4193 seniori
2785 4153 2904 4192 non
2951 4153 3156 4207 parum
3191 4139 3441 4194 contulit
3484 4134 3819 4194 emandando

393 4232 678 4286 virtutum
704 4227 941 4283 laudem
968 4226 1269 4297 miramur,
1321 4240 1524 4280 earum
1574 4222 1920 4277 studeamus
1951 4220 2073 4275 adi-
2174 4228 2463 4283 minorem
2493 4226 2697 4297 tilium,
2734 4243 2806 4282 ne
2839 4226 3218 4298 parricidium
3247 4227 3497 4285 faceret.

394 4321 553 4394 pisci
600 4318 985 4375 industriam:
1040 4318 1098 4371 et
1154 4330 1304 4387 quas
1355 4314 1754 4385 prmdicamus
1791 4301 1982 4365 1046
2011 4309 2071 4363 in
2246 4315 2368 4373 101,
2420 4318 2621 4388 Itaque
2671 4317 2947 4389 quoniam
2998 4317 3072 4371 ob
3118 4317 3395 4388 pietatem
3446 4332 3565 4373 non
3609 4314 3820 4386 propter

393 4411 550 4481 aliis,
574 4424 678 4465 eas
700 4408 761 4464 in
781 4408 957 4463 nobis
977 4405 1136 4461 taciti
1167 4417 1695 4477 recognoscamns.
1733 4398 1895 4454 Nihil
1925 4397 2073 4453 mol-
2175 4406 2607 4477 improbitatem
2636 4406 2949 4461 exsu1abat
3000 4421 3033 4459 ει
3079 4406 3451 4477 parentibus,
3493 4404 3820 4478 loquebatur

391 4500 656 4570 liculum,
681 4498 827 4553 nihil
858 4495 1171 4552 infractum
1187 4494 1260 4548 ad
1282 4492 1515 4548 laudem
1550 4489 1852 4562 pervenit:
1892 4507 1914 4539 κ
1953 4488 2067 4542 Re-
2102 4557 2151 4570 __
2177 4511 2310 4550 cum
2341 4496 2483 4566 Deo,
2517 4495 2846 4566 augebatur
2875 4510 3081 4563 censu,
3116 4493 3346 4563 liberis,
3393 4495 3603 4567 gratia.
3636 4492 3816 4560 Neque

396 4606 582 4664 gnum
612 4557 898 4644 caelorum
928 4585 1180 4658 cogitur,
1215 4587 1271 4637 et
1297 4557 1581 4654 cogentes
1613 4578 1896 4650 diripiunt
1926 4574 2073 4631 illud
2102 4557 2310 4639 Distis
2342 4557 2531 4639 elatus
2562 4557 2674 4654 est,
2725 4599 2859 4638 cum
2890 4557 3078 4637 fratri,
3107 4557 3484 4640 occurreret:
3520 4581 3623 4638 sed
3653 4557 3815 4635 humi-

398 4679 612 4751 (Math.
653 4696 734 4749 xi,
770 4676 879 4749 12).
919 4696 941 4727 ι
985 4674 1359 4731 Festinantes
1390 4673 1588 4742 patres
1637 4682 1857 4742 agnum
1907 4680 2073 4721 πηδη-
2176 4674 2352 4729 liatus
2401 4672 2685 4744 adoravit,
2732 4688 2849 4728 non
2897 4672 3097 4745 utique
3130 4671 3296 4727 illum
3343 4673 3640 4735 immitem,
3672 4667 3813 4722 illum

403 4823 639 4896 quodgei
661 4821 912 4876 subinde
935 4834 1049 4896 usu
1071 4817 1277 4896 venire
1300 4812 1879 4896 saepe_advei'timus;
1899 4808 2045 4896 nimi

2178 4823 2312 4896 etc,
2345 4835 2472 4888 cap.
2503 4817 2559 4888 4,
2593 4834 2752 4873 num.
2788 4818 2874 4888 14,
2909 4821 2965 4873 et
2995 4816 3096 4872 lib.
3128 4834 3145 4871 ι
3181 4816 3362 4873 Offic.
3398 4834 3527 4888 cap.
3551 4814 3636 4884 21,
3671 4823 3807 4866 num.

405 4885 537 4950 rum
558 4894 754 4965 ipsum
794 4908 927 4965 qua:
960 4888 1176 4965 alicubi
1208 4887 1519 4965 commode
1545 4901 1577 4939 a
1611 4900 1677 4965 se
1710 4885 1953 4937 tractata
1983 4896 2074 4965 a‘r-
2176 4885 2308 4965 91."
2416 4885 2435 4888 “
2547 4885 2554 4888 '
2861 4885 2868 4888 -
3470 4885 3488 4888 _
3734 4950 3768 4965 ν

404 4951 747 5034 bitraretur,
800 4951 912 5017 alio
965 4962 1139 5034 etiam
1186 4974 1293 5030 pro
1325 4974 1389 5013 re
1430 4962 1566 5012 nata
1615 4961 1673 5010 et
1722 4956 2045 5027 argumenti

2250 4961 2362 5033 (21)
2380 4963 2462 5017 Ita
2484 4977 2633 5017 mss.
2658 4974 2844 5033 prepe
2864 4960 2934 5013 ad
2977 4976 3191 5034 unum;
3226 4974 3448 5034 omnes,
3466 4960 3668 5034 contra
3688 4951 3804 5034 edit.

406 5021 745 5112 ῐωξιβτθςτεδί
764 5021 1233 5112 θοηεμονίεῑδθοῖ,
1276 5100 1286 5111 .
1621 5099 1635 5112 .

2184 5056 2207 5087 ε
2245 5021 2514 5112 _‘A_mabat
2558 5021 3002 5112 materfcontra
3046 5021 3320 5112 atl‘ectum
3371 5032 3452 5101 pii
3500 5021 3806 5112 amorisldi:

476 5108 594 5179 (18)
622 5107 788 5163 Colb.
822 5105 977 5179 θοᾶς,
1017 5124 1038 5153 «
1073 5101 1245 5179 irruit
1272 5100 1332 5155 in
1354 5099 1717 5179 _eum_malus
1749 5096 1943 5179 dolus.
1974 5114 1996 5144 ι

2179 5107 2326 5161 mitti
2370 5106 2574 5160 illium.
2631 5127 2653 5153 η
2708 5102 2777 5157 Et
2821 5103 3192 5179 rursusnubi
3230 5118 3341 5156 nos
3372 5094 3524 5179 cum
3562 5094 3803 5179 omnibuf

478 5162 592 5252 (19)
622 5179 841 5233 Omnes
883 5162 1044 5252 edit.,
1084 5196 1122 5252 ιιΔ
1158 5172 1445 5252 primatus
1493 5169 2005 5252 benedictionem;

2180 5179 2314 5252 edit,
2343 5194 2409 5232 ac
2440 5193 2589 5252 mss.
2623 5175 2944 5252 nonnullis,
2983 5196 3005 5220 ιι
3043 5173 3111 5227 Et
3142 5174 3271 5227 ideo
3323 5175 3479 5252 quia,
3508 5193 3528 5221 ι
3554 5176 3690 5252 etc;
3721 5162 3801 5216 alii

408 5240 618 5309 omnes
649 5265 821 5317 mss.,
857 5269 879 5298 ε
916 5240 1204 5318 primatus
1236 5242 1688 5309 benedictionis.
1720 5263 1747 5318 ξ
2179 5249 2361 5304 multo
2419 5249 2621 5318 plures
2669 5247 2799 5301 cod,
2853 5240 3197 5318 expungunt
3256 5240 3500 5318 voeulas
3554 5240 3692 5295 ideo.
3716 5276 3727 5288 ο
3751 5271 3799 5318 ξς

480 5303 773 5395 (ἑῶνΜεε.
808 5303 942 5395 ἰιοῇ
975 5316 1167 5395 pauci,
1226 5337 1247 5361 «
1284 5306 1593 5395 removere
1629 5312 1875 5395 culpam
1906 5324 2045 5395 seco

2184 5303 2488 5395 tamen,.et
2537 5318 2785 5395 verbum
2834 5303 3207 5395 dedigmon
3240 5315 3400 5395 male
3433 5303 3799 5395 sensullmodf‘?

409 5380 622 5452 dendo.
679 5395 851 5448 Potes
912 5380 1163 5455 iuiituri,
1200 5408 1225 5460 ξ)
1285 5389 1396 5460 etc.
1451 5380 1825 5440 Moncbim'us
1877 5386 2073 5460 autem
2180 5380 2499 5447 veﬂmfum
2548 5388 2956 5460 trajectu)an
3004 5388 3082 5441 ita
3132 5388 3412 5460 restituas
3446 5403 3457 5441 ε
3497 5380 3653 5460 LE,
3688 5380 3801 5460 qui?

409 5444 939 5523 BLRBE'AinBIstio
962 5444 1168 5515 nostro
1200 5458 1501 5531 insolitum
1525 5473 1641 5531 non
1673 5470 1829 5516 esse,
1857 5457 1919 5531 ut
1941 5469 2074 5531 cum
2177 5444 2972 5531 1,5;1'5'Ihmﬁsgpplendum
3020 5460 3172 5531 erat)
3221 5459 3456 5528 umque
3487 5455 3597 5511 ﬁlio
3626 5444 3801 5505 degunt
3894 5508 3901 5513 D

408 5540 605 5608 agitur
652 5538 723 5592 de
774 5534 1036 5608 pacanda
1083 5529 1752 5608 iracundia,“[tollemus
1784 5540 1853 5608 ac
1890 5524 2045 5608 duce]

2178 5524 2672 5602 benedictionem;
2698 5524 2893 5604 quam
2932 5524 3161 5601 juniori
3192 5524 3419 5601 poterat
3452 5533 3746 5583 reservare.
3777 5536 3794 5559 η

409 5594 741 5682 θὲξθιιψὶυιιι
764 5594 823 5663 in
846 5605 1100 5661 medium
1123 5602 1346 5658 afferat.
1382 5594 1528 5654 Vide
1561 5599 1661 5655 lib.
1695 5614 1735 5649 li
1766 5595 1839 5650 dc
1871 5594 2071 5664 Jacob,
