4098 6178
316 207 478 274 1269

1502 210 2114 277 EPISTOLARUM
2158 212 2501 276 CLASSIS
2545 210 2595 277 Ῑ.

3618 202 3777 284 1270

319 408 726 479 furibundum,
778 409 943 480 illum
990 411 1369 483 degenerem,
1426 413 1532 468 sed
1569 428 1704 468 eum
1733 428 1909 484 quem
1942 412 2002 467 in
2024 394 2079 460 Ᾱ
2113 412 2412 469 Abraham
2439 413 2662 470 invenit
2689 416 2960 488 gratiam,
2993 413 3295 471 Christum
3341 414 3597 485 hospitio
3641 429 3777 471 sus-

324 500 507 554 fratre
540 498 975 555 considerabat.
1016 501 1208 565 1047
1259 502 1512 574 Ideoque
1563 503 1829 557 adoravit
1867 518 2001 574 sep-

319 588 460 659 ties,
525 604 770 643 numero
829 589 1058 646 scilicet
1117 590 1491 644 remissionis
1543 589 1655 661 (22)
1701 592 1837 662 quia
1885 607 2002 646 non

319 675 620 733 hominem
648 678 948 749 adorabat,
983 678 1092 733 sed
1123 694 1278 751 eum,
1312 696 1488 750 quem
1519 680 1578 734 in
1609 696 1786 734 carne
1821 680 2002 734 homi-

320 768 415 822 nis
448 783 589 823 esse
621 772 935 823 venturum
966 768 1329 839 prmvidebat
1378 769 1610 839 spiritu,
1658 773 1719 824 ut
1766 770 2000 826 tolleret

318 860 567 928 peccata
611 858 815 912 mundi
863 857 1052 927 (Joan.
1104 876 1143 927 ι,
1196 856 1306 928 29).
1358 856 1524 922 Quod
1568 859 1673 913 tibi
1720 874 1796 913 ex
1839 859 1999 913 Petri

323 946 716 1018 responsione
768 947 1028 1017 aperitur
1056 948 1424 1018 mysterium,
1457 948 1687 1003 dicente
1718 964 1788 1003 eo
1827 965 1838 1003 :
1876 971 1898 995 «
1935 948 1998 1003 Si

318 1037 654 1108 peccaverit
684 1035 742 1090 in
776 1052 867 1091 me
898 1036 1080 1091 frater
1110 1052 1302 1107 meus,
1327 1019 1561 1108 quoties
1580 1038 1876 1092 remittam
1895 1038 1949 1092 ei
1970 1039 1999 1091 ‘?

320 1126 531 1197 Usque
562 1126 787 1196 septies
816 1126 1056 1195 (Matth.
1090 1143 1253 1195 xvm,
1279 1126 1419 1196 21)?
1445 1150 1467 1175 ι»
1505 1126 1686 1181 Vides
1720 1128 1997 1198 quoniam

322 1220 701 1287 peccatorum
733 1215 1032 1285 remissio,
1067 1218 1243 1286 typus
1274 1219 1367 1271 est
1397 1216 1559 1270 illius
1608 1217 1808 1288 magni
1853 1216 1996 1271 sab-

322 1305 465 1373 bati,
500 1304 661 1360 illius
693 1304 909 1377 quietis
938 1309 1238 1375 perpetuae
1270 1305 1520 1378 gratias;
1570 1310 1627 1359 et
1670 1306 1801 1360 ideo
1850 1321 1996 1360 con-

322 1394 697 1465 templatione
729 1395 999 1448 donatur.

394 1482 518 1541 102.
553 1482 669 1537 Sed
701 1484 841 1556 quid
873 1484 989 1540 sibi
1025 1482 1149 1537 vult
1180 1484 1339 1557 quod
1368 1489 1424 1538 et
1456 1500 1698 1555 uxores,
1732 1488 1789 1539 et
1818 1484 1995 1554 ﬁlios,

324 1578 383 1630 et
433 1588 638 1628 omnes
683 1572 977 1642 diaposuit
1026 1588 1193 1642 suos,
1247 1576 1303 1627 et
1350 1573 1632 1643 praecepit
1678 1577 1739 1628 ut
1789 1579 1845 1628 et
1880 1574 1996 1645 ipsi

324 1662 637 1718 adorarent
686 1678 869 1733 super
914 1664 1131 1717 terram
1182 1661 1356 1734 (Gen.
1406 1680 1615 1732 xxxm,
1649 1664 1702 1732 5,
1734 1662 1832 1734 6)?
1862 1664 1994 1718 Non

2114 504 2286 574 cepit,
2320 503 2505 558 ﬁlium
2533 503 2678 559 Sara
2706 506 2919 560 meruit
2946 505 3060 576 (24)
3092 504 3264 561 effeta
3302 503 3426 576 jam
3473 506 3779 560 senectute

2113 591 2285 661 (Gen.
2311 610 2476 663 xvm,
2509 593 2543 648 3
2573 595 2743 666 seq.).
2777 594 2887 649 Lot
2916 610 3151 666 quoque
3181 583 3544 650 Sodomitani
3563 594 3781 649 excidii

2115 682 2305 736 evasit
2332 669 2532 754 ignem
2561 682 2734 753 (Gen.
2760 701 2882 753 χιχ,
2915 685 2949 739 2
2978 685 3148 756 seq.).
3189 683 3260 738 Et
3289 687 3350 738 tu
3378 686 3548 753 potes
3580 683 3780 738 susci-

2113 787 2255 841 pere
2298 771 2577 844 angelos,
2627 773 2682 826 si
2730 773 3181 829 advenientibus
3238 773 3562 844 hospitium
3616 775 3782 828 tuum

2116 859 2353 915 oﬁ‘eras.
2403 860 2555 926 Quid
2603 862 2674 916 de
2723 863 2928 917 Bahab
2979 864 3189 933 dicam,
3226 879 3361 934 quae
3394 862 3506 917 hoc
3535 876 3781 920 munere

2115 949 2336 1004 invenit
2366 951 2615 1006 salutem
2648 951 2867 1022 (Josue,
2909 970 2970 1023 ιι,
3004 950 3031 1006 1
3068 952 3265 1024 seq.)?

2185 1039 2307 1094 106.
2341 1037 2746 1110 Compatimini
2797 1041 2875 1097 iis
2919 1042 3021 1113 qui
3068 1041 3289 1113 alligati
3338 1043 3611 1107 tenentur
3648 1041 3783 1096 vin-

2115 1128 2287 1198 culis,
2319 1131 2595 1201 tanquam
2627 1129 2803 1185 simul
2835 1131 3077 1204 alligati.
3101 1130 3500 1187 Consolamini
3529 1131 3590 1186 in
3620 1131 3785 1186 luctu

2111 1217 2338 1287 positos
2375 1235 2386 1273 :
2446 1240 2469 1265 «ι
2502 1218 2719 1273 Melius
2763 1223 2856 1275 est
2900 1221 3057 1276 enim
3085 1221 3172 1276 ire
3201 1221 3263 1276 in
3293 1221 3531 1276 domum
3560 1221 3780 1290 luctus,

2111 1322 2286 1377 quam
2317 1306 2376 1361 in
2409 1307 2645 1362 domum
2676 1310 2879 1380 gaudii
2908 1311 3135 1380 (Eccle.
3176 1328 3256 1365 vn
3280 1353 3294 1381 ,
3342 1309 3436 1380 3).
3472 1333 3496 1358 ω
3531 1310 3658 1365 Illic
3689 1309 3782 1365 of-

2112 1396 2228 1449 ﬁcii
2288 1397 2560 1451 meritum
2614 1398 2787 1468 boni,
2850 1399 2946 1454 hic
2992 1399 3199 1454 vitium
3248 1400 3455 1469 lapsus
3504 1399 3781 1457 refertur.

2107 1486 2420 1541 Postremo
2463 1487 2625 1543 illinc
2673 1489 3009 1544 mercedem
3057 1504 3290 1560 speras,
3332 1489 3428 1543 hic
3476 1489 3778 1560 recepisti.

2106 1574 2330 1718 1Sentite
2367 1576 2564 1641 1048
2611 1577 2683 1633 de
2730 1577 3137 1635 laborantibus
3166 1581 3443 1651 tanquam
3483 1577 3662 1635 simul
3692 1578 3783 1635 la-

2150 1666 2408 1718 orantes.

2150 1666 2408 1719 orantes.

325 1753 525 1824 utique
556 1753 621 1806 ut
648 1751 1000 1807 elementum
1031 1753 1188 1823 quod
1208 1752 1555 1823 plerumque
1578 1752 1838 1823 repletur
1858 1769 1992 1807 san-
2020 1776 2074 1839 B
2181 1750 2305 1807 101.
2355 1752 2568 1839 Mulier
2614 1754 2741 1809 viro
2788 1755 3034 1826 deferat,
3086 1772 3205 1811 non
3252 1757 3480 1812 serviat
3514 1773 3527 1813 :
3561 1772 3782 1830 regen-

326 1843 525 1915 guine,
558 1841 617 1895 in
648 1857 763 1914 quo
795 1841 1031 1898 ofﬁcina
1063 1845 1155 1896 est
1186 1842 1499 1911 scelerum,
1534 1845 1631 1896 aut
1660 1843 1847 1896 vastis
1880 1842 1996 1912 ple-

326 1946 574 2003 rumque
620 1931 824 1987 horret
867 1931 1160 1999 cautibus,
1209 1936 1306 1985 aut
1352 1932 1669 2002 praeruptis
1720 1932 1991 2002 rupibus,

326 2026 423 2076 aut
453 2021 641 2077 sterili
673 2024 729 2076 et
755 2010 962 2093 jejuno
993 2021 1121 2075 solo
1155 2036 1167 2077 :
1202 2021 1309 2075 sed
1340 2025 1400 2075 ut
1434 2036 1671 2076 carnem
1714 2021 1994 2091 praesidio

324 2110 501 2165 nobis
551 2111 828 2166 futuram.
881 2110 952 2164 Et
1000 2111 1255 2165 fortasse
1299 2110 1410 2165 hoc
1455 2110 1600 2165 illud
1646 2115 1737 2166 est
1769 2115 1994 2182 myste-

325 2201 499 2271 rium,
551 2200 707 2273 quod
746 2204 801 2254 te
832 2201 1029 2255 docuit
1062 2200 1346 2255 Dominus
1376 2200 1583 2255 dicens
1618 2217 1629 2255 ί
1669 2223 1690 2247 κ
1727 2200 1859 2255 Νοιι
1891 2216 1994 2255 so-

323 2290 446 2344 lum
481 2289 724 2361 septies,
760 2287 867 2345 sed
897 2290 1071 2345 etiam
1105 2290 1447 2362 septuagies
1481 2289 1702 2360 septies
1752 2290 1990 2360 (Matth.

323 2396 490 2449 xvm,
523 2380 635 2450 22).
673 2402 695 2427 »ι

398 2467 520 2525 103.
557 2469 625 2523 Et
644 2484 754 2523 vos
777 2468 958 2541 igitur
979 2468 1189 2524 donate
1213 2468 1465 2542 injurias
1482 2472 1720 2525 vestras
1744 2468 1990 2531 (Coloss.

324 2575 408 2628 ιιι,
441 2558 553 2628 13),
586 2562 648 2613 ut
682 2558 814 2613 sitis
848 2557 954 2612 ﬁlii
983 2559 1188 2614 Jacob.
1223 2559 1417 2614 Nolite
1447 2557 1790 2629 exasperari
1841 2558 1995 2613 sicut

327 2647 509 2702 Esau.
543 2647 853 2702 Imitamini
882 2652 1153 2703 sanctum
1184 2648 1390 2718 David,
1443 2649 1545 2720 qui
1578 2653 1856 2720 tanquam
1884 2648 1995 2703 bo-

325 2752 440 2792 nus
490 2737 779 2809 magister
826 2736 1075 2813 reliquit
1093 2737 1267 2792 nobis
1308 2738 1463 2809 quod
1494 2738 1875 2808 imitaremur,
1911 2737 1994 2791 di-

326 2842 472 2881 cens
498 2842 510 2882 :
549 2846 571 2877 ι
599 2825 715 2881 Pro
747 2842 815 2881 eo
849 2830 910 2880 ut
942 2827 1255 2899 diligerent
1276 2844 1388 2895 me,
1414 2826 1800 2889 detrahebant
1816 2826 1991 2881 mihi:

232 2994 237 2995 γ
326 2932 440 2989 ego
470 2919 664 2971 autem
695 2916 936 2972 orabam
967 2915 1156 2985 (Psal.
1191 2933 1348 2986 cvm,
1381 2916 1472 2988 4);
1510 2939 1531 2965 υ
1569 2921 1625 2972 et
1655 2932 1788 2971 cum
1816 2917 1996 2970 male-

326 3006 642 3076 diceretur,
677 3005 899 3060 orabat.
927 3007 1151 3061 Bonum
1183 3009 1417 3061 scutum
1448 3007 1652 3075 oratio,
1686 3022 1799 3077 qua
1849 3022 1994 3060 con-

326 3095 562 3151 tumelia
591 3096 940 3165 excluditur,
973 3096 1345 3150 maledictum
1378 3095 1700 3165 repellitur,
1734 3098 1791 3150 et
1819 3095 1879 3148 in
1908 3095 1995 3166 ip-

328 3200 435 3240 sos
478 3185 579 3256 qui
627 3184 1058 3255 maledixerint,
1107 3185 1449 3256 frequenter
1494 3185 1886 3256 retorquetur,
1934 3188 1997 3239 ut

327 3291 439 3329 suo
488 3273 603 3329 telo
651 3274 1036 3329 vulnerentur
1071 3290 1084 3330 :
1136 3297 1157 3321 α
1196 3274 1564 3345 Maledicent,
1607 3274 1814 3346 inquit,
1849 3275 1906 3327 et
1934 3276 1996 3328 tu

324 3363 648 3418 benedices
678 3362 849 3435 (Ibid.
882 3363 991 3426 28).
1030 3387 1051 3412 »
1101 3363 1430 3418 Ambienda
1460 3364 1764 3419 hominum
1810 3362 1996 3418 male-

326 3444 523 3523 dictio,
555 3469 689 3525 quae
719 3454 969 3525 acquirit
1000 3454 1362 3508 Dominicam
1394 3453 1885 3509 benedictionem.

399 3543 523 3598 104.
555 3542 723 3609 Quod
745 3547 1042 3615 superest,
1069 3543 1429 3611 charissimi,
1465 3543 1836 3597 considerate
1860 3542 1997 3612 quia

325 3633 509 3687 Jesus
539 3637 708 3687 extra
736 3637 966 3703 portam
996 3648 1216 3702 passus
1247 3636 1339 3686 est
1377 3631 1587 3701 (Hebr.
1624 3649 1746 3700 χιιι,
1782 3631 1892 3702 12),
1942 3634 1998 3685 et

324 3739 437 3777 vos
469 3722 819 3795 egredimini
851 3723 923 3777 de
956 3721 1066 3776 hac
1095 3726 1327 3776 terrena
1349 3721 1601 3790 civitate,
1629 3720 1763 3792 quia
1786 3721 1995 3775 civitas

325 3816 527 3868 vestra
559 3813 834 3883 superior
863 3817 956 3867 est
990 3811 1345 3867 Jerusalem.
1398 3810 1482 3865 Ibi
1534 3810 1992 3880 conversamini,

326 3906 392 3957 ut
438 3901 694 3957 dicatis:
750 3923 771 3949 ιι
808 3901 1027 3956 Nostra
1074 3905 1269 3955 autem
1319 3899 1692 3955 conversatio
1723 3898 1783 3953 in
1826 3899 1995 3954 coelis

327 3994 421 4046 est
450 3990 733 4063 (Phih’pp.
767 4008 849 4059 ιιι,
879 3991 991 4060 20).
1018 4010 1043 4031 κ
1076 3990 1211 4044 Ideo
1237 3990 1417 4045 Jesus
1442 3989 1623 4044 exivit
1645 3989 1715 4043 de
1738 3988 1993 4059 civitate,

325 4083 389 4135 ut
419 4096 529 4135 vos
561 4083 846 4142 exeuntes
877 4080 948 4134 de
979 4080 1091 4134 hoc
1124 4079 1361 4147 mundo,
1398 4094 1579 4148 supra
1608 4078 1891 4133 mundum
1922 4077 1997 4132 si-

325 4170 404 4225 tis
453 4169 567 4241 (23)
612 4170 852 4241 Moyses
902 4169 1069 4223 solus
1116 4169 1218 4240 qui
1268 4169 1455 4223 Deum
1503 4168 1777 4236 videbat,
1829 4172 1995 4221 extra

328 4263 525 4314 castra
573 4258 829 4314 habebat
876 4246 1341 4327 tabernaculum,
1375 4257 1606 4328 quando
1645 4257 1996 4328 loquebatur

327 4365 462 4403 cum
494 4348 615 4403 Deo
647 4347 863 4418 (Exod.
896 4364 1105 4417 χχχιιι,
1139 4348 1194 4417 ’7)
1217 4362 1228 4401 :
1253 4349 1309 4401 et
1338 4346 1688 4416 hostiarum,
1724 4361 1857 4417 quae
1888 4361 1993 4415 pro

325 4439 568 4509 peccato
601 4437 847 4506 ﬁebant,
873 4436 1121 4509 sanguis
1155 4436 1392 4507 quidem
1437 4434 1723 4489 altaribus
1771 4435 1995 4489 infere-

328 4619 526 4671 castra
558 4614 1058 4671 comburebantur
1083 4630 1097 4683 ;
1129 4614 1267 4685 quia
1288 4629 1458 4667 nemo
1483 4614 1634 4667 intra
1662 4614 1861 4667 mundi
1891 4613 1998 4667 hu-

320 4705 429 4778 jus
473 4706 614 4760 vitia
660 4704 892 4775 positus
940 4706 1245 4773 peccatum
1296 4701 1553 4771 deponit,
1586 4716 1695 4756 nec
1747 4703 1999 4775 sanguis

329 4794 465 4866 ejus
513 4799 794 4865 acceptus
844 4797 935 4848 est
987 4793 1107 4848 Deo
1142 4834 1155 4861 ,
1209 4791 1328 4846 nisi
1373 4791 1444 4845 de
1494 4790 1765 4862 corporis
1814 4792 1997 4864 hujus

331 4889 504 4940 exeat
532 4885 992 4955 inquinamento.

402 4972 524 5029 105.
578 4972 1049 5043 Hospitalitatem
1095 4971 1342 5044 diligite,
1390 4985 1496 5041 per
1544 4985 1721 5041 quam
1753 4973 1998 5024 sanctus

316 5188 331 5197 ‘
404 5172 517 5241 (22)
549 5171 957 5241 Septenarium
987 5169 1362 5225 remissionis
1397 5183 1708 5241 numerum
1759 5169 1999 5241 propter

333 5238 577 5301 Sabbati
624 5238 779 5297 diem
820 5259 887 5295 ac
936 5242 1173 5297 Jubilazi
1205 5257 1420 5294 annum
1452 5244 1622 5293 vocat
1652 5238 1711 5293 S.
1744 5238 1950 5292 doctor
1982 5255 1995 5293 :

331 5321 389 5371 et
438 5314 745 5386 mysticam
786 5314 937 5367 hanc
988 5312 1259 5386 ejusdem
1290 5312 1517 5386 numeri
1549 5311 1999 5386 explicationem

331 5392 416 5442 tot
462 5381 609 5442 locis
658 5389 884 5453 tractat,
919 5389 980 5438 ut
1019 5381 1171 5454 apud
1202 5399 1336 5438 eum
1366 5383 1459 5437 vix
1490 5382 1811 5453 quidquam
1843 5381 2001 5436 aliud

333 5462 611 5513 occurrat
642 5457 1038 5527 frequentius.

405 5531 517 5601 (23)
547 5529 695 5583 Mss.
731 5523 969 5599 aliquot,
1013 5549 1033 5575 α
1068 5529 1130 5581 ut
1158 5542 1336 5579 nos...
1375 5541 1552 5595 supra
1586 5524 1867 5578 mundum
1916 5523 2001 5577 si-

332 5618 486 5656 mus.
529 5625 550 5649 ιι

406 5672 521 5746 (24)
549 5673 677 5729 Vet.
714 5673 875 5741 edit.,
916 5694 936 5721 α
974 5670 1194 5729 invenit
1224 5668 1494 5743 gratiam.
1521 5666 1793 5738 Hospitio
1817 5665 2006 5721 susci-

2090 5148 2250 5236 ‘pere
2281 5165 2464 5219 ﬁlium
2494 5164 2638 5220 Sara
2679 5165 2890 5221 meruit
2922 5184 2937 5232 ;
2990 5190 3011 5213 υ

2109 1841 2243 1896 dam
2294 1857 2360 1897 se
2405 1832 2695 1912 prebeat,
2728 1860 2860 1898 non
2910 1845 3321 1900 coercendam.
3384 1845 3632 1919 Indigna
3688 1848 3782 1901 est

2109 1930 2411 2003 conjugio,
2446 1946 2579 2002 quae
2612 1932 2790 2004 digna
2819 1937 2912 1987 est
2945 1933 3172 2007 jurgio.
3207 1934 3311 1988 Vir
3349 1950 3585 2007 quoque
3629 1949 3783 1990 uxo-

2110 2036 2235 2075 rem
2286 2024 2565 2090 tanquam
2611 2021 2978 2091 gubernator
3024 2023 3271 2095 dirigat,
3317 2026 3595 2094 tanquam
3645 2038 3784 2079 con-

2109 2112 2331 2165 sortem
2362 2110 2499 2164 vitae
2531 2108 2799 2181 honoret,
2832 2112 3143 2182 participat
3164 2115 3226 2168 ut
3246 2112 3622 2175 cohaaredem
3650 2129 3784 2186 gra-

2108 2200 2227 2254 tiae.

2180 2286 2303 2344 108.
2337 2287 2589 2358 Matres,
2642 2288 2928 2345 ablactate
2971 2288 3125 2345 ﬁlios
3150 2332 3164 2361 ,
3212 2290 3439 2364 diligite
3482 2306 3630 2361 eos;
3673 2292 3783 2348 sed

2108 2380 2269 2433 orate
2300 2393 2406 2448 pro
2438 2376 2513 2430 iis
2549 2379 2609 2431 ut
2640 2377 2897 2448 longaevi
2927 2394 3112 2449 super
3141 2383 3360 2435 terram
3392 2381 3539 2450 sint,
3574 2396 3693 2437 non
3722 2382 3785 2437 in

2107 2472 2264 2523 terra
2287 2509 2301 2537 ,
2336 2467 2444 2521 sed
2477 2481 2659 2537 super
2690 2470 2940 2537 terram;
2987 2468 3132 2523 nihil
3164 2469 3322 2524 enim
3351 2468 3692 2543 longaevum
3723 2472 3783 2525 in

2108 2557 2219 2611 hac
2250 2559 2441 2622 terra;
2474 2560 2529 2610 et
2561 2557 2719 2627 quod
2749 2560 2840 2611 est
2871 2557 2969 2611 diu
2989 2599 3004 2629 ,
3038 2559 3219 2614 breve
3252 2560 3344 2613 est
3374 2562 3429 2614 et
3461 2560 3655 2632 magis
3686 2559 3783 2615 lu-

2106 2647 2359 2701 bricum.
2394 2645 2623 2700 Monete
2656 2661 2760 2700 eos
2792 2648 2854 2701 ut
2882 2648 3077 2720 magis
3115 2664 3353 2704 crucem
3396 2648 3631 2704 Domini
3674 2649 3781 2704 tol-

2108 2737 2247 2805 lant,
2283 2751 2457 2806 quam
2494 2735 2646 2789 hanc
2676 2734 2857 2790 vitam
2890 2736 3156 2810 diligant.
3424 2722 3453 2731 ”

2181 2825 2303 2880 109.
2340 2824 2525 2878 Maria
2557 2827 2743 2879 mater
2775 2826 3007 2881 Domini
3049 2826 3191 2898 (25)
3234 2829 3368 2882 ante
3407 2842 3647 2883 crucem
3678 2827 3784 2883 filii

2109 2915 2332 2969 stabat:
2368 2913 2569 2969 nullus
2598 2929 2692 2969 me
2724 2914 2837 2969 hoc
2868 2916 3085 2985 docuit,
3120 2916 3238 2971 nisi
3255 2920 3501 2971 sanctus
3520 2917 3781 2972 Joannes

2109 3003 2479 3076 evangelista
2496 3003 2686 3074 (Joan.
2707 3020 2830 3074 χιχ,
2860 3005 2970 3075 25).
3002 3005 3283 3061 Mundum
3301 3006 3401 3060 alii
3419 3022 3780 3062 concussum

2108 3094 2167 3146 in
2184 3093 2465 3164 passione
2484 3092 2713 3147 Domini
2733 3093 3241 3164 conscripserunt,
3275 3095 3491 3150 coelum
3518 3097 3782 3152 tenebris

2110 3183 2428 3238 obductum
2460 3181 2698 3251 (Matth.
2738 3199 2900 3237 xxvn
2921 3225 2935 3252 ,
2968 3183 3071 3254 45,
3104 3183 3224 3254 51),
3260 3184 3562 3256 refugisse
3593 3187 3782 3240 solem

2107 3272 2169 3327 in
2185 3272 2527 3343 paradisum
2544 3259 2849 3341 latrenem,
2879 3271 2987 3326 sed
3013 3260 3150 3343 post
3167 3272 3321 3343 piam
3338 3273 3782 3328 confessionem

2108 3363 2412 3433 receptum
2442 3360 2605 3431 (Luc.
2638 3377 2816 3431 χχιιι,
2852 3361 2922 3415 42
2946 3403 2960 3431 ,
2994 3360 3064 3416 43
3090 3404 3104 3431 ,
3137 3362 3249 3433 45).
3282 3362 3542 3417 Joannes
3585 3362 3784 3417 docuit

2110 3451 2265 3523 quod
2283 3451 2381 3504 alii
2394 3449 2507 3522 (45)
2520 3466 2637 3505 ιιοιι
2654 3450 3000 3521 docuerunt,
3017 3452 3509 3524 quemadmodum
3525 3453 3587 3507 in
3605 3468 3781 3508 cruce

2107 3541 2340 3613 positus
2371 3543 2618 3594 matrem
2663 3541 3078 3612 appellaverit,
3125 3543 3317 3613 pluris
3364 3545 3579 3617 putans
3622 3541 3781 3613 quod

2108 3630 2297 3684 victor
2329 3629 2756 3699 suppliciorum
2805 3629 3039 3699 pietatis
3089 3629 3286 3685 ofﬁcia
3325 3630 3496 3685 matri
3528 3630 3780 3686 exhibe-

2107 3719 2226 3788 bat,
2247 3734 2422 3790 quam
2440 3717 2597 3789 quod
2613 3734 2862 3790 regnum
2881 3719 3124 3775 cceleste
3142 3719 3414 3775 donabat.
3438 3718 3589 3774 Nam
3607 3720 3662 3774 si
3681 3735 3779 3775 re-

2107 3809 2389 3881 ligiosum
2408 3810 2517 3878 est,
2539 3807 2696 3878 quod
2713 3807 2923 3863 latroni
2940 3809 3190 3864 donatur
3204 3809 3398 3877 venia,
3418 3808 3601 3864 multo
3634 3808 3779 3864 ube-

2110 3898 2287 3953 rioris
2332 3896 2568 3967 pietatis
2614 3900 2738 3965 est,
2786 3898 2944 3968 quod
2977 3915 3008 3952 a
3048 3897 3167 3953 ﬁlio
3213 3902 3401 3952 mater
3444 3901 3603 3953 tanto
3649 3896 3782 3953 affe-

2111 3991 2206 4041 ctu
2237 3986 2563 4041 honoratur
2595 4001 2607 4042 :
2648 4009 2667 4033 ι·
2705 3986 2891 4055 Ecce,
2924 3988 3133 4059 inquit,
3169 3987 3327 4042 ﬁlius
3356 3990 3588 4043 tuus....
3625 3987 3781 4061 Ecce

2109 4080 2295 4132 mater
2323 4081 2422 4131 tua
2454 4076 2657 4146 (Joan.
2691 4093 2829 4145 χιχ,
2865 4077 2932 4133 2'7
2957 4078 2997 4147 ).
3037 4098 3060 4128 »
3113 4078 3468 4133 Testabatur
3498 4078 3569 4133 de
3601 4093 3781 4132 cruce

2109 4165 2385 4221 Christus
2405 4206 2420 4236 ,
2457 4169 2513 4221 et
2543 4165 2700 4221 inter
2728 4171 2976 4223 matrem
3021 4171 3195 4240 atque
3240 4168 3597 4239 discipulum
3626 4166 3781 4220 divi-

2110 4254 2285 4309 debat
2314 4255 2546 4325 pietatis
2580 4254 2796 4310 ofﬁcia.
2845 4255 3148 4312 Condebat
3191 4257 3479 4312 Dominus
3523 4271 3638 4309 non
3683 4269 3779 4309 so-

2110 4346 2231 4399 lum
2273 4344 2609 4415 publicum,
2657 4345 2765 4399 sed
2814 4346 2986 4399 etiam
3031 4346 3421 4400 domesticum
3455 4347 3779 4399 testamen-

2111 4438 2232 4488 tum
2253 4475 2266 4502 ,
2305 4436 2360 4489 et
2392 4434 2505 4488 hoc
2536 4433 2671 4504 ejus
2702 4436 3119 4489 testamentum
3163 4433 3438 4505 signabat
3480 4433 3741 4486 Joannes
3763 4475 3776 4502 ,

212 4518 220 4524 ”
325 4527 500 4582 batur
540 4526 758 4597 (Exod.
805 4543 972 4593 χχιχ,
1028 4523 1114 4595 12,
1170 4525 1276 4595 13),
1326 4539 1577 4594 corpora
1608 4528 1799 4578 autem
1832 4527 1996 4578 extra
2021 4510 2079 4574 D
2111 4524 2329 4595 dignus
2360 4527 2518 4577 tanto
2551 4525 2827 4577 testatoro
2857 4524 3050 4577 testis.
3094 4523 3320 4576 Bonum
3365 4524 3779 4576 testamentum

2110 4629 2226 4668 non
2257 4614 2559 4683 pecuniae,
2606 4610 2713 4666 sed
2744 4612 2879 4666 vitae
2926 4614 3210 4666 aeternae:
3262 4611 3419 4681 quod
3464 4626 3583 4665 non
3626 4612 3777 4665 atra-

2111 4707 2304 4757 mento
2336 4702 2624 4771 scriptum
2656 4704 2767 4771 est,
2801 4700 2908 4755 sed
2939 4699 3161 4770 Spiritu
3192 4699 3299 4754 Dei
3328 4700 3485 4771 vivi,
3519 4699 3620 4771 qui
3651 4700 3730 4754 ait
3761 4713 3777 4757 :

2118 4816 2138 4840 ιι
2175 4792 2403 4864 Lingua
2435 4806 2562 4844 mea
2593 4790 2855 4844 calamus
2886 4788 3103 4844 scribae
3139 4788 3422 4844 velociter
3454 4789 3777 4845 scribentis

2110 4880 2298 4951 (Psal.
2332 4896 2489 4949 xmv,
2525 4879 2600 4949 2).
2642 4900 2663 4927 »

2182 4967 2304 5024 110.
2334 4968 2449 5023 Sed
2475 4984 2585 5022 nec
2612 4966 2795 5022 Maria
2820 4967 3042 5040 minor,
3081 4984 3256 5041 quam
3282 4971 3533 5025 matrem
3558 4969 3779 5025 Christi

3061 5182 3210 5240 mss.
3258 5167 3515 5240 aliquot,
3554 5190 3576 5215 α
3611 5168 3781 5223 inve-

2111 5240 2194 5291 nit
2222 5236 2525 5291 Christum
2546 5280 2559 5305 ,
2610 5237 2866 5307 hospitio
2914 5239 3214 5308 suscepit,
3265 5236 3448 5294 ﬁlium
3482 5236 3631 5295 Sara
3660 5254 3780 5293 me-

2112 5309 2264 5377 ruit;
2301 5330 2322 5357 ι»
2360 5310 2559 5363 caeteri
2604 5325 2748 5364 vero
2797 5326 2946 5364 mss.
2980 5326 3049 5365 ac
3082 5311 3252 5366 Rom.
3288 5312 3427 5383 edit.
3460 5314 3523 5365 ut
3550 5312 3610 5364 in
3642 5325 3779 5365 con-

2110 5383 2293 5436 textu.

2181 5453 2295 5521 (25)
2326 5450 2620 5522 Quidquid
2654 5452 2764 5507 hoc
2793 5456 2914 5507 toto
2948 5468 3213 5521 numero,
3234 5456 3290 5507 et
3315 5453 3500 5522 prima
3531 5466 3781 5523 sequen-

2110 5522 2188 5577 tis
2216 5527 2379 5592 parte
2411 5524 2739 5578 continetur
2763 5567 2777 5592 ,
2829 5540 2905 5579 ex
2951 5524 3053 5578 lib.
3099 5541 3139 5578 x
3174 5525 3235 5577 in
3267 5525 3404 5577 Luc.
3440 5538 3599 5576 num.
3622 5522 3737 5578 ’129
3762 5565 3777 5593 ,

2112 5611 2180 5649 ac
2228 5594 2418 5649 tribus
2468 5595 2859 5666 sequentibus
2921 5596 3158 5650 totidem
3216 5608 3365 5666 pene
3425 5594 3631 5650 verbis
3688 5595 3781 5651 de-

2112 5671 2410 5738 sumptum
2439 5665 2567 5721 fuit.
