4060 6178
407 162 560 238 1271

403 363 670 421 decebat.
703 352 1096 435 Fugientibus
1127 359 1414 432 apostolis
1434 401 1449 430 ,
1495 362 1628 415 ante
1674 374 1911 415 crucem
1940 361 2065 414 sta—
2098 340 2157 402 Α
2189 359 2298 415 sed
2329 358 2500 414 etiam
2530 362 2763 432 aSperis
2795 361 3026 418 obedite
3058 363 3329 421 dominis.
3371 366 3514 421 Nam
3557 383 3676 439 quae
3720 376 3797 425 est

399 455 520 524 bat,
553 458 610 509 et
638 452 755 523 piis
785 451 1091 522 spectabat
1119 448 1309 505 oculis
1340 450 1445 504 filii
1475 450 1721 505 vulnera
1745 491 1759 520 ,
1793 447 1927 520 quia
1961 465 2068 503 ex-

403 542 709 614 spectabat
737 555 854 595 non
883 540 1157 612 pignoris
1188 543 1435 596 mortem
1458 581 1472 610 ,
1525 539 1633 595 sed
1672 540 1872 593 mundi
1906 538 2069 594 salu-

397 637 516 688 tem
550 646 564 687 :
599 634 698 685 aut
726 628 984 686 fortasse
1017 630 1153 701 quia
1188 634 1548 701 cognoverat
1576 645 1683 700 per
1699 628 2069 683 ﬁliimortem

398 721 601 777 mundi
628 719 1092 789 redemptionem
1123 718 1255 773 aula
1285 718 1528 790 regalis,
1560 719 1735 773 etiam
1755 734 1863 772 sua
1879 721 2070 772 morte

400 809 645 883 putubat
676 824 744 865 se
772 808 994 880 aliquid
1024 809 1262 879 publico
1302 808 1637 862 additurum
1666 807 1918 863 muneri.
1952 806 2069 862 Sed

400 901 584 956 Jesus
613 914 731 955 non
775 899 989 971 egebat
1035 896 1308 970 adjutore
1350 897 1422 951 ad
1453 897 1917 968 redemptionem
1947 912 2067 952 om-

400 989 561 1045 nium
582 1030 597 1061 ,
643 988 745 1060 qui
788 1001 995 1043 omnes
1037 987 1166 1042 sine
1197 985 1468 1058 adjutoro
1498 987 1778 1041 servavit.
1814 986 1981 1041 Unde
2013 989 2069 1042 et

397 1079 571 1134 dicit:
597 1099 619 1127 ι
641 1076 858 1132 Factus
891 1091 1023 1131 sum
1055 1075 1210 1131 sicut
1239 1076 1413 1131 homo
1445 1075 1577 1131 sine
1607 1074 1899 1148 adjutorio
1917 1077 2067 1132 inter

393 1170 661 1224 mortuos
690 1165 843 1222 liber
873 1164 1055 1228 (Psal.
1087 1181 1352 1235 Lxxxvn,
1384 1166 1438 1236 5,
1470 1165 1542 1229 6).
1578 1185 1606 1216 »
1639 1163 1916 1237 Suscepit
1946 1166 2067 1238 qui-

394 1257 528 1312 dem
560 1255 833 1313 atl‘ectum
881 1256 1173 1328 parentis,
1224 1255 1333 1311 sed
1363 1271 1482 1312 non
1512 1255 1792 1327 quaesivit
1820 1256 2064 1311 alterius

393 1347 699 1402 auxilium.

467 1434 591 1491 111.
644 1435 811 1491 Hanc
859 1434 1188 1503 imitamini,
1241 1437 1465 1490 matres
1514 1438 1758 1505 sanctis,
1823 1451 1957 1507 quae
2006 1437 2067 1490 in

394 1525 570 1581 unico
620 1524 739 1579 tilio
789 1523 1178 1579 dilectissimo
1228 1527 1453 1579 tantum
1495 1527 1777 1579 maternae
1827 1524 2065 1579 virtutis

393 1614 728 1685 exemplum
766 1613 984 1679 edidit;
1018 1627 1210 1684 neque
1240 1613 1397 1667 enim
1425 1628 1537 1667 vos
1570 1612 1869 1679 dulciores
1911 1613 2064 1668 libe-

1843 153 1933 223 'S.
1966 146 2409 225 AMBROSII.

3632 165 3794 238 .1272

2186 453 2409 505 vestrae
2440 450 2746 505 servitutis
2777 453 2986 524 gratia,
3012 453 3065 507 si
3086 453 3257 509 bonis
3280 456 3548 510 servietis
3576 457 3797 515 sedulo?

2187 537 2304 593 Sed
2352 538 2405 592 si
2453 539 2627 594 etiam
2675 555 2922 610 asperos
2965 544 3449 612 promereamini;
3499 561 3623 599 nam
3655 546 3797 603 liberi

2188 642 2422 699 quoque
2451 629 2673 683 nullam
2702 624 2920 685 habent
2948 632 3301 702 mercedem,
3328 632 3378 687 si
3402 637 3692 703 peccantes
3710 651 3798 705 pu-

2187 717 2418 770 niantur
2448 732 2481 771 a
2506 716 2814 790 judicibus
2850 737 2863 774 :
2899 720 3007 775 sed
3034 720 3136 776 illa
3166 738 3398 778 merces
3428 726 3536 792 est,
3569 723 3620 777 si
3659 726 3800 779 etiam

2187 819 2299 858 non
2332 809 2669 876 peccantes.
2705 807 2778 862 Et
2806 824 2916 864 vos
2948 826 3091 882 ergo
3134 813 3612 882 contemplatione
3642 812 3800 869 Domi-

2185 895 2244 948 ni
2291 894 2438 949 Jesu
2487 894 2719 951 etiamsi
2749 896 3091 954 difﬁcilibus
3125 900 3405 955 servietis
3435 900 3672 957 dominis
3699 919 3803 959 cum

2184 984 2482 1054 patientia,
2514 984 2849 1040 mercedem
2872 985 3207 1044 habebitis:
3228 989 3534 1061 Siquidem
3562 989 3678 1061 ipse
3711 992 3803 1048 Do-

2184 1073 2381 1127 minus
2427 1071 2633 1144 justus
2680 1072 2753 1129 ab
2804 1074 3048 1147 injustis
3091 1094 3317 1148 passus
3350 1082 3465 1149 est,
3496 1083 3551 1135 et
3574 1082 3803 1151 patientia

2183 1160 2439 1216 mirabili
2485 1167 2727 1232 peccata
2774 1169 2977 1219 nostra
3020 1181 3147 1221 suae
3190 1167 3381 1222 afﬁxit
3419 1169 3580 1233 cruci
3613 1185 3624 1224 :
3653 1173 3805 1242 utqui

2182 1249 2347 1304 illum
2380 1250 2640 1305 imitatus
2670 1251 2867 1323 fuerit,
2917 1254 3109 1319 1050
3147 1258 3395 1329 peccata
3428 1274 3536 1313 sua
3565 1261 3804 1333 sanguine

2186 1354 2297 1394 suo
2328 1339 2532 1395 diluat.

2254 1445 2377 1501 113.
2428 1447 2521 1502 Ad
2569 1463 2880 1521 summam,
2936 1454 3351 1509 convertimini
3396 1470 3599 1511 omnes
3626 1456 3691 1512 ad
3717 1458 3807 1513 Do-

2183 1535 2405 1590 minum
2433 1535 2661 1592 Jesum.
2694 1537 2781 1594 Sit
2808 1540 2869 1595 in
2900 1541 3075 1597 vobis
3120 1543 3258 1599 vita
3310 1544 3498 1617 hujus
3550 1546 3806 1603 delectatio

2184 1625 2243 1678 in
2272 1625 2427 1680 bona
2458 1626 2842 1700 conscientia,
2875 1631 3153 1700 patientia
3185 1634 3401 1688 mortis
3433 1650 3564 1690 cum
3601 1650 3695 1706 spe
3730 1637 3807 1692 im-

392 1720 498 1760 ros
528 1702 784 1792 habetis,
815 1716 1007 1792 neque
1037 1701 1185 1756 illud
1214 1701 1399 1773 Virgo
1430 1701 1883 1792 (26)Aquaerebat
1914 1703 2066 1759 8018-
2096 1731 2147 1792 Β
2183 1715 2577 1785 mortalitatis,
2610 1717 2974 1773 conﬁrmatio
2998 1722 3466 1777 resurrectionis
3489 1739 3617 1778 cum
3633 1701 3811 1780 Christi

392 1793 560 1863 tium,
590 1791 751 1864 quod
781 1790 958 1845 alium
989 1794 1198 1860 posset
1226 1805 1517 1861 generare
1551 1790 1757 1846 tilium.

464 1881 589 1937 112.
623 1879 855 1936 Domini
884 1879 1086 1935 servis
1103 1880 1386 1949 imperata
1407 1895 1526 1934 non
1544 1880 1715 1951 quasi
1734 1881 2064 1939 conditione

395 1971 674 2040 subditis,
709 1969 817 2024 sed
837 1969 915 2023 ita
940 1972 1001 2023 ut
1023 1971 1251 2023 natura
1272 1967 1544 2039 ejusdem
1567 1970 1742 2041 cujus
1760 1987 1871 2027 vos
1894 1974 2060 2043 estis,

393 2061 705 2116 consortes
735 2071 840 2111 eos
871 2055 1153 2127 esse,(2'1)
1183 2057 1574 2112 memineritis
1606 2058 1677 2129 (II
1701 2059 1875 2115 Patr.
1908 2078 1947 2131 ι,
1985 2062 2062 2133 4).
2107 2078 2113 2083 ξ

392 2148 564 2207 Servi
581 2162 815 2220 quoque
836 2145 1090 2201 dominis
1114 2145 1334 2201 servite
1353 2161 1486 2201 cum
1506 2147 1805 2204 voluntate
1826 2148 1875 2220 (1
1888 2150 2064 2207 Petr.

392 2255 455 2309 ιι,
508 2237 639 2308 18);
686 2235 902 2292 etenim
947 2235 1361 2307 unusquisque
1410 2238 1568 2308 quod
1614 2240 1788 2293 natus
1835 2242 1927 2294 est
1960 2257 2067 2311 pa-

394 2327 613 2385 tienter
645 2324 840 2391 1049
871 2324 1047 2382 debet
1077 2326 1393 2398 suscipere
1429 2340 1443 2381 :
1476 2340 1585 2382 nec
1626 2326 1823 2384 solum
1868 2329 2064 2400 bonis,

468 2477 582 2552 (26)
630 2477 766 2534 Νοιι
811 2476 987 2549 pauci
1033 2491 1210 2549 mss.,
1265 2499 1288 2524 α
1320 2492 1515 2551 neque
1558 2477 1746 2536 ullum
1795 2479 2002 2555 Virgo,
2041 2507 2063 2531 υ

400 2557 802 2702 “anilem.
853 2627 1016 2697 edit.,
1072 2650 1094 2675 ιι
1131 2631 1446 2702 consortes
1493 2645 1633 2686 esse
1677 2648 1809 2687 vos.
1866 2656 1888 2681 »
1924 2632 2066 2688 For-

399 2700 570 2777 tasse
594 2700 691 2755 hic
722 2700 801 2755 sit
829 2715 1145 2777 operarum
1175 2700 1403 2773 lapsus,
1437 2702 1545 2758 sed
1592 2703 1653 2759 in
1695 2718 1902 2760 omnes
1935 2719 2064 2777 seq.

401 2776 544 2832 edit.
572 2776 938 2844 propagatus
971 2773 1083 2827 est.

2185 1804 2395 1876 gratia,
2432 1804 2653 1859 veritas
2709 1822 2843 1862 cum
2893 1808 3292 1881 simplicitate,
3329 1811 3480 1868 fides
3512 1828 3638 1867 cum
3664 1814 3808 1869 conti~

2184 1893 2399 1959 dentia,
2448 1894 2800 1950 abstinentia
2849 1913 2983 1952 cum
3027 1900 3363 1970 sanctitate,
3410 1902 3686 1957 industria
3711 1920 3809 1958 cum

2184 1981 2527 2053 sobrietate,
2564 1986 2938 2041 conversatio
2968 2001 3103 2042 cum
3123 1989 3439 2059 modestia,
3462 1990 3698 2046 eruditio
3715 1993 3808 2047 sine

2182 2071 2459 2143 vanitate,
2495 2072 2790 2130 sobrietas
2822 2075 3129 2147 doctrinm,
3163 2078 3423 2135 fidelitas
3457 2080 3808 2157 sinebat-esis

2183 2159 2523 2217 temulentia
2570 2160 2726 2232 (2Ἶ⁶).
2773 2162 2973 2220 Gratia
3022 2165 3256 2223 Domini
3293 2168 3446 2224 Jesu
3475 2167 3686 2225 Christi
3712 2185 3810 2225 cum

2185 2249 2462 2306 omnibus
2493 2248 2690 2308 vobis.
2726 2253 2933 2309 Amen.

2262 2489 2396 2570 (27f)
2418 2489 2556 2570 νει.
2581 2491 2721 2570 _ed_i_t.
2756 2508 2890 2570 cum
2921 2510 3071 2570 mss.
3105 2512 3223 2570 non
3253 2498 3487 2570 paucis,
3524 2522 3546 2547 α
3570 2499 3813 2557 sobrietas

2188 2561 2480 2643 doctrinae
2511 2563 2717 2643 fidelis
2765 2566 2913 2643 sine
2944 2567 3197 2643 haeresis
3248 2561 3621 2638 temulentia;
3655 2596 3675 2620 ι
3716 2572 3813 2643 qui-

2188 2633 2306 2687 bus
2356 2634 2569 2709 verbis
2609 2637 2923 2709 terminant
2969 2640 3284 2709 epistolam
3337 2656 3351 2696 :
3403 2646 3461 2698 at
3509 2633 3665 2699 Rom.
3704 2633 3809 2698 edit.

2193 2719 2327 2787 cum
2358 2704 2770 2787 reliquiscod.
2803 2704 3115 2765 nobisa-um
3147 2712 3395 2784 faciunt,
3445 2712 3558 2769 nisi
3602 2715 3737 2787 quod
3771 2713 3814 2769 in

2195 2783 2556 2857 quibusdam
2584 2784 2642 2839 τὸ
2678 2787 2914 2845 Christi
2941 2806 3059 2846 non
3091 2783 3398 2850 habetur."

439 2944 3807 2980 ____._.__________________________________________

1475 3033 2125 3208 SECUNIiA
2228 3095 2793 3283 GLASSIS

843 3414 1036 3482 1049
1070 3413 1440 3473 EPISTOLA
1480 3416 1685 3472 LXIV.

410 3528 920 3615 Insusqroganti
950 3549 1059 3615 cur
1086 3550 1298 3615 manus
1319 3534 1473 3615 quod
1494 3534 1644 3615 olim_
1655 3533 1810 3615 p‘luit
1840 3533 2086 3615 Israeli-

484 3603 585 3679 tis,
623 3601 995 3679 Christianis
1024 3622 1137 3662 non
1163 3601 1348 3679 pluet;
1381 3601 1713 3679 respondet
1735 3622 1948 3679 manna
1981 3607 2089 3679 Do-

483 3674 694 3729 minici
721 3679 993 3751 corporis
1026 3674 1232 3751 typum
1253 3674 1561 3751 fuissefac
1577 3677 1846 3751 proinde
1859 3677 1960 3751 ubi
1979 3678 2089 3733 hoc

479 3761 758 3818 praesens
784 3749 983 3803 datum
1012 3749 1126 3818 est,
1159 3749 1308 3805 illud
1337 3749 1674 3805 evanuisse.
1707 3749 1895 3804 Addit
1925 3749 2089 3804 insu-

480 3816 596 3889 per
623 3816 687 3871 in
720 3819 924 3892 eodem
957 3816 1275 3875 exstitisse
1312 3820 1563 3892 ﬁguram
1594 3820 1926 3892 sapientiae,
1963 3837 2090 3892 quae

493 3902 675 3942 verus
721 3890 1048 3964 animarum
1097 3892 1270 3964 cibus
1318 3890 1431 3962 est,
1466 3897 1526 3947 et
1566 3890 1734 3964 cuius
1782 3890 2091 3947 subtilitas

493 3972 573 4013 ex
603 3959 793 4014 variis
820 3960 1153 4033 Scripturte
1181 3961 1331 4019 locis
1360 3959 1819 4019 cemmendatur.

792 4069 1139 4124 Ausnosws
1176 4069 1412 4125 lanugo
1443 4070 1713 4124 salutem.

492 4157 545 4213 1.
576 4156 810 4224 Quaeris
841 4175 875 4212 a
905 4173 998 4213 me
1029 4174 1136 4214 cur
1167 4157 1455 4214 Dominus
1489 4159 1648 4214 Deus
1678 4173 1889 4213 manna
1934 4159 2091 4230 plue-

419 4247 495 4304 rit
522 4248 738 4320 populo
767 4252 1021 4320 patrum,
1054 4254 1111 4305 et
1140 4264 1296 4304 nunc
1323 4264 1440 4303 non
1461 4249 1639 4319 pluat.
1664 4247 1727 4303 Si
1746 4247 2087 4320 cognoscis,

417 4338 587 4411 pluit,
621 4342 679 4395 et
709 4340 968 4411 quotidie
996 4339 1145 4411 pluit
1174 4338 1247 4395 de
1279 4338 1429 4395 coelo
1456 4354 1669 4393 manna
1690 4337 2090 4393 servientibus

419 4428 561 4485 sibi.
614 4428 686 4484 Et
734 4445 1085 4500 corporeum
1133 4429 1373 4501 quidem
1428 4428 1573 4482 illud
1632 4426 1752 4497 (De
1815 4426 2084 4495 Consec.,

2117 3399 2169 3462 α
2266 3426 2320 3483 2.
2353 3427 2469 3485 Sed
2501 3435 2593 3487 est
2623 3432 2889 3503 spiritale
2916 3450 3148 3504 manna,
3183 3435 3300 3490 hoc
3343 3437 3455 3504 est,
3503 3429 3686 3504 pluvia
3728 3425 3816 3496 spi-

2196 3517 2384 3574 ritalis
2416 3520 2743 3593 sapientiae,
2777 3539 2912 3594 quae
2934 3523 3269 3596 ingeniosis
3292 3528 3350 3579 et
3372 3517 3748 3595 quaerentibus
3765 3514 3817 3568 de

2199 3607 2349 3662 caelo
2379 3609 2725 3681 infunditur,
2759 3616 2817 3667 et
2845 3612 3060 3668 irrorat
3090 3616 3324 3668 mentes
3354 3613 3600 3683 piorum,
3650 3611 3699 3663 et
3740 3602 3817 3660 ob-

2198 3698 2393 3753 dulcat
2425 3698 2631 3756 fauces
2679 3717 2903 3758 eorum.
2937 3701 3047 3768 Qui
3098 3703 3283 3775 igitur
3323 3699 3664 3758 intellexerit
3704 3692 3819 3749 infu~

2199 3788 2429 3842 sionem
2460 3788 2677 3845 divina:
2708 3791 3035 3862 sapientiaa,
3070 3792 3421 3863 delectatur,
3445 3805 3552 3846 nec
3580 3787 3737 3842 alium
3760 3780 3816 3836 ci-

2196 3874 2338 3930 bum
2368 3868 2636 3949 requirit,
2670 3896 2781 3934 nec
2808 3886 2872 3935 in
2904 3882 3033 3936 solo
3064 3896 3215 3952 pane
3263 3881 3431 3949 vivit,
3484 3878 3586 3933 sed
3615 3876 3670 3931 in
3694 3869 3818 3928 omni

2198 3966 2382 4022 verbo
2415 3966 2521 4022 Dei
2548 3968 2789 4040 (Matth.
2822 3986 2904 4041 iv,
2937 3970 3013 4040 4).
3046 3968 3157 4035 Qui
3186 3970 3485 4025 curiosior
3511 3966 3674 4022 fuerit
3712 3959 3816 4031 (29),

2199 4058 2410 4127 quaerit
2442 4058 2581 4128 quid
2616 4058 2694 4113 sit
2725 4059 2884 4113 istud
2914 4059 3072 4130 quod
3122 4057 3233 4130 (30)
3282 4060 3459 4115 melle
3505 4053 3717 4111 dulcius
3743 4048 3815 4103 sit.

2202 4147 2541 4217 Respondet
2571 4147 2653 4201 illi
2683 4149 2953 4203 minister
2984 4148 3089 4203 Dei
3123 4164 3134 4204 :
3175 4170 3197 4197 οι
3236 4148 3350 4203 Hic
3367 4150 3458 4203 est
3480 4145 3657 4217 panis,
3679 4152 3816 4213 quem

2200 4236 2358 4291 dedit
2386 4236 2494 4291 tibi
2523 4237 2683 4292 Deus
2714 4238 3070 4293 manducare
3100 4237 3320 4309 (Exod.
3354 4254 3473 4307 xw,
3506 4234 3618 4303 15).
3650 4254 3670 4281 ι
3700 4225 3817 4294 Quid

2201 4326 2277 4380 sit
2307 4326 2418 4380 istc
2447 4325 2636 4396 panis,
2670 4326 2808 4381 audi
2838 4342 2851 4381 :
2890 4350 2912 4374 α
2949 4326 3176 4395 Sermo,
3228 4326 3437 4397 inquit,
3488 4336 3653 4394 quem
3698 4314 3818 4372 ordi-

2200 4416 2359 4470 navit
2390 4416 2549 4470 Deus
2580 4414 2758 4485 (Ibid.
2793 4414 2903 4486 16).
2942 4439 2964 4464 η
3018 4415 3161 4470 Haec
3211 4430 3361 4487 ergo
3412 4409 3683 4469 ordinatio
3715 4402 3813 4470 Dei,

419 4518 558 4575 dist.
603 4519 657 4590 2,
711 4494 857 4591 εει).-
890 4494 1270 4592 Corporeum)
1320 4533 1532 4572 manna
1577 4494 1750 4571 hodie
1783 4494 2086 4587 plerisque
2117 4545 2172 4605 D
2203 4507 2332 4560 haec
2377 4505 2651 4560 alimonia
2699 4505 2799 4559 alit
2845 4504 3097 4559 animam
3146 4502 3455 4602 sapientis,
3492 4503 3547 4555 et
3576 4494 3816 4605 illuminat

419 4607 481 4663 in
510 4608 660 4665 locis
690 4608 1011 4678 invenitur,
1043 4608 1154 4665 sed
1184 4623 1342 4663 nunc
1374 4623 1491 4663 non
1519 4609 1612 4661 est
1651 4606 1794 4661 tanti
1843 4620 1942 4660 res
1988 4605 2088 4659 mi-

422 4698 649 4770 raculi;
680 4699 817 4770 quia
847 4699 1007 4755 venit
1037 4698 1195 4770 quod
1221 4697 1551 4769 perfectum
1583 4699 1703 4750 est.
1748 4692 2087 4749 Perfectum

422 4791 616 4842 autem
646 4787 817 4856 panis
849 4788 921 4843 de
952 4787 1123 4858 coelo,
1177 4803 1398 4858 corpus
1447 4801 1521 4841 ex
1559 4784 1826 4857 Virgine,
1869 4784 1942 4838 de
1973 4798 2088 4853 quo

423 4876 576 4932 satis
626 4875 1015 4948 Evangelium
1063 4880 1119 4931 te
1167 4876 1358 4932 docet.
1401 4874 1627 4941 Quanto
1675 4872 2091 4944 praestantiora

423 4967 555 5022 hac
585 4965 1004 5038 superioribus
1036 4965 1192 5037 (28)?
1222 4965 1370 5019 Illud
1400 4964 1558 5020 enim
1572 4978 1803 5032 manna,
1830 4962 1943 5017 hoc
1974 4965 2086 5031 est,

420 5072 637 5128 panem
684 5054 848 5110 illum
898 5054 999 5126 qui
1045 5055 1584 5123 manducaverunt,
1636 5050 1853 5106 mortui
1903 5052 2085 5105 sunt:

422 5148 582 5202 hunc
614 5148 809 5201 autem
857 5159 1068 5216 panem
1112 5143 1213 5215 qui
1241 5141 1705 5211 manducaverit,
1737 5140 1896 5195 vivet
1927 5138 1985 5193 in
2012 5153 2088 5194 ae-

422 5241 656 5293 ternum
685 5235 875 5307 (Joan.
906 5250 986 5305 vr,
1019 5232 1129 5304 52).

494 5380 607 5452 (28)
655 5377 951 5452 Quidquid
998 5394 1031 5432 a
1073 5373 1511 5452 primis_hujus
1566 5370 2089 5452 epistolae-verbis

422 5443 615 5525 usque
646 5443 721 5525 ad
751 5443 959 5525 vocem
988 5443 1972 5525 superioribuscomprehenditur,
2017 5443 2091 5525 ad

420 5514 785 5596 probandam
828 5514 1276 5596 substantialcm
1321 5514 1658 5596 Qhristijn
1718 5514 2091 5596 Eurharistia

420 5585 798 5666 praesentiam
847 5596 1068 5666 citaturg
1107 5610 1138 5647 a
1189 5591 1519 5646 Lant‘ranco
1552 5588 1652 5643 lib.
1698 5588 1771 5642 de
1823 5585 1995 5656 Corp.
2031 5592 2090 5640 et

421 5664 604 5738 Sang.
642 5667 807 5738 Dom.
845 5681 972 5738 cap.
1010 5664 1167 5738 18.Δ
1361 5734 1453 5738 ,,
1535 5733 1547 5738 ,
1631 5730 1641 5738 ,
1727 5731 1737 5738 ,
1841 5729 1862 5738 -
1973 5728 1981 5738 .

491 5684 544 5721 ιη
594 5709 604 5720 .
642 5684 807 5721 uom.
845 5684 911 5720 ca
962 5709 972 5720 .
1010 5684 1096 5722 ιδ.

491 5684 604 5812 (2g)
635 5736 832 5794 Multae
863 5684 999 5796 edit.
1035 5734 1252 5811 Paris,
1291 5759 1312 5784 α
1349 5734 1459 5803 Qui
1490 5730 1813 5807 gloriosior
1836 5728 2029 5786 fuerit.
2061 5751 2083 5777 ι»

2203 4599 2375 4667 atque
2425 4594 2718 4664 obdulcat,
2771 4594 3162 4664 resplendens
3211 4591 3476 4647 veritatis
3525 4598 3747 4642 corusco
3773 4583 3815 4632 et

2202 4685 2470 4739 mulcens
2520 4688 2794 4754 tanquam
2845 4683 2979 4737 favo
3030 4681 3318 4754 quodam,
3369 4681 3445 4733 ita
3491 4677 3812 4764 diversarum

2202 4773 2483 4828 virtutum
2514 4772 2802 4827 suavitate
2834 4776 2890 4826 et
2931 4787 3210 4826 sermone
3252 4767 3550 4842 sapientia:
3582 4780 3594 4819 :
3648 4784 3667 4809 σ
3699 4756 3811 4813 Favi

2202 4863 2357 4918 enim
2389 4863 2581 4917 mellis
2613 4876 2924 4917 sermones
2955 4863 3094 4915 sunt
3122 4859 3284 4928 boni,
3324 4882 3343 4907 ο
3381 4859 3531 4912 sicut
3568 4850 3810 4919 scriptum

2202 4956 2295 5008 est
2324 4952 2384 5007 in
2416 4951 2762 5006 Proverbiis
2794 4949 3004 5020 (Prov.
3036 4966 3154 5017 xw,
3188 4947 3299 5018 24).

2271 5042 2323 5097 3.
2385 5040 2504 5095 Cur
2557 5042 2749 5094 autem
2805 5038 3092 5093 minutum
3151 5038 3246 5104 sit,
3308 5047 3536 5090 causam
3589 5025 3809 5093 accipe:

2206 5132 2398 5197 1050
2432 5130 2569 5201 quia
2618 5133 2675 5184 et
2723 5142 2972 5201 granum
3022 5126 3248 5196 sinapis
3293 5124 3563 5178 minutum
3591 5118 3670 5171 est
3696 5108 3803 5201 (fit),

2202 5224 2359 5296 quod
2390 5197 2762 5292 comparatur
2790 5234 2976 5291 regno
3009 5217 3292 5271 ccelorum
3324 5213 3494 5283 (Luc.
3540 5221 3648 5273 xm,
3680 5197 3765 5265 19)
3792 5209 3801 5247 ε

2273 5366 2383 5436 (30)
2419 5366 2589 5421 Rom.
2624 5363 2787 5436 edit.,
2837 5383 2858 5407 ιι
2893 5360 3052 5415 dedit
3100 5358 3273 5413 vobis
3322 5353 3643 5411 Dominus...
3676 5339 3796 5394 Ver-

2201 5433 2372 5505 bum,"
2395 5437 2604 5507 inquit,
2636 5433 2814 5509 quod,
2854 5456 2875 5481 ω
2915 5436 3076 5509 etsi},
3118 5502 3158 5509 η
3370 5498 3407 5509 ..

2274 5455 2361 5505 ίιη,
2395 5451 2604 5507 inquit,
2636 5451 2814 5559 (Ἦρα,
2854 5456 2875 5481 ω
2915 5451 3056 5511 etc._
3397 5498 3407 5509 ο

2274 5509 2384 5575 (31)
2417 5509 2526 5561 His
2558 5522 2663 5559 ver
2708 5506 2759 5558 is
2788 5503 3086 5577 praemittit
3118 5502 3287 5555 Ilom.
3322 5499 3528 5577 edit.,.“

2201 5558 2323 5653 per.
2337 5558 2712 5653 superficiem
2744 5558 2965 5653 deserti
2994 5575 3279 5653 minutum
3310 5575 3369 5625 ut
3389 5558 3714 5623 coriandrum
3734 5565 3744 5619 ;
3768 5567 3785 5595 ³

2202 5642 2356 5725 Quod
2390 5642 2448 5705 in
2478 5649 2610 5704 aliis
2643 5653 2699 5705 et
2727 5661 2875 5702 mss.
2909 5642 3301 5701 (tesidcratur.
