4098 6178
175 276 345 340 127-3

1388 264 1996 338 EPISTOLARUM
2027 267 2370 335 CLASSIS
2400 269 2482 335 II.

3483 263 3642 336 1274

169 482 234 534 et
266 478 422 533 fides
458 492 593 549 quae
625 476 780 533 sicut
807 492 1062 549 granum
1089 478 1180 533 est
1198 478 1445 549 sinapis,
1477 480 1673 549 potest
1693 493 1856 533 mon-
1878 472 1936 544 Α
1976 477 2186 546 sticus,
2223 476 2379 533 sicut
2404 476 2744 548 umbilicus,
2776 457 2893 549 quo
2915 480 3121 535 ventre
3153 494 3272 534 non
3302 477 3494 535 solum
3527 475 3647 533 fcr-

169 572 269 624 tes
319 566 548 637 tollere,
600 570 657 622 et
699 567 928 639 jactare
974 568 1034 621 in
1078 582 1236 624 mare
1286 568 1447 638 (Luc.
1492 580 1633 637 XVII,
1668 564 1742 638 6).
1778 566 1849 622 Et

178 679 204 708 ι
244 656 533 713 fermento
566 653 761 711 simile
789 657 881 712 est
907 669 1162 729 regnum
1192 658 1496 728 caelorum,
1531 659 1686 728 quod
1718 658 1850 712 abs-

175 742 380 802 condit
425 746 637 801 mulier
677 746 738 800 in
781 745 989 801 farinae
1035 748 1336 801 mensuris
1380 746 1591 816 tribus,
1658 748 1847 802 donec

172 837 566 891 fermentatur
595 838 780 890 totum
810 835 973 905 (Luc.
1005 852 1128 904 xm,
1163 835 1273 905 2t),
1311 856 1335 886 ι
1380 835 1451 891 Et
1479 836 1720 907 Moyses
1753 851 1847 890 ca-

166 928 280 997 put
309 925 476 980 vituli
504 925 665 979 aurei
697 924 1041 979 comminuit
1069 926 1226 980 sicut
1247 925 1573 996 pulverem,
1609 928 1665 980 et
1686 926 1850 980 misit

168 1016 237 1071 in
268 1031 501 1087 aquam,
534 1017 591 1071 et
620 1014 778 1070 dedit
806 1015 1022 1085 populo
1040 1013 1244 1070 bibere
1267 1014 1485 1086 (Exod.
1516 1032 1705 1083 xxxn,
1730 1014 1845 1084 20);

168 1105 576 1160 incrassatum
608 1104 762 1159 enim
793 1106 919 1159 erat
949 1120 1053 1159 cor
1083 1118 1286 1160 eorum
1333 1103 1599 1175 perﬁdiae
1645 1104 1845 1157 imma-

169 1194 378 1263 nitate,
411 1197 473 1249 ut
501 1193 866 1250 emolliretur
894 1192 1029 1265 (32),
1065 1197 1121 1248 et
1166 1192 1304 1249 fidei
1348 1196 1608 1249 sumeret
1653 1192 1846 1247 subti-

167 1282 418 1341 litatem.
454 1282 721 1355 Denique
752 1282 852 1338 illa
878 1283 1108 1353 mulier,
1144 1299 1277 1355 quae
1324 1281 1477 1338 bene
1514 1278 1842 1352 emoluerit,

169 1374 556 1443 assumetur;
605 1387 674 1427 ea
716 1375 911 1426 autem
954 1387 1087 1444 quae
1122 1370 1272 1427 male
1304 1370 1635 1441 emoluerit,
1670 1370 1845 1426 dere-

168 1462 494 1534 linquetur.
1076 1468 1081 1477 '

245 1568 299 1623 4.
340 1567 545 1623 Emole
579 1583 725 1641 ergo
755 1570 812 1622 et
840 1570 905 1622 tu
935 1568 1109 1623 fidem
1140 1570 1319 1637 tuam,
1351 1570 1413 1621 ut
1443 1568 1533 1622 sis
1563 1567 1718 1621 sicut
1747 1565 1845 1620 illa

169 1658 368 1712 anima
399 1674 532 1729 quae
561 1655 781 1712 Christi
815 1657 876 1711 in
905 1672 972 1712 se
1005 1658 1350 1711 charitatem
1379 1656 1614 1726 excitat,
1669 1670 1845 1727 quam

168 1748 461 1801 mirantur
503 1746 926 1802 ascendentem
982 1747 1232 1801 virtutes
1300 1745 1623 1816 caalorum;
1688 1742 1847 1816 quod

171 1836 307 1890 sine
339 1830 665 1890 offensione
694 1836 997 1906 ascendat,
1029 1839 1085 1891 et
1115 1852 1190 1890 ex
1223 1835 1337 1890 hoc
1367 1835 1585 1889 mundo
1629 1849 1845 1888 ascen-

174 1922 275 1978 dat
305 1939 439 1978 cum
466 1924 668 1979 laetitia
699 1928 756 1979 et
776 1924 1147 1997 jucunditate
1183 1940 1194 1979 :
1217 1925 1370 1979 sicut
1397 1923 1533 1978 vitis
1556 1937 1843 1994 prepago,

173 2014 234 2068 et
281 2013 437 2067 sicut
486 2013 686 2068 fumus
741 2030 808 2068 se
853 2014 927 2068 ad
969 2029 1227 2084 superna
1258 2005 1548 2085 sub’rigat,
1583 2012 1844 2083 ﬂagrans

175 2101 423 2156 odorem
452 2102 912 2158 resurrectionis
941 2103 1075 2174 piae,
1111 2105 1168 2156 et
1197 2102 1544 2157 suavitatem
1576 2101 1731 2169 ﬁdei,
1764 2098 1844 2153 si-

173 2193 275 2245 cut
304 2190 493 2246 habes
526 2191 812 2263 scriptum
845 2207 856 2247 :
894 2214 915 2241 α
949 2191 1091 2258 Qum
1123 2194 1215 2247 est
1244 2192 1393 2261 haec,
1443 2206 1575 2262 quae
1612 2184 1844 2243 ‘ascen-

172 2278 259 2333 dit
306 2296 338 2333 a
387 2280 644 2351 deserto,
699 2281 855 2336 sicut
900 2281 1041 2336 vitis
1090 2296 1353 2353 propago
1386 2279 1546 2334 fumo
1575 2280 1841 2347 incensa,

172 2368 520 2424 odorificata
566 2369 677 2439 (33)
726 2370 964 2442 myrrha
1012 2372 1071 2426 et
1097 2370 1268 2425 thure
1298 2368 1371 2424 ab
1404 2368 1679 2424 omnibus
1709 2365 1845 2437 pul-

168 2458 418 2513 veribus
449 2459 736 2530 unguenti
768 2459 964 2529 (Cant.
997 2476 1081 2529 ιιι,
1116 2458 1220 2531 6)?
1256 2482 1277 2507 η

245 2547 299 2601 5.
338 2546 593 2602 Pulchre
639 2548 1020 2604 subtilitatem
1064 2547 1198 2620 ejus
1242 2546 1540 2618 expressit
1577 2545 1843 2618 pulveris

169 2636 611 2706 comparatione
643 2640 699 2692 et
730 2639 1016 2710 unguenti
1056 2638 1655 2707 commemoratione;
1704 2635 1841 2707 quia

167 2724 233 2779 in
279 2724 482 2780 Exodo
528 2726 744 2791 subtile
792 2726 1049 2799 legimus
1094 2726 1310 2798 (Exod.
1342 2742 1486 2795 xxx,
1520 2725 1632 2795 23),
1678 2727 1737 2780 et
1769 2740 1842 2780 ex

168 2813 377 2868 multis
407 2816 801 2886 compositum
830 2815 1144 2887 thymiama
1178 2813 1322 2870 illud
1352 2829 1490 2869 esse
1531 2814 1841 2869 incensum

163 2902 579 2974 propheticum
628 2902 763 2975 (3i),
814 2905 971 2976 quod
1021 2907 1113 2959 est
1152 2907 1492 2959 sanctorum
1540 2903 1750 2974 oratio,
1782 2905 1846 2958 ut

168 2990 464 3063 dirigatur
490 2992 552 3047 in
584 2994 909 3064 conspectu
939 2991 1191 3064 Domini,
1228 2994 1383 3049 sicut
1413 2996 1470 3048 et
1518 2992 1706 3047 David
1755 2992 1840 3047 di-

168 3080 253 3135 cit
295 3093 307 3135 :
366 3103 389 3128 α
443 3081 747 3155 Dirigatur
788 3083 972 3137 oratio
1022 3097 1171 3153 mea,
1221 3083 1375 3138 sicut
1420 3083 1732 3139 incensum
1781 3082 1841 3137 in

168 3173 497 3241 conspectu
539 3175 639 3227 tuo
689 3170 877 3243 (Psal.
932 3187 1064 3242 ch,
1113 3173 1189 3244 2).
1227 3197 1247 3221 ι·
1280 3172 1563 3245 [Denique
1593 3172 1841 3228 Graecus

162 3266 558 3327 Καθενθυνοίιτω
598 3268 629 3327 ἡ
669 3269 933 3343 προσευχὴ
971 3289 1069 3344 μου
1124 3268 1188 3332 ὡς
1230 3270 1459 3345 θυμίαμα
1514 3261 1722 3323 ἕνὼπιόν
1744 3288 1838 3323 σου

171 3356 338 3412 dixit.
374 3357 447 3413 Et
474 3358 534 3413 in
564 3358 923 3432 Apocalypsi
952 3360 1200 3415 Joannis
1230 3360 1488 3433 legimus
1521 3360 1658 3433 quia
1684 3382 1705 3410 ei
1729 3363 1839 3415 ste-

166 3446 237 3501 tit
264 3446 514 3520 angelus
545 3450 678 3503 ante
699 3448 900 3520 altare,
935 3448 1163 3504 habens
1186 3449 1549 3505 thuribulum
1571 3465 1837 3520 aureum,

169 3539 228 3591 et
276 3536 406 3591 data
457 3540 596 3591 sunt
637 3538 691 3591 ei
735 3538 1112 3609 thymiamata
1154 3538 1334 3593 multa
1366 3538 1437 3593 de
1469 3538 1838 3594 orationibus

169 3628 510 3681 sanctorum
571 3628 853 3682 omnium.
904 3626 975 3681 Et
1032 3627 1319 3697 ascendit,
1382 3628 1591 3700 inquit,
1641 3627 1841 3682 fumus

168 3714 611 3786 thymiamatum
643 3716 972 3771 orationum
1005 3719 1348 3771 sanctorum
1390 3716 1462 3771 de
1512 3733 1690 3771 manu
1733 3732 1842 3771 an-

169 3802 292 3877 geli
321 3804 381 3857 in
414 3806 736 3874 conspectu
768 3805 874 3860 Dei
905 3805 1109 3878 (Apoc.
1145 3823 1266 3876 vm,
1299 3806 1353 3877 3,
1385 3806 1461 3876 4).
1510 3827 1532 3856 ι

248 3892 302 3947 6.
346 3891 416 3946 Et
444 3893 760 3948 umbilicus
792 3894 1003 3950 animm
1033 3911 1101 3949 ac
1131 3898 1338 3949 venter
1366 3894 1604 3950 subtilis
1636 3898 1728 3950 est
1776 3895 1843 3951 il-

168 3981 311 4052 lius,
343 3998 476 4054 qum
506 3982 774 4037 ascendit
804 3983 876 4037 ad
906 3983 1206 4038 Christum
1232 4000 1246 4053 ;
1286 3984 1538 4056 ideoque
1570 3983 1842 4039 laudatur

167 4087 319 4126 voce
370 4072 578 4143 sponsi
626 4071 878 4127 dicentis
926 4088 938 4128 ε
994 4094 1015 4122 α
1064 4073 1394 4129 Umbilicus
1454 4077 1594 4129 tuus
1642 4076 1826 4138 1051

170 4164 364 4215 crater
404 4161 717 4231 tornatilis,
764 4177 882 4216 non
926 4162 1209 4217 deficiens
1240 4164 1435 4232 misto,
1471 4166 1678 4218 venter
1699 4169 1836 4218 tuus

172 4265 424 4304 acervus
475 4250 651 4305 triciti
703 4250 908 4305 minuti
950 4249 1062 4321 (35)
1126 4252 1279 4306 inter
1320 4252 1441 4305 lilia
1503 4252 1699 4319 (Cant.
1734 4269 1834 4319 vn,

170 4339 245 4409 2).
287 4361 309 4387 ι
362 4339 467 4394 Est
494 4340 651 4394 enim
680 4339 740 4394 in
772 4340 931 4396 omni
961 4341 1226 4396 doctrina
1258 4344 1546 4411 tornatus,
1582 4344 1638 4397 et
1666 4344 1841 4412 potus

173 4428 460 4499 spiritalis
508 4445 627 4484 non
674 4429 959 4485 deﬁciens
1005 4430 1388 4500 plenitudine,
1422 4434 1479 4485 et
1509 4431 1841 4487 caelestium

173 4521 547 4574 secretorum
577 4518 933 4590 cognitione.
970 4519 1189 4576 Venter
1217 4536 1452 4591 quoque
1483 4521 1695 4575 animae
1726 4536 1844 4591 my-

241 4677 354 4745 (3'2)
394 4677 706 4734 Mallemus
759 4681 1065 4750 scriptum,
1114 4701 1134 4729 α
1190 4681 1253 4734 ut
1282 4680 1673 4749 emoleretur;
1706 4696 1843 4735 nam

170 4751 468 4822 subtilitas
521 4751 970 4805 comminuendo
1017 4751 1235 4821 potius,
1270 4767 1445 4822 quam
1472 4751 1831 4822 emolliendo

170 4821 445 4891 efﬁcitur,
496 4826 553 4876 et
601 4822 936 4892 subjectum
982 4821 1441 4893 mulierisfqure
1470 4821 1621 4876 bene
1652 4823 1839 4877 molu-

170 4893 644 5017 eic'liuttexemplum
677 4893 878 4948 favet:
913 4896 1165 4947 attamen
1212 4893 1536 4947 reclamant
1582 4908 1729 4948 mss.
1784 4897 1839 4948 et

173 4978 205 5017 e
253 4982 265 5016 ι
301 5006 312 5017 .

173 4965 312 5017 edit.

240 5034 355 5103 (33)
395 5035 541 5090 Mss.
577 5035 816 5105 aliquot,
856 5059 877 5083 «ι
917 5036 1076 5090 fumo
1104 5036 1333 5090 incensi
1365 5035 1725 5090 odorificata.
1775 5058 1795 5083 ιο

242 5107 356 5175 (34)
401 5107 567 5161 Rom.
620 5107 756 5161 edit.
806 5108 951 5174 sola,
1009 5130 1030 5154 α
1080 5108 1215 5178 quia
1234 5108 1314 5161 in
1346 5107 1548 5162 Exodo
1578 5107 1836 5178 legimus

170 5178 562 5248 compositum
595 5179 810 5233 subtile
841 5179 1156 5249 thymiama
1189 5193 1200 5233 :
1237 5178 1381 5233 illud
1429 5194 1568 5234 vero
1620 5181 1712 5232 est
1751 5178 1839 5233 in-

169 5250 883 5321 censumprOpheticum.
933 5274 954 5297 π

239 5321 353 5391 (35)
394 5320 611 5391 Eadem
666 5323 833 5376 Rom.
887 5322 1045 5385 edit.,
1098 5320 1291 5374 triciti
1317 5322 1548 5390 muniti,
1594 5321 1688 5375 cui
1719 5321 1837 5375 lec-

164 5390 764 5464 tionisut‘fragantur
811 5408 1001 5447 sacrae
1050 5393 1285 5464 paginae
1320 5397 1529 5464 :rat.ex
1575 5392 1830 5447 adverso

167 5479 287 5518 non
335 5464 529 5518 solum
560 5463 719 5517 ’mss.
771 5480 839 5518 ac
890 5464 1026 5518 edit.
1079 5463 1379 5516 Ambrosii
1434 5463 1829 5534 refragantur,

167 5550 376 5589 verum
408 5539 464 5588 et
494 5535 685 5605 ipsius
716 5551 949 5607 quoque
968 5535 1376 5607 sensusratio.
1402 5534 1836 5607 EtcnimASpon-

167 5623 255 5661 sas
287 5610 493 5673 venter
524 5623 639 5661 non
672 5605 1021 5677 probaretur
1049 5605 1284 5660 subtilis
1315 5621 1473 5672 esse,
1500 5605 1655 5677 quod
1678 5620 1836 5659 acer-

168 5695 244 5731 vo
279 5677 453 5731 triciti
485 5678 687 5732 muniti
720 5678 933 5731 similis
960 5678 1279 5745 diceretur,
1302 5677 1408 5730 sed
1430 5676 1587 5747 quod
1620 5692 1831 5731 acervo

167 5750 347 5803 tritici
381 5750 585 5803 muniti
618 5765 687 5803 ac
716 5750 932 5803 tenuis.

244 5820 359 5892 (36)
398 5820 482 5875 Ita
530 5824 644 5877 vet.
693 5819 829 5875 edit.
862 5837 930 5875 ac
963 5821 1231 5893 plerique
1262 5820 1409 5874 Mss.
1448 5820 1616 5875 Ilom.
1653 5821 1848 5875 autem

1876 1860 1926 1924 Β

1874 3226 1925 3294 C

1863 4599 1913 4662 D

1972 569 2088 622 tem
2123 558 2319 622 cibum
2352 568 2549 637 sumit,
2586 582 2701 638 quo
2735 567 2910 623 corda
2942 566 3265 639 firmantur,
3318 560 3422 623 sed
3466 562 3639 623 etiam

1975 673 2220 712 suavem
2266 673 2333 711 ac
2380 658 2772 727 florulentum,
2822 674 2936 729 quo
2984 644 3362 714 delectantur.
3414 657 3484 713 Et
3516 658 3639 714 for-

1971 748 2134 802 tasse
2164 747 2279 801 hoc
2310 747 2507 801 docuit
2534 746 2774 818 Moyses
2807 748 3006 803 multis
3026 748 3418 819 orationibus,
3443 750 3498 802 et
3518 748 3635 820 piis

1973 834 2119 889 illud
2150 835 2532 907 mitigandum
2565 836 2965 908 sacrilegium.

2040 925 2092 979 ’7.
2136 924 2201 978 In
2230 924 2383 979 libro
2416 940 2649 997 quoque
2687 926 3033 997 Regnorum
3069 942 3200 981 cum
3234 942 3300 981 se
3347 925 3634 982 Dominus

1972 1017 2176 1069 sancto
2208 1012 2502 1069 revelaret
2534 1013 2699 1084 Eliae,
2733 1030 2849 1070 vox
2879 1031 3039 1071 aurae
3069 1016 3264 1071 tenuis
3296 1017 3631 1086 praecessit,

1970 1106 2027 1158 et
2071 1103 2266 1158 statim
2311 1117 2376 1158 se
2420 1103 2473 1158 oi
2519 1104 2805 1159 Dominus
2856 1102 3141 1160 revelavit
3173 1104 3288 1176 (II!
3321 1104 3469 1178 Reg.
3502 1122 3627 1176 xix,

1969 1191 2058 1262 12)
2110 1210 2121 1248 :
2169 1194 2231 1247 ut
2275 1208 2711 1264 cognoscamus
2756 1209 2857 1264 ea,
2918 1209 3052 1266 qua:
3112 1209 3396 1265 corporea
3453 1196 3626 1265 sunt,

1970 1296 2179 1337 crassa
2210 1297 2348 1337 esse
2379 1286 2435 1337 et
2465 1283 2706 1355 pinguia
2741 1299 2753 1339 :
2791 1299 2859 1338 ea
2904 1299 3037 1356 quae
3084 1284 3391 1354 spiritalia,
3439 1283 3636 1338 mollia

1970 1375 2028 1427 et
2069 1371 2345 1442 subtilia,
2404 1375 2468 1427 ut
2510 1389 2628 1428 non
2671 1373 2903 1444 possint
2948 1373 3367 1443 comprehendi
3421 1373 3633 1428 oculis.

1969 1460 2234 1532 Denique
2278 1464 2335 1516 et
2377 1461 2625 1533 spiritus
2672 1463 2977 1533 sapientiae
3021 1462 3261 1518 subtilis
3307 1465 3363 1518 et
3394 1461 3633 1517 mobilis

1967 1549 2185 1621 legitur
2228 1552 2288 1604 in
2331 1550 2482 1605 libro
2526 1550 2840 1622 Sapientiae
2888 1552 3049 1624 (Sep.
3082 1569 3184 1622 vu,
3219 1552 3332 1622 2‘2),
3379 1551 3515 1624 quia
3546 1554 3639 1606 est

1972 1638 2033 1693 in
2053 1638 2150 1693 illa
2170 1639 2416 1709 spiritus
2447 1640 2873 1713 intelligentiae,
2896 1643 3141 1696 sanctus
3174 1636 3407 1711 unicus,
3442 1642 3641 1696 multi-ﬁ

1968 1727 2123 1798 plex,
2158 1727 2415 1796 subtilis,
2449 1731 2505 1782 et
2534 1730 2771 1784 mobilis
2809 1746 2821 1784 :
2856 1731 2955 1800 qui
2986 1746 3298 1785 sermones
3332 1745 3478 1784 suos
3509 1745 3632 1784 mo-

1967 1816 2047 1871 lat
2075 1816 2263 1887 prius,
2298 1832 2371 1871 ne
2402 1816 2543 1887 quid
2575 1816 2831 1872 offendat
2861 1818 2955 1873 vel
2986 1819 3047 1872 in
3082 1834 3289 1886 sensu,
3338 1818 3433 1873 vel
3465 1819 3525 1872 in
3555 1819 3636 1872 a1-

1969 1905 2187 1977 loquio.
2222 1905 2486 1976 Denique
2521 1905 2805 1977 Babyloni
2837 1905 2940 1975 illi,
2981 1922 3115 1961 cum
3152 1908 3499 1962 destruetur
3526 1906 3640 1978 (36)

1969 1994 2198 2050 dicetur
2230 2012 2240 2049 :
2280 2018 2302 2042 α
2339 1994 2409 2049 Et
2439 2011 2555 2049 vox
2584 1996 2755 2050 molae
2786 2012 2903 2051 non
2934 1996 3203 2052 audietur
3234 1997 3293 2051 in
3309 1999 3365 2051 te
3385 1994 3638 2069 amplius

1970 2084 2173 2156 (Apoc.
2213 2100 2379 2153 xvm,
2412 2084 2522 2154 22).
2573 2108 2593 2132 η

2039 2172 2093 2227 8.
2137 2173 2265 2228 Hoc
2319 2173 2501 2246 igitur
2546 2189 2758 2228 manna
2802 2173 3019 2229 subtile
3069 2177 3217 2244 erat,
3264 2177 3321 2229 et
3363 2173 3435 2228 ad
3486 2173 3642 2229 diem

1971 2262 2382 2333 colligebatur,
2435 2263 2495 2317 in
2527 2262 2681 2317 diem
2715 2262 2962 2318 alterum
3009 2278 3122 2317 non
3154 2261 3537 2329 servabatur;
3571 2278 3641 2317 eo

1970 2352 2128 2424 quod
2157 2352 2392 2406 inventa
2424 2351 2732 2422 sapientiae
2777 2351 2838 2405 in
2882 2354 3148 2422 tempore
3199 2351 3319 2407 sint
3352 2350 3636 2424 gratiora,

1970 2456 2081 2496 nec
2111 2442 2229 2495 tam
2259 2440 2525 2494 miranda
2556 2456 2688 2512 quae
2720 2440 2909 2511 spatio
2940 2440 3223 2511 temporis
3242 2441 3638 2512 reperiuntur,

1971 2545 2146 2601 quam
2183 2529 2280 2583 illa
2313 2546 2446 2600 quae
2474 2531 2793 2600 praesentis
2826 2529 3154 2584 funduntur
3194 2529 3422 2603 ingenii
3467 2531 3638 2584 viva—

1973 2619 2144 2674 citate
2204 2618 2331 2673 sive
2377 2619 2512 2690 quia
2559 2617 2755 2673 futura
2803 2618 3144 2674 revelantur
3186 2619 3506 2690 mysteria,
3568 2635 3639 2675 eo

1971 2708 2129 2780 quod
2172 2710 2472 2763 servatum
2518 2724 2730 2762 manna
2793 2724 2985 2779 usque
3034 2709 3108 2763 ad
3153 2708 3301 2764 solis
3345 2711 3636 2777 exortum,

1970 2796 2101 2851 esui
2126 2796 2252 2868 jam
2283 2812 2422 2851 esse
2461 2812 2579 2851 non
2612 2800 2837 2867 posset,
2873 2797 2931 2851 id
2962 2799 3055 2852 est
3084 2812 3279 2869 usque
3310 2797 3383 2851 ad
3417 2795 3641 2852 Christi

1968 2886 2282 2941 adventum
2313 2885 2533 2941 habere
2568 2886 2819 2958 gratiam
2853 2903 2864 2941 :
2902 2887 3127 2942 oriente
3163 2890 3359 2941 autem
3387 2885 3638 2958 justitiaa

1969 2975 2125 3045 Sole,
2165 2978 2221 3030 et
2253 2974 2758 3047 splendidioribus
2805 2975 3025 3031 Christi
3080 2977 3356 3047 corporis
3402 2979 3459 3030 et
3503 2991 3638 3030 san-

1969 3065 2171 3137 guinis
2209 3065 2599 3120 sacramentis
2636 3065 3095 3138 refulgentibus,
3153 3067 3463 3121 cessarent
3496 3064 3643 3121 infe-

1970 3153 2149 3222 riora,
2182 3154 2443 3225 perfecta
2470 3154 2574 3209 illa
2606 3155 2893 3210 sumenda
2925 3154 3141 3226 populo
3163 3153 3375 3209 forent.
3397 3153 3560 3225 Vale,
3582 3156 3640 3208 et

1970 3257 2081 3299 nos
2112 3243 2312 3316 dilige,
2348 3245 2484 3315 quia
2511 3259 2622 3299 nos
2658 3258 2892 3315 quoque
2928 3247 2983 3298 te
3020 3242 3352 3315 diligimus.

2515 3332 2883 3388 EPISTOLA
2920 3331 3095 3387 LXV.

1969 3412 2391 3469 Smrucumun
2425 3430 2531 3469 cur
2568 3412 3178 3485 hostiarumsanguis
3209 3413 3638 3485 partimsuper

2042 3485 2253 3555 altare,
2273 3487 2494 3557 partim
2517 3486 2577 3540 in
2600 3491 2874 3539 crateras
2892 3482 3334 3557 irnﬁin’dere'tur,
3359 3482 3636 3539 scire'cu-

2034 3554 2299 3628 piente’m
2320 3557 2678 3612 Ambrosius
2701 3555 3034 3628 ΔΙιοηοιξίίῑοθ
3056 3554 3343 3628 αΙζοοιιιιις
3360 3571 3471 3626 per
3504 3571 3638 3610 cru-

2042 3626 2169 3683 oris
2180 3633 2415 3699 partem
2440 3645 2546 3700 qua
2558 3626 3042 3699 perfundebatur
3081 3626 3273 3681 altare
3311 3628 3633 3699 mysterio-
3662 3690 3669 3695 ι

2040 3716 2171 3753 rum
2195 3700 2587 3769 cognitionem
2612 3718 2627 3753 :
2645 3714 2759 3769 per
2780 3714 2904 3752 cam
2934 3712 3090 3761 vero,
3121 3714 3245 3769 quae
3263 3702 3325 3769 in
3362 3704 3638 3769 crateras

2040 3768 2494 3838 immittebatur,
2516 3768 2739 3825 morum
2760 3769 3071 3824 scientiam
3093 3768 3429 3839 signiﬁcari
3445 3768 3636 3824 docet.

2042 3841 2262 3913 Subdit
2302 3842 2548 3913 insuper
2594 3839 3206 3913 adventumﬂlzristi,
3253 3840 3351 3911 qui
3391 3846 3638 3913 utraque

2042 3911 2357 3983 disciplina
2380 3911 2487 3968 nos
2509 3912 2792 3980 erudivit,
2833 3913 3043 3984 quique
3060 3912 3321 3984 proprio
3349 3911 3639 3983 sanguine

2043 3981 2245 4039 omnes
2262 3984 2539 4053 redemit,
2566 3985 2627 4037 in
2652 3981 2858 4038 eodem
2875 3981 3528 4055 sacri/icio'ﬁguratum.

2268 4074 2609 4128 AMBROSIUS
2651 4072 3028 4126 Summano
3070 4071 3341 4126 salutem.

2043 4161 2094 4216 1.
2126 4161 2347 4217 Motum
2367 4167 2443 4230 te,
2481 4178 2613 4216 cum
2636 4161 2896 4233 legeres,
2925 4160 3279 4232 significasti
3310 4159 3472 4229 mihi,
3498 4162 3637 4233 quid

1971 4251 2087 4306 sibi
2118 4251 2277 4319 velit,
2312 4252 2468 4323 quod
2498 4251 2738 4320 Moyses
2776 4250 2970 4313 1052
3000 4252 3135 4319 post
3162 4248 3418 4304 oblatum
3453 4250 3637 4303 sacri-

1969 4341 2187 4409 ﬁcium,
2223 4343 2280 4396 et
2308 4340 2637 4395 immolatae
2670 4340 2915 4394 Domino
2948 4338 3244 4394 salutares
3272 4338 3521 4407 hostias,
3558 4340 3637 4393 di-

1967 4431 2206 4485 midiam
2233 4434 2461 4501 partem
2493 4428 2805 4500 sanguinis
2828 4427 2887 4482 in
2906 4431 3169 4483 crateras
3191 4427 3441 4496 miserit,
3474 4428 3639 4483 dimi-

1968 4520 2125 4575 diam
2173 4523 2366 4574 autem
2411 4519 2485 4573 ad
2528 4517 2710 4572 altare
2761 4514 3033 4572 effuderit
3080 4515 3300 4587 (Exod.
3352 4532 3511 4585 xxiv,
3552 4516 3629 4587 6).

1967 4682 2104 4735 edit.
2159 4681 2304 4749 sola,
2357 4696 2481 4749 qua;
2520 4679 2912 4735 destruetur:
2949 4679 3004 4731 at
3054 4691 3187 4729 cum
3234 4676 3351 4729 ant.
3394 4675 3529 4731 edit.
3562 4692 3632 4732 ac

1966 4769 2113 4806 mss.
2150 4750 2470 4817 nonnullis,
2504 4750 2747 4804 dicitur.

2037 4824 2171 4904 φῖ).
2192 4824 2296 4876 His
2313 4821 2705 4904 potissimum
2726 4819 2931 4904 verbis
2954 4818 3062 4904 niti.
3079 4817 3314 4899 videtur
3336 4819 3632 4904 Bgronius

1961 4895 2023 4948 in
2045 4889 2349 4947 Ambrosii
2368 4893 2514 4961 Vita,
2549 4898 2610 4945 ut
2631 4892 2837 4945 doceat
2858 4889 3301 4961 Simplicianum
3325 4907 3356 4944 a
3380 4891 3632 4947 Damaso

1966 4966 2136 5020 Rom.
2185 4964 2351 5017 Pont.
2402 4963 2795 5017 Mediolanum
2841 4961 3036 5016 statim
3092 4963 3267 5032 atque
3323 4962 3626 5018 Ambrosii

1963 5035 2389 5090 ordinationem
2430 5034 2695 5099 rescivit,
2741 5034 2995 5087 missum
3040 5032 3266 5101 fuisse,
3330 5035 3431 5101 qui
3474 5051 3628 5089 novo

1962 5108 2242 5178 episcopo
2274 5109 2329 5159 et
2358 5122 2390 5159 a
2420 5104 2746 5178 provinciae
2778 5103 3284 5178 administratione
3304 5103 3374 5159 ad
3394 5107 3624 5176 episco-

1961 5177 2090 5250 pale
2139 5193 2352 5232 munus
2398 5177 2624 5231 adscito
2668 5177 2854 5246 patris
2899 5191 2966 5229 ac
3022 5178 3409 5250 praeceptoris
3459 5178 3630 5250 vices

1961 5247 2254 5321 praeberet
2288 5264 2469 5321 {eum
2500 5252 2692 5321 autem
2726 5250 3054 5321 cumesset
3085 5247 3367 5321 dignitate
3383 5248 3632 5321 inferior

1959 5319 2272 5391 discipulo,
2307 5320 2459 5373 hanc
2478 5319 2730 5373 adillum
2749 5319 3135 5373 erudiendum
3170 5319 3324 5391 viam
3355 5319 3627 5391 inivisse,

1958 5395 2021 5447 ut
2052 5388 2167 5446 non
2213 5392 2515 5445 doctorem
2560 5393 2792 5461 ageret,
2843 5391 2949 5446 sed
2994 5390 3185 5461 quasi,
3216 5388 3503 5461 discipuli
3537 5388 3631 5461 sui

1958 5464 2314 5533 discipulum
2347 5478 2412 5517 se
2444 5458 3126 5531 exhiberet,propos_itis
3158 5460 3229 5514 de
3264 5475 3435 5533 sacra
3467 5458 3625 5533 Scri-

1956 5530 2131 5604 ptura
2170 5535 2524 5605 quibusdam
2570 5530 3005 5604 qumstidnibus
3039 5533 3231 5605 ipsum
3266 5531 3341 5605 ad
3371 5530 3621 5605 proban-

1956 5598 2063 5659 ἣτις
2096 5598 2317 5677 ingenii
2350 5606 2512 5659 vires
2544 5598 2833 5671 excitans,
2869 5608 2924 5658 et
2955 5598 3126 5677 quasi
3160 5598 3624 5677 aquila_pullum

1956 5694 2127 5730 suum
2163 5669 2231 5729 ad
2252 5677 2566 5731 velandum
2597 5669 2953 5746 provocans.
2973 5669 3480 5746 "Haeguip'sajgem
3507 5686 3629 5746 car-

1956 5748 2168 5804 dinalis
2214 5748 2272 5804 in
2316 5739 2654 5805 Annalibus
2684 5748 2756 5803 ad
2801 5759 3017 5800 annum
3060 5741 3165 5798 375
3190 5739 3252 5796 et
3280 5739 3387 5796 885
3419 5740 3629 5809 eodem
