4098 6178
477 239 635 308 1275
1907 197 2469 307 sQAmenosu.

3753 243 3934 308 1276

476 441 593 498 Sed
640 441 742 514 qui
779 443 891 512 est,
947 443 1106 517 quod
1158 441 1290 514 ipse
1347 443 1580 498 dubites
1621 442 1757 515 (57),
1800 445 1859 499 et
1896 459 1928 497 a
1967 443 2142 498 nobis
2169 451 2229 514 Α
2259 459 2370 500 suo
2413 443 2730 518 assignare
2773 445 3016 518 ingenio
3062 444 3501 502 reformidabat.
3553 445 3676 502 Sed
3705 449 3770 502 et
3801 447 3941 518 ipse

476 531 790 602 requiras;
824 546 958 588 cum
987 531 1126 586 fidei
1153 534 1210 590 et
1240 532 1621 605 acquirendae
1657 531 2020 605 cognitionis
2052 532 2145 587 di-
2261 533 2548 590 Dominus
2590 534 2824 590 dicebat
2879 535 3190 607 apostolis,
3250 550 3319 590 os
3368 550 3544 590 suum
3600 535 3896 605 aperiens
3927 551 3940 590 :

476 621 632 675 vinea
681 620 869 692 gratia
917 623 1098 676 totum
1148 621 1352 677 orbem
1381 621 1824 694 peragraveris,
1861 625 1918 676 et
1947 623 2146 693 quoti-
2225 623 2526 694 'Accipite
2576 623 2860 695 Spiritum
2905 627 3176 679 sanctum
3225 623 3416 692 (Joan.
3448 641 3549 694 xx,
3583 621 3730 693 22)?
3769 647 3792 674 ι
3830 641 3949 696 quo

477 709 668 765 dianae
699 709 939 764 lectioni
967 711 1274 766 nocturnis
1305 725 1373 766 ac
1417 711 1652 766 diurnis
1699 710 1934 764 vicibus
1975 725 2148 765 omne
2259 712 2582 768 declaravit
2615 713 2808 780 1653
2843 727 2910 768 se
2943 729 3082 768 esse
3113 713 3214 784 qui
3246 713 3435 785 Moysi
3458 713 3693 768 dixerat
3721 730 3735 767 :
3769 736 3793 759 ει
3818 711 3948 784 Ego

477 797 614 853 vitae
643 797 825 869 hujus
852 800 1086 870 tempus
1115 799 1514 876 deputaveris,
1549 799 1672 854 acri
1702 799 2042 870 praesertim
2069 799 2154 854 in-
2260 803 2517 874 aperiam
2549 819 2616 858 os
2646 806 2833 873 tuum,
2867 807 2925 858 et
2953 803 3242 873 instruam
3269 805 3329 858 te
3359 803 3500 874 quid
3532 801 3767 858 debeas
3783 802 3951 873 loqui

479 887 656 960 genio
703 887 877 942 etiam
919 887 1314 960 intelligibilia
1362 889 1764 958 complectens
1817 890 2017 958 utpote
2048 889 2151 960 qui
2260 891 2476 962 (Exod.
2509 909 2588 962 xv,
2625 892 2735 962 12).
2777 913 2799 941 ι
2849 891 3008 964 Ergo
3057 891 3189 946 haec
3235 891 3526 962 sapientia
3570 891 3786 945 divina
3817 891 3950 944 ine-

481 977 656 1034 etiam
685 975 1078 1050 philosophiae
1111 977 1322 1046 libros,
1369 994 1546 1049 quam
1577 993 1610 1032 a
1640 991 1783 1032 vero
1814 977 1936 1032 sint
1967 976 2150 1048 devii,
2262 980 2598 1050 narrabilis,
2629 981 2974 1051 inpermista
3003 983 3178 1052 atque
3209 979 3551 1051 incorrupta
3585 983 3942 1034 sanctorum

484 1065 890 1122 demonstrare
933 1065 1152 1136 soleas,
1187 1069 1244 1122 et
1271 1065 1589 1138 plerosque
1610 1069 1726 1120 tam
1757 1065 1966 1120 inanes
1990 1080 2151 1136 esse,
2261 1070 2474 1124 animis
2505 1069 2601 1125 sui
2631 1069 2888 1125 infundit
2917 1069 3189 1142 gratiam,
3237 1072 3296 1124 et
3327 1069 3742 1142 cognitionem
3777 1083 3949 1126 reve-

487 1157 550 1211 ut
577 1154 746 1224 prius
776 1154 1165 1213 scribentium
1197 1155 1256 1210 in
1287 1155 1417 1210 suis
1451 1155 1691 1226 scriptis
1725 1169 1944 1224 sermo,
1979 1170 2156 1243 quam
2261 1159 2360 1230 lat,
2394 1161 2457 1214 ut
2485 1157 2870 1230 speculantur
2901 1157 3036 1230 ejus
3073 1158 3345 1231 gloriam.

487 1243 607 1299 vita
636 1259 843 1334 eorum
873 1243 1178 1300 defecerit.
1215 1324 1226 1329 -
2063 1333 2069 1334 γ
2133 1332 2136 1334 ἓ
2335 1248 2388 1304 5.
2430 1247 2534 1303 Illa
2581 1252 2776 1304 autem
2817 1247 3061 1303 moralis
3109 1247 3418 1318 sapientiae
3459 1246 3797 1318 disciplina
3841 1249 3949 1316 est,

560 1334 614 1389 2.
655 1332 874 1389 Tamen
919 1334 1053 1406 quia
1097 1335 1330 1390 collatio
1381 1336 1700 1404 sermonis,
1755 1337 1818 1389 ut
1862 1332 2152 1405 pecuniae,
2265 1353 2396 1410 quae
2443 1337 2689 1392 mittitur
2731 1338 2793 1392 in
2838 1339 3120 1405 crateras,
3157 1339 3216 1391 et
3245 1351 3320 1390 ex
3348 1335 3468 1390 illis
3499 1335 3848 1406 percipitur
3873 1337 3954 1389 at-

491 1436 708 1494 magno
755 1425 848 1478 est
888 1423 1044 1488 usui,
1099 1426 1273 1496 atque
1317 1439 1386 1480 ea
1434 1425 1728 1480 maximus
1758 1424 1817 1478 in
1849 1436 2160 1478 commune
2265 1442 2380 1498 que
2410 1426 2696 1482 hauritur.
2729 1424 3004 1481 Crateras
3024 1425 3208 1497 igitur
3229 1440 3517 1480 sensuum
3534 1425 3950 1494 receptacula.

493 1511 950 1569 emolumentum
1027 1513 1446 1586 negotiationis
1522 1512 1826 1584 profectus
1863 1501 2156 1583 'paratur,

494 1617 668 1674 quam
699 1601 988 1658 mirabilis
1019 1602 1097 1657 sit
1126 1603 1236 1656 ista
1269 1602 1582 1676 sanguinis
1615 1601 1853 1671 divisio,
1904 1601 2160 1657 reticere

495 1706 614 1749 non
643 1705 816 1763 queo.
849 1693 998 1746 Pars
1028 1691 1185 1748 enim
1213 1691 1347 1763 ejus
1377 1692 1659 1746 moralem
1689 1691 1996 1762 sapientiae
2045 1689 2163 1744 dis-

2231 1513 2541 1570 'Crateres
2586 1515 2742 1571 oculi
2781 1517 2921 1571 sunt
2963 1513 3100 1580 duo,
3152 1529 3330 1570 aures
3371 1516 3530 1583 sunt,
3569 1529 3766 1568 nares
3800 1518 3951 1577 sunt,

2272 1619 2342 1660 os
2385 1620 2639 1676 quoque,
2690 1607 2746 1659 et
2791 1603 2923 1658 aliae
2964 1605 3162 1674 partes
3196 1601 3628 1658 convenientes
3663 1603 3952 1657 muneri:

2275 1695 2430 1750 oculi
2459 1694 2616 1748 enim
2643 1694 2838 1748 visum
2871 1692 3162 1763 recipiunt
3192 1693 3250 1746 et
3280 1691 3646 1759 ministrant,
3684 1691 3956 1746 auditum

499 1779 774 1853 ciplinam
804 1778 1037 1834 videtur
1087 1780 1450 1852 signiﬁcare,
1499 1795 1638 1850 pars
1687 1779 2016 1851 mysticam.
2057 1777 2160 1832 Illa
2195 1769 2243 1830 Β
2274 1799 2484 1853 aures,
2509 1783 2750 1838 odorem
2780 1797 2978 1849 nares,
3011 1795 3115 1835 ora
3144 1782 3465 1852 gustatum,
3501 1781 3558 1834 et
3591 1783 3853 1835 caetera.
3901 1779 3958 1834 In

499 1883 632 1938 quae
677 1867 736 1920 in
782 1869 1041 1922 crateras
1085 1868 1350 1936 mittitur,
1402 1869 1644 1924 moralis
1693 1871 1784 1923 est
1819 1883 1831 1924 :
1868 1867 1996 1923 haec
2027 1883 2162 1938 quae

499 1955 574 2010 ad
601 1955 782 2011 altare
812 1955 1150 2027 effunditur,
1186 1957 1431 2032 mystica
1460 1973 1474 2028 ;
1509 1973 1578 2012 eo
1611 1957 1765 2029 quod
1800 1957 1998 2012 divino
2031 1973 2163 2010 mu-

2274 1873 2423 1928 istos
2455 1875 2716 1928 crateres
2745 1867 3006 1926 Verbum
3038 1868 3202 1940 illud,
3235 1868 3297 1922 in
3327 1885 3442 1942 quo
3461 1873 3554 1924 est
3577 1868 3958 1940 principatus

2275 1961 2590 2017 sacerdotii
2632 1960 2726 2016 vel
2770 1958 3132 2030 prophetiae,
3193 1955 3438 2012 effundit
3479 1958 3826 2030 sanguinis
3874 1959 3956 2014 sui

501 2059 646 2100 nere
693 2047 750 2100 et
795 2046 1154 2116 aspiratione
1201 2046 1454 2118 quadam
1505 2047 1780 2101 humanis
1822 2045 2168 2102 infundatur
2217 2063 2232 2094 ι
2274 2055 2507 2124 partes,
2568 2052 2629 2105 ιιι
2687 2049 2950 2104 viviﬁcet
3009 2049 3184 2118 atque
3229 2047 3448 2102 animat
3503 2046 3958 2102 irrationabiles

501 2133 820 2204 mentibus,
872 2137 935 2190 ut
969 2135 1394 2199 convenientia
1441 2139 1498 2192 et
1539 2135 1676 2190 ﬁdei
1707 2134 1878 2206 plena
1927 2135 1998 2190 de
2045 2134 2167 2188 Deo

503 2223 778 2280 sentiant.

570 2321 624 2376 3.
667 2320 932 2394 Denique
964 2322 1063 2394 qui
1093 2321 1274 2377 locuti
1305 2325 1442 2378 sunt
1473 2323 1544 2377 de
1578 2321 1712 2394 ejus
1747 2321 2076 2394 majestate,
2111 2323 2168 2376 et

502 2409 575 2466 de
627 2410 995 2481 coelestibus,
1046 2411 1138 2466 vel
1187 2412 1458 2482 apostoli,
1493 2411 1588 2466 vel
1621 2411 1810 2466 sancti
1840 2411 2162 2480 prophetae,

502 2500 742 2556 nonnisi
773 2516 846 2555 ex
879 2500 1238 2584 revelatione
1269 2501 1668 2556 demonstrata
1699 2499 1816 2554 sibi
1843 2499 2004 2570 loqui
2035 2499 2168 2553 ausi

503 2592 660 2644 sunt.
696 2589 864 2646 Unde
897 2589 1115 2646 Paulus
1148 2593 1204 2646 et
1233 2594 1462 2660 raptum
1495 2606 1562 2645 se
1595 2591 1653 2644 in
1699 2589 2059 2660 paradisum,
2111 2589 2168 2642 et

2273 2141 2596 2212 portiones,
2631 2142 2688 2194 et
2719 2138 2896 2193 faciat
2927 2135 3335 2192 rationabiles.

2343 2229 2396 2285 6.
2440 2229 2705 2300 Denique
2745 2227 2846 2283 ubi
2874 2226 3028 2298 legis
3059 2227 3355 2296 praecepta
3387 2227 3784 2280 enumeravit
3799 2229 3962 2298 atque

2273 2319 2638 2375 annuntiavit
2677 2317 2914 2388 populo,
2965 2313 3254 2370 theoriam
3297 2315 3504 2384 postea
3549 2313 3964 2387 intelligibilis

2274 2408 2436 2463 illius
2468 2423 2623 2462 arcae
2652 2404 2996 2473 testimonii,
3030 2403 3123 2458 vel
3155 2401 3514 2472 candelabri,
3562 2402 3668 2459 vel
3717 2403 3966 2474 thymia-

2275 2496 2504 2552 materii
2546 2495 2659 2566 (40)
2704 2495 3033 2563 locuturus,
3085 2491 3409 2546 immolavit
3451 2491 3693 2547 hostias
3737 2497 3804 2549 et
3836 2493 3970 2547 liba-

2274 2584 2738 2658 vit,_sanguinis
2781 2586 3006 2654 partem
3050 2579 3362 2636 effundens
3411 2580 3714 2637 altaribus
3751 2583 3968 2650 sacris,

2275 2677 2500 2747 partem
2543 2676 2738 2730 autem
2781 2670 3102 2727 infundens
3151 2665 3480 2724 crateribus
3539 2669 3786 2740 (Exod.
3843 2688 3975 2737 xxv,

2276 2764 2712 2924 31’lfelgiibrgo
2742 2847 2960 2904 divisio
2991 2843 3261 2918 mysticm
3292 2843 3471 2915 illius,
3506 2846 3622 2902 hoc
3662 2849 3800 2916 est,
3837 2848 3980 2904 divi~

501 2677 745 2734 audisse
794 2694 862 2733 se
911 2678 1117 2747 verba,
1160 2695 1293 2750 quae
1325 2696 1442 2735 non
1472 2680 1609 2734 licet
1640 2679 1862 2734 homini
1893 2678 2072 2750 loqui,
2108 2677 2168 2730 in

503 2767 752 2836 epistola
799 2782 908 2822 sua
959 2767 1308 2824 testificatus
1356 2771 1448 2824 est
1486 2769 1574 2838 (ΙΙ
1601 2767 1734 2824 Cor.
1771 2785 1874 2837 xu,
1909 2767 1962 2836 4)
1999 2784 2010 2822 :
2049 2765 2170 2821 Ste-

471 2855 735 2929 ‘phanus
783 2872 1017 2928 quoque
1065 2857 1211 2912 vidit
1257 2857 1442 2916 caelos
1475 2861 1737 2928 apertos,
1772 2860 1828 2912 et
1858 2857 2064 2912 Jesum
2095 2855 2168 2910 ad

503 2945 808 3000 dexteram
837 2945 941 3002 Dei
975 2949 1225 3002 stantem
1256 2947 1416 3018 (Act.
1448 2965 1548 3017 vn,
1582 2948 1712 3016 55):
1739 2949 1795 3002 et
1827 2945 2012 3000 David
2041 2961 2172 3016 pro-
2284 2960 2376 3000 nm
2417 2941 2779 3012 moralisque
2823 2936 3150 3010 sapientiae.
3181 2929 3343 3006 Λόγος
3388 2936 3544 2991 enim
3587 2937 3854 2993 divisor
3897 2943 3978 3018 est

501 3033 678 3106 pheta
724 3033 836 3104 (38)
882 3035 1028 3090 vidit
1075 3009 1380 3092 sedentem
1430 3009 1618 3108 (Ps'al.
1654 3009 1770 3106 cxx,
1808 3034 1882 3106 t).
1916 3009 2064 3089 Nam
2097 3033 2170 3088 de
2287 3033 2614 3088 animarum
2640 3009 2814 3102 atque
2844 3009 3317 3102 virtutumle
3345 3027 3540 3082 autem
3569 3023 3854 3080 verbum
3884 3009 3982 3080 Dei

505 3121 711 3194 Moyse
761 3123 908 3220 quid
943 3124 1174 3220 loquar,
1226 3125 1298 3181 de
1329 3141 1445 3220 quo
1479 3125 1621 3220 dicit
1650 3123 1976 3195 Scriptura,
2013 3123 2170 3194 quod
2206 3158 2258 3220 Ο
2289 3121 2550 3177 validum
2591 3122 2650 3176 et
2690 3122 2960 3190 acutum,
3007 3119 3164 3190 quod
3209 3115 3530 3190 pertransit
3571 3129 3648 3168 ac
3693 3115 3979 3184 penetrat

503 3228 620 3267 non
651 3213 916 3270 surrexit
941 3215 1195 3286 amplius
1225 3214 1510 3287 propheta
1543 3214 1602 3268 in
1633 3213 1818 3268 Israel
1851 3215 2006 3270 sicut
2039 3212 2169 3266 Mo-
2209 3203 2257 3220 ν
2290 3227 2482 3283 usque
2512 3209 2586 3264 ad
2616 3208 2971 3265 divisionem
3000 3209 3212 3264 animae
3244 3206 3456 3279 (Hebr.
3489 3219 3568 3273 ιν,
3605 3203 3726 3273 η),
3787 3203 3978 3258 virtu-

501 3317 666 3373 yses,
697 3303 799 3374 qui
827 3303 1004 3358 scivit
1035 3305 1346 3360 Dominum
1380 3303 1530 3359 facie
1559 3303 1633 3358 ad
1664 3303 1896 3371 faciem,
1951 3302 2012 3356 in
2042 3317 2171 3356 om-
2289 3305 2380 3357 tes
2425 3314 2659 3372 quoque
2685 3297 3014 3370 ‘distinguit
3054 3301 3114 3352 et
3155 3297 3398 3366 dividit;
3445 3291 3624 3364 cujus
3687 3293 3981 3346 minister

502 3389 680 3446 nibus
709 3391 904 3464 signis
933 3395 992 3448 et
1018 3393 1332 3465 prodigiis,
1367 3409 1500 3465 quae
1523 3392 1662 3448 fecit
1683 3393 1742 3447 in
1762 3395 1922 3446 terra
1945 3390 2176 3463 Egyp-
2285 3390 2528 3461 Moyses
2557 3386 2852 3442 divisione
2881 3387 3198 3460 sanguinis
3241 3385 3522 3440 virtutum
3563 3395 3818 3454 genere
3867 3381 3981 3436 dis-

503 3479 543 3533 ti
574 3479 768 3549 (Deut.
802 3499 1002 3551 xxxxv,
1038 3483 1124 3551 10,
1165 3481 1277 3555 11).

2290 3479 2474 3538 tinxit.

571 3576 626 3632 4.
668 3577 916 3650 Mystica
947 3595 1092 3652 ergo
1123 3579 1245 3635 Deo
1274 3579 1494 3635 libatur
1523 3575 1656 3648 (39},
1703 3577 1802 3649 qui
1848 3576 2168 3649 Splendor-9
2350 3570 2404 3624 8.
2446 3567 2518 3622 Et
2547 3566 2684 3639 quia
2713 3564 2858 3622 nihil
2889 3581 3013 3636 prae
3044 3563 3279 3620 caeteris
3311 3561 3557 3652 inrlege,
3589 3558 3717 3614 nisi
3738 3557 3978 3614 Christi

2279 3659 2568 3714 adventus
2627 3655 3039 3724 annuntiatur,
3109 3657 3284 3726 atque
3341 3651 3478 3724 ejus
3533 3648 3979 3722 praeﬁguntur

2277 3747 2512 3820 passio;
2545 3745 2679 3801 vide
2707 3759 2781 3801 ne
2815 3745 2931 3799 ista
2960 3743 3039 3798 sit
3069 3743 3265 3798 hostia
3285 3727 3584 3808 salutaris,
3620 3754 3820 3811 quam
3847 3738 3984 3792 Ver.

2276 3839 2416 3894 bum
2447 3836 2608 3892 Deus
2643 3835 2702 3889 in
2735 3833 3060 3904 semetipso
3093 3830 3324 3902 obtulit,
3373 3833 3546 3902 atque
3588 3827 3652 3881 in
3695 3843 3830 3883 suo
3881 3829 3980 3882 imo

2277 3925 2518 3983 molavit
2561 3938 2807 3994 corpore
2842 3939 2855 3978 :
2891 3921 3050 3994 quod
3093 3921 3282 3992 primo
3331 3917 3612 3988 moralem
3659 3916 3726 3970 in
3775 3916 3976 3971 Evan-

504 3666 720 3724 divinae
769 3669 1096 3740 sapientiae,
1149 3669 1325 3742 cujus
1374 3671 1542 3740 pater
1589 3671 1646 3724 et
1676 3667 1912 3740 genitor
1942 3669 2054 3736 est,
2091 3666 2174 3722 in-

504 3759 759 3814 ﬂammat
786 3759 997 3814 animae
1027 3759 1302 3832 vigorem
1332 3774 1401 3814 ac
1431 3760 1684 3814 mentem
1718 3756 2024 3812 illuminat.
2059 3755 2170 3810 Sa-

503 3848 722 3922 pientia
766 3852 961 3904 autem
1005 3849 1112 3904 Dei
1159 3847 1458 3918 Christus,
1508 3848 1568 3902 in
1602 3847 1780 3920 cujus
1810 3848 2048 3917 pectore
2079 3861 2171 3900 re-

506 3937 820 3993 cumbebat
847 3938 1110 3994 Joannes
1138 3937 1328 4008 (Joan.
1363 3954 1487 4008 xm,
1521 3937 1633 4006 25),
1666 3939 1728 3990 ut
1757 3935 1828 3991 de
1859 3933 2171 4008 principali

506 4026 606 4082 illo
636 4030 986 4100 secretoque
1016 4005 1321 4099 sapientiae
1350 4005 1631 4081 hausisse
1663 4005 2174 4095 divina‘prodere-
2280 4016 2458 4090 gelio,
2507 4013 2616 4070 sed
2649 4013 2826 4068 etiam
2866 4011 2927 4066 in
2971 4010 3106 4082 lege
3147 4009 3348 4066 docuit
3375 4005 3794 4077 disciplinam,
3831 4011 3894 4061 et
3925 4007 3974 4060 in

506 4120 602 4172 tur
629 4099 929 4188 mysteria.
964 4117 1230 4188 Denique
1261 4115 1390 4186 ipse
1425 4113 1708 4169 conscius
1745 4113 2012 4168 muneris
2061 4111 2175 4167 hoc
2283 4122 2391 4162 sua
2419 4102 2696 4176 patientia
2727 4103 2901 4173 atque
2931 4101 2990 4154 in
3021 4101 3154 4171 ipso
3185 4100 3411 4156 actuet
3441 4110 3618 4167 opere
3651 4099 3972 4150 monstra-

508 4186 773 4280 scripsit,
825 4207 927 4280 qui
975 4186 1320 4278 sibi,‘quod
1367 4205 1698 4274 acceperat,
1746 4201 2070 4273 vindicare,
2119 4202 2178 4256 et
2285 4195 2386 4264 vit,
2418 4197 2696 4266 tanquam
2724 4192 2783 4246 in
2814 4192 3076 4246 cratera:
3108 4188 3186 4244 ita
3215 4188 3273 4242 in
3308 4201 3504 4242 mores
3534 4186 3808 4240 nostros
3849 4201 3980 4240 sen-

548 4383 694 4440 rope
722 4368 896 4424 modo
927 4364 1148 4440 reperit
1172 4365 1572 4440 ;in__quo_eum
1591 4363 1781 4440 secuti
1799 4364 1938 4440 sunt
1959 4359 2177 4440 Ughel-
2287 4357 2347 4440 in
2378 4353 2721 4440 accipienda
2753 4350 2940 4435 gratia
2969 4351 3272 4440 parentem
3305 4345 3632 4440 exstitisse,
3665 4360 3796 4440 sei}
3830 4344 3980 4428 quod

533 4415 654 4512 us,r
677 4415 1090 4510 Ripamontius
1135 4415 1378 4512 cat—alii.—
1389 4415 1828 4512 Verumtamen
1859 4433 1998 4512 licet
2017 4415 2176 4512 ‘Sim:
2287 4415 2722 4512 ipsum‘liqmge
2751 4415 3129 4512 primis'ﬁdei
3163 4419 3473 4512 elem‘entLis
3499 4415 3818 4499 imbuerit,
3851 4415 3978 4498 sive

547 4489 1207 4567 liaia-nurm-l—i'o—mae‘sab
1237 4489 1578 4563 constantio
1608 4506 1872 4578 degisse,
1907 4507 2080 4574 atque
2102 4501 2174 4556 ad
2207 4545 2259 4578 η
2288 4489 2448 4570 quod
2477 4489 2809 4578 Mediolani,
2846 4509 2980 4549 cum
3009 4493 3202 4578 adhuc
3227 4489 3707 4578 Oeatrechumenus
3739 4489 3813 4542 in
3835 4490 3980 4578 epis-

549 4545 826 4567 ιιυιαιιιιιιι
859 4545 1062 4566 ιιυηιου
1093 4545 1207 4564 ουν
1239 4545 1578 4563 υυιισναιιυιν
1609 4545 1680 4561 uv
1729 4545 1852 4560 ιυυν
1907 4545 1963 4558 νι-
2012 4545 2080 4558 κν
2102 4545 2174 4556 an.
2291 4545 2304 4552 -
2334 4545 2448 4553 ...ν-
2477 4545 2790 4552 ---νς---η--ν
2852 4545 2979 4549 νγ.---
3015 4545 3194 4547 ηνηηγ

544 4583 797 4638 Iictorini
845 4581 1106 4638 rhetoris
1157 4579 1614 4635 conversionem
1669 4545 1905 4646 asperam
1965 4545 2176 4628 goutu-
2206 4545 2260 4606 D
2289 4545 2696 4646 aopumgesset
2727 4545 3190 4646 consecrandus,
3225 4563 3426 4632 ipsum
3453 4559 3526 4614 ad
3561 4545 3978 4646 consecratio-

507 4655 656 4711 lisse
684 4630 1432 4723 diééamﬁé'éhhﬁsiigi
1451 4630 1726 4723 fio—nfess:
1755 4647 1853 4700 lib.
1882 4663 2013 4723 vin,
2042 4661 2171 4716 cap.
2287 4630 2422 4723 nem
2452 4639 2804 4723 rite‘pieque
2836 4630 3278 4723 suscipiendam
3307 4630 3778 4723 praeparaverita
3821 4631 3976 4696 Quo-

508 4701 986 4795 efiioﬁ"t§iﬁéﬁ'
1015 4701 1156 4778 inde
1170 4701 1635 4795 w(rgo—litigiiipo'test
1654 4701 1813 4795 leum
1842 4720 1941 4772 aut
1967 4701 2176 4795 {Romae
2287 4712 2461 4795 mod'p
2492 4701 2688 4795 autem
2707 4701 2774 4792 in
2805 4701 3374 4795 episcopatu‘eidem
3401 4701 3805 4768 successerit,
3847 4717 3978 4756 nar-

2285 4787 2376 4838 rat
2407 4782 2690 4838 Paulinus
2723 4781 2784 4836 in
2811 4777 3114 4834 Ambrosii
3150 4777 3303 4831 Vita.

2355 4854 2469 4924 (38)
2523 4853 2606 4908 Ita
2651 4868 2801 4924 mss.
2848 4866 3030 4924 prope
3075 4849 3162 4924 ad_
3196 4862 3380 4924 unum
3427 4861 3465 4924 Ξ-
3488 4843 3628 4924 edit.
3691 4845 3908 4924 autem
3953 4859 3982 4896 e

2285 4915 2602 4994 contrario,
2639 4945 2662 4974 ι
2699 4927 2755 4978 et
2781 4915 2979 4976 Isaias
2998 4921 3304 4990 propheta.
3344 4940 3366 4966 ι
3428 4916 3544 4972 Sed
3590 4915 3976 4994 versimilius

2284 5013 2378 5062 est
2419 4986 2678 5061 editores
2720 5003 2852 5058 ideo
2897 4986 3174 5072 pos—uisse
3217 4995 3536 5072 rilsaias,
3586 4995 3799 5072 qu_o_d__
3825 4986 3982 5072 apud

2284 5093 2417 5133 eum
2448 5075 2796 5147 prophetam
2827 5065 2916 5143 vr,
2937 5072 3004 5147 1,
3024 5071 3191 5141 clare.
3221 5070 3529 5147 habeatur,
3569 5065 3622 5147 ,εί
3661 5065 3806 5147 Yidi
3859 5065 3972 5121 Do-

2284 5137 2505 5203 minum
2537 5137 2860 5212 sedentem,
2893 5137 2920 5193 ὐ
2958 5137 3092 5208 etc.,
3126 5137 3304 5211 quam
3334 5157 3367 5194 a
3401 5137 3811 5212 scriptoribus
3863 5151 3970 5208 pm

2286 5221 2438 5274 Isaia
2473 5209 2858 5273 substitutum
2885 5213 3101 5279 David,
3136 5209 3208 5266 ad
3241 5227 3418 5283 quem
3460 5209 3694 5264 scilicet
3742 5209 3976 5263 obscu-

2287 5293 2413 5347 rius
2445 5290 2702 5345 refertur
2731 5285 3037 5342 Ambrosii
3071 5285 3260 5338 locus.

2359 5363 2470 5432 (39)
2508 5362 2726 5416 Omnes
2756 5359 2976 5432 odit.,_¢
3015 5354 3261 5426 Mystica
3293 5369 3438 5425 ergo
3473 5352 3596 5432 Deo
3625 5350 3898 5432 libantur.
3923 5363 3970 5415 -;

2288 5419 2476 5489 (ιοᾶθὲ
2507 5433 2676 5502 Laet.,
2715 5419 3021 5502 {Mystica
3049 5419 3189 5502 pars
3221 5419 3393 5502 ergo;
3427 5447 3449 5502 ξι
3497 5425 3665 5502 etc._:_
3702 5419 3971 5502 sed'elc-

2288 5503 2628 5578 gantiusgin
2663 5492 2924 5578 reliquis
2970 5492 3537 5578 me—ntehsupple‘tur,
3600 5492 3970 5578 disciplina;

509 4787 731 4866 natum,
765 4800 864 4852 aut
901 4797 1182 4851 Romanae
1215 4787 1502 4866 Ecclesia:
1521 4790 1939 4866 presbyterum
1960 4787 2174 4866 fuissez

511 4869 692 4923 multo
720 4857 900 4922 etiam
930 4867 1124 4921 minus
1155 4867 1352 4936 ipsum
1379 4880 1413 4918 a
1445 4857 1697 4936 Qa'maso
1715 4857 2084 4936 destinatum
2105 4857 2180 4913 ad

513 4939 894 4994 Ambrosium
949 4931 1394 4992 instituendum.
1466 4934 1688 4989 Deinde
1749 4935 1813 4988 ut
1871 4931 2176 4986 daremus.

513 5009 878 5080 Sim‘pliciani
909 5010 1216 5081 epistolam
1247 5008 1320 5062 ad
1349 5009 1641 5081 sanctum,
1695 5006 1964 5081 nostrum
2015 5001 2180 5056 initio

513 5077 894 5153 epis—cepatus
945 5077 1047 5136 sui
1095 5080 1378 5153 scriptam
1429 5077 1764 5153 fuissetat
1811 5088 2182 5153 nequaquam

513 5143 653 5209 hinc
690 5143 1076 5226 sequeretur
1099 5143 1372 5226 eumdem
1425 5145 1876 5226 Simplicianurn
1909 5143 2183 5226 idocendi

514 5224 766 5282 consilio
788 5215 926 5280 eam
959 5223 1322 5294 scripsisse;
1356 5233 1505 5294 cum
1535 5217 1810 5294 similiter
1847 5215 2182 5294 Augustino

512 5313 728 5353 recens
775 5297 848 5351 ad
895 5287 1160 5350 eamdem
1205 5287 1548 5364 dignitatem
1595 5289 1789 5364 electo
1817 5287 2183 5360 quaestiones

512 5368 908 5440 preposuerit,
933 5360 1374 5440 necpropterea
1391 5360 1651 5416 doctoris
1670 5363 1867 5440 partes
1889 5374 2034 5440 erga
2051 5373 2184 5440 eum

515 5429 825 5509 suscipere
865 5429 1256 5498 constituerit.
1303 5433 1462 5509 Haec
1519 5429 1788 5509 ergolde
1831 5429 2036 5509 sancto
2063 5429 2184 5509 illo

515 5527 661 5567 sene
686 5500 932 5564 -tantum
976 5510 1133 5562 certa
1177 5507 1336 5576 sunt,
1382 5519 1518 5576 eum
1555 5500 1827 5576 a'primis
1858 5500 2185 5576 annisDeo

517 5561 1354 5650 servissa‘acidoctissimum
1384 5574 1575 5630 fuisse
1608 5561 1668 5628 i‘n
1688 5571 1910 5650 litteris
1945 5571 2183 5650 divinis,
2288 5561 2348 5630 ἰῖι
2380 5575 2585 5650 paucis
2617 5561 2825 5650 antem.
2840 5586 2987 5626 mss.
3022 5583 3129 5650 pro
3161 5561 3678 5650 libalarulegimus
3713 5561 3880 5650 libat.

517 5631 1194 5724 {Ih'ar'dﬁx'bd‘éniﬁohem
1225 5631 1291 5703 ut
1327 5647 1721 5724 compararet,
1771 5643 2051 5724 regiones
2101 5631 2190 5724 di;
2361 5631 2472 5724 (to)
2515 5643 2994 5724 Nonnulli_mss.
3023 5631 3258 5724 etuvet.
3307 5631 3539 5724 edit:,'«
3577 5634 3677 5717 vel
3723 5631 3968 5724 thymia—

517 5703 766 5779 63%;;
779 5703 1160 5796 peragrasse,
1206 5703 1507 5796 postremo
1551 5703 1824 5773 eumdem
1841 5703 2172 5773 'Ambrosic

2290 5703 2498 5791 matis;
2539 5741 2560 5766 η
2593 5716 2691 5774 alii
2723 5719 2780 5772 et
2812 5715 2982 5772 Rom.
3015 5710 3155 5768 edit.
3207 5732 3230 5759 α
3267 5708 3364 5767 vel
3407 5703 3886 5778 thymiamaterii.
3943 5727 3962 5744 ιο
