  <div class='ocr_page' id='page_1' title='image "/cluster/home/n/w/nwhite01/storage/ocr_20150623/16/hvd.32044096580444/644.png"; bbox 0 0 4098 6178; ppageno 0'>
   <div class='ocr_carea' id='block_1_1' title="bbox 41 252 244 314">
    <p class='ocr_par' dir='ltr' id='par_1_1' title="bbox 41 252 244 314">
     <span class='ocr_line' id='line_1_1' title="bbox 41 252 244 314; baseline 0 0"><span class='ocrx_word' id='word_1_1' title='bbox 41 252 244 314; x_wconf 80' lang='lat' dir='ltr'><strong>L277</strong></span> 
     </span>
    </p>
   </div>
   <div class='ocr_carea' id='block_1_2' title="bbox 1278 244 2404 320">
    <p class='ocr_par' dir='ltr' id='par_1_2' title="bbox 1278 244 2404 320">
     <span class='ocr_line' id='line_1_2' title="bbox 1278 244 2404 320; baseline 0 -3"><span class='ocrx_word' id='word_1_2' title='bbox 1278 244 1894 319; x_wconf 24' lang='lat' dir='ltr'><strong>EPISTO‘LARUM</strong></span> <span class='ocrx_word' id='word_1_3' title='bbox 1938 252 2281 317; x_wconf 84' lang='lat' dir='ltr'><strong>CLASSIS</strong></span> <span class='ocrx_word' id='word_1_4' title='bbox 2326 256 2404 320; x_wconf 88' lang='grc' dir='ltr'><strong>ΙΙ.</strong></span> 
     </span>
    </p>
   </div>
   <div class='ocr_carea' id='block_1_3' title="bbox 3413 255 3571 323">
    <p class='ocr_par' dir='ltr' id='par_1_3' title="bbox 3413 255 3571 323">
     <span class='ocr_line' id='line_1_3' title="bbox 3413 255 3571 323; baseline 0.013 -1"><span class='ocrx_word' id='word_1_5' title='bbox 3413 255 3571 323; x_wconf 85' lang='lat'><strong>1278</strong></span> 
     </span>
    </p>
   </div>
   <div class='ocr_carea' id='block_1_4' title="bbox 41 442 3571 532">
    <p class='ocr_par' dir='ltr' id='par_1_4' title="bbox 41 442 3571 532">
     <span class='ocr_line' id='line_1_4' title="bbox 41 442 3571 532; baseline 0.002 -23"><span class='ocrx_word' id='word_1_6' title='bbox 41 470 325 527; x_wconf 65' lang='lat' dir='ltr'><strong>nasque</strong></span> <span class='ocrx_word' id='word_1_7' title='bbox 361 454 798 512; x_wconf 79' lang='lat' dir='ltr'><strong>transfundens</strong></span> <span class='ocrx_word' id='word_1_8' title='bbox 831 457 992 514; x_wconf 91' lang='lat' dir='ltr'><strong>velut</strong></span> <span class='ocrx_word' id='word_1_9' title='bbox 1031 457 1427 514; x_wconf 73' lang='lat' dir='ltr'><strong>substantiam</strong></span> <span class='ocrx_word' id='word_1_10' title='bbox 1471 459 1787 530; x_wconf 83' lang='lat' dir='ltr'><strong>quamdam</strong></span> <span class='ocrx_word' id='word_1_11' title='bbox 1818 442 1871 505; x_wconf 86' lang='grc' dir='ltr'>Α</span> <span class='ocrx_word' id='word_1_12' title='bbox 1903 458 1957 513; x_wconf 92' lang='lat' dir='ltr'><strong>si</strong></span> <span class='ocrx_word' id='word_1_13' title='bbox 1986 457 2140 512; x_wconf 89' lang='lat' dir='ltr'><strong>inter</strong></span> <span class='ocrx_word' id='word_1_14' title='bbox 2170 460 2472 528; x_wconf 89' lang='lat' dir='ltr'><strong>parentem</strong></span> <span class='ocrx_word' id='word_1_15' title='bbox 2501 474 2570 513; x_wconf 90' lang='lat' dir='ltr'><strong>ac</strong></span> <span class='ocrx_word' id='word_1_16' title='bbox 2602 459 2757 514; x_wconf 87' lang='lat' dir='ltr'><strong>filios</strong></span> <span class='ocrx_word' id='word_1_17' title='bbox 2788 460 2998 516; x_wconf 83' lang='lat' dir='ltr'><strong>crebra</strong></span> <span class='ocrx_word' id='word_1_18' title='bbox 3029 464 3085 515; x_wconf 89' lang='lat' dir='ltr'><strong>et</strong></span> <span class='ocrx_word' id='word_1_19' title='bbox 3127 460 3394 532; x_wconf 85' lang='lat' dir='ltr'><strong>jucunda</strong></span> <span class='ocrx_word' id='word_1_20' title='bbox 3435 460 3571 516; x_wconf 91' lang='lat' dir='ltr'><strong>allo-</strong></span> 
     </span>
    </p>
   </div>
   <div class='ocr_carea' id='block_1_5' title="bbox 41 544 1788 619">
    <p class='ocr_par' dir='ltr' id='par_1_5' title="bbox 41 544 1788 619">
     <span class='ocr_line' id='line_1_5' title="bbox 41 544 1788 619; baseline 0.002 -20"><span class='ocrx_word' id='word_1_21' title='bbox 41 549 128 600; x_wconf 65' lang='lat' dir='ltr'><strong>at</strong></span> <span class='ocrx_word' id='word_1_22' title='bbox 156 544 387 600; x_wconf 80' lang='lat' dir='ltr'><strong>vitalia</strong></span> <span class='ocrx_word' id='word_1_23' title='bbox 422 544 555 616; x_wconf 90' lang='lat' dir='ltr'><strong>ipsa</strong></span> <span class='ocrx_word' id='word_1_24' title='bbox 584 546 908 618; x_wconf 89' lang='lat' dir='ltr'><strong>sapientiae,</strong></span> <span class='ocrx_word' id='word_1_25' title='bbox 945 548 1165 619; x_wconf 86' lang='lat' dir='ltr'><strong>quibus</strong></span> <span class='ocrx_word' id='word_1_26' title='bbox 1210 551 1437 603; x_wconf 84' lang='lat' dir='ltr'><strong>mentes</strong></span> <span class='ocrx_word' id='word_1_27' title='bbox 1482 547 1788 603; x_wconf 84' lang='lat' dir='ltr'><strong>hominum</strong></span> 
     </span>
    </p>
   </div>
   <div class='ocr_carea' id='block_1_6' title="bbox 41 634 1787 709">
    <p class='ocr_par' dir='ltr' id='par_1_6' title="bbox 41 634 1787 709">
     <span class='ocr_line' id='line_1_6' title="bbox 41 634 1787 709; baseline 0.003 -23"><span class='ocrx_word' id='word_1_28' title='bbox 41 634 434 689; x_wconf 81' lang='lat' dir='ltr'><strong>viviﬂeavit</strong></span> <span class='ocrx_word' id='word_1_29' title='bbox 460 634 535 688; x_wconf 91' lang='lat' dir='ltr'><strong>ad</strong></span> <span class='ocrx_word' id='word_1_30' title='bbox 564 635 800 690; x_wconf 86' lang='lat' dir='ltr'><strong>virtutis</strong></span> <span class='ocrx_word' id='word_1_31' title='bbox 832 637 1233 707; x_wconf 77' lang='lat' dir='ltr'><strong>seminarium,</strong></span> <span class='ocrx_word' id='word_1_32' title='bbox 1270 640 1325 692; x_wconf 91' lang='lat' dir='ltr'><strong>et</strong></span> <span class='ocrx_word' id='word_1_33' title='bbox 1360 637 1623 692; x_wconf 91' lang='lat' dir='ltr'><strong>instituta</strong></span> <span class='ocrx_word' id='word_1_34' title='bbox 1656 638 1787 709; x_wconf 90' lang='lat' dir='ltr'><strong>pie-</strong></span> 
     </span>
    </p>
   </div>
   <div class='ocr_carea' id='block_1_7' title="bbox 41 724 1785 796">
    <p class='ocr_par' dir='ltr' id='par_1_7' title="bbox 41 724 1785 796">
     <span class='ocr_line' id='line_1_7' title="bbox 41 724 1785 796; baseline 0.002 -19"><span class='ocrx_word' id='word_1_35' title='bbox 41 725 235 778; x_wconf 79' lang='lat' dir='ltr'><strong>tatis</strong></span> <span class='ocrx_word' id='word_1_36' title='bbox 275 738 288 778; x_wconf 93' lang='lat'>:</span> <span class='ocrx_word' id='word_1_37' title='bbox 328 724 549 778; x_wconf 90' lang='lat' dir='ltr'><strong>deinde</strong></span> <span class='ocrx_word' id='word_1_38' title='bbox 598 725 894 780; x_wconf 84' lang='lat' dir='ltr'><strong>excedens</strong></span> <span class='ocrx_word' id='word_1_39' title='bbox 939 727 1011 780; x_wconf 91' lang='lat' dir='ltr'><strong>ad</strong></span> <span class='ocrx_word' id='word_1_40' title='bbox 1061 728 1263 796; x_wconf 88' lang='lat' dir='ltr'><strong>altare,</strong></span> <span class='ocrx_word' id='word_1_41' title='bbox 1317 725 1521 781; x_wconf 73' lang='lat' dir='ltr'><strong>effudit</strong></span> <span class='ocrx_word' id='word_1_42' title='bbox 1571 726 1785 782; x_wconf 83' lang='lat' dir='ltr'><strong>hostiae</strong></span> 
     </span>
    </p>
   </div>
   <div class='ocr_carea' id='block_1_8' title="bbox 48 813 645 884">
    <p class='ocr_par' dir='ltr' id='par_1_8' title="bbox 48 813 645 884">
     <span class='ocr_line' id='line_1_8' title="bbox 48 813 645 884; baseline 0.005 -19"><span class='ocrx_word' id='word_1_43' title='bbox 48 828 103 865; x_wconf 89' lang='lat' dir='ltr'><strong>s</strong></span> <span class='ocrx_word' id='word_1_44' title='bbox 118 829 227 867; x_wconf 84' lang='lat' dir='ltr'><strong>uae</strong></span> <span class='ocrx_word' id='word_1_45' title='bbox 254 813 645 884; x_wconf 85' lang='lat' dir='ltr'><strong>sanguinem.</strong></span> 
     </span>
    </p>
   </div>
   <div class='ocr_carea' id='block_1_9' title="bbox 168 901 1783 976">
    <p class='ocr_par' dir='ltr' id='par_1_9' title="bbox 168 901 1783 976">
     <span class='ocr_line' id='line_1_9' title="bbox 168 901 1783 976; baseline 0.002 -19"><span class='ocrx_word' id='word_1_46' title='bbox 168 901 233 957; x_wconf 86' lang='lat'><strong>9.</strong></span> <span class='ocrx_word' id='word_1_47' title='bbox 282 902 498 974; x_wconf 88' lang='lat' dir='ltr'><strong>Itaque</strong></span> <span class='ocrx_word' id='word_1_48' title='bbox 548 903 676 959; x_wconf 82' lang='lat' dir='ltr'><strong>sive</strong></span> <span class='ocrx_word' id='word_1_49' title='bbox 720 903 798 958; x_wconf 87' lang='lat' dir='ltr'><strong>ita</strong></span> <span class='ocrx_word' id='word_1_50' title='bbox 846 903 975 959; x_wconf 83' lang='lat' dir='ltr'><strong>haec</strong></span> <span class='ocrx_word' id='word_1_51' title='bbox 1020 906 1297 976; x_wconf 89' lang='lat' dir='ltr'><strong>accipias,</strong></span> <span class='ocrx_word' id='word_1_52' title='bbox 1349 906 1505 976; x_wconf 90' lang='lat' dir='ltr'><strong>pius,</strong></span> <span class='ocrx_word' id='word_1_53' title='bbox 1540 909 1601 961; x_wconf 89' lang='lat' dir='ltr'><strong>ut</strong></span> <span class='ocrx_word' id='word_1_54' title='bbox 1620 906 1783 960; x_wconf 89' lang='lat' dir='ltr'><strong>arbi-</strong></span> 
     </span>
    </p>
   </div>
   <div class='ocr_carea' id='block_1_10' title="bbox 75 994 1783 1061">
    <p class='ocr_par' dir='ltr' id='par_1_10' title="bbox 75 994 1783 1061">
     <span class='ocr_line' id='line_1_10' title="bbox 75 994 1783 1061; baseline 0.003 -15"><span class='ocrx_word' id='word_1_55' title='bbox 75 995 270 1061; x_wconf 80' lang='lat' dir='ltr'><strong>tror,</strong></span> <span class='ocrx_word' id='word_1_56' title='bbox 311 1008 541 1047; x_wconf 86' lang='lat' dir='ltr'><strong>sensus</strong></span> <span class='ocrx_word' id='word_1_57' title='bbox 574 996 667 1049; x_wconf 90' lang='lat' dir='ltr'><strong>est</strong></span> <span class='ocrx_word' id='word_1_58' title='bbox 698 1008 710 1048; x_wconf 89' lang='lat'>:</span> <span class='ocrx_word' id='word_1_59' title='bbox 745 994 873 1050; x_wconf 87' lang='lat' dir='ltr'><strong>sive</strong></span> <span class='ocrx_word' id='word_1_60' title='bbox 902 995 1231 1050; x_wconf 90' lang='lat' dir='ltr'><strong>secundum</strong></span> <span class='ocrx_word' id='word_1_61' title='bbox 1282 994 1660 1051; x_wconf 90' lang='lat' dir='ltr'><strong>Salomonem</strong></span> <span class='ocrx_word' id='word_1_62' title='bbox 1683 1012 1783 1051; x_wconf 85' lang='lat' dir='ltr'><strong>ve-</strong></span> 
     </span>
    </p>
   </div>
   <div class='ocr_carea' id='block_1_11' title="bbox 45 1080 1783 1159">
    <p class='ocr_par' dir='ltr' id='par_1_11' title="bbox 45 1080 1783 1159">
     <span class='ocr_line' id='line_1_11' title="bbox 45 1080 1783 1159; baseline 0.005 -26"><span class='ocrx_word' id='word_1_63' title='bbox 45 1080 193 1149; x_wconf 87' lang='lat' dir='ltr'><strong>lis,</strong></span> <span class='ocrx_word' id='word_1_64' title='bbox 256 1082 569 1137; x_wconf 81' lang='lat' dir='ltr'><strong>concurrit</strong></span> <span class='ocrx_word' id='word_1_65' title='bbox 609 1098 797 1154; x_wconf 66' lang='lat' dir='ltr'><strong>aaque,</strong></span> <span class='ocrx_word' id='word_1_66' title='bbox 846 1087 910 1159; x_wconf 84' lang='lat' dir='ltr'><strong>ut</strong></span> <span class='ocrx_word' id='word_1_67' title='bbox 958 1085 1096 1156; x_wconf 88' lang='lat' dir='ltr'><strong>quia</strong></span> <span class='ocrx_word' id='word_1_68' title='bbox 1144 1086 1498 1157; x_wconf 88' lang='lat' dir='ltr'><strong>sanguinem</strong></span> <span class='ocrx_word' id='word_1_69' title='bbox 1528 1086 1689 1141; x_wconf 88' lang='lat' dir='ltr'><strong>misit</strong></span> <span class='ocrx_word' id='word_1_70' title='bbox 1723 1087 1783 1141; x_wconf 91' lang='lat' dir='ltr'><strong>in</strong></span> 
     </span>
    </p>
   </div>
   <div class='ocr_carea' id='block_1_12' title="bbox 48 1171 1782 1247">
    <p class='ocr_par' dir='ltr' id='par_1_12' title="bbox 48 1171 1782 1247">
     <span class='ocr_line' id='line_1_12' title="bbox 48 1171 1782 1247; baseline 0.004 -23"><span class='ocrx_word' id='word_1_71' title='bbox 48 1174 373 1226; x_wconf 80' lang='lat' dir='ltr'><strong>crateras</strong></span> <span class='ocrx_word' id='word_1_72' title='bbox 408 1171 647 1242; x_wconf 81' lang='lat' dir='ltr'><strong>Moyses</strong></span> <span class='ocrx_word' id='word_1_73' title='bbox 678 1173 982 1245; x_wconf 83' lang='lat' dir='ltr'><strong>propheta,</strong></span> <span class='ocrx_word' id='word_1_74' title='bbox 1019 1190 1353 1247; x_wconf 85' lang='lat' dir='ltr'><strong>cognoscas</strong></span> <span class='ocrx_word' id='word_1_75' title='bbox 1394 1176 1588 1247; x_wconf 91' lang='lat' dir='ltr'><strong>ipsum</strong></span> <span class='ocrx_word' id='word_1_76' title='bbox 1640 1191 1782 1231; x_wconf 90' lang='lat' dir='ltr'><strong>esse</strong></span> 
     </span>
    </p>
   </div>
   <div class='ocr_carea' id='block_1_13' title="bbox 54 1261 1781 1337">
    <p class='ocr_par' dir='ltr' id='par_1_13' title="bbox 54 1261 1781 1337">
     <span class='ocr_line' id='line_1_13' title="bbox 54 1261 1781 1337; baseline 0.003 -24"><span class='ocrx_word' id='word_1_77' title='bbox 54 1261 487 1332; x_wconf 83' lang='lat' dir='ltr'><strong>sanguinem,</strong></span> <span class='ocrx_word' id='word_1_78' title='bbox 540 1261 612 1316; x_wconf 92' lang='lat' dir='ltr'><strong>de</strong></span> <span class='ocrx_word' id='word_1_79' title='bbox 659 1277 776 1333; x_wconf 93' lang='lat' dir='ltr'><strong>quo</strong></span> <span class='ocrx_word' id='word_1_80' title='bbox 828 1264 1115 1333; x_wconf 90' lang='lat' dir='ltr'><strong>scriptum</strong></span> <span class='ocrx_word' id='word_1_81' title='bbox 1163 1268 1255 1319; x_wconf 90' lang='lat' dir='ltr'><strong>est</strong></span> <span class='ocrx_word' id='word_1_82' title='bbox 1304 1265 1443 1337; x_wconf 86' lang='lat' dir='ltr'><strong>quia</strong></span> <span class='ocrx_word' id='word_1_83' title='bbox 1492 1264 1781 1335; x_wconf 86' lang='lat' dir='ltr'><strong>sapientia</strong></span> 
     </span>
    </p>
   </div>
   <div class='ocr_carea' id='block_1_14' title="bbox 54 1349 1778 1424">
    <p class='ocr_par' dir='ltr' id='par_1_14' title="bbox 54 1349 1778 1424">
     <span class='ocr_line' id='line_1_14' title="bbox 54 1349 1778 1424; baseline 0.005 -22"><span class='ocrx_word' id='word_1_84' title='bbox 54 1349 347 1404; x_wconf 89' lang='lat' dir='ltr'><strong>miscuit</strong></span> <span class='ocrx_word' id='word_1_85' title='bbox 376 1350 438 1404; x_wconf 92' lang='lat' dir='ltr'><strong>in</strong></span> <span class='ocrx_word' id='word_1_86' title='bbox 469 1354 697 1406; x_wconf 84' lang='lat' dir='ltr'><strong>cratere</strong></span> <span class='ocrx_word' id='word_1_87' title='bbox 729 1352 931 1406; x_wconf 91' lang='lat' dir='ltr'><strong>vinum</strong></span> <span class='ocrx_word' id='word_1_88' title='bbox 979 1368 1153 1407; x_wconf 88' lang='lat' dir='ltr'><strong>suum</strong></span> <span class='ocrx_word' id='word_1_89' title='bbox 1203 1353 1410 1423; x_wconf 85' lang='lat' dir='ltr'><strong>(Prov.</strong></span> <span class='ocrx_word' id='word_1_90' title='bbox 1445 1371 1525 1423; x_wconf 89' lang='grc' dir='ltr'>ιχ,</span> <span class='ocrx_word' id='word_1_91' title='bbox 1558 1352 1634 1424; x_wconf 71' lang='grc'><strong>2),</strong></span> <span class='ocrx_word' id='word_1_92' title='bbox 1687 1356 1778 1410; x_wconf 90' lang='lat' dir='ltr'><strong>di-</strong></span> 
     </span>
    </p>
   </div>
   <div class='ocr_carea' id='block_1_15' title="bbox 58 1438 1780 1515">
    <p class='ocr_par' dir='ltr' id='par_1_15' title="bbox 58 1438 1780 1515">
     <span class='ocr_line' id='line_1_15' title="bbox 58 1438 1780 1515; baseline 0.005 -24"><span class='ocrx_word' id='word_1_93' title='bbox 58 1454 247 1493; x_wconf 88' lang='lat' dir='ltr'><strong>cens</strong></span> <span class='ocrx_word' id='word_1_94' title='bbox 302 1442 370 1492; x_wconf 92' lang='lat' dir='ltr'><strong>ut</strong></span> <span class='ocrx_word' id='word_1_95' title='bbox 420 1438 820 1510; x_wconf 87' lang='lat' dir='ltr'><strong>relinquerent</strong></span> <span class='ocrx_word' id='word_1_96' title='bbox 868 1441 1287 1513; x_wconf 87' lang='lat' dir='ltr'><strong>insipientiam,</strong></span> <span class='ocrx_word' id='word_1_97' title='bbox 1341 1447 1397 1497; x_wconf 91' lang='lat' dir='ltr'><strong>et</strong></span> <span class='ocrx_word' id='word_1_98' title='bbox 1442 1449 1780 1515; x_wconf 65' lang='lat' dir='ltr'><strong>quaererent</strong></span> 
     </span>
    </p>
   </div>
   <div class='ocr_carea' id='block_1_16' title="bbox 60 1528 1775 1604">
    <p class='ocr_par' dir='ltr' id='par_1_16' title="bbox 60 1528 1775 1604">
     <span class='ocr_line' id='line_1_16' title="bbox 60 1528 1775 1604; baseline 0.004 -24"><span class='ocrx_word' id='word_1_99' title='bbox 60 1528 477 1598; x_wconf 82' lang='lat' dir='ltr'><strong>sapientiam.</strong></span> <span class='ocrx_word' id='word_1_100' title='bbox 530 1528 813 1584; x_wconf 88' lang='lat' dir='ltr'><strong>Hauritur</strong></span> <span class='ocrx_word' id='word_1_101' title='bbox 862 1545 1006 1602; x_wconf 92' lang='lat' dir='ltr'><strong>ergo</strong></span> <span class='ocrx_word' id='word_1_102' title='bbox 1055 1531 1127 1586; x_wconf 91' lang='lat' dir='ltr'><strong>de</strong></span> <span class='ocrx_word' id='word_1_103' title='bbox 1177 1536 1405 1587; x_wconf 87' lang='lat' dir='ltr'><strong>cratere</strong></span> <span class='ocrx_word' id='word_1_104' title='bbox 1467 1534 1775 1604; x_wconf 85' lang='lat' dir='ltr'><strong>sapientia,</strong></span> 
     </span>
    </p>
   </div>
   <div class='ocr_carea' id='block_1_17' title="bbox 61 1616 1780 1690">
    <p class='ocr_par' dir='ltr' id='par_1_17' title="bbox 61 1616 1780 1690">
     <span class='ocr_line' id='line_1_17' title="bbox 61 1616 1780 1690; baseline 0.005 -21"><span class='ocrx_word' id='word_1_105' title='bbox 61 1616 380 1671; x_wconf 84' lang='lat' dir='ltr'><strong>hauritur</strong></span> <span class='ocrx_word' id='word_1_106' title='bbox 409 1617 739 1687; x_wconf 88' lang='lat' dir='ltr'><strong>disciplina,</strong></span> <span class='ocrx_word' id='word_1_107' title='bbox 783 1618 1053 1675; x_wconf 87' lang='lat' dir='ltr'><strong>hauritur</strong></span> <span class='ocrx_word' id='word_1_108' title='bbox 1096 1621 1455 1690; x_wconf 89' lang='lat' dir='ltr'><strong>intellectus,</strong></span> <span class='ocrx_word' id='word_1_109' title='bbox 1510 1622 1780 1678; x_wconf 86' lang='lat' dir='ltr'><strong>hauritur</strong></span> 
     </span>
    </p>
   </div>
   <div class='ocr_carea' id='block_1_18' title="bbox 64 1705 1779 1779">
    <p class='ocr_par' dir='ltr' id='par_1_18' title="bbox 64 1705 1779 1779">
     <span class='ocr_line' id='line_1_18' title="bbox 64 1705 1779 1779; baseline 0.004 -20"><span class='ocrx_word' id='word_1_110' title='bbox 64 1705 422 1774; x_wconf 85' lang='lat' dir='ltr'><strong>correctio,</strong></span> <span class='ocrx_word' id='word_1_111' title='bbox 474 1705 743 1762; x_wconf 89' lang='lat' dir='ltr'><strong>hauritur</strong></span> <span class='ocrx_word' id='word_1_112' title='bbox 786 1708 925 1763; x_wconf 89' lang='lat' dir='ltr'><strong>vitae</strong></span> <span class='ocrx_word' id='word_1_113' title='bbox 956 1710 1304 1779; x_wconf 88' lang='lat' dir='ltr'><strong>emendatio,</strong></span> <span class='ocrx_word' id='word_1_114' title='bbox 1359 1711 1628 1766; x_wconf 87' lang='lat' dir='ltr'><strong>hauritur</strong></span> <span class='ocrx_word' id='word_1_115' title='bbox 1655 1728 1779 1766; x_wconf 86' lang='lat' dir='ltr'><strong>mo-</strong></span> 
     </span>
    </p>
   </div>
   <div class='ocr_carea' id='block_1_19' title="bbox 64 1795 1779 1872">
    <p class='ocr_par' dir='ltr' id='par_1_19' title="bbox 64 1795 1779 1872">
     <span class='ocr_line' id='line_1_19' title="bbox 64 1795 1779 1872; baseline 0.004 -24"><span class='ocrx_word' id='word_1_116' title='bbox 64 1811 237 1849; x_wconf 84' lang='lat' dir='ltr'><strong>rum</strong></span> <span class='ocrx_word' id='word_1_117' title='bbox 268 1798 327 1849; x_wconf 91' lang='lat' dir='ltr'><strong>et</strong></span> <span class='ocrx_word' id='word_1_118' title='bbox 361 1795 747 1850; x_wconf 87' lang='lat' dir='ltr'><strong>consiliorum</strong></span> <span class='ocrx_word' id='word_1_119' title='bbox 769 1799 1131 1868; x_wconf 89' lang='lat' dir='ltr'><strong>temperatio,</strong></span> <span class='ocrx_word' id='word_1_120' title='bbox 1167 1800 1400 1869; x_wconf 90' lang='lat' dir='ltr'><strong>pietatis</strong></span> <span class='ocrx_word' id='word_1_121' title='bbox 1425 1800 1632 1872; x_wconf 88' lang='lat' dir='ltr'><strong>gratia,</strong></span> <span class='ocrx_word' id='word_1_122' title='bbox 1665 1801 1779 1855; x_wconf 91' lang='lat' dir='ltr'><strong>vir-</strong></span> 
     </span>
    </p>
   </div>
   <div class='ocr_carea' id='block_1_20' title="bbox 66 1884 1239 1954">
    <p class='ocr_par' dir='ltr' id='par_1_20' title="bbox 66 1884 1239 1954">
     <span class='ocr_line' id='line_1_20' title="bbox 66 1884 1239 1954; baseline 0.005 -17"><span class='ocrx_word' id='word_1_123' title='bbox 66 1884 250 1938; x_wconf 81' lang='lat' dir='ltr'><strong>tutis</strong></span> <span class='ocrx_word' id='word_1_124' title='bbox 278 1884 729 1954; x_wconf 88' lang='lat' dir='ltr'><strong>incrementum,</strong></span> <span class='ocrx_word' id='word_1_125' title='bbox 765 1886 899 1941; x_wconf 87' lang='lat' dir='ltr'><strong>fons</strong></span> <span class='ocrx_word' id='word_1_126' title='bbox 930 1888 1239 1943; x_wconf 86' lang='lat' dir='ltr'><strong>ubertatis.</strong></span> 
     </span>
    </p>
   </div>
   <div class='ocr_carea' id='block_1_21' title="bbox 169 1971 1778 2051">
    <p class='ocr_par' dir='ltr' id='par_1_21' title="bbox 169 1971 1778 2051">
     <span class='ocr_line' id='line_1_21' title="bbox 169 1971 1778 2051; baseline 0.006 -25"><span class='ocrx_word' id='word_1_127' title='bbox 169 1971 267 2027; x_wconf 87' lang='grc'><strong>10.</strong></span> <span class='ocrx_word' id='word_1_128' title='bbox 308 1971 477 2038; x_wconf 88' lang='lat' dir='ltr'><strong>Quod</strong></span> <span class='ocrx_word' id='word_1_129' title='bbox 506 1990 648 2029; x_wconf 90' lang='lat' dir='ltr'><strong>vero</strong></span> <span class='ocrx_word' id='word_1_130' title='bbox 679 1975 752 2029; x_wconf 90' lang='lat' dir='ltr'><strong>ad</strong></span> <span class='ocrx_word' id='word_1_131' title='bbox 784 1976 966 2031; x_wconf 88' lang='lat' dir='ltr'><strong>altare</strong></span> <span class='ocrx_word' id='word_1_132' title='bbox 1008 1976 1253 2032; x_wconf 78' lang='lat' dir='ltr'><strong>effundit</strong></span> <span class='ocrx_word' id='word_1_133' title='bbox 1301 1979 1675 2051; x_wconf 85' lang='lat' dir='ltr'><strong>sanguinem,</strong></span> <span class='ocrx_word' id='word_1_134' title='bbox 1716 1984 1778 2036; x_wconf 91' lang='lat' dir='ltr'><strong>ut</strong></span> 
     </span>
    </p>
   </div>
   <div class='ocr_carea' id='block_1_22' title="bbox 74 2062 1776 2138">
    <p class='ocr_par' dir='ltr' id='par_1_22' title="bbox 74 2062 1776 2138">
     <span class='ocr_line' id='line_1_22' title="bbox 74 2062 1776 2138; baseline 0.006 -24"><span class='ocrx_word' id='word_1_135' title='bbox 74 2062 410 2135; x_wconf 80' lang='lat' dir='ltr'><strong>intelligas</strong></span> <span class='ocrx_word' id='word_1_136' title='bbox 442 2062 577 2118; x_wconf 91' lang='lat' dir='ltr'><strong>licet</strong></span> <span class='ocrx_word' id='word_1_137' title='bbox 598 2063 709 2135; x_wconf 81' lang='lat' dir='ltr'>(4i)</span> <span class='ocrx_word' id='word_1_138' title='bbox 731 2064 1086 2121; x_wconf 91' lang='lat' dir='ltr'><strong>ablutionem</strong></span> <span class='ocrx_word' id='word_1_139' title='bbox 1110 2068 1328 2138; x_wconf 89' lang='lat' dir='ltr'><strong>mundi,</strong></span> <span class='ocrx_word' id='word_1_140' title='bbox 1361 2069 1776 2125; x_wconf 90' lang='lat' dir='ltr'><strong>remissionem</strong></span> 
     </span>
    </p>
   </div>
   <div class='ocr_carea' id='block_1_23' title="bbox 85 2151 1777 2230">
    <p class='ocr_par' dir='ltr' id='par_1_23' title="bbox 85 2151 1777 2230">
     <span class='ocr_line' id='line_1_23' title="bbox 85 2151 1777 2230; baseline 0.007 -27"><span class='ocrx_word' id='word_1_141' title='bbox 85 2153 129 2214; x_wconf 80' lang='grc'><strong>1</strong></span> <span class='ocrx_word' id='word_1_142' title='bbox 150 2151 309 2215; x_wconf 83' lang='lat' dir='ltr'><strong>O54</strong></span> <span class='ocrx_word' id='word_1_143' title='bbox 355 2152 615 2207; x_wconf 90' lang='lat' dir='ltr'><strong>omnium</strong></span> <span class='ocrx_word' id='word_1_144' title='bbox 642 2158 1038 2224; x_wconf 88' lang='lat' dir='ltr'><strong>peccatorum.</strong></span> <span class='ocrx_word' id='word_1_145' title='bbox 1073 2155 1303 2211; x_wconf 88' lang='lat' dir='ltr'><strong>Etenim</strong></span> <span class='ocrx_word' id='word_1_146' title='bbox 1328 2158 1686 2230; x_wconf 84' lang='lat' dir='ltr'><strong>sanguinem</strong></span> <span class='ocrx_word' id='word_1_147' title='bbox 1716 2160 1777 2214; x_wconf 85' lang='lat' dir='ltr'><strong>il-</strong></span> 
     </span>
    </p>
   </div>
   <div class='ocr_carea' id='block_1_24' title="bbox 78 2240 1773 2316">
    <p class='ocr_par' dir='ltr' id='par_1_24' title="bbox 78 2240 1773 2316">
     <span class='ocr_line' id='line_1_24' title="bbox 78 2240 1773 2316; baseline 0.005 -23"><span class='ocrx_word' id='word_1_148' title='bbox 78 2240 230 2294; x_wconf 86' lang='lat' dir='ltr'><strong>lum</strong></span> <span class='ocrx_word' id='word_1_149' title='bbox 260 2241 333 2296; x_wconf 92' lang='lat' dir='ltr'><strong>ad</strong></span> <span class='ocrx_word' id='word_1_150' title='bbox 364 2243 551 2299; x_wconf 92' lang='lat' dir='ltr'><strong>altare</strong></span> <span class='ocrx_word' id='word_1_151' title='bbox 581 2244 753 2316; x_wconf 92' lang='lat' dir='ltr'><strong>quasi</strong></span> <span class='ocrx_word' id='word_1_152' title='bbox 787 2245 1044 2301; x_wconf 87' lang='lat' dir='ltr'><strong>hostiam</strong></span> <span class='ocrx_word' id='word_1_153' title='bbox 1074 2246 1318 2303; x_wconf 79' lang='lat' dir='ltr'><strong>effundit</strong></span> <span class='ocrx_word' id='word_1_154' title='bbox 1349 2249 1421 2303; x_wconf 92' lang='lat' dir='ltr'><strong>ad</strong></span> <span class='ocrx_word' id='word_1_155' title='bbox 1458 2249 1773 2304; x_wconf 89' lang='lat' dir='ltr'><strong>multorum</strong></span> 
     </span>
    </p>
   </div>
   <div class='ocr_carea' id='block_1_25' title="bbox 82 2328 1771 2408">
    <p class='ocr_par' dir='ltr' id='par_1_25' title="bbox 82 2328 1771 2408">
     <span class='ocr_line' id='line_1_25' title="bbox 82 2328 1771 2408; baseline 0.005 -25"><span class='ocrx_word' id='word_1_156' title='bbox 82 2328 511 2386; x_wconf 84' lang='lat' dir='ltr'><strong>exhaurienda</strong></span> <span class='ocrx_word' id='word_1_157' title='bbox 538 2337 799 2403; x_wconf 89' lang='lat' dir='ltr'><strong>peccata.</strong></span> <span class='ocrx_word' id='word_1_158' title='bbox 833 2334 1044 2408; x_wconf 84' lang='lat' dir='ltr'><strong>Agnus</strong></span> <span class='ocrx_word' id='word_1_159' title='bbox 1074 2338 1229 2391; x_wconf 93' lang='lat' dir='ltr'><strong>enim</strong></span> <span class='ocrx_word' id='word_1_160' title='bbox 1261 2337 1455 2392; x_wconf 89' lang='lat' dir='ltr'><strong>hostia</strong></span> <span class='ocrx_word' id='word_1_161' title='bbox 1505 2341 1617 2408; x_wconf 90' lang='lat' dir='ltr'><strong>est,</strong></span> <span class='ocrx_word' id='word_1_162' title='bbox 1666 2338 1771 2392; x_wconf 90' lang='lat' dir='ltr'><strong>sed</strong></span> 
     </span>
    </p>
   </div>
   <div class='ocr_carea' id='block_1_26' title="bbox 86 2422 1772 2499">
    <p class='ocr_par' dir='ltr' id='par_1_26' title="bbox 86 2422 1772 2499">
     <span class='ocr_line' id='line_1_26' title="bbox 86 2422 1772 2499; baseline 0.007 -29"><span class='ocrx_word' id='word_1_163' title='bbox 86 2434 304 2490; x_wconf 83' lang='lat' dir='ltr'><strong>agnus</strong></span> <span class='ocrx_word' id='word_1_164' title='bbox 356 2436 473 2476; x_wconf 92' lang='lat' dir='ltr'><strong>non</strong></span> <span class='ocrx_word' id='word_1_165' title='bbox 520 2422 938 2479; x_wconf 90' lang='lat' dir='ltr'><strong>irrationabilis</strong></span> <span class='ocrx_word' id='word_1_166' title='bbox 982 2428 1230 2495; x_wconf 87' lang='lat' dir='ltr'><strong>naturae,</strong></span> <span class='ocrx_word' id='word_1_167' title='bbox 1278 2427 1386 2482; x_wconf 89' lang='lat' dir='ltr'><strong>sed</strong></span> <span class='ocrx_word' id='word_1_168' title='bbox 1427 2427 1642 2481; x_wconf 82' lang='lat' dir='ltr'><strong>divinae</strong></span> <span class='ocrx_word' id='word_1_169' title='bbox 1671 2442 1772 2499; x_wconf 92' lang='lat' dir='ltr'><strong>po-</strong></span> 
     </span>
    </p>
   </div>
   <div class='ocr_carea' id='block_1_27' title="bbox 93 2509 1769 2588">
    <p class='ocr_par' dir='ltr' id='par_1_27' title="bbox 93 2509 1769 2588">
     <span class='ocr_line' id='line_1_27' title="bbox 93 2509 1769 2588; baseline 0.005 -28"><span class='ocrx_word' id='word_1_170' title='bbox 93 2509 332 2577; x_wconf 86' lang='lat' dir='ltr'><strong>tentiae,</strong></span> <span class='ocrx_word' id='word_1_171' title='bbox 386 2510 458 2565; x_wconf 90' lang='lat' dir='ltr'><strong>de</strong></span> <span class='ocrx_word' id='word_1_172' title='bbox 503 2527 620 2583; x_wconf 90' lang='lat' dir='ltr'><strong>quo</strong></span> <span class='ocrx_word' id='word_1_173' title='bbox 667 2513 887 2568; x_wconf 90' lang='lat' dir='ltr'><strong>dictum</strong></span> <span class='ocrx_word' id='word_1_174' title='bbox 934 2520 1071 2571; x_wconf 91' lang='lat' dir='ltr'><strong>est:</strong></span> <span class='ocrx_word' id='word_1_175' title='bbox 1129 2538 1151 2563; x_wconf 76' lang='grc' dir='ltr'><strong><em>α</em></strong></span> <span class='ocrx_word' id='word_1_176' title='bbox 1197 2516 1351 2571; x_wconf 90' lang='lat' dir='ltr'><strong>Ecce</strong></span> <span class='ocrx_word' id='word_1_177' title='bbox 1398 2531 1591 2588; x_wconf 88' lang='lat' dir='ltr'><strong>agnus</strong></span> <span class='ocrx_word' id='word_1_178' title='bbox 1644 2516 1769 2585; x_wconf 89' lang='lat' dir='ltr'><strong>Dei,</strong></span> 
     </span>
    </p>
   </div>
   <div class='ocr_carea' id='block_1_28' title="bbox 85 2599 1773 2675">
    <p class='ocr_par' dir='ltr' id='par_1_28' title="bbox 85 2599 1773 2675">
     <span class='ocr_line' id='line_1_28' title="bbox 85 2599 1773 2675; baseline 0.006 -26"><span class='ocrx_word' id='word_1_179' title='bbox 85 2611 252 2651; x_wconf 87' lang='lat' dir='ltr'><strong>ecce</strong></span> <span class='ocrx_word' id='word_1_180' title='bbox 284 2599 382 2669; x_wconf 90' lang='lat' dir='ltr'><strong>qui</strong></span> <span class='ocrx_word' id='word_1_181' title='bbox 411 2600 559 2655; x_wconf 92' lang='lat' dir='ltr'><strong>tollit</strong></span> <span class='ocrx_word' id='word_1_182' title='bbox 588 2605 829 2672; x_wconf 82' lang='lat' dir='ltr'><strong>peccata</strong></span> <span class='ocrx_word' id='word_1_183' title='bbox 861 2604 1063 2659; x_wconf 90' lang='lat' dir='ltr'><strong>mundi</strong></span> <span class='ocrx_word' id='word_1_184' title='bbox 1113 2605 1303 2675; x_wconf 83' lang='lat' dir='ltr'><strong>(Joan.</strong></span> <span class='ocrx_word' id='word_1_185' title='bbox 1338 2623 1376 2675; x_wconf 86' lang='grc' dir='ltr'>ι,</span> <span class='ocrx_word' id='word_1_186' title='bbox 1411 2604 1523 2675; x_wconf 73' lang='grc'><strong>29).</strong></span> <span class='ocrx_word' id='word_1_187' title='bbox 1561 2629 1583 2653; x_wconf 75' lang='grc' dir='ltr'><strong><em>η</em></strong></span> <span class='ocrx_word' id='word_1_188' title='bbox 1640 2605 1773 2660; x_wconf 92' lang='lat' dir='ltr'><strong>Non</strong></span> 
     </span>
    </p>
   </div>
   <div class='ocr_carea' id='block_1_29' title="bbox 86 2686 1771 2764">
    <p class='ocr_par' dir='ltr' id='par_1_29' title="bbox 86 2686 1771 2764">
     <span class='ocr_line' id='line_1_29' title="bbox 86 2686 1771 2764; baseline 0.007 -26"><span class='ocrx_word' id='word_1_189' title='bbox 86 2686 305 2740; x_wconf 86' lang='lat' dir='ltr'><strong>solum</strong></span> <span class='ocrx_word' id='word_1_190' title='bbox 335 2689 491 2742; x_wconf 90' lang='lat' dir='ltr'><strong>enim</strong></span> <span class='ocrx_word' id='word_1_191' title='bbox 520 2691 820 2746; x_wconf 89' lang='lat' dir='ltr'><strong>mundavit</strong></span> <span class='ocrx_word' id='word_1_192' title='bbox 860 2694 1151 2764; x_wconf 82' lang='lat' dir='ltr'><strong>sanguine</strong></span> <span class='ocrx_word' id='word_1_193' title='bbox 1199 2693 1412 2749; x_wconf 91' lang='lat' dir='ltr'><strong>delicta</strong></span> <span class='ocrx_word' id='word_1_194' title='bbox 1459 2694 1771 2750; x_wconf 80' lang='lat' dir='ltr'><strong>universo-</strong></span> 
     </span>
    </p>
   </div>
   <div class='ocr_carea' id='block_1_30' title="bbox 86 2777 1770 2853">
    <p class='ocr_par' dir='ltr' id='par_1_30' title="bbox 86 2777 1770 2853">
     <span class='ocr_line' id='line_1_30' title="bbox 86 2777 1770 2853; baseline 0.007 -26"><span class='ocrx_word' id='word_1_195' title='bbox 86 2790 262 2844; x_wconf 87' lang='lat' dir='ltr'><strong>rum,</strong></span> <span class='ocrx_word' id='word_1_196' title='bbox 313 2777 419 2832; x_wconf 92' lang='lat' dir='ltr'><strong>sed</strong></span> <span class='ocrx_word' id='word_1_197' title='bbox 469 2779 642 2834; x_wconf 89' lang='lat' dir='ltr'><strong>etiam</strong></span> <span class='ocrx_word' id='word_1_198' title='bbox 689 2780 886 2836; x_wconf 92' lang='lat' dir='ltr'><strong>divina</strong></span> <span class='ocrx_word' id='word_1_199' title='bbox 914 2786 1204 2853; x_wconf 82' lang='lat' dir='ltr'><strong>potestate</strong></span> <span class='ocrx_word' id='word_1_200' title='bbox 1236 2783 1494 2838; x_wconf 89' lang='lat' dir='ltr'><strong>donavit.</strong></span> <span class='ocrx_word' id='word_1_201' title='bbox 1530 2785 1622 2839; x_wconf 87' lang='lat' dir='ltr'><strong>An</strong></span> <span class='ocrx_word' id='word_1_202' title='bbox 1652 2799 1770 2839; x_wconf 94' lang='lat' dir='ltr'><strong>non</strong></span> 
     </span>
    </p>
   </div>
   <div class='ocr_carea' id='block_1_31' title="bbox 85 2864 1771 2946">
    <p class='ocr_par' dir='ltr' id='par_1_31' title="bbox 85 2864 1771 2946">
     <span class='ocr_line' id='line_1_31' title="bbox 85 2864 1771 2946; baseline 0.007 -29"><span class='ocrx_word' id='word_1_203' title='bbox 85 2864 215 2918; x_wconf 86' lang='lat' dir='ltr'><strong>tibi</strong></span> <span class='ocrx_word' id='word_1_204' title='bbox 243 2864 472 2922; x_wconf 88' lang='lat' dir='ltr'><strong>videtur</strong></span> <span class='ocrx_word' id='word_1_205' title='bbox 501 2867 785 2925; x_wconf 69' lang='lat' dir='ltr'><strong>effudisse</strong></span> <span class='ocrx_word' id='word_1_206' title='bbox 820 2872 1175 2943; x_wconf 91' lang='lat' dir='ltr'><strong>sanguinem</strong></span> <span class='ocrx_word' id='word_1_207' title='bbox 1223 2888 1416 2944; x_wconf 88' lang='lat' dir='ltr'><strong>suum,</strong></span> <span class='ocrx_word' id='word_1_208' title='bbox 1471 2873 1545 2928; x_wconf 90' lang='lat' dir='ltr'><strong>de</strong></span> <span class='ocrx_word' id='word_1_209' title='bbox 1595 2873 1771 2946; x_wconf 83' lang='lat' dir='ltr'><strong>cujus</strong></span> 
     </span>
    </p>
   </div>
   <div class='ocr_carea' id='block_1_32' title="bbox 88 2953 1774 3034">
    <p class='ocr_par' dir='ltr' id='par_1_32' title="bbox 88 2953 1774 3034">
     <span class='ocr_line' id='line_1_32' title="bbox 88 2953 1774 3034; baseline 0.008 -28"><span class='ocrx_word' id='word_1_210' title='bbox 88 2953 292 3009; x_wconf 88' lang='lat' dir='ltr'><strong>latere</strong></span> <span class='ocrx_word' id='word_1_211' title='bbox 325 2971 503 3027; x_wconf 90' lang='lat' dir='ltr'><strong>supra</strong></span> <span class='ocrx_word' id='word_1_212' title='bbox 534 2958 729 3029; x_wconf 89' lang='lat' dir='ltr'><strong>ipsum</strong></span> <span class='ocrx_word' id='word_1_213' title='bbox 760 2961 1063 3031; x_wconf 90' lang='lat' dir='ltr'><strong>passionis</strong></span> <span class='ocrx_word' id='word_1_214' title='bbox 1096 2962 1276 3017; x_wconf 89' lang='lat' dir='ltr'><strong>altare</strong></span> <span class='ocrx_word' id='word_1_215' title='bbox 1309 2978 1460 3034; x_wconf 90' lang='lat' dir='ltr'><strong>aqua</strong></span> <span class='ocrx_word' id='word_1_216' title='bbox 1512 2963 1774 3019; x_wconf 88' lang='lat' dir='ltr'><strong>cucurrit</strong></span> 
     </span>
    </p>
   </div>
   <div class='ocr_carea' id='block_1_33' title="bbox 87 3045 1772 3125">
    <p class='ocr_par' dir='ltr' id='par_1_33' title="bbox 87 3045 1772 3125">
     <span class='ocr_line' id='line_1_33' title="bbox 87 3045 1772 3125; baseline 0.006 -28"><span class='ocrx_word' id='word_1_217' title='bbox 87 3045 159 3097; x_wconf 85' lang='lat' dir='ltr'><strong>et</strong></span> <span class='ocrx_word' id='word_1_218' title='bbox 196 3045 444 3116; x_wconf 86' lang='lat' dir='ltr'><strong>sanguis</strong></span> <span class='ocrx_word' id='word_1_219' title='bbox 474 3047 662 3116; x_wconf 83' lang='lat' dir='ltr'><strong>(Joan.</strong></span> <span class='ocrx_word' id='word_1_220' title='bbox 695 3066 819 3118; x_wconf 79' lang='lat' dir='ltr'><strong>xix,</strong></span> <span class='ocrx_word' id='word_1_221' title='bbox 854 3049 994 3119; x_wconf 72' lang='lat'>34)?</span> <span class='ocrx_word' id='word_1_222' title='bbox 1026 3050 1189 3122; x_wconf 88' lang='lat' dir='ltr'><strong>Vale,</strong></span> <span class='ocrx_word' id='word_1_223' title='bbox 1243 3055 1300 3106; x_wconf 91' lang='lat' dir='ltr'><strong>et</strong></span> <span class='ocrx_word' id='word_1_224' title='bbox 1346 3067 1458 3108; x_wconf 89' lang='lat' dir='ltr'><strong>nos</strong></span> <span class='ocrx_word' id='word_1_225' title='bbox 1508 3053 1772 3125; x_wconf 87' lang='lat' dir='ltr'><strong>parentis</strong></span> 
     </span>
    </p>
   </div>
   <div class='ocr_carea' id='block_1_34' title="bbox 90 3130 846 3208">
    <p class='ocr_par' dir='ltr' id='par_1_34' title="bbox 90 3130 846 3208">
     <span class='ocr_line' id='line_1_34' title="bbox 90 3130 846 3208; baseline 0.012 -24"><span class='ocrx_word' id='word_1_226' title='bbox 90 3130 320 3187; x_wconf 74' lang='lat' dir='ltr'><strong>affectu</strong></span> <span class='ocrx_word' id='word_1_227' title='bbox 350 3134 549 3208; x_wconf 90' lang='lat' dir='ltr'><strong>dilige,</strong></span> <span class='ocrx_word' id='word_1_228' title='bbox 582 3141 646 3192; x_wconf 89' lang='lat' dir='ltr'><strong>ut</strong></span> <span class='ocrx_word' id='word_1_229' title='bbox 674 3137 846 3194; x_wconf 85' lang='lat' dir='ltr'><strong>facis.</strong></span> 
     </span>
    </p>
   </div>
   <div class='ocr_carea' id='block_1_35' title="bbox 628 3262 1242 3322">
    <p class='ocr_par' dir='ltr' id='par_1_35' title="bbox 628 3262 1242 3322">
     <span class='ocr_line' id='line_1_35' title="bbox 628 3262 1242 3322; baseline 0.01 -6"><span class='ocrx_word' id='word_1_230' title='bbox 628 3262 1000 3320; x_wconf 80' lang='lat' dir='ltr'><strong>EPISTOLA</strong></span> <span class='ocrx_word' id='word_1_231' title='bbox 1039 3266 1242 3322; x_wconf 81' lang='lat' dir='ltr'><strong>LXVI.</strong></span> 
     </span>
    </p>
   </div>
   <div class='ocr_carea' id='block_1_36' title="bbox 95 3356 1775 3438">
    <p class='ocr_par' dir='ltr' id='par_1_36' title="bbox 95 3356 1775 3438">
     <span class='ocr_line' id='line_1_36' title="bbox 95 3356 1775 3438; baseline 0.007 -28"><span class='ocrx_word' id='word_1_232' title='bbox 95 3356 651 3438; x_wconf 39' lang='lat' dir='ltr'><strong>Prmm-issa__laude</strong></span> <span class='ocrx_word' id='word_1_233' title='bbox 696 3363 1099 3438; x_wconf 78' lang='lat' dir='ltr'><strong>epistolarum,</strong></span> <span class='ocrx_word' id='word_1_234' title='bbox 1142 3366 1396 3438; x_wconf 82' lang='lat' dir='ltr'><strong>maxime</strong></span> <span class='ocrx_word' id='word_1_235' title='bbox 1447 3382 1573 3438; x_wconf 67' lang='lat' dir='ltr'><strong>quae</strong></span> <span class='ocrx_word' id='word_1_236' title='bbox 1600 3367 1674 3422; x_wconf 90' lang='lat' dir='ltr'><strong>de</strong></span> <span class='ocrx_word' id='word_1_237' title='bbox 1704 3383 1775 3423; x_wconf 90' lang='lat' dir='ltr'><strong>re</strong></span> 
     </span>
    </p>
   </div>
   <div class='ocr_carea' id='block_1_37' title="bbox 179 3427 1772 3510">
    <p class='ocr_par' dir='ltr' id='par_1_37' title="bbox 179 3427 1772 3510">
     <span class='ocr_line' id='line_1_37' title="bbox 179 3427 1772 3510; baseline 0.006 -28"><span class='ocrx_word' id='word_1_238' title='bbox 179 3427 314 3510; x_wconf 77' lang='lat' dir='ltr'><strong>utili</strong></span> <span class='ocrx_word' id='word_1_239' title='bbox 341 3427 755 3510; x_wconf 51' lang='lat' dir='ltr'><strong>instituuntur;</strong></span> <span class='ocrx_word' id='word_1_240' title='bbox 792 3427 1103 3510; x_wconf 78' lang='lat' dir='ltr'><strong>docet_per</strong></span> <span class='ocrx_word' id='word_1_241' title='bbox 1130 3436 1195 3491; x_wconf 96' lang='lat' dir='ltr'><strong>id</strong></span> <span class='ocrx_word' id='word_1_242' title='bbox 1227 3436 1378 3509; x_wconf 89' lang='lat' dir='ltr'><strong>quod</strong></span> <span class='ocrx_word' id='word_1_243' title='bbox 1393 3427 1611 3510; x_wconf 56' lang='lat' dir='ltr'><strong>_A&#39;aron</strong></span> <span class='ocrx_word' id='word_1_244' title='bbox 1642 3455 1772 3492; x_wconf 88' lang='lat' dir='ltr'><strong>mu-</strong></span> 
     </span>
    </p>
   </div>
   <div class='ocr_carea' id='block_1_38' title="bbox 178 3500 1773 3579">
    <p class='ocr_par' dir='ltr' id='par_1_38' title="bbox 178 3500 1773 3579">
     <span class='ocr_line' id='line_1_38' title="bbox 178 3500 1773 3579; baseline 0.006 -25"><span class='ocrx_word' id='word_1_245' title='bbox 178 3500 389 3579; x_wconf 72' lang='lat' dir='ltr'><strong>lierum</strong></span> <span class='ocrx_word' id='word_1_246' title='bbox 432 3502 679 3579; x_wconf 80' lang='lat' dir='ltr'><strong>inaures</strong></span> <span class='ocrx_word' id='word_1_247' title='bbox 716 3500 779 3559; x_wconf 86' lang='lat' dir='ltr'><strong>in</strong></span> <span class='ocrx_word' id='word_1_248' title='bbox 834 3500 1007 3561; x_wconf 81' lang='lat' dir='ltr'><strong>vituli</strong></span> <span class='ocrx_word' id='word_1_249' title='bbox 1053 3500 1636 3579; x_wconf 48' lang='lat' dir='ltr'><strong>eaput-conﬂaverit,</strong></span> <span class='ocrx_word' id='word_1_250' title='bbox 1684 3510 1773 3564; x_wconf 90' lang='lat' dir='ltr'><strong>si-</strong></span> 
     </span>
    </p>
   </div>
   <div class='ocr_carea' id='block_1_39' title="bbox 175 3571 1773 3649">
    <p class='ocr_par' dir='ltr' id='par_1_39' title="bbox 175 3571 1773 3649">
     <span class='ocr_line' id='line_1_39' title="bbox 175 3571 1773 3649; baseline 0.007 -25"><span class='ocrx_word' id='word_1_251' title='bbox 175 3571 453 3649; x_wconf 70' lang='lat' dir='ltr'><strong>gnificari</strong></span> <span class='ocrx_word' id='word_1_252' title='bbox 501 3581 767 3646; x_wconf 86' lang='lat' dir='ltr'><strong>ereptum</strong></span> <span class='ocrx_word' id='word_1_253' title='bbox 818 3571 1192 3649; x_wconf 79' lang='lat' dir='ltr'><strong>serpentinis</strong></span> <span class='ocrx_word' id='word_1_254' title='bbox 1238 3579 1483 3633; x_wconf 72' lang='lat' dir='ltr'><strong>flatibus</strong></span> <span class='ocrx_word' id='word_1_255' title='bbox 1513 3571 1656 3635; x_wconf 73' lang='lat' dir='ltr'><strong>fidei</strong></span> <span class='ocrx_word' id='word_1_256' title='bbox 1683 3582 1773 3635; x_wconf 89' lang='lat' dir='ltr'><strong>si-</strong></span> 
     </span>
    </p>
   </div>
   <div class='ocr_carea' id='block_1_40' title="bbox 178 3643 1771 3718">
    <p class='ocr_par' dir='ltr' id='par_1_40' title="bbox 178 3643 1771 3718">
     <span class='ocr_line' id='line_1_40' title="bbox 178 3643 1771 3718; baseline 0.006 -22"><span class='ocrx_word' id='word_1_257' title='bbox 178 3643 502 3718; x_wconf 75' lang='lat' dir='ltr'><strong>gnaculum,</strong></span> <span class='ocrx_word' id='word_1_258' title='bbox 547 3643 619 3701; x_wconf 74' lang='lat' dir='ltr'><strong>ac</strong></span> <span class='ocrx_word' id='word_1_259' title='bbox 653 3643 1171 3718; x_wconf 69' lang='lat' dir='ltr'><strong>praemonstratam</strong></span> <span class='ocrx_word' id='word_1_260' title='bbox 1223 3650 1557 3705; x_wconf 65' lang='lat' dir='ltr'><strong>Jndteorum</strong></span> <span class='ocrx_word' id='word_1_261' title='bbox 1590 3651 1771 3706; x_wconf 85' lang='lat' dir='ltr'><strong>idolo-</strong></span> 
     </span>
    </p>
   </div>
   <div class='ocr_carea' id='block_1_41' title="bbox 179 3714 1775 3792">
    <p class='ocr_par' dir='ltr' id='par_1_41' title="bbox 179 3714 1775 3792">
     <span class='ocr_line' id='line_1_41' title="bbox 179 3714 1775 3792; baseline 0.006 -24"><span class='ocrx_word' id='word_1_262' title='bbox 179 3714 415 3792; x_wconf 63' lang='lat' dir='ltr'><strong>latrian)</strong></span> <span class='ocrx_word' id='word_1_263' title='bbox 472 3714 670 3792; x_wconf 36' lang='lat' dir='ltr'><strong>{per</strong></span> <span class='ocrx_word' id='word_1_264' title='bbox 710 3718 776 3773; x_wconf 90' lang='lat' dir='ltr'><strong>id</strong></span> <span class='ocrx_word' id='word_1_265' title='bbox 836 3736 977 3775; x_wconf 80' lang='lat' dir='ltr'><strong>vero</strong></span> <span class='ocrx_word' id='word_1_266' title='bbox 1035 3721 1186 3792; x_wconf 84' lang='lat' dir='ltr'><strong>quod</strong></span> <span class='ocrx_word' id='word_1_267' title='bbox 1257 3720 1472 3775; x_wconf 82' lang='lat' dir='ltr'><strong>fractis</strong></span> <span class='ocrx_word' id='word_1_268' title='bbox 1550 3722 1775 3778; x_wconf 82' lang='lat' dir='ltr'><strong>tabulis</strong></span> 
     </span>
    </p>
   </div>
   <div class='ocr_carea' id='block_1_42' title="bbox 178 3785 1771 3860">
    <p class='ocr_par' dir='ltr' id='par_1_42' title="bbox 178 3785 1771 3860">
     <span class='ocr_line' id='line_1_42' title="bbox 178 3785 1771 3860; baseline 0.006 -21"><span class='ocrx_word' id='word_1_269' title='bbox 178 3785 422 3860; x_wconf 73' lang='lat' dir='ltr'><strong>Moysis</strong></span> <span class='ocrx_word' id='word_1_270' title='bbox 462 3785 705 3844; x_wconf 73' lang='lat' dir='ltr'><strong>vitulum</strong></span> <span class='ocrx_word' id='word_1_271' title='bbox 757 3785 1116 3860; x_wconf 79' lang='lat' dir='ltr'><strong>comminuit,</strong></span> <span class='ocrx_word' id='word_1_272' title='bbox 1165 3792 1427 3847; x_wconf 86' lang='lat' dir='ltr'><strong>indicari</strong></span> <span class='ocrx_word' id='word_1_273' title='bbox 1457 3792 1771 3848; x_wconf 82' lang='lat' dir='ltr'><strong>delendam</strong></span> 
     </span>
    </p>
   </div>
   <div class='ocr_carea' id='block_1_43' title="bbox 180 3857 1775 3946">
    <p class='ocr_par' dir='ltr' id='par_1_43' title="bbox 180 3857 1775 3946">
     <span class='ocr_line' id='line_1_43' title="bbox 180 3857 1775 3946; baseline 0.006 -36"><span class='ocrx_word' id='word_1_274' title='bbox 180 3857 514 3946; x_wconf 61' lang='lat' dir='ltr'><strong>superbiam</strong></span> <span class='ocrx_word' id='word_1_275' title='bbox 546 3875 614 3914; x_wconf 85' lang='lat' dir='ltr'><strong>ac</strong></span> <span class='ocrx_word' id='word_1_276' title='bbox 641 3860 955 3946; x_wconf 66' lang='lat' dir='ltr'><strong>perfidiam</strong></span> <span class='ocrx_word' id='word_1_277' title='bbox 982 3882 999 3916; x_wconf 91' lang='lat'><strong><em>:</em></strong></span> <span class='ocrx_word' id='word_1_278' title='bbox 1023 3857 1139 3944; x_wconf 78' lang='lat' dir='ltr'><strong>per</strong></span> <span class='ocrx_word' id='word_1_279' title='bbox 1163 3863 1314 3918; x_wconf 86' lang='lat' dir='ltr'><strong>illud</strong></span> <span class='ocrx_word' id='word_1_280' title='bbox 1347 3864 1581 3946; x_wconf 70' lang='lat' dir='ltr'><strong>tandem</strong></span> <span class='ocrx_word' id='word_1_281' title='bbox 1624 3864 1775 3946; x_wconf 77' lang='lat' dir='ltr'><strong>quod</strong></span> 
     </span>
    </p>
   </div>
   <div class='ocr_carea' id='block_1_44' title="bbox 182 3932 1775 4003">
    <p class='ocr_par' dir='ltr' id='par_1_44' title="bbox 182 3932 1775 4003">
     <span class='ocr_line' id='line_1_44' title="bbox 182 3932 1775 4003; baseline 0.006 -22"><span class='ocrx_word' id='word_1_282' title='bbox 182 3932 244 3982; x_wconf 87' lang='lat' dir='ltr'><strong>in</strong></span> <span class='ocrx_word' id='word_1_283' title='bbox 288 3932 613 4003; x_wconf 84' lang='lat' dir='ltr'><strong>proximum</strong></span> <span class='ocrx_word' id='word_1_284' title='bbox 652 3932 835 4003; x_wconf 81' lang='lat' dir='ltr'><strong>jussit</strong></span> <span class='ocrx_word' id='word_1_285' title='bbox 883 3932 1127 4002; x_wconf 69' lang='lat' dir='ltr'><strong>saevire,</strong></span> <span class='ocrx_word' id='word_1_286' title='bbox 1173 3950 1281 3989; x_wconf 89' lang='lat' dir='ltr'><strong>nos</strong></span> <span class='ocrx_word' id='word_1_287' title='bbox 1330 3932 1657 4000; x_wconf 78' lang='lat' dir='ltr'><strong>admoneri,</strong></span> <span class='ocrx_word' id='word_1_288' title='bbox 1714 3941 1775 3990; x_wconf 86' lang='lat' dir='ltr'><strong>ut</strong></span> 
     </span>
    </p>
   </div>
   <div class='ocr_carea' id='block_1_45' title="bbox 106 4001 1774 4080">
    <p class='ocr_par' dir='ltr' id='par_1_45' title="bbox 106 4001 1774 4080">
     <span class='ocr_line' id='line_1_45' title="bbox 106 4001 1774 4080; baseline 0.005 -27"><span class='ocrx_word' id='word_1_289' title='bbox 106 4013 111 4016; x_wconf 85' lang='lat'>&#39;</span> <span class='ocrx_word' id='word_1_290' title='bbox 182 4001 1128 4080; x_wconf 30' lang='lat' dir='ltr'><strong>consanguineos’posthabeamus</strong></span> <span class='ocrx_word' id='word_1_291' title='bbox 1157 4005 1463 4080; x_wconf 77' lang='lat' dir='ltr'><strong>religioni,</strong></span> <span class='ocrx_word' id='word_1_292' title='bbox 1500 4013 1559 4061; x_wconf 84' lang='lat' dir='ltr'><strong>et</strong></span> <span class='ocrx_word' id='word_1_293' title='bbox 1608 4007 1774 4080; x_wconf 88' lang='lat' dir='ltr'><strong>quid-</strong></span> 
     </span>
    </p>
   </div>
   <div class='ocr_carea' id='block_1_46' title="bbox 183 4070 1500 4148">
    <p class='ocr_par' dir='ltr' id='par_1_46' title="bbox 183 4070 1500 4148">
     <span class='ocr_line' id='line_1_46' title="bbox 183 4070 1500 4148; baseline 0.005 -24"><span class='ocrx_word' id='word_1_294' title='bbox 183 4070 320 4143; x_wconf 87' lang='lat' dir='ltr'><strong>quid</strong></span> <span class='ocrx_word' id='word_1_295' title='bbox 346 4070 468 4127; x_wconf 84' lang='lat' dir='ltr'><strong>Deo</strong></span> <span class='ocrx_word' id='word_1_296' title='bbox 493 4074 557 4127; x_wconf 86' lang='lat' dir='ltr'><strong>in</strong></span> <span class='ocrx_word' id='word_1_297' title='bbox 589 4070 763 4129; x_wconf 71' lang='lat' dir='ltr'><strong>nobis</strong></span> <span class='ocrx_word' id='word_1_298' title='bbox 792 4076 1053 4146; x_wconf 80' lang='lat' dir='ltr'><strong>resistit,</strong></span> <span class='ocrx_word' id='word_1_299' title='bbox 1082 4070 1500 4148; x_wconf 64' lang='lat' dir='ltr'><strong>praecidamus.</strong></span> 
     </span>
    </p>
   </div>
   <div class='ocr_carea' id='block_1_47' title="bbox 612 4181 1261 4239">
    <p class='ocr_par' dir='ltr' id='par_1_47' title="bbox 612 4181 1261 4239">
     <span class='ocr_line' id='line_1_47' title="bbox 612 4181 1261 4239; baseline 0.006 -6"><span class='ocrx_word' id='word_1_300' title='bbox 612 4181 955 4237; x_wconf 76' lang='lat' dir='ltr'><strong>Aueaosms</strong></span> <span class='ocrx_word' id='word_1_301' title='bbox 996 4184 1261 4239; x_wconf 72' lang='lat' dir='ltr'><strong>Bonum.</strong></span> 
     </span>
    </p>
   </div>
   <div class='ocr_carea' id='block_1_48' title="bbox 179 4274 1774 4352">
    <p class='ocr_par' dir='ltr' id='par_1_48' title="bbox 179 4274 1774 4352">
     <span class='ocr_line' id='line_1_48' title="bbox 179 4274 1774 4352; baseline 0.005 -23"><span class='ocrx_word' id='word_1_302' title='bbox 179 4275 229 4329; x_wconf 90' lang='grc'>1.</span> <span class='ocrx_word' id='word_1_303' title='bbox 272 4274 659 4347; x_wconf 87' lang='lat' dir='ltr'><strong>Epistolarum</strong></span> <span class='ocrx_word' id='word_1_304' title='bbox 705 4294 898 4350; x_wconf 89' lang='lat' dir='ltr'><strong>genus</strong></span> <span class='ocrx_word' id='word_1_305' title='bbox 950 4284 1263 4351; x_wconf 84' lang='lat' dir='ltr'><strong>prOpterea</strong></span> <span class='ocrx_word' id='word_1_306' title='bbox 1314 4285 1618 4352; x_wconf 89' lang='lat' dir='ltr'><strong>repertum</strong></span> <span class='ocrx_word' id='word_1_307' title='bbox 1645 4323 1658 4350; x_wconf 92' lang='lat'><strong>,</strong></span> <span class='ocrx_word' id='word_1_308' title='bbox 1714 4286 1774 4337; x_wconf 92' lang='lat' dir='ltr'><strong>ut</strong></span> 
     </span>
    </p>
   </div>
   <div class='ocr_carea' id='block_1_49' title="bbox 114 4363 1773 4439">
    <p class='ocr_par' dir='ltr' id='par_1_49' title="bbox 114 4363 1773 4439">
     <span class='ocr_line' id='line_1_49' title="bbox 114 4363 1773 4439; baseline 0.006 -23"><span class='ocrx_word' id='word_1_309' title='bbox 114 4363 342 4433; x_wconf 90' lang='lat' dir='ltr'><strong>quidam</strong></span> <span class='ocrx_word' id='word_1_310' title='bbox 370 4365 543 4421; x_wconf 90' lang='lat' dir='ltr'><strong>nobis</strong></span> <span class='ocrx_word' id='word_1_311' title='bbox 566 4382 701 4422; x_wconf 91' lang='lat' dir='ltr'><strong>eum</strong></span> <span class='ocrx_word' id='word_1_312' title='bbox 720 4368 1072 4424; x_wconf 89' lang='lat' dir='ltr'><strong>absentibus</strong></span> <span class='ocrx_word' id='word_1_313' title='bbox 1095 4385 1293 4424; x_wconf 92' lang='lat' dir='ltr'><strong>sermo</strong></span> <span class='ocrx_word' id='word_1_314' title='bbox 1316 4371 1414 4439; x_wconf 86' lang='lat' dir='ltr'><strong>sit,</strong></span> <span class='ocrx_word' id='word_1_315' title='bbox 1450 4371 1509 4425; x_wconf 94' lang='lat' dir='ltr'><strong>in</strong></span> <span class='ocrx_word' id='word_1_316' title='bbox 1530 4371 1773 4426; x_wconf 90' lang='lat' dir='ltr'><strong>dubium</strong></span> 
     </span>
    </p>
   </div>
   <div class='ocr_carea' id='block_1_50' title="bbox 1902 546 3572 621">
    <p class='ocr_par' dir='ltr' id='par_1_50' title="bbox 1902 546 3572 621">
     <span class='ocr_line' id='line_1_50' title="bbox 1902 546 3572 621; baseline 0.002 -21"><span class='ocrx_word' id='word_1_317' title='bbox 1902 547 2040 618; x_wconf 88' lang='lat' dir='ltr'><strong>quia</strong></span> <span class='ocrx_word' id='word_1_318' title='bbox 2071 547 2373 602; x_wconf 71' lang='lat' dir='ltr'><strong>caadantur</strong></span> <span class='ocrx_word' id='word_1_319' title='bbox 2400 546 2550 618; x_wconf 74' lang='lat'><strong>(42);</strong></span> <span class='ocrx_word' id='word_1_320' title='bbox 2584 553 2647 602; x_wconf 91' lang='lat' dir='ltr'><strong>ut</strong></span> <span class='ocrx_word' id='word_1_321' title='bbox 2675 564 2813 603; x_wconf 85' lang='lat' dir='ltr'><strong>vere</strong></span> <span class='ocrx_word' id='word_1_322' title='bbox 2863 550 3015 604; x_wconf 89' lang='lat' dir='ltr'><strong>inter</strong></span> <span class='ocrx_word' id='word_1_323' title='bbox 3056 548 3393 621; x_wconf 86' lang='lat' dir='ltr'><strong>disjunctos</strong></span> <span class='ocrx_word' id='word_1_324' title='bbox 3446 564 3572 605; x_wconf 89' lang='lat' dir='ltr'><strong>eor-</strong></span> 
     </span>
    </p>
   </div>
   <div class='ocr_carea' id='block_1_51' title="bbox 1900 636 3568 709">
    <p class='ocr_par' dir='ltr' id='par_1_51' title="bbox 1900 636 3568 709">
     <span class='ocr_line' id='line_1_51' title="bbox 1900 636 3568 709; baseline 0.002 -19"><span class='ocrx_word' id='word_1_325' title='bbox 1900 651 2043 706; x_wconf 89' lang='lat' dir='ltr'><strong>pore</strong></span> <span class='ocrx_word' id='word_1_326' title='bbox 2091 636 2363 707; x_wconf 61' lang='lat' dir='ltr'><strong>quadam</strong></span> <span class='ocrx_word' id='word_1_327' title='bbox 2409 637 2603 709; x_wconf 86' lang='lat' dir='ltr'><strong>imago</strong></span> <span class='ocrx_word' id='word_1_328' title='bbox 2654 637 2945 693; x_wconf 84' lang='lat' dir='ltr'><strong>referatur</strong></span> <span class='ocrx_word' id='word_1_329' title='bbox 2993 639 3329 708; x_wconf 67' lang='lat' dir='ltr'><strong>praasentim</strong></span> <span class='ocrx_word' id='word_1_330' title='bbox 3393 654 3405 694; x_wconf 91' lang='lat'><strong>:</strong></span> <span class='ocrx_word' id='word_1_331' title='bbox 3471 639 3568 693; x_wconf 89' lang='lat' dir='ltr'><strong>his</strong></span> 
     </span>
    </p>
   </div>
   <div class='ocr_carea' id='block_1_52' title="bbox 1902 725 3571 798">
    <p class='ocr_par' dir='ltr' id='par_1_52' title="bbox 1902 725 3571 798">
     <span class='ocr_line' id='line_1_52' title="bbox 1902 725 3571 798; baseline 0.002 -19"><span class='ocrx_word' id='word_1_332' title='bbox 1902 727 2056 780; x_wconf 90' lang='lat' dir='ltr'><strong>enim</strong></span> <span class='ocrx_word' id='word_1_333' title='bbox 2086 726 2372 781; x_wconf 90' lang='lat' dir='ltr'><strong>adolescit</strong></span> <span class='ocrx_word' id='word_1_334' title='bbox 2402 725 2617 781; x_wconf 82' lang='lat' dir='ltr'><strong>ofﬁciis</strong></span> <span class='ocrx_word' id='word_1_335' title='bbox 2649 743 2833 796; x_wconf 85' lang='lat' dir='ltr'><strong>amor,</strong></span> <span class='ocrx_word' id='word_1_336' title='bbox 2868 728 3023 783; x_wconf 90' lang='lat' dir='ltr'><strong>sicut</strong></span> <span class='ocrx_word' id='word_1_337' title='bbox 3054 728 3172 781; x_wconf 86' lang='lat' dir='ltr'><strong>tuis</strong></span> <span class='ocrx_word' id='word_1_338' title='bbox 3204 728 3277 781; x_wconf 91' lang='lat' dir='ltr'><strong>ad</strong></span> <span class='ocrx_word' id='word_1_339' title='bbox 3312 742 3426 798; x_wconf 91' lang='lat' dir='ltr'><strong>me,</strong></span> <span class='ocrx_word' id='word_1_340' title='bbox 3470 732 3571 783; x_wconf 89' lang='lat' dir='ltr'><strong>aut</strong></span> 
     </span>
    </p>
   </div>
   <div class='ocr_carea' id='block_1_53' title="bbox 1900 815 3569 887">
    <p class='ocr_par' dir='ltr' id='par_1_53' title="bbox 1900 815 3569 887">
     <span class='ocr_line' id='line_1_53' title="bbox 1900 815 3569 887; baseline 0.002 -19"><span class='ocrx_word' id='word_1_341' title='bbox 1900 815 2051 869; x_wconf 88' lang='lat' dir='ltr'><strong>meis</strong></span> <span class='ocrx_word' id='word_1_342' title='bbox 2093 815 2167 869; x_wconf 89' lang='lat' dir='ltr'><strong>ad</strong></span> <span class='ocrx_word' id='word_1_343' title='bbox 2214 830 2308 870; x_wconf 89' lang='lat' dir='ltr'><strong>me</strong></span> <span class='ocrx_word' id='word_1_344' title='bbox 2354 819 2608 887; x_wconf 86' lang='lat' dir='ltr'><strong>augetur</strong></span> <span class='ocrx_word' id='word_1_345' title='bbox 2655 815 2890 871; x_wconf 85' lang='lat' dir='ltr'><strong>littteris</strong></span> <span class='ocrx_word' id='word_1_346' title='bbox 2922 815 3054 886; x_wconf 91' lang='lat'>(43).</span> <span class='ocrx_word' id='word_1_347' title='bbox 3091 816 3209 871; x_wconf 89' lang='lat' dir='ltr'><strong>Sed</strong></span> <span class='ocrx_word' id='word_1_348' title='bbox 3240 816 3353 871; x_wconf 85' lang='lat' dir='ltr'><strong>hoc</strong></span> <span class='ocrx_word' id='word_1_349' title='bbox 3385 818 3569 872; x_wconf 92' lang='lat' dir='ltr'><strong>multo</strong></span> 
     </span>
    </p>
   </div>
   <div class='ocr_carea' id='block_1_54' title="bbox 1898 903 3571 976">
    <p class='ocr_par' dir='ltr' id='par_1_54' title="bbox 1898 903 3571 976">
     <span class='ocr_line' id='line_1_54' title="bbox 1898 903 3571 976; baseline 0.002 -19"><span class='ocrx_word' id='word_1_350' title='bbox 1898 903 2254 974; x_wconf 89' lang='lat' dir='ltr'><strong>locupletius</strong></span> <span class='ocrx_word' id='word_1_351' title='bbox 2284 905 2571 974; x_wconf 84' lang='lat' dir='ltr'><strong>proximis</strong></span> <span class='ocrx_word' id='word_1_352' title='bbox 2601 907 2717 960; x_wconf 83' lang='lat' dir='ltr'><strong>tuae</strong></span> <span class='ocrx_word' id='word_1_353' title='bbox 2751 905 3085 961; x_wconf 90' lang='lat' dir='ltr'><strong>dilectionis</strong></span> <span class='ocrx_word' id='word_1_354' title='bbox 3117 905 3375 976; x_wconf 88' lang='lat' dir='ltr'><strong>experiri</strong></span> <span class='ocrx_word' id='word_1_355' title='bbox 3419 905 3571 976; x_wconf 69' lang='lat' dir='ltr'><strong>ccepi</strong></span> 
     </span>
    </p>
   </div>
   <div class='ocr_carea' id='block_1_55' title="bbox 1897 990 3570 1066">
    <p class='ocr_par' dir='ltr' id='par_1_55' title="bbox 1897 990 3570 1066">
     <span class='ocr_line' id='line_1_55' title="bbox 1897 990 3570 1066; baseline 0.002 -21"><span class='ocrx_word' id='word_1_356' title='bbox 1897 990 2192 1063; x_wconf 71' lang='lat' dir='ltr'><strong>affatibus,</strong></span> <span class='ocrx_word' id='word_1_357' title='bbox 2242 994 2461 1065; x_wconf 89' lang='lat' dir='ltr'><strong>quibus</strong></span> <span class='ocrx_word' id='word_1_358' title='bbox 2509 1010 2603 1048; x_wconf 91' lang='lat' dir='ltr'><strong>me</strong></span> <span class='ocrx_word' id='word_1_359' title='bbox 2653 995 3081 1050; x_wconf 79' lang='lat' dir='ltr'><strong>consulendum</strong></span> <span class='ocrx_word' id='word_1_360' title='bbox 3128 994 3367 1064; x_wconf 88' lang='lat' dir='ltr'><strong>putasti,</strong></span> <span class='ocrx_word' id='word_1_361' title='bbox 3425 994 3570 1066; x_wconf 91' lang='lat' dir='ltr'><strong>quid</strong></span> 
     </span>
    </p>
   </div>
   <div class='ocr_carea' id='block_1_56' title="bbox 1897 1074 3568 1154">
    <p class='ocr_par' dir='ltr' id='par_1_56' title="bbox 1897 1074 3568 1154">
     <span class='ocr_line' id='line_1_56' title="bbox 1897 1074 3568 1154; baseline 0.002 -19"><span class='ocrx_word' id='word_1_362' title='bbox 1897 1081 2013 1135; x_wconf 90' lang='lat' dir='ltr'><strong>sibi</strong></span> <span class='ocrx_word' id='word_1_363' title='bbox 2066 1081 2244 1136; x_wconf 89' lang='lat' dir='ltr'><strong>vellet</strong></span> <span class='ocrx_word' id='word_1_364' title='bbox 2290 1074 2449 1154; x_wconf 80' lang='lat' dir='ltr'><strong>quod</strong></span> <span class='ocrx_word' id='word_1_365' title='bbox 2500 1083 2698 1137; x_wconf 83' lang='lat' dir='ltr'><strong>Aaron</strong></span> <span class='ocrx_word' id='word_1_366' title='bbox 2749 1099 2958 1138; x_wconf 88' lang='lat' dir='ltr'><strong>aurum</strong></span> <span class='ocrx_word' id='word_1_367' title='bbox 3005 1083 3325 1139; x_wconf 81' lang='lat' dir='ltr'><strong>detraxerit</strong></span> <span class='ocrx_word' id='word_1_368' title='bbox 3352 1083 3568 1154; x_wconf 90' lang='lat' dir='ltr'><strong>populo</strong></span> 
     </span>
    </p>
   </div>
   <div class='ocr_carea' id='block_1_57' title="bbox 1896 1171 3563 1244">
    <p class='ocr_par' dir='ltr' id='par_1_57' title="bbox 1896 1171 3563 1244">
     <span class='ocr_line' id='line_1_57' title="bbox 1896 1171 3563 1244; baseline 0.002 -20"><span class='ocrx_word' id='word_1_369' title='bbox 1896 1171 2169 1241; x_wconf 88' lang='lat' dir='ltr'><strong>poscenti</strong></span> <span class='ocrx_word' id='word_1_370' title='bbox 2197 1171 2313 1226; x_wconf 92' lang='lat' dir='ltr'><strong>sibi</strong></span> <span class='ocrx_word' id='word_1_371' title='bbox 2343 1171 2469 1227; x_wconf 84' lang='lat' dir='ltr'><strong>fieri</strong></span> <span class='ocrx_word' id='word_1_372' title='bbox 2500 1172 2666 1241; x_wconf 91' lang='lat' dir='ltr'><strong>deos,</strong></span> <span class='ocrx_word' id='word_1_373' title='bbox 2700 1176 2757 1227; x_wconf 88' lang='lat' dir='ltr'><strong>et</strong></span> <span class='ocrx_word' id='word_1_374' title='bbox 2785 1173 2943 1244; x_wconf 91' lang='lat' dir='ltr'><strong>quod</strong></span> <span class='ocrx_word' id='word_1_375' title='bbox 2976 1187 3044 1227; x_wconf 91' lang='lat' dir='ltr'><strong>eo</strong></span> <span class='ocrx_word' id='word_1_376' title='bbox 3077 1188 3221 1227; x_wconf 88' lang='lat' dir='ltr'><strong>auro</strong></span> <span class='ocrx_word' id='word_1_377' title='bbox 3245 1172 3563 1243; x_wconf 86' lang='lat' dir='ltr'><strong>figuratum</strong></span> 
     </span>
    </p>
   </div>
   <div class='ocr_carea' id='block_1_58' title="bbox 1896 1259 3563 1332">
    <p class='ocr_par' dir='ltr' id='par_1_58' title="bbox 1896 1259 3563 1332">
     <span class='ocr_line' id='line_1_58' title="bbox 1896 1259 3563 1332; baseline 0.001 -19"><span class='ocrx_word' id='word_1_378' title='bbox 1896 1259 1974 1313; x_wconf 88' lang='lat' dir='ltr'><strong>sit</strong></span> <span class='ocrx_word' id='word_1_379' title='bbox 2020 1259 2189 1314; x_wconf 89' lang='lat' dir='ltr'><strong>vituli</strong></span> <span class='ocrx_word' id='word_1_380' title='bbox 2237 1264 2428 1330; x_wconf 91' lang='lat' dir='ltr'><strong>caput,</strong></span> <span class='ocrx_word' id='word_1_381' title='bbox 2479 1261 2574 1316; x_wconf 87' lang='lat' dir='ltr'><strong>vel</strong></span> <span class='ocrx_word' id='word_1_382' title='bbox 2622 1261 2781 1332; x_wconf 92' lang='lat' dir='ltr'><strong>quod</strong></span> <span class='ocrx_word' id='word_1_383' title='bbox 2813 1262 3053 1332; x_wconf 75' lang='lat' dir='ltr'><strong>Moyses</strong></span> <span class='ocrx_word' id='word_1_384' title='bbox 3085 1266 3203 1317; x_wconf 92' lang='lat' dir='ltr'><strong>tam</strong></span> <span class='ocrx_word' id='word_1_385' title='bbox 3233 1261 3379 1316; x_wconf 89' lang='lat' dir='ltr'><strong>dure</strong></span> <span class='ocrx_word' id='word_1_386' title='bbox 3410 1261 3563 1315; x_wconf 87' lang='lat' dir='ltr'><strong>indi-</strong></span> 
     </span>
    </p>
   </div>
   <div class='ocr_carea' id='block_1_59' title="bbox 1894 1349 3557 1422">
    <p class='ocr_par' dir='ltr' id='par_1_59' title="bbox 1894 1349 3557 1422">
     <span class='ocr_line' id='line_1_59' title="bbox 1894 1349 3557 1422; baseline 0.002 -20"><span class='ocrx_word' id='word_1_387' title='bbox 1894 1350 2110 1419; x_wconf 88' lang='lat' dir='ltr'><strong>gnatus</strong></span> <span class='ocrx_word' id='word_1_388' title='bbox 2141 1350 2240 1419; x_wconf 90' lang='lat' dir='ltr'><strong>sit,</strong></span> <span class='ocrx_word' id='word_1_389' title='bbox 2271 1349 2593 1421; x_wconf 78' lang='lat' dir='ltr'><strong>utjuberet</strong></span> <span class='ocrx_word' id='word_1_390' title='bbox 2621 1352 2957 1422; x_wconf 89' lang='lat' dir='ltr'><strong>proximum</strong></span> <span class='ocrx_word' id='word_1_391' title='bbox 3005 1367 3300 1422; x_wconf 69' lang='lat' dir='ltr'><strong>quemqu:</strong></span> <span class='ocrx_word' id='word_1_392' title='bbox 3355 1350 3557 1405; x_wconf 90' lang='lat' dir='ltr'><strong>insur-</strong></span> 
     </span>
    </p>
   </div>
   <div class='ocr_carea' id='block_1_60' title="bbox 1894 1436 3564 1509">
    <p class='ocr_par' dir='ltr' id='par_1_60' title="bbox 1894 1436 3564 1509">
     <span class='ocr_line' id='line_1_60' title="bbox 1894 1436 3564 1509; baseline 0.001 -19"><span class='ocrx_word' id='word_1_393' title='bbox 1894 1451 2037 1507; x_wconf 88' lang='lat' dir='ltr'><strong>gere</strong></span> <span class='ocrx_word' id='word_1_394' title='bbox 2063 1436 2280 1508; x_wconf 89' lang='lat' dir='ltr'><strong>gladiis</strong></span> <span class='ocrx_word' id='word_1_395' title='bbox 2311 1437 2368 1492; x_wconf 93' lang='lat' dir='ltr'><strong>in</strong></span> <span class='ocrx_word' id='word_1_396' title='bbox 2398 1454 2604 1494; x_wconf 89' lang='lat' dir='ltr'><strong>necem</strong></span> <span class='ocrx_word' id='word_1_397' title='bbox 2651 1440 2903 1509; x_wconf 81' lang='lat' dir='ltr'><strong>proximi</strong></span> <span class='ocrx_word' id='word_1_398' title='bbox 2953 1441 3048 1494; x_wconf 90' lang='lat' dir='ltr'><strong>sui</strong></span> <span class='ocrx_word' id='word_1_399' title='bbox 3098 1439 3317 1509; x_wconf 80' lang='lat' dir='ltr'><strong>(Exod.</strong></span> <span class='ocrx_word' id='word_1_400' title='bbox 3374 1455 3564 1507; x_wconf 87' lang='grc' dir='ltr'>χχχιι,</span> 
     </span>
    </p>
   </div>
   <div class='ocr_carea' id='block_1_61' title="bbox 1894 1523 3562 1599">
    <p class='ocr_par' dir='ltr' id='par_1_61' title="bbox 1894 1523 3562 1599">
     <span class='ocr_line' id='line_1_61' title="bbox 1894 1523 3562 1599; baseline 0.002 -20"><span class='ocrx_word' id='word_1_401' title='bbox 1894 1525 2016 1594; x_wconf 75' lang='lat'><strong>2-4,</strong></span> <span class='ocrx_word' id='word_1_402' title='bbox 2048 1523 2160 1595; x_wconf 62' lang='grc' dir='ltr'><strong>Ξῖ).</strong></span> <span class='ocrx_word' id='word_1_403' title='bbox 2192 1526 2472 1599; x_wconf 88' lang='lat' dir='ltr'><strong>Magnum</strong></span> <span class='ocrx_word' id='word_1_404' title='bbox 2501 1530 2594 1583; x_wconf 89' lang='lat' dir='ltr'><strong>est</strong></span> <span class='ocrx_word' id='word_1_405' title='bbox 2624 1529 2778 1583; x_wconf 90' lang='lat' dir='ltr'><strong>enim</strong></span> <span class='ocrx_word' id='word_1_406' title='bbox 2809 1528 3036 1583; x_wconf 92' lang='lat' dir='ltr'><strong>nullum</strong></span> <span class='ocrx_word' id='word_1_407' title='bbox 3068 1528 3190 1598; x_wconf 90' lang='lat' dir='ltr'><strong>pati</strong></span> <span class='ocrx_word' id='word_1_408' title='bbox 3211 1527 3562 1582; x_wconf 86' lang='lat' dir='ltr'><strong>absentibus</strong></span> 
     </span>
    </p>
   </div>
   <div class='ocr_carea' id='block_1_62' title="bbox 1894 1613 3564 1687">
    <p class='ocr_par' dir='ltr' id='par_1_62' title="bbox 1894 1613 3564 1687">
     <span class='ocr_line' id='line_1_62' title="bbox 1894 1613 3564 1687; baseline 0.003 -21"><span class='ocrx_word' id='word_1_409' title='bbox 1894 1613 2173 1668; x_wconf 89' lang='lat' dir='ltr'><strong>damnum</strong></span> <span class='ocrx_word' id='word_1_410' title='bbox 2205 1615 2487 1686; x_wconf 90' lang='lat' dir='ltr'><strong>irrepere,</strong></span> <span class='ocrx_word' id='word_1_411' title='bbox 2520 1632 2638 1672; x_wconf 92' lang='lat' dir='ltr'><strong>non</strong></span> <span class='ocrx_word' id='word_1_412' title='bbox 2667 1617 2863 1672; x_wconf 92' lang='lat' dir='ltr'><strong>solum</strong></span> <span class='ocrx_word' id='word_1_413' title='bbox 2894 1618 3225 1687; x_wconf 86' lang='lat' dir='ltr'><strong>suavitatis,</strong></span> <span class='ocrx_word' id='word_1_414' title='bbox 3262 1617 3371 1672; x_wconf 90' lang='lat' dir='ltr'><strong>sed</strong></span> <span class='ocrx_word' id='word_1_415' title='bbox 3391 1617 3564 1671; x_wconf 90' lang='lat' dir='ltr'><strong>etiam</strong></span> 
     </span>
    </p>
   </div>
   <div class='ocr_carea' id='block_1_63' title="bbox 1897 1701 3562 1776">
    <p class='ocr_par' dir='ltr' id='par_1_63' title="bbox 1897 1701 3562 1776">
     <span class='ocr_line' id='line_1_63' title="bbox 1897 1701 3562 1776; baseline 0.002 -19"><span class='ocrx_word' id='word_1_416' title='bbox 1897 1701 2226 1757; x_wconf 90' lang='lat' dir='ltr'><strong>collationis</strong></span> <span class='ocrx_word' id='word_1_417' title='bbox 2258 1706 2317 1758; x_wconf 92' lang='lat' dir='ltr'><strong>et</strong></span> <span class='ocrx_word' id='word_1_418' title='bbox 2343 1703 2608 1760; x_wconf 91' lang='lat' dir='ltr'><strong>liberalis</strong></span> <span class='ocrx_word' id='word_1_419' title='bbox 2641 1705 2927 1760; x_wconf 86' lang='lat' dir='ltr'><strong>scientiae.</strong></span> <span class='ocrx_word' id='word_1_420' title='bbox 2963 1704 3115 1769; x_wconf 89' lang='lat' dir='ltr'><strong>Quid</strong></span> <span class='ocrx_word' id='word_1_421' title='bbox 3145 1705 3326 1776; x_wconf 86' lang='lat' dir='ltr'><strong>igitur</strong></span> <span class='ocrx_word' id='word_1_422' title='bbox 3372 1706 3446 1760; x_wconf 91' lang='lat' dir='ltr'><strong>de</strong></span> <span class='ocrx_word' id='word_1_423' title='bbox 3492 1721 3562 1760; x_wconf 90' lang='lat' dir='ltr'><strong>eo</strong></span> 
     </span>
    </p>
   </div>
   <div class='ocr_carea' id='block_1_64' title="bbox 1896 1790 3564 1866">
    <p class='ocr_par' dir='ltr' id='par_1_64' title="bbox 1896 1790 3564 1866">
     <span class='ocr_line' id='line_1_64' title="bbox 1896 1790 3564 1866; baseline 0.002 -21"><span class='ocrx_word' id='word_1_424' title='bbox 1896 1790 2166 1862; x_wconf 88' lang='lat' dir='ltr'><strong>sentiam,</strong></span> <span class='ocrx_word' id='word_1_425' title='bbox 2190 1792 2465 1863; x_wconf 89' lang='lat' dir='ltr'><strong>quoniam</strong></span> <span class='ocrx_word' id='word_1_426' title='bbox 2487 1793 2787 1865; x_wconf 81' lang='lat' dir='ltr'><strong>exposcis,</strong></span> <span class='ocrx_word' id='word_1_427' title='bbox 2808 1792 3151 1849; x_wconf 80' lang='lat' dir='ltr'><strong>conferendi</strong></span> <span class='ocrx_word' id='word_1_428' title='bbox 3174 1793 3366 1866; x_wconf 88' lang='lat' dir='ltr'><strong>magis</strong></span> <span class='ocrx_word' id='word_1_429' title='bbox 3388 1809 3564 1864; x_wconf 83' lang='lat' dir='ltr'><strong>quam</strong></span> 
     </span>
    </p>
   </div>
   <div class='ocr_carea' id='block_1_65' title="bbox 1896 1880 2715 1953">
    <p class='ocr_par' dir='ltr' id='par_1_65' title="bbox 1896 1880 2715 1953">
     <span class='ocr_line' id='line_1_65' title="bbox 1896 1880 2715 1953; baseline 0.004 -19"><span class='ocrx_word' id='word_1_430' title='bbox 1896 1880 2229 1950; x_wconf 78' lang='lat' dir='ltr'><strong>exponendi</strong></span> <span class='ocrx_word' id='word_1_431' title='bbox 2258 1881 2454 1937; x_wconf 90' lang='lat' dir='ltr'><strong>studio</strong></span> <span class='ocrx_word' id='word_1_432' title='bbox 2486 1882 2715 1953; x_wconf 91' lang='lat' dir='ltr'><strong>loquar.</strong></span> 
     </span>
    </p>
   </div>
   <div class='ocr_carea' id='block_1_66' title="bbox 1812 1942 3562 2043">
    <p class='ocr_par' dir='ltr' id='par_1_66' title="bbox 1812 1942 3562 2043">
     <span class='ocr_line' id='line_1_66' title="bbox 1812 1942 3562 2043; baseline 0.001 -20"><span class='ocrx_word' id='word_1_433' title='bbox 1812 1942 1863 2005; x_wconf 80' lang='grc' dir='ltr'>Β</span> <span class='ocrx_word' id='word_1_434' title='bbox 1965 1942 2111 2024; x_wconf 65' lang='lat' dir='ltr'><strong>Cum</strong></span> <span class='ocrx_word' id='word_1_435' title='bbox 2161 1970 2401 2041; x_wconf 77' lang='lat' dir='ltr'><strong>Moyses</strong></span> <span class='ocrx_word' id='word_1_436' title='bbox 2449 1971 2510 2026; x_wconf 93' lang='lat' dir='ltr'><strong>in</strong></span> <span class='ocrx_word' id='word_1_437' title='bbox 2557 1942 2753 2027; x_wconf 70' lang='lat' dir='ltr'><strong>inonte</strong></span> <span class='ocrx_word' id='word_1_438' title='bbox 2803 1971 2941 2026; x_wconf 89' lang='lat' dir='ltr'><strong>Sina</strong></span> <span class='ocrx_word' id='word_1_439' title='bbox 2990 1970 3185 2043; x_wconf 90' lang='lat' dir='ltr'><strong>legem</strong></span> <span class='ocrx_word' id='word_1_440' title='bbox 3245 1964 3562 2043; x_wconf 85' lang='lat' dir='ltr'><strong>acciperet,</strong></span> 
     </span>
    </p>
   </div>
   <div class='ocr_carea' id='block_1_67' title="bbox 1894 2058 3564 2131">
    <p class='ocr_par' dir='ltr' id='par_1_67' title="bbox 1894 2058 3564 2131">
     <span class='ocr_line' id='line_1_67' title="bbox 1894 2058 3564 2131; baseline 0.001 -18"><span class='ocrx_word' id='word_1_441' title='bbox 1894 2058 2149 2129; x_wconf 88' lang='lat' dir='ltr'><strong>pepulus</strong></span> <span class='ocrx_word' id='word_1_442' title='bbox 2198 2063 2322 2115; x_wconf 90' lang='lat' dir='ltr'><strong>erat</strong></span> <span class='ocrx_word' id='word_1_443' title='bbox 2371 2076 2505 2114; x_wconf 90' lang='lat' dir='ltr'><strong>cum</strong></span> <span class='ocrx_word' id='word_1_444' title='bbox 2550 2063 2748 2115; x_wconf 84' lang='lat' dir='ltr'><strong>Aaron</strong></span> <span class='ocrx_word' id='word_1_445' title='bbox 2795 2060 3145 2129; x_wconf 85' lang='lat' dir='ltr'><strong>sacerdote;</strong></span> <span class='ocrx_word' id='word_1_446' title='bbox 3199 2062 3256 2115; x_wconf 93' lang='lat' dir='ltr'><strong>et</strong></span> <span class='ocrx_word' id='word_1_447' title='bbox 3289 2060 3564 2131; x_wconf 85' lang='lat' dir='ltr'><strong>quamvis</strong></span> 
     </span>
    </p>
   </div>
   <div class='ocr_carea' id='block_1_68' title="bbox 1894 2147 3566 2220">
    <p class='ocr_par' dir='ltr' id='par_1_68' title="bbox 1894 2147 3566 2220">
     <span class='ocr_line' id='line_1_68' title="bbox 1894 2147 3566 2220; baseline 0.001 -18"><span class='ocrx_word' id='word_1_448' title='bbox 1894 2147 2236 2219; x_wconf 84' lang='lat' dir='ltr'><strong>frequenter</strong></span> <span class='ocrx_word' id='word_1_449' title='bbox 2265 2148 2339 2202; x_wconf 92' lang='lat' dir='ltr'><strong>ad</strong></span> <span class='ocrx_word' id='word_1_450' title='bbox 2369 2147 2602 2219; x_wconf 91' lang='lat' dir='ltr'><strong>culpam</strong></span> <span class='ocrx_word' id='word_1_451' title='bbox 2630 2148 2919 2219; x_wconf 90' lang='lat' dir='ltr'><strong>lubricus,</strong></span> <span class='ocrx_word' id='word_1_452' title='bbox 2952 2152 3145 2204; x_wconf 89' lang='lat' dir='ltr'><strong>tamen</strong></span> <span class='ocrx_word' id='word_1_453' title='bbox 3177 2148 3438 2220; x_wconf 91' lang='lat' dir='ltr'><strong>quandiu</strong></span> <span class='ocrx_word' id='word_1_454' title='bbox 3469 2148 3566 2204; x_wconf 86' lang='lat' dir='ltr'><strong>lex</strong></span> 
     </span>
    </p>
   </div>
   <div class='ocr_carea' id='block_1_69' title="bbox 1893 2236 3565 2308">
    <p class='ocr_par' dir='ltr' id='par_1_69' title="bbox 1893 2236 3565 2308">
     <span class='ocr_line' id='line_1_69' title="bbox 1893 2236 3565 2308; baseline 0.001 -18"><span class='ocrx_word' id='word_1_455' title='bbox 1893 2236 2159 2307; x_wconf 88' lang='lat' dir='ltr'><strong>dabatur,</strong></span> <span class='ocrx_word' id='word_1_456' title='bbox 2211 2236 2526 2308; x_wconf 88' lang='lat' dir='ltr'><strong>sacrilegio</strong></span> <span class='ocrx_word' id='word_1_457' title='bbox 2576 2252 2815 2292; x_wconf 88' lang='lat' dir='ltr'><strong>errasse</strong></span> <span class='ocrx_word' id='word_1_458' title='bbox 2865 2253 2982 2292; x_wconf 90' lang='lat' dir='ltr'><strong>non</strong></span> <span class='ocrx_word' id='word_1_459' title='bbox 3021 2237 3307 2308; x_wconf 89' lang='lat' dir='ltr'><strong>proditur.</strong></span> <span class='ocrx_word' id='word_1_460' title='bbox 3344 2236 3565 2292; x_wconf 87' lang='lat' dir='ltr'><strong>Verum</strong></span> 
     </span>
    </p>
   </div>
   <div class='ocr_carea' id='block_1_70' title="bbox 1891 2325 3556 2397">
    <p class='ocr_par' dir='ltr' id='par_1_70' title="bbox 1891 2325 3556 2397">
     <span class='ocr_line' id='line_1_70' title="bbox 1891 2325 3556 2397; baseline 0 -18"><span class='ocrx_word' id='word_1_461' title='bbox 1891 2325 1992 2379; x_wconf 91' lang='lat' dir='ltr'><strong>ubi</strong></span> <span class='ocrx_word' id='word_1_462' title='bbox 2021 2325 2283 2391; x_wconf 85' lang='lat' dir='ltr'><strong>divinum</strong></span> <span class='ocrx_word' id='word_1_463' title='bbox 2312 2326 2588 2381; x_wconf 89' lang='lat' dir='ltr'><strong>conticuit</strong></span> <span class='ocrx_word' id='word_1_464' title='bbox 2607 2325 2931 2395; x_wconf 89' lang='lat' dir='ltr'><strong>oraculum,</strong></span> <span class='ocrx_word' id='word_1_465' title='bbox 2955 2328 3263 2396; x_wconf 89' lang='lat' dir='ltr'><strong>peccatum</strong></span> <span class='ocrx_word' id='word_1_466' title='bbox 3292 2325 3556 2397; x_wconf 87' lang='lat' dir='ltr'><strong>irrepsit,</strong></span> 
     </span>
    </p>
   </div>
   <div class='ocr_carea' id='block_1_71' title="bbox 1891 2414 3559 2486">
    <p class='ocr_par' dir='ltr' id='par_1_71' title="bbox 1891 2414 3559 2486">
     <span class='ocr_line' id='line_1_71' title="bbox 1891 2414 3559 2486; baseline 0.001 -18"><span class='ocrx_word' id='word_1_467' title='bbox 1891 2416 1955 2469; x_wconf 92' lang='lat' dir='ltr'><strong>ut</strong></span> <span class='ocrx_word' id='word_1_468' title='bbox 1981 2416 2246 2485; x_wconf 89' lang='lat' dir='ltr'><strong>peterent</strong></span> <span class='ocrx_word' id='word_1_469' title='bbox 2274 2414 2390 2469; x_wconf 88' lang='lat' dir='ltr'><strong>sibi</strong></span> <span class='ocrx_word' id='word_1_470' title='bbox 2422 2415 2550 2470; x_wconf 84' lang='lat' dir='ltr'><strong>ﬁeri</strong></span> <span class='ocrx_word' id='word_1_471' title='bbox 2580 2415 2748 2470; x_wconf 91' lang='lat' dir='ltr'><strong>deos.</strong></span> <span class='ocrx_word' id='word_1_472' title='bbox 2780 2414 3035 2470; x_wconf 86' lang='lat' dir='ltr'><strong>Coactus</strong></span> <span class='ocrx_word' id='word_1_473' title='bbox 3067 2416 3179 2486; x_wconf 69' lang='lat'>(44)</span> <span class='ocrx_word' id='word_1_474' title='bbox 3223 2416 3421 2470; x_wconf 88' lang='lat' dir='ltr'><strong>Aaron</strong></span> <span class='ocrx_word' id='word_1_475' title='bbox 3453 2428 3559 2485; x_wconf 89' lang='lat' dir='ltr'><strong>pe-</strong></span> 
     </span>
    </p>
   </div>
   <div class='ocr_carea' id='block_1_72' title="bbox 1891 2503 3563 2575">
    <p class='ocr_par' dir='ltr' id='par_1_72' title="bbox 1891 2503 3563 2575">
     <span class='ocr_line' id='line_1_72' title="bbox 1891 2503 3563 2575; baseline 0.001 -18"><span class='ocrx_word' id='word_1_476' title='bbox 1891 2503 1979 2557; x_wconf 90' lang='lat' dir='ltr'><strong>tiit</strong></span> <span class='ocrx_word' id='word_1_477' title='bbox 2025 2503 2276 2558; x_wconf 90' lang='lat' dir='ltr'><strong>annulos</strong></span> <span class='ocrx_word' id='word_1_478' title='bbox 2325 2519 2550 2572; x_wconf 89' lang='lat' dir='ltr'><strong>eorum,</strong></span> <span class='ocrx_word' id='word_1_479' title='bbox 2603 2506 2659 2559; x_wconf 90' lang='lat' dir='ltr'><strong>et</strong></span> <span class='ocrx_word' id='word_1_480' title='bbox 2702 2504 2942 2559; x_wconf 90' lang='lat' dir='ltr'><strong>inaures</strong></span> <span class='ocrx_word' id='word_1_481' title='bbox 3001 2504 3314 2560; x_wconf 90' lang='lat' dir='ltr'><strong>mulierum</strong></span> <span class='ocrx_word' id='word_1_482' title='bbox 3363 2519 3375 2559; x_wconf 89' lang='lat'><strong>:</strong></span> <span class='ocrx_word' id='word_1_483' title='bbox 3428 2518 3563 2575; x_wconf 65' lang='lat' dir='ltr'><strong>qua)</strong></span> 
     </span>
    </p>
   </div>
   <div class='ocr_carea' id='block_1_73' title="bbox 1890 2592 3561 2666">
    <p class='ocr_par' dir='ltr' id='par_1_73' title="bbox 1890 2592 3561 2666">
     <span class='ocr_line' id='line_1_73' title="bbox 1890 2592 3561 2666; baseline 0.001 -20"><span class='ocrx_word' id='word_1_484' title='bbox 1890 2592 2101 2647; x_wconf 90' lang='lat' dir='ltr'><strong>tradita</strong></span> <span class='ocrx_word' id='word_1_485' title='bbox 2131 2593 2189 2646; x_wconf 92' lang='lat' dir='ltr'><strong>in</strong></span> <span class='ocrx_word' id='word_1_486' title='bbox 2219 2592 2417 2666; x_wconf 89' lang='lat' dir='ltr'><strong>ignem</strong></span> <span class='ocrx_word' id='word_1_487' title='bbox 2448 2594 2626 2663; x_wconf 88' lang='lat' dir='ltr'><strong>misit,</strong></span> <span class='ocrx_word' id='word_1_488' title='bbox 2662 2596 2719 2649; x_wconf 92' lang='lat' dir='ltr'><strong>et</strong></span> <span class='ocrx_word' id='word_1_489' title='bbox 2736 2594 3049 2649; x_wconf 84' lang='lat' dir='ltr'><strong>conﬂatum</strong></span> <span class='ocrx_word' id='word_1_490' title='bbox 3071 2596 3163 2649; x_wconf 89' lang='lat' dir='ltr'><strong>est</strong></span> <span class='ocrx_word' id='word_1_491' title='bbox 3178 2593 3345 2648; x_wconf 85' lang='lat' dir='ltr'><strong>vituli</strong></span> <span class='ocrx_word' id='word_1_492' title='bbox 3368 2595 3561 2665; x_wconf 90' lang='lat' dir='ltr'><strong>caput.</strong></span> 
     </span>
    </p>
   </div>
   <div class='ocr_carea' id='block_1_74' title="bbox 1959 2680 3563 2752">
    <p class='ocr_par' dir='ltr' id='par_1_74' title="bbox 1959 2680 3563 2752">
     <span class='ocr_line' id='line_1_74' title="bbox 1959 2680 3563 2752; baseline 0.001 -17"><span class='ocrx_word' id='word_1_493' title='bbox 1959 2680 2013 2735; x_wconf 86' lang='lat'><strong>3.</strong></span> <span class='ocrx_word' id='word_1_494' title='bbox 2057 2681 2263 2752; x_wconf 89' lang='lat' dir='ltr'><strong>Neque</strong></span> <span class='ocrx_word' id='word_1_495' title='bbox 2310 2698 2599 2739; x_wconf 84' lang='lat' dir='ltr'><strong>excusare</strong></span> <span class='ocrx_word' id='word_1_496' title='bbox 2650 2685 2870 2739; x_wconf 90' lang='lat' dir='ltr'><strong>tantum</strong></span> <span class='ocrx_word' id='word_1_497' title='bbox 2921 2682 3291 2738; x_wconf 91' lang='lat' dir='ltr'><strong>sacerdotem</strong></span> <span class='ocrx_word' id='word_1_498' title='bbox 3324 2682 3563 2752; x_wconf 57' lang='lat' dir='ltr'><strong>{possu-</strong></span> 
     </span>
    </p>
   </div>
   <div class='ocr_carea' id='block_1_75' title="bbox 1890 2771 3558 2842">
    <p class='ocr_par' dir='ltr' id='par_1_75' title="bbox 1890 2771 3558 2842">
     <span class='ocr_line' id='line_1_75' title="bbox 1890 2771 3558 2842; baseline -0.001 -17"><span class='ocrx_word' id='word_1_499' title='bbox 1890 2786 2045 2841; x_wconf 89' lang='lat' dir='ltr'><strong>mus,</strong></span> <span class='ocrx_word' id='word_1_500' title='bbox 2077 2786 2270 2842; x_wconf 90' lang='lat' dir='ltr'><strong>neque</strong></span> <span class='ocrx_word' id='word_1_501' title='bbox 2300 2772 2455 2827; x_wconf 90' lang='lat' dir='ltr'><strong>enim</strong></span> <span class='ocrx_word' id='word_1_502' title='bbox 2486 2772 2878 2827; x_wconf 89' lang='lat' dir='ltr'><strong>condemnare</strong></span> <span class='ocrx_word' id='word_1_503' title='bbox 2909 2772 3216 2827; x_wconf 87' lang='lat' dir='ltr'><strong>audemus.</strong></span> <span class='ocrx_word' id='word_1_504' title='bbox 3260 2771 3392 2826; x_wconf 90' lang='lat' dir='ltr'><strong>Non</strong></span> <span class='ocrx_word' id='word_1_505' title='bbox 3443 2771 3558 2825; x_wconf 91' lang='lat' dir='ltr'><strong>im-</strong></span> 
     </span>
    </p>
   </div>
   <div class='ocr_carea' id='block_1_76' title="bbox 1890 2859 3566 2933">
    <p class='ocr_par' dir='ltr' id='par_1_76' title="bbox 1890 2859 3566 2933">
     <span class='ocr_line' id='line_1_76' title="bbox 1890 2859 3566 2933; baseline 0.002 -20"><span class='ocrx_word' id='word_1_506' title='bbox 1890 2859 2152 2931; x_wconf 89' lang='lat' dir='ltr'><strong>prudens</strong></span> <span class='ocrx_word' id='word_1_507' title='bbox 2184 2864 2399 2931; x_wconf 90' lang='lat' dir='ltr'><strong>tamen,</strong></span> <span class='ocrx_word' id='word_1_508' title='bbox 2436 2861 2537 2933; x_wconf 91' lang='lat' dir='ltr'><strong>qui</strong></span> <span class='ocrx_word' id='word_1_509' title='bbox 2566 2861 2819 2917; x_wconf 88' lang='lat' dir='ltr'><strong>annulos</strong></span> <span class='ocrx_word' id='word_1_510' title='bbox 2849 2862 3075 2916; x_wconf 74' lang='lat' dir='ltr'><strong>Judaais</strong></span> <span class='ocrx_word' id='word_1_511' title='bbox 3109 2865 3164 2917; x_wconf 89' lang='lat' dir='ltr'><strong>et</strong></span> <span class='ocrx_word' id='word_1_512' title='bbox 3196 2861 3435 2916; x_wconf 90' lang='lat' dir='ltr'><strong>inaures</strong></span> <span class='ocrx_word' id='word_1_513' title='bbox 3468 2859 3566 2916; x_wconf 84' lang='lat' dir='ltr'><strong>ab-</strong></span> 
     </span>
    </p>
   </div>
   <div class='ocr_carea' id='block_1_77' title="bbox 1890 2948 3565 3024">
    <p class='ocr_par' dir='ltr' id='par_1_77' title="bbox 1890 2948 3565 3024">
     <span class='ocr_line' id='line_1_77' title="bbox 1890 2948 3565 3024; baseline 0.001 -21"><span class='ocrx_word' id='word_1_514' title='bbox 1890 2948 2092 3018; x_wconf 89' lang='lat' dir='ltr'><strong>stulit;</strong></span> <span class='ocrx_word' id='word_1_515' title='bbox 2139 2949 2354 3004; x_wconf 89' lang='lat' dir='ltr'><strong>etenim</strong></span> <span class='ocrx_word' id='word_1_516' title='bbox 2400 2950 2501 3021; x_wconf 88' lang='lat' dir='ltr'><strong>qui</strong></span> <span class='ocrx_word' id='word_1_517' title='bbox 2548 2951 2930 3024; x_wconf 87' lang='lat' dir='ltr'><strong>sacrilegium</strong></span> <span class='ocrx_word' id='word_1_518' title='bbox 2975 2950 3386 3020; x_wconf 87' lang='lat' dir='ltr'><strong>moliebantur,</strong></span> <span class='ocrx_word' id='word_1_519' title='bbox 3454 2965 3565 3024; x_wconf 88' lang='lat' dir='ltr'><strong>nec</strong></span> 
     </span>
    </p>
   </div>
   <div class='ocr_carea' id='block_1_78' title="bbox 1891 3022 3561 3111">
    <p class='ocr_par' dir='ltr' id='par_1_78' title="bbox 1891 3022 3561 3111">
     <span class='ocr_line' id='line_1_78' title="bbox 1891 3022 3561 3111; baseline 0.001 -20"><span class='ocrx_word' id='word_1_520' title='bbox 1891 3037 2027 3092; x_wconf 88' lang='lat' dir='ltr'><strong>fidei</strong></span> <span class='ocrx_word' id='word_1_521' title='bbox 2059 3037 2434 3110; x_wconf 89' lang='lat' dir='ltr'><strong>signaculum</strong></span> <span class='ocrx_word' id='word_1_522' title='bbox 2465 3038 2685 3095; x_wconf 88' lang='lat' dir='ltr'><strong>habere</strong></span> <span class='ocrx_word' id='word_1_523' title='bbox 2715 3022 3003 3111; x_wconf 80' lang='lat' dir='ltr'><strong>poterant,</strong></span> <span class='ocrx_word' id='word_1_524' title='bbox 3053 3055 3166 3094; x_wconf 91' lang='lat' dir='ltr'><strong>nec</strong></span> <span class='ocrx_word' id='word_1_525' title='bbox 3216 3022 3561 3094; x_wconf 79' lang='lat' dir='ltr'><strong>ornamenta</strong></span> 
     </span>
    </p>
   </div>
   <div class='ocr_carea' id='block_1_79' title="bbox 1891 3126 3558 3199">
    <p class='ocr_par' dir='ltr' id='par_1_79' title="bbox 1891 3126 3558 3199">
     <span class='ocr_line' id='line_1_79' title="bbox 1891 3126 3558 3199; baseline 0.001 -20"><span class='ocrx_word' id='word_1_526' title='bbox 1891 3126 2140 3181; x_wconf 85' lang='lat' dir='ltr'><strong>aurium.</strong></span> <span class='ocrx_word' id='word_1_527' title='bbox 2192 3126 2457 3199; x_wconf 91' lang='lat' dir='ltr'><strong>Denique</strong></span> <span class='ocrx_word' id='word_1_528' title='bbox 2507 3131 2564 3182; x_wconf 90' lang='lat' dir='ltr'><strong>et</strong></span> <span class='ocrx_word' id='word_1_529' title='bbox 2590 3128 2923 3199; x_wconf 83' lang='lat' dir='ltr'><strong>patriarcha</strong></span> <span class='ocrx_word' id='word_1_530' title='bbox 2970 3129 3157 3183; x_wconf 78' lang='lat' dir='ltr'><strong>Jacob</strong></span> <span class='ocrx_word' id='word_1_531' title='bbox 3191 3128 3384 3191; x_wconf 81' lang='grc'>1055</span> <span class='ocrx_word' id='word_1_532' title='bbox 3436 3127 3558 3181; x_wconf 90' lang='lat' dir='ltr'><strong>ab-</strong></span> 
     </span>
    </p>
   </div>
   <div class='ocr_carea' id='block_1_80' title="bbox 1774 3215 3560 3289">
    <p class='ocr_par' dir='ltr' id='par_1_80' title="bbox 1774 3215 3560 3289">
     <span class='ocr_line' id='line_1_80' title="bbox 1774 3215 3560 3289; baseline 0.001 -20"><span class='ocrx_word' id='word_1_533' title='bbox 1774 3224 1779 3227; x_wconf 83' lang='lat'>‘</span> <span class='ocrx_word' id='word_1_534' title='bbox 1812 3215 1863 3276; x_wconf 92' lang='lat' dir='ltr'>C</span> <span class='ocrx_word' id='word_1_535' title='bbox 1893 3215 2125 3270; x_wconf 88' lang='lat' dir='ltr'><strong>scendit</strong></span> <span class='ocrx_word' id='word_1_536' title='bbox 2170 3216 2411 3287; x_wconf 86' lang='lat' dir='ltr'><strong>inaures</strong></span> <span class='ocrx_word' id='word_1_537' title='bbox 2459 3231 2593 3271; x_wconf 91' lang='lat' dir='ltr'><strong>cum</strong></span> <span class='ocrx_word' id='word_1_538' title='bbox 2638 3216 2976 3271; x_wconf 87' lang='lat' dir='ltr'><strong>simulacris</strong></span> <span class='ocrx_word' id='word_1_539' title='bbox 3008 3218 3291 3289; x_wconf 88' lang='lat' dir='ltr'><strong>gentium,</strong></span> <span class='ocrx_word' id='word_1_540' title='bbox 3324 3216 3560 3287; x_wconf 91' lang='lat' dir='ltr'><strong>quando</strong></span> 
     </span>
    </p>
   </div>
   <div class='ocr_carea' id='block_1_81' title="bbox 1891 3302 3564 3375">
    <p class='ocr_par' dir='ltr' id='par_1_81' title="bbox 1891 3302 3564 3375">
     <span class='ocr_line' id='line_1_81' title="bbox 1891 3302 3564 3375; baseline 0.001 -17"><span class='ocrx_word' id='word_1_541' title='bbox 1891 3303 1951 3358; x_wconf 92' lang='lat' dir='ltr'><strong>in</strong></span> <span class='ocrx_word' id='word_1_542' title='bbox 1998 3302 2278 3358; x_wconf 79' lang='lat' dir='ltr'><strong>Sichimis</strong></span> <span class='ocrx_word' id='word_1_543' title='bbox 2327 3306 2638 3360; x_wconf 89' lang='lat' dir='ltr'><strong>abscondit</strong></span> <span class='ocrx_word' id='word_1_544' title='bbox 2685 3305 2858 3375; x_wconf 89' lang='lat' dir='ltr'><strong>(Gen.</strong></span> <span class='ocrx_word' id='word_1_545' title='bbox 2913 3323 3097 3375; x_wconf 85' lang='lat' dir='ltr'><strong>xxxv,</strong></span> <span class='ocrx_word' id='word_1_546' title='bbox 3130 3306 3216 3375; x_wconf 83' lang='lat'>4);</span> <span class='ocrx_word' id='word_1_547' title='bbox 3271 3308 3335 3360; x_wconf 93' lang='lat' dir='ltr'><strong>ut</strong></span> <span class='ocrx_word' id='word_1_548' title='bbox 3362 3304 3564 3359; x_wconf 92' lang='lat' dir='ltr'><strong>nullus</strong></span> 
     </span>
    </p>
   </div>
   <div class='ocr_carea' id='block_1_82' title="bbox 1893 3392 3566 3467">
    <p class='ocr_par' dir='ltr' id='par_1_82' title="bbox 1893 3392 3566 3467">
     <span class='ocr_line' id='line_1_82' title="bbox 1893 3392 3566 3467; baseline 0.001 -21"><span class='ocrx_word' id='word_1_549' title='bbox 1893 3392 2122 3447; x_wconf 89' lang='lat' dir='ltr'><strong>audiret</strong></span> <span class='ocrx_word' id='word_1_550' title='bbox 2172 3394 2630 3463; x_wconf 87' lang='lat' dir='ltr'><strong>superstitiones</strong></span> <span class='ocrx_word' id='word_1_551' title='bbox 2682 3395 3009 3467; x_wconf 86' lang='lat' dir='ltr'><strong>gentilium.</strong></span> <span class='ocrx_word' id='word_1_552' title='bbox 3063 3394 3320 3449; x_wconf 89' lang='lat' dir='ltr'><strong>Pulchre</strong></span> <span class='ocrx_word' id='word_1_553' title='bbox 3371 3397 3566 3449; x_wconf 90' lang='lat' dir='ltr'><strong>autem</strong></span> 
     </span>
    </p>
   </div>
   <div class='ocr_carea' id='block_1_83' title="bbox 1892 3482 3564 3553">
    <p class='ocr_par' dir='ltr' id='par_1_83' title="bbox 1892 3482 3564 3553">
     <span class='ocr_line' id='line_1_83' title="bbox 1892 3482 3564 3553; baseline 0 -17"><span class='ocrx_word' id='word_1_554' title='bbox 1892 3482 2037 3536; x_wconf 88' lang='lat' dir='ltr'><strong>dixit</strong></span> <span class='ocrx_word' id='word_1_555' title='bbox 2069 3498 2081 3536; x_wconf 92' lang='lat'>:</span> <span class='ocrx_word' id='word_1_556' title='bbox 2123 3505 2143 3529; x_wconf 78' lang='grc' dir='ltr'>α</span> <span class='ocrx_word' id='word_1_557' title='bbox 2178 3482 2462 3552; x_wconf 87' lang='lat' dir='ltr'><strong>Deponite</strong></span> <span class='ocrx_word' id='word_1_558' title='bbox 2492 3482 2764 3538; x_wconf 90' lang='lat' dir='ltr'><strong>annullos</strong></span> <span class='ocrx_word' id='word_1_559' title='bbox 2796 3487 2851 3538; x_wconf 92' lang='lat' dir='ltr'><strong>et</strong></span> <span class='ocrx_word' id='word_1_560' title='bbox 2883 3483 3126 3537; x_wconf 88' lang='lat' dir='ltr'><strong>inaures</strong></span> <span class='ocrx_word' id='word_1_561' title='bbox 3158 3499 3392 3552; x_wconf 73' lang='lat' dir='ltr'><strong>aureas,</strong></span> <span class='ocrx_word' id='word_1_562' title='bbox 3431 3499 3564 3553; x_wconf 68' lang='lat' dir='ltr'><strong>quas</strong></span> 
     </span>
    </p>
   </div>
   <div class='ocr_carea' id='block_1_84' title="bbox 1893 3570 3563 3642">
    <p class='ocr_par' dir='ltr' id='par_1_84' title="bbox 1893 3570 3563 3642">
     <span class='ocr_line' id='line_1_84' title="bbox 1893 3570 3563 3642; baseline 0.001 -18"><span class='ocrx_word' id='word_1_563' title='bbox 1893 3573 2032 3624; x_wconf 90' lang='lat' dir='ltr'><strong>sunt</strong></span> <span class='ocrx_word' id='word_1_564' title='bbox 2087 3571 2330 3626; x_wconf 88' lang='lat' dir='ltr'><strong>inaures</strong></span> <span class='ocrx_word' id='word_1_565' title='bbox 2386 3572 2701 3626; x_wconf 88' lang='lat' dir='ltr'><strong>mulierum</strong></span> <span class='ocrx_word' id='word_1_566' title='bbox 2758 3572 2887 3641; x_wconf 88' lang='lat'>(45)</span> <span class='ocrx_word' id='word_1_567' title='bbox 2947 3575 3288 3627; x_wconf 88' lang='lat' dir='ltr'><strong>vestrarum</strong></span> <span class='ocrx_word' id='word_1_568' title='bbox 3337 3570 3563 3642; x_wconf 71' lang='lat' dir='ltr'><strong>(Exod.</strong></span> 
     </span>
    </p>
   </div>
   <div class='ocr_carea' id='block_1_85' title="bbox 1891 3659 3564 3731">
    <p class='ocr_par' dir='ltr' id='par_1_85' title="bbox 1891 3659 3564 3731">
     <span class='ocr_line' id='line_1_85' title="bbox 1891 3659 3564 3731; baseline -0.001 -17"><span class='ocrx_word' id='word_1_569' title='bbox 1891 3675 2075 3727; x_wconf 85' lang='grc' dir='ltr'>χχχιι,</span> <span class='ocrx_word' id='word_1_570' title='bbox 2107 3659 2162 3729; x_wconf 75' lang='lat'>2)</span> <span class='ocrx_word' id='word_1_571' title='bbox 2187 3677 2201 3725; x_wconf 91' lang='lat'><strong>;</strong></span> <span class='ocrx_word' id='word_1_572' title='bbox 2240 3682 2262 3707; x_wconf 72' lang='grc' dir='ltr'><strong>η</strong></span> <span class='ocrx_word' id='word_1_573' title='bbox 2298 3674 2414 3715; x_wconf 93' lang='lat' dir='ltr'><strong>non</strong></span> <span class='ocrx_word' id='word_1_574' title='bbox 2446 3676 2562 3731; x_wconf 92' lang='lat' dir='ltr'><strong>quo</strong></span> <span class='ocrx_word' id='word_1_575' title='bbox 2595 3660 2862 3714; x_wconf 90' lang='lat' dir='ltr'><strong>virorum</strong></span> <span class='ocrx_word' id='word_1_576' title='bbox 2895 3660 3137 3715; x_wconf 89' lang='lat' dir='ltr'><strong>inaures</strong></span> <span class='ocrx_word' id='word_1_577' title='bbox 3179 3660 3564 3731; x_wconf 88' lang='lat' dir='ltr'><strong>relinqueret,</strong></span> 
     </span>
    </p>
   </div>
   <div class='ocr_carea' id='block_1_86' title="bbox 1893 3747 3558 3821">
    <p class='ocr_par' dir='ltr' id='par_1_86' title="bbox 1893 3747 3558 3821">
     <span class='ocr_line' id='line_1_86' title="bbox 1893 3747 3558 3821; baseline 0.001 -19"><span class='ocrx_word' id='word_1_578' title='bbox 1893 3748 2001 3802; x_wconf 91' lang='lat' dir='ltr'><strong>sed</strong></span> <span class='ocrx_word' id='word_1_579' title='bbox 2030 3748 2188 3819; x_wconf 91' lang='lat' dir='ltr'><strong>quod</strong></span> <span class='ocrx_word' id='word_1_580' title='bbox 2222 3748 2385 3803; x_wconf 91' lang='lat' dir='ltr'><strong>viros</strong></span> <span class='ocrx_word' id='word_1_581' title='bbox 2415 3765 2531 3803; x_wconf 92' lang='lat' dir='ltr'><strong>non</strong></span> <span class='ocrx_word' id='word_1_582' title='bbox 2563 3749 2785 3805; x_wconf 89' lang='lat' dir='ltr'><strong>habere</strong></span> <span class='ocrx_word' id='word_1_583' title='bbox 2818 3750 3244 3804; x_wconf 84' lang='lat' dir='ltr'><strong>manifestaret.</strong></span> <span class='ocrx_word' id='word_1_584' title='bbox 3280 3747 3558 3821; x_wconf 85' lang='lat' dir='ltr'><strong>Congrue</strong></span> 
     </span>
    </p>
   </div>
   <div class='ocr_carea' id='block_1_87' title="bbox 1893 3837 3565 3909">
    <p class='ocr_par' dir='ltr' id='par_1_87' title="bbox 1893 3837 3565 3909">
     <span class='ocr_line' id='line_1_87' title="bbox 1893 3837 3565 3909; baseline 0.001 -18"><span class='ocrx_word' id='word_1_585' title='bbox 1893 3852 2131 3908; x_wconf 92' lang='lat' dir='ltr'><strong>quoque</strong></span> <span class='ocrx_word' id='word_1_586' title='bbox 2160 3837 2400 3892; x_wconf 90' lang='lat' dir='ltr'><strong>inaures</strong></span> <span class='ocrx_word' id='word_1_587' title='bbox 2433 3837 2783 3893; x_wconf 85' lang='lat' dir='ltr'><strong>auferuntur</strong></span> <span class='ocrx_word' id='word_1_588' title='bbox 2814 3839 3190 3909; x_wconf 88' lang='lat' dir='ltr'><strong>mulieribus,</strong></span> <span class='ocrx_word' id='word_1_589' title='bbox 3227 3853 3316 3908; x_wconf 49' lang='lat' dir='ltr'><strong>,ne</strong></span> <span class='ocrx_word' id='word_1_590' title='bbox 3347 3838 3565 3893; x_wconf 87' lang='lat' dir='ltr'><strong>iterum</strong></span> 
     </span>
    </p>
   </div>
   <div class='ocr_carea' id='block_1_88' title="bbox 1892 3924 2869 3996">
    <p class='ocr_par' dir='ltr' id='par_1_88' title="bbox 1892 3924 2869 3996">
     <span class='ocr_line' id='line_1_88' title="bbox 1892 3924 2869 3996; baseline 0.004 -17"><span class='ocrx_word' id='word_1_591' title='bbox 1892 3924 2017 3979; x_wconf 89' lang='lat' dir='ltr'><strong>Eva</strong></span> <span class='ocrx_word' id='word_1_592' title='bbox 2044 3941 2256 3980; x_wconf 92' lang='lat' dir='ltr'><strong>vocem</strong></span> <span class='ocrx_word' id='word_1_593' title='bbox 2286 3927 2587 3996; x_wconf 89' lang='lat' dir='ltr'><strong>serpentis</strong></span> <span class='ocrx_word' id='word_1_594' title='bbox 2620 3927 2869 3983; x_wconf 89' lang='lat' dir='ltr'><strong>audiret.</strong></span> 
     </span>
    </p>
   </div>
   <div class='ocr_carea' id='block_1_89' title="bbox 1962 4014 3563 4088">
    <p class='ocr_par' dir='ltr' id='par_1_89' title="bbox 1962 4014 3563 4088">
     <span class='ocr_line' id='line_1_89' title="bbox 1962 4014 3563 4088; baseline 0.002 -20"><span class='ocrx_word' id='word_1_595' title='bbox 1962 4014 2016 4068; x_wconf 90' lang='lat'><strong>4.</strong></span> <span class='ocrx_word' id='word_1_596' title='bbox 2059 4014 2131 4068; x_wconf 90' lang='lat' dir='ltr'><strong>Et</strong></span> <span class='ocrx_word' id='word_1_597' title='bbox 2160 4014 2290 4070; x_wconf 92' lang='lat' dir='ltr'><strong>ideo</strong></span> <span class='ocrx_word' id='word_1_598' title='bbox 2321 4016 2461 4086; x_wconf 89' lang='lat' dir='ltr'><strong>quia</strong></span> <span class='ocrx_word' id='word_1_599' title='bbox 2492 4016 2877 4088; x_wconf 88' lang='lat' dir='ltr'><strong>sacrilegium</strong></span> <span class='ocrx_word' id='word_1_600' title='bbox 2908 4017 3232 4087; x_wconf 88' lang='lat' dir='ltr'><strong>audierant,</strong></span> <span class='ocrx_word' id='word_1_601' title='bbox 3292 4016 3563 4072; x_wconf 80' lang='lat' dir='ltr'><strong>conﬂatis</strong></span> 
     </span>
    </p>
   </div>
   <div class='ocr_carea' id='block_1_90' title="bbox 1892 4103 3556 4178">
    <p class='ocr_par' dir='ltr' id='par_1_90' title="bbox 1892 4103 3556 4178">
     <span class='ocr_line' id='line_1_90' title="bbox 1892 4103 3556 4178; baseline 0.001 -20"><span class='ocrx_word' id='word_1_602' title='bbox 1892 4118 2097 4158; x_wconf 88' lang='lat' dir='ltr'><strong>earum</strong></span> <span class='ocrx_word' id='word_1_603' title='bbox 2147 4103 2475 4172; x_wconf 90' lang='lat' dir='ltr'><strong>inauribus,</strong></span> <span class='ocrx_word' id='word_1_604' title='bbox 2527 4105 2776 4160; x_wconf 82' lang='lat' dir='ltr'><strong>conﬂata</strong></span> <span class='ocrx_word' id='word_1_605' title='bbox 2825 4110 2916 4161; x_wconf 86' lang='lat' dir='ltr'><strong>est</strong></span> <span class='ocrx_word' id='word_1_606' title='bbox 2966 4106 3162 4178; x_wconf 89' lang='lat' dir='ltr'><strong>imago</strong></span> <span class='ocrx_word' id='word_1_607' title='bbox 3212 4106 3556 4177; x_wconf 82' lang='lat' dir='ltr'><strong>sacrilegii;</strong></span> 
     </span>
    </p>
   </div>
   <div class='ocr_carea' id='block_1_91' title="bbox 1891 4192 3557 4266">
    <p class='ocr_par' dir='ltr' id='par_1_91' title="bbox 1891 4192 3557 4266">
     <span class='ocr_line' id='line_1_91' title="bbox 1891 4192 3557 4266; baseline 0.001 -19"><span class='ocrx_word' id='word_1_608' title='bbox 1891 4193 1990 4264; x_wconf 92' lang='lat' dir='ltr'><strong>qui</strong></span> <span class='ocrx_word' id='word_1_609' title='bbox 2037 4192 2192 4247; x_wconf 89' lang='lat' dir='ltr'><strong>enim</strong></span> <span class='ocrx_word' id='word_1_610' title='bbox 2238 4194 2391 4247; x_wconf 89' lang='lat' dir='ltr'><strong>male</strong></span> <span class='ocrx_word' id='word_1_611' title='bbox 2438 4193 2617 4262; x_wconf 88' lang='lat' dir='ltr'><strong>audit,</strong></span> <span class='ocrx_word' id='word_1_612' title='bbox 2671 4194 2925 4249; x_wconf 87' lang='lat' dir='ltr'><strong>conflare</strong></span> <span class='ocrx_word' id='word_1_613' title='bbox 2966 4194 3353 4266; x_wconf 85' lang='lat' dir='ltr'><strong>sacrilegium</strong></span> <span class='ocrx_word' id='word_1_614' title='bbox 3386 4194 3557 4249; x_wconf 91' lang='lat' dir='ltr'><strong>solet.</strong></span> 
     </span>
    </p>
   </div>
   <div class='ocr_carea' id='block_1_92' title="bbox 1889 4280 3557 4354">
    <p class='ocr_par' dir='ltr' id='par_1_92' title="bbox 1889 4280 3557 4354">
     <span class='ocr_line' id='line_1_92' title="bbox 1889 4280 3557 4354; baseline -0.001 -18"><span class='ocrx_word' id='word_1_615' title='bbox 1889 4280 2009 4337; x_wconf 86' lang='lat' dir='ltr'><strong>Cur</strong></span> <span class='ocrx_word' id='word_1_616' title='bbox 2036 4284 2233 4337; x_wconf 86' lang='lat' dir='ltr'><strong>autem</strong></span> <span class='ocrx_word' id='word_1_617' title='bbox 2261 4285 2435 4352; x_wconf 90' lang='lat' dir='ltr'><strong>caput</strong></span> <span class='ocrx_word' id='word_1_618' title='bbox 2464 4282 2631 4336; x_wconf 87' lang='lat' dir='ltr'><strong>vituli</strong></span> <span class='ocrx_word' id='word_1_619' title='bbox 2662 4283 2891 4351; x_wconf 85' lang='lat' dir='ltr'><strong>exierit,</strong></span> <span class='ocrx_word' id='word_1_620' title='bbox 2938 4283 3248 4354; x_wconf 89' lang='lat' dir='ltr'><strong>sequentia</strong></span> <span class='ocrx_word' id='word_1_621' title='bbox 3301 4283 3513 4338; x_wconf 87' lang='lat' dir='ltr'><strong>docent</strong></span> <span class='ocrx_word' id='word_1_622' title='bbox 3546 4298 3557 4335; x_wconf 95' lang='lat'><strong>:</strong></span> 
     </span>
    </p>
   </div>
   <div class='ocr_carea' id='block_1_93' title="bbox 1890 4370 3564 4443">
    <p class='ocr_par' dir='ltr' id='par_1_93' title="bbox 1890 4370 3564 4443">
     <span class='ocr_line' id='line_1_93' title="bbox 1890 4370 3564 4443; baseline 0.001 -19"><span class='ocrx_word' id='word_1_623' title='bbox 1890 4371 2026 4442; x_wconf 90' lang='lat' dir='ltr'><strong>quia</strong></span> <span class='ocrx_word' id='word_1_624' title='bbox 2055 4371 2507 4443; x_wconf 77' lang='lat' dir='ltr'><strong>significabatur</strong></span> <span class='ocrx_word' id='word_1_625' title='bbox 2536 4370 2797 4426; x_wconf 87' lang='lat' dir='ltr'><strong>futurum</strong></span> <span class='ocrx_word' id='word_1_626' title='bbox 2846 4372 3003 4442; x_wconf 92' lang='lat' dir='ltr'><strong>quod</strong></span> <span class='ocrx_word' id='word_1_627' title='bbox 3052 4371 3371 4426; x_wconf 80' lang='lat' dir='ltr'><strong>Jeroboam</strong></span> <span class='ocrx_word' id='word_1_628' title='bbox 3418 4386 3564 4440; x_wconf 90' lang='lat' dir='ltr'><strong>pos-</strong></span> 
     </span>
    </p>
   </div>
   <div class='ocr_carea' id='block_1_94' title="bbox 115 4452 3558 4545">
    <p class='ocr_par' dir='ltr' id='par_1_94' title="bbox 115 4452 3558 4545">
     <span class='ocr_line' id='line_1_94' title="bbox 115 4452 3558 4545; baseline 0.002 -40"><span class='ocrx_word' id='word_1_629' title='bbox 115 4468 227 4508; x_wconf 91' lang='lat' dir='ltr'><strong>non</strong></span> <span class='ocrx_word' id='word_1_630' title='bbox 240 4454 409 4545; x_wconf 46' lang='lat' dir='ltr'><strong>\venit</strong></span> <span class='ocrx_word' id='word_1_631' title='bbox 441 4469 454 4510; x_wconf 92' lang='lat'>:</span> <span class='ocrx_word' id='word_1_632' title='bbox 487 4456 597 4510; x_wconf 90' lang='lat' dir='ltr'><strong>sed</strong></span> <span class='ocrx_word' id='word_1_633' title='bbox 628 4456 692 4511; x_wconf 87' lang='lat' dir='ltr'><strong>fit</strong></span> <span class='ocrx_word' id='word_1_634' title='bbox 720 4457 834 4512; x_wconf 91' lang='lat' dir='ltr'><strong>hoc</strong></span> <span class='ocrx_word' id='word_1_635' title='bbox 866 4474 983 4513; x_wconf 88' lang='lat' dir='ltr'><strong>usu</strong></span> <span class='ocrx_word' id='word_1_636' title='bbox 1015 4460 1404 4531; x_wconf 88' lang='lat' dir='ltr'><strong>exemploque</strong></span> <span class='ocrx_word' id='word_1_637' title='bbox 1435 4460 1768 4531; x_wconf 89' lang='lat' dir='ltr'><strong>pulchrius,</strong></span> <span class='ocrx_word' id='word_1_638' title='bbox 1803 4452 1858 4515; x_wconf 91' lang='lat' dir='ltr'><strong>D</strong></span> <span class='ocrx_word' id='word_1_639' title='bbox 1890 4460 2107 4515; x_wconf 90' lang='lat' dir='ltr'><strong>teriore</strong></span> <span class='ocrx_word' id='word_1_640' title='bbox 2150 4463 2414 4530; x_wconf 91' lang='lat' dir='ltr'><strong>tempore</strong></span> <span class='ocrx_word' id='word_1_641' title='bbox 2462 4458 2574 4543; x_wconf 86' lang='lat' dir='ltr'><strong>hoc</strong></span> <span class='ocrx_word' id='word_1_642' title='bbox 2623 4475 2816 4531; x_wconf 89' lang='lat' dir='ltr'><strong>genus</strong></span> <span class='ocrx_word' id='word_1_643' title='bbox 2866 4460 3173 4531; x_wconf 90' lang='lat' dir='ltr'><strong>sacrilegii</strong></span> <span class='ocrx_word' id='word_1_644' title='bbox 3204 4455 3511 4513; x_wconf 84' lang='lat' dir='ltr'><strong>induceret</strong></span> <span class='ocrx_word' id='word_1_645' title='bbox 3547 4474 3558 4511; x_wconf 91' lang='lat'>:</span> 
     </span>
    </p>
   </div>
   <div class='ocr_carea' id='block_1_95' title="bbox 186 4595 1660 4673">
    <p class='ocr_par' dir='ltr' id='par_1_95' title="bbox 186 4595 1660 4673">
     <span class='ocr_line' id='line_1_95' title="bbox 186 4595 1660 4673; baseline 0.006 -24"><span class='ocrx_word' id='word_1_646' title='bbox 331 4596 410 4673; x_wconf 60' lang='lat' dir='ltr'><strong>ita</strong></span> <span class='ocrx_word' id='word_1_647' title='bbox 439 4598 784 4673; x_wconf 30' lang='lat' dir='ltr'><strong>mss,‘edit.;</strong></span> <span class='ocrx_word' id='word_1_648' title='bbox 820 4616 983 4670; x_wconf 91' lang='lat' dir='ltr'><strong>vero,</strong></span> <span class='ocrx_word' id='word_1_649' title='bbox 1023 4601 1411 4673; x_wconf 4' lang='lat' dir='ltr'><strong>«(intelligere</strong></span> <span class='ocrx_word' id='word_1_650' title='bbox 1442 4602 1597 4658; x_wconf 88' lang='lat' dir='ltr'><strong>licet.</strong></span> <span class='ocrx_word' id='word_1_651' title='bbox 1640 4627 1660 4650; x_wconf 78' lang='grc' dir='ltr'><strong><em>η</em></strong></span> 
     </span>
    </p>
   </div>
   <div class='ocr_carea' id='block_1_96' title="bbox 186 4667 1770 4745">
    <p class='ocr_par' dir='ltr' id='par_1_96' title="bbox 186 4667 1770 4745">
     <span class='ocr_line' id='line_1_96' title="bbox 186 4667 1770 4745; baseline 0.004 -24"><span class='ocrx_word' id='word_1_652' title='bbox 186 4667 295 4745; x_wconf 63' lang='lat'>(49.)</span> <span class='ocrx_word' id='word_1_653' title='bbox 331 4667 603 4745; x_wconf 81' lang='lat' dir='ltr'><strong>Nonnulli</strong></span> <span class='ocrx_word' id='word_1_654' title='bbox 636 4676 874 4745; x_wconf 21' lang='lat' dir='ltr'><strong>mssast</strong></span> <span class='ocrx_word' id='word_1_655' title='bbox 904 4667 1175 4743; x_wconf 81' lang='lat' dir='ltr'><strong>quaedam</strong></span> <span class='ocrx_word' id='word_1_656' title='bbox 1208 4667 1377 4745; x_wconf 58' lang='lat' dir='ltr'><strong>Pa&#39;ris</strong></span> <span class='ocrx_word' id='word_1_657' title='bbox 1411 4674 1572 4745; x_wconf 90' lang='lat' dir='ltr'><strong>edit.,</strong></span> <span class='ocrx_word' id='word_1_658' title='bbox 1631 4695 1653 4724; x_wconf 72' lang='grc' dir='ltr'><strong>ι</strong></span> <span class='ocrx_word' id='word_1_659' title='bbox 1689 4675 1770 4728; x_wconf 81' lang='lat' dir='ltr'><strong>al-</strong></span> 
     </span>
    </p>
   </div>
   <div class='ocr_carea' id='block_1_97' title="bbox 117 4738 1773 4815">
    <p class='ocr_par' dir='ltr' id='par_1_97' title="bbox 117 4738 1773 4815">
     <span class='ocr_line' id='line_1_97' title="bbox 117 4738 1773 4815; baseline 0.005 -24"><span class='ocrx_word' id='word_1_660' title='bbox 117 4738 306 4809; x_wconf 86' lang='lat' dir='ltr'><strong>loquia</strong></span> <span class='ocrx_word' id='word_1_661' title='bbox 352 4739 664 4815; x_wconf 74' lang='lat' dir='ltr'><strong>eudantur;</strong></span> <span class='ocrx_word' id='word_1_662' title='bbox 720 4764 741 4788; x_wconf 73' lang='grc' dir='ltr'><strong><em>α</em></strong></span> <span class='ocrx_word' id='word_1_663' title='bbox 799 4738 967 4815; x_wconf 65' lang='lat' dir='ltr'><strong>liora.</strong></span> <span class='ocrx_word' id='word_1_664' title='bbox 1015 4744 1162 4813; x_wconf 86' lang='lat' dir='ltr'><strong>sola,</strong></span> <span class='ocrx_word' id='word_1_665' title='bbox 1217 4766 1239 4791; x_wconf 84' lang='lat'><em>«</em></span> <span class='ocrx_word' id='word_1_666' title='bbox 1292 4738 1773 4815; x_wconf 53' lang='lat' dir='ltr'><strong>alloquia&#39;confe-</strong></span> 
     </span>
    </p>
   </div>
   <div class='ocr_carea' id='block_1_98' title="bbox 118 4811 1769 4886">
    <p class='ocr_par' dir='ltr' id='par_1_98' title="bbox 118 4811 1769 4886">
     <span class='ocr_line' id='line_1_98' title="bbox 118 4811 1769 4886; baseline 0.005 -25"><span class='ocrx_word' id='word_1_667' title='bbox 118 4814 405 4886; x_wconf 80' lang='lat' dir='ltr'><strong>ran_t_ur;_n</strong></span> <span class='ocrx_word' id='word_1_668' title='bbox 458 4811 571 4886; x_wconf 72' lang='lat' dir='ltr'><strong>alii</strong></span> <span class='ocrx_word' id='word_1_669' title='bbox 608 4828 755 4867; x_wconf 91' lang='lat' dir='ltr'><strong>mss.</strong></span> <span class='ocrx_word' id='word_1_670' title='bbox 802 4811 1293 4884; x_wconf 77' lang='lat' dir='ltr'><strong>frequentisSimi,</strong></span> <span class='ocrx_word' id='word_1_671' title='bbox 1346 4811 1563 4870; x_wconf 54' lang='lat' dir='ltr'><strong>ae_vet.</strong></span> <span class='ocrx_word' id='word_1_672' title='bbox 1608 4816 1769 4886; x_wconf 90' lang='lat' dir='ltr'><strong>edit.,</strong></span> 
     </span>
    </p>
   </div>
   <div class='ocr_carea' id='block_1_99' title="bbox 124 4881 1772 4958">
    <p class='ocr_par' dir='ltr' id='par_1_99' title="bbox 124 4881 1772 4958">
     <span class='ocr_line' id='line_1_99' title="bbox 124 4881 1772 4958; baseline 0.004 -23"><span class='ocrx_word' id='word_1_673' title='bbox 124 4904 143 4927; x_wconf 76' lang='grc' dir='ltr'>σι</span> <span class='ocrx_word' id='word_1_674' title='bbox 178 4881 418 4958; x_wconf 71' lang='lat' dir='ltr'><strong>alioquin</strong></span> <span class='ocrx_word' id='word_1_675' title='bbox 450 4882 771 4958; x_wconf 81' lang='lat' dir='ltr'><strong>caedantur.</strong></span> <span class='ocrx_word' id='word_1_676' title='bbox 811 4909 850 4958; x_wconf 49' lang='lat'><strong>3»</strong></span> <span class='ocrx_word' id='word_1_677' title='bbox 904 4881 1297 4958; x_wconf 74' lang='lat' dir='ltr'><strong>Quaquidem</strong></span> <span class='ocrx_word' id='word_1_678' title='bbox 1324 4887 1620 4942; x_wconf 90' lang='lat' dir='ltr'><strong>locutione</strong></span> <span class='ocrx_word' id='word_1_679' title='bbox 1648 4881 1772 4958; x_wconf 84' lang='lat' dir='ltr'><strong>jam</strong></span> 
     </span>
    </p>
   </div>
   <div class='ocr_carea' id='block_1_100' title="bbox 118 4952 1769 5027">
    <p class='ocr_par' dir='ltr' id='par_1_100' title="bbox 118 4952 1769 5027">
     <span class='ocr_line' id='line_1_100' title="bbox 118 4952 1769 5027; baseline 0.005 -23"><span class='ocrx_word' id='word_1_680' title='bbox 118 4952 511 5027; x_wconf 27' lang='lat' dir='ltr'><strong>usum‘videas</strong></span> <span class='ocrx_word' id='word_1_681' title='bbox 532 4954 925 5027; x_wconf 65' lang='lat' dir='ltr'><strong>Ambrosium</strong></span> <span class='ocrx_word' id='word_1_682' title='bbox 955 4952 1128 5026; x_wconf 52' lang='lat' dir='ltr'><strong>epis&#39;t.</strong></span> <span class='ocrx_word' id='word_1_683' title='bbox 1162 4956 1252 5026; x_wconf 85' lang='lat'><strong>37,</strong></span> <span class='ocrx_word' id='word_1_684' title='bbox 1286 4974 1445 5012; x_wconf 91' lang='lat' dir='ltr'><strong>num.</strong></span> <span class='ocrx_word' id='word_1_685' title='bbox 1473 4958 1524 5027; x_wconf 85' lang='grc'>1,</span> <span class='ocrx_word' id='word_1_686' title='bbox 1560 4952 1769 5027; x_wconf 78' lang='lat' dir='ltr'><strong>estque</strong></span> 
     </span>
    </p>
   </div>
   <div class='ocr_carea' id='block_1_101' title="bbox 123 5023 1769 5097">
    <p class='ocr_par' dir='ltr' id='par_1_101' title="bbox 123 5023 1769 5097">
     <span class='ocr_line' id='line_1_101' title="bbox 123 5023 1769 5097; baseline 0.005 -22"><span class='ocrx_word' id='word_1_687' title='bbox 123 5023 369 5097; x_wconf 85' lang='lat' dir='ltr'><strong>imitatio,</strong></span> <span class='ocrx_word' id='word_1_688' title='bbox 420 5027 482 5097; x_wconf 84' lang='lat' dir='ltr'><strong>ut</strong></span> <span class='ocrx_word' id='word_1_689' title='bbox 532 5024 799 5097; x_wconf 76' lang='lat' dir='ltr'><strong>Nannius</strong></span> <span class='ocrx_word' id='word_1_690' title='bbox 845 5023 1115 5097; x_wconf 73' lang='lat' dir='ltr'><strong>advertit,</strong></span> <span class='ocrx_word' id='word_1_691' title='bbox 1165 5023 1563 5084; x_wconf 81' lang='lat' dir='ltr'><strong>Terentiana:</strong></span> <span class='ocrx_word' id='word_1_692' title='bbox 1604 5051 1625 5078; x_wconf 78' lang='grc' dir='ltr'><strong>ι</strong></span> <span class='ocrx_word' id='word_1_693' title='bbox 1664 5023 1769 5084; x_wconf 84' lang='lat' dir='ltr'><strong>Ve-</strong></span> 
     </span>
    </p>
   </div>
   <div class='ocr_carea' id='block_1_102' title="bbox 122 5096 1768 5166">
    <p class='ocr_par' dir='ltr' id='par_1_102' title="bbox 122 5096 1768 5166">
     <span class='ocr_line' id='line_1_102' title="bbox 122 5096 1768 5166; baseline 0.005 -19"><span class='ocrx_word' id='word_1_694' title='bbox 122 5111 266 5166; x_wconf 80' lang='lat' dir='ltr'><strong>rum,</strong></span> <span class='ocrx_word' id='word_1_695' title='bbox 315 5096 494 5165; x_wconf 87' lang='lat' dir='ltr'><strong>inquit</strong></span> <span class='ocrx_word' id='word_1_696' title='bbox 540 5096 839 5166; x_wconf 83' lang='lat' dir='ltr'><strong>Comicus,</strong></span> <span class='ocrx_word' id='word_1_697' title='bbox 892 5096 1113 5154; x_wconf 87' lang='lat' dir='ltr'><strong>interea</strong></span> <span class='ocrx_word' id='word_1_698' title='bbox 1145 5100 1283 5154; x_wconf 90' lang='lat' dir='ltr'><strong>dum</strong></span> <span class='ocrx_word' id='word_1_699' title='bbox 1314 5116 1624 5156; x_wconf 89' lang='lat' dir='ltr'><strong>sermones</strong></span> <span class='ocrx_word' id='word_1_700' title='bbox 1656 5116 1768 5155; x_wconf 86' lang='lat' dir='ltr'><strong>cae-</strong></span> 
     </span>
    </p>
   </div>
   <div class='ocr_carea' id='block_1_103' title="bbox 122 5165 1765 5250">
    <p class='ocr_par' dir='ltr' id='par_1_103' title="bbox 122 5165 1765 5250">
     <span class='ocr_line' id='line_1_103' title="bbox 122 5165 1765 5250; baseline 0.006 -33"><span class='ocrx_word' id='word_1_701' title='bbox 122 5165 303 5250; x_wconf 63' lang='lat' dir='ltr'><strong>dimus</strong></span> <span class='ocrx_word' id='word_1_702' title='bbox 327 5184 385 5250; x_wconf 45' lang='grc' dir='ltr'><strong>λε</strong></span> <span class='ocrx_word' id='word_1_703' title='bbox 410 5166 507 5221; x_wconf 91' lang='lat' dir='ltr'><strong>ubi</strong></span> <span class='ocrx_word' id='word_1_704' title='bbox 529 5168 703 5221; x_wconf 88' lang='lat' dir='ltr'><strong>etiam</strong></span> <span class='ocrx_word' id='word_1_705' title='bbox 717 5165 894 5250; x_wconf 80' lang='lat' dir='ltr'><strong>aliqui</strong></span> <span class='ocrx_word' id='word_1_706' title='bbox 922 5171 1143 5250; x_wconf 79' lang='lat' dir='ltr'><strong>legunt,</strong></span> <span class='ocrx_word' id='word_1_707' title='bbox 1166 5172 1455 5250; x_wconf 63' lang='lat' dir='ltr'><strong>audimus.</strong></span> <span class='ocrx_word' id='word_1_708' title='bbox 1482 5172 1625 5227; x_wconf 65' lang='lat' dir='ltr'><strong>Hme</strong></span> <span class='ocrx_word' id='word_1_709' title='bbox 1646 5171 1765 5227; x_wconf 91' lang='lat' dir='ltr'><strong>ille.</strong></span> 
     </span>
    </p>
   </div>
   <div class='ocr_carea' id='block_1_104' title="bbox 193 5236 1770 5310">
    <p class='ocr_par' dir='ltr' id='par_1_104' title="bbox 193 5236 1770 5310">
     <span class='ocr_line' id='line_1_104' title="bbox 193 5236 1770 5310; baseline 0.004 -19"><span class='ocrx_word' id='word_1_710' title='bbox 193 5237 299 5310; x_wconf 81' lang='lat'>(43)</span> <span class='ocrx_word' id='word_1_711' title='bbox 337 5236 478 5291; x_wconf 83' lang='lat' dir='ltr'><strong>Mss.</strong></span> <span class='ocrx_word' id='word_1_712' title='bbox 523 5254 639 5291; x_wconf 90' lang='lat' dir='ltr'><strong>non</strong></span> <span class='ocrx_word' id='word_1_713' title='bbox 687 5236 883 5310; x_wconf 79' lang='lat' dir='ltr'><strong>pauci,</strong></span> <span class='ocrx_word' id='word_1_714' title='bbox 938 5236 1050 5295; x_wconf 52' lang='lat' dir='ltr'><strong>«&#39;si</strong></span> <span class='ocrx_word' id='word_1_715' title='bbox 1084 5236 1181 5295; x_wconf 89' lang='lat' dir='ltr'><strong>aut</strong></span> <span class='ocrx_word' id='word_1_716' title='bbox 1228 5243 1464 5298; x_wconf 88' lang='lat' dir='ltr'><strong>tuis.....</strong></span> <span class='ocrx_word' id='word_1_717' title='bbox 1516 5248 1770 5310; x_wconf 91' lang='lat' dir='ltr'><strong>augetur</strong></span> 
     </span>
    </p>
   </div>
   <div class='ocr_carea' id='block_1_105' title="bbox 124 5306 1766 5449">
    <p class='ocr_par' dir='ltr' id='par_1_105' title="bbox 124 5306 1766 5449">
     <span class='ocr_line' id='line_1_105' title="bbox 124 5306 1766 5434; baseline 0.004 -73"><span class='ocrx_word' id='word_1_718' title='bbox 124 5306 317 5434; x_wconf 53' lang='lat' dir='ltr'><strong>Etteiiis</strong></span> <span class='ocrx_word' id='word_1_719' title='bbox 341 5324 378 5432; x_wconf 73' lang='lat' dir='ltr'><strong>;t</strong></span> <span class='ocrx_word' id='word_1_720' title='bbox 405 5328 426 5357; x_wconf 73' lang='grc' dir='ltr'><strong>ι</strong></span> <span class='ocrx_word' id='word_1_721' title='bbox 480 5325 655 5378; x_wconf 91' lang='lat' dir='ltr'><strong>unus,</strong></span> <span class='ocrx_word' id='word_1_722' title='bbox 688 5306 734 5357; x_wconf 74' lang='grc' dir='ltr'>ἀ</span> <span class='ocrx_word' id='word_1_723' title='bbox 790 5306 1079 5384; x_wconf 84' lang='lat' dir='ltr'><strong>augeatur</strong></span> <span class='ocrx_word' id='word_1_724' title='bbox 1107 5313 1358 5384; x_wconf 86' lang='lat' dir='ltr'><strong>litteris;</strong></span> <span class='ocrx_word' id='word_1_725' title='bbox 1400 5338 1421 5362; x_wconf 82' lang='lat'><strong>»</strong></span> <span class='ocrx_word' id='word_1_726' title='bbox 1460 5306 1629 5387; x_wconf 78' lang='lat' dir='ltr'><strong>quod</strong></span> <span class='ocrx_word' id='word_1_727' title='bbox 1653 5331 1766 5370; x_wconf 92' lang='lat' dir='ltr'><strong>non</strong></span> 
     </span>
     <span class='ocr_line' id='line_1_106' title="bbox 163 5394 397 5449; baseline 0.009 -18"><span class='ocrx_word' id='word_1_728' title='bbox 163 5395 249 5449; x_wconf 78' lang='lat' dir='ltr'><strong>isp</strong></span> <span class='ocrx_word' id='word_1_729' title='bbox 274 5394 355 5433; x_wconf 84' lang='lat' dir='ltr'><strong>ice</strong></span> <span class='ocrx_word' id='word_1_730' title='bbox 385 5420 397 5433; x_wconf 94' lang='lat'><strong>.</strong></span> 
     </span>
    </p>
   </div>
   <div class='ocr_carea' id='block_1_106' title="bbox 188 5450 1766 5527">
    <p class='ocr_par' dir='ltr' id='par_1_106' title="bbox 188 5450 1766 5527">
     <span class='ocr_line' id='line_1_107' title="bbox 188 5450 1766 5527; baseline 0.005 -24"><span class='ocrx_word' id='word_1_731' title='bbox 188 5450 291 5527; x_wconf 76' lang='lat'>(44)</span> <span class='ocrx_word' id='word_1_732' title='bbox 331 5450 492 5527; x_wconf 73' lang='lat' dir='ltr'><strong>Rom.</strong></span> <span class='ocrx_word' id='word_1_733' title='bbox 527 5452 665 5527; x_wconf 83' lang='lat' dir='ltr'><strong>edit.</strong></span> <span class='ocrx_word' id='word_1_734' title='bbox 700 5452 848 5521; x_wconf 90' lang='lat' dir='ltr'><strong>sola,</strong></span> <span class='ocrx_word' id='word_1_735' title='bbox 890 5476 912 5501; x_wconf 87' lang='grc'><strong>‹‹</strong></span> <span class='ocrx_word' id='word_1_736' title='bbox 946 5454 1045 5509; x_wconf 89' lang='lat' dir='ltr'><strong>Sic</strong></span> <span class='ocrx_word' id='word_1_737' title='bbox 1087 5455 1242 5527; x_wconf 88' lang='lat' dir='ltr'><strong>enim</strong></span> <span class='ocrx_word' id='word_1_738' title='bbox 1290 5456 1491 5511; x_wconf 90' lang='lat' dir='ltr'><strong>dicunt</strong></span> <span class='ocrx_word' id='word_1_739' title='bbox 1525 5473 1537 5527; x_wconf 68' lang='grc' dir='ltr'>ξ</span> <span class='ocrx_word' id='word_1_740' title='bbox 1574 5456 1766 5527; x_wconf 85' lang='lat' dir='ltr'><strong>Surge</strong></span> 
     </span>
    </p>
   </div>
   <div class='ocr_carea' id='block_1_107' title="bbox 128 5521 1766 5598">
    <p class='ocr_par' dir='ltr' id='par_1_107' title="bbox 128 5521 1766 5598">
     <span class='ocr_line' id='line_1_108' title="bbox 128 5521 1766 5598; baseline 0.006 -25"><span class='ocrx_word' id='word_1_741' title='bbox 128 5524 175 5575; x_wconf 88' lang='lat' dir='ltr'><strong>et</strong></span> <span class='ocrx_word' id='word_1_742' title='bbox 222 5522 306 5576; x_wconf 84' lang='lat' dir='ltr'><strong>fac</strong></span> <span class='ocrx_word' id='word_1_743' title='bbox 345 5521 513 5577; x_wconf 91' lang='lat' dir='ltr'><strong>nobis</strong></span> <span class='ocrx_word' id='word_1_744' title='bbox 562 5523 730 5593; x_wconf 89' lang='lat' dir='ltr'><strong>deos,</strong></span> <span class='ocrx_word' id='word_1_745' title='bbox 785 5527 886 5596; x_wconf 91' lang='lat' dir='ltr'><strong>qui</strong></span> <span class='ocrx_word' id='word_1_746' title='bbox 932 5526 1269 5598; x_wconf 85' lang='lat' dir='ltr'><strong>praecedant</strong></span> <span class='ocrx_word' id='word_1_747' title='bbox 1318 5542 1447 5581; x_wconf 87' lang='lat' dir='ltr'><strong>nos.</strong></span> <span class='ocrx_word' id='word_1_748' title='bbox 1511 5521 1766 5583; x_wconf 75' lang='lat' dir='ltr'><strong>Coactus</strong></span> 
     </span>
    </p>
   </div>
   <div class='ocr_carea' id='block_1_108' title="bbox 131 5608 1765 5740">
    <p class='ocr_par' dir='ltr' id='par_1_108' title="bbox 131 5608 1765 5740">
     <span class='ocr_line' id='line_1_109' title="bbox 131 5608 1765 5740; baseline 0.004 -22"><span class='ocrx_word' id='word_1_749' title='bbox 131 5608 292 5740; x_wconf 29' lang='lat' dir='ltr'><strong>frgi?)</strong></span> <span class='ocrx_word' id='word_1_750' title='bbox 314 5617 402 5718; x_wconf 50' lang='lat' dir='ltr'><strong>&quot;Ita</strong></span> <span class='ocrx_word' id='word_1_751' title='bbox 427 5669 547 5740; x_wconf 73' lang='lat' dir='ltr'><strong>vet.</strong></span> <span class='ocrx_word' id='word_1_752' title='bbox 579 5667 717 5723; x_wconf 88' lang='lat' dir='ltr'><strong>edit.</strong></span> <span class='ocrx_word' id='word_1_753' title='bbox 751 5685 819 5723; x_wconf 90' lang='lat' dir='ltr'><strong>ac</strong></span> <span class='ocrx_word' id='word_1_754' title='bbox 848 5670 1052 5740; x_wconf 90' lang='lat' dir='ltr'><strong>plures</strong></span> <span class='ocrx_word' id='word_1_755' title='bbox 1084 5685 1257 5738; x_wconf 90' lang='lat' dir='ltr'><strong>mss.,</strong></span> <span class='ocrx_word' id='word_1_756' title='bbox 1310 5669 1575 5725; x_wconf 90' lang='lat' dir='ltr'><strong>nonnulli</strong></span> <span class='ocrx_word' id='word_1_757' title='bbox 1623 5687 1765 5725; x_wconf 90' lang='lat' dir='ltr'><strong>vero</strong></span> 
     </span>
    </p>
   </div>
   <div class='ocr_carea' id='block_1_109' title="bbox 132 5735 1760 5819">
    <p class='ocr_par' dir='ltr' id='par_1_109' title="bbox 132 5735 1760 5819">
     <span class='ocr_line' id='line_1_110' title="bbox 132 5735 1760 5819; baseline 0.004 -28"><span class='ocrx_word' id='word_1_758' title='bbox 132 5735 329 5793; x_wconf 85' lang='lat' dir='ltr'><strong>tantum</strong></span> <span class='ocrx_word' id='word_1_759' title='bbox 355 5735 648 5811; x_wconf 80' lang='lat' dir='ltr'><strong>exhibent,</strong></span> <span class='ocrx_word' id='word_1_760' title='bbox 689 5762 711 5790; x_wconf 75' lang='grc' dir='ltr'><strong>ι</strong></span> <span class='ocrx_word' id='word_1_761' title='bbox 746 5735 880 5819; x_wconf 71' lang='grc' dir='ltr'>(ιιιὼ</span> <span class='ocrx_word' id='word_1_762' title='bbox 911 5745 1048 5800; x_wconf 92' lang='lat' dir='ltr'><strong>sunt</strong></span> <span class='ocrx_word' id='word_1_763' title='bbox 1078 5735 1425 5813; x_wconf 83' lang='lat' dir='ltr'><strong>mulierum;</strong></span> <span class='ocrx_word' id='word_1_764' title='bbox 1456 5763 1477 5792; x_wconf 69' lang='grc' dir='ltr'><strong><em>υ</em></strong></span> <span class='ocrx_word' id='word_1_765' title='bbox 1503 5747 1561 5801; x_wconf 88' lang='lat' dir='ltr'><strong>at</strong></span> <span class='ocrx_word' id='word_1_766' title='bbox 1591 5742 1760 5802; x_wconf 86' lang='lat' dir='ltr'><strong>Rom.</strong></span> 
     </span>
    </p>
   </div>
   <div class='ocr_carea' id='block_1_110' title="bbox 1890 4600 3557 4674">
    <p class='ocr_par' dir='ltr' id='par_1_110' title="bbox 1890 4600 3557 4674">
     <span class='ocr_line' id='line_1_111' title="bbox 1890 4600 3557 4674; baseline -0.003 -16"><span class='ocrx_word' id='word_1_767' title='bbox 1890 4603 2028 4658; x_wconf 90' lang='lat' dir='ltr'><strong>edit.</strong></span> <span class='ocrx_word' id='word_1_768' title='bbox 2080 4602 2303 4673; x_wconf 89' lang='lat' dir='ltr'><strong>maluit,</strong></span> <span class='ocrx_word' id='word_1_769' title='bbox 2361 4624 2383 4650; x_wconf 75' lang='grc' dir='ltr'><strong><em>α</em></strong></span> <span class='ocrx_word' id='word_1_770' title='bbox 2437 4618 2569 4674; x_wconf 61' lang='lat' dir='ltr'><strong>quae</strong></span> <span class='ocrx_word' id='word_1_771' title='bbox 2610 4603 2748 4674; x_wconf 83' lang='lat' dir='ltr'><strong>sunt</strong></span> <span class='ocrx_word' id='word_1_772' title='bbox 2793 4600 3130 4674; x_wconf 78' lang='lat' dir='ltr'><strong>inauribus</strong></span> <span class='ocrx_word' id='word_1_773' title='bbox 3162 4600 3496 4674; x_wconf 81' lang='lat' dir='ltr'><strong>mulierum.</strong></span> <span class='ocrx_word' id='word_1_774' title='bbox 3537 4620 3557 4648; x_wconf 77' lang='grc' dir='ltr'><strong>ι</strong></span> 
     </span>
    </p>
   </div>
   <div class='ocr_carea' id='block_1_111' title="bbox 1888 4670 3559 4742">
    <p class='ocr_par' dir='ltr' id='par_1_111' title="bbox 1888 4670 3559 4742">
     <span class='ocr_line' id='line_1_112' title="bbox 1888 4670 3559 4742; baseline -0.002 -14"><span class='ocrx_word' id='word_1_775' title='bbox 1888 4675 1979 4728; x_wconf 87' lang='lat' dir='ltr'><strong>Ad</strong></span> <span class='ocrx_word' id='word_1_776' title='bbox 2039 4675 2193 4727; x_wconf 85' lang='lat' dir='ltr'><strong>hunc</strong></span> <span class='ocrx_word' id='word_1_777' title='bbox 2244 4670 2680 4728; x_wconf 52' lang='lat' dir='ltr'><strong>autem—locum</strong></span> <span class='ocrx_word' id='word_1_778' title='bbox 2727 4671 2989 4742; x_wconf 90' lang='lat' dir='ltr'><strong>loquitur</strong></span> <span class='ocrx_word' id='word_1_779' title='bbox 3036 4671 3304 4725; x_wconf 91' lang='lat' dir='ltr'><strong>Nannius</strong></span> <span class='ocrx_word' id='word_1_780' title='bbox 3336 4672 3395 4724; x_wconf 92' lang='lat' dir='ltr'><strong>in</strong></span> <span class='ocrx_word' id='word_1_781' title='bbox 3430 4670 3559 4742; x_wconf 68' lang='lat' dir='ltr'><strong>hinc</strong></span> 
     </span>
    </p>
   </div>
   <div class='ocr_carea' id='block_1_112' title="bbox 1886 4741 3563 4814">
    <p class='ocr_par' dir='ltr' id='par_1_112' title="bbox 1886 4741 3563 4814">
     <span class='ocr_line' id='line_1_113' title="bbox 1886 4741 3563 4814; baseline -0.001 -16"><span class='ocrx_word' id='word_1_782' title='bbox 1886 4746 2113 4800; x_wconf 79' lang='lat' dir='ltr'><strong>verba:</strong></span> <span class='ocrx_word' id='word_1_783' title='bbox 2151 4745 2384 4814; x_wconf 68' lang='lat' dir='ltr'><strong>Saepius</strong></span> <span class='ocrx_word' id='word_1_784' title='bbox 2432 4760 2526 4799; x_wconf 91' lang='lat' dir='ltr'><strong>me</strong></span> <span class='ocrx_word' id='word_1_785' title='bbox 2577 4743 2727 4814; x_wconf 89' lang='lat' dir='ltr'><strong>male</strong></span> <span class='ocrx_word' id='word_1_786' title='bbox 2777 4741 2998 4811; x_wconf 86' lang='lat' dir='ltr'><strong>habuit,</strong></span> <span class='ocrx_word' id='word_1_787' title='bbox 3051 4743 3448 4814; x_wconf 9' lang='lat' dir='ltr'><strong>curpinaures</strong></span> <span class='ocrx_word' id='word_1_788' title='bbox 3489 4741 3563 4796; x_wconf 88' lang='lat' dir='ltr'><strong>ab</strong></span> 
     </span>
    </p>
   </div>
   <div class='ocr_carea' id='block_1_113' title="bbox 1886 4812 3563 4882">
    <p class='ocr_par' dir='ltr' id='par_1_113' title="bbox 1886 4812 3563 4882">
     <span class='ocr_line' id='line_1_114' title="bbox 1886 4812 3563 4882; baseline -0.001 -12"><span class='ocrx_word' id='word_1_789' title='bbox 1886 4812 2446 4871; x_wconf 46' lang='lat' dir='ltr'><strong>idololatriae—cultu</strong></span> <span class='ocrx_word' id='word_1_790' title='bbox 2498 4813 2947 4869; x_wconf 89' lang='lat' dir='ltr'><strong>diversissimas</strong></span> <span class='ocrx_word' id='word_1_791' title='bbox 3000 4812 3323 4882; x_wconf 88' lang='lat' dir='ltr'><strong>sepelierit.</strong></span> <span class='ocrx_word' id='word_1_792' title='bbox 3376 4814 3563 4869; x_wconf 79' lang='lat' dir='ltr'><strong>Jacob</strong></span> 
     </span>
    </p>
   </div>
   <div class='ocr_carea' id='block_1_114' title="bbox 1886 4884 3566 4955">
    <p class='ocr_par' dir='ltr' id='par_1_114' title="bbox 1886 4884 3566 4955">
     <span class='ocr_line' id='line_1_115' title="bbox 1886 4884 3566 4955; baseline -0.001 -15"><span class='ocrx_word' id='word_1_793' title='bbox 1886 4903 2001 4940; x_wconf 87' lang='lat' dir='ltr'><strong>una</strong></span> <span class='ocrx_word' id='word_1_794' title='bbox 2033 4904 2166 4941; x_wconf 91' lang='lat' dir='ltr'><strong>cum</strong></span> <span class='ocrx_word' id='word_1_795' title='bbox 2200 4887 2396 4940; x_wconf 89' lang='lat' dir='ltr'><strong>idolis.</strong></span> <span class='ocrx_word' id='word_1_796' title='bbox 2434 4886 2551 4940; x_wconf 93' lang='lat' dir='ltr'><strong>Sed</strong></span> <span class='ocrx_word' id='word_1_797' title='bbox 2582 4886 2739 4939; x_wconf 92' lang='lat' dir='ltr'><strong>hunc</strong></span> <span class='ocrx_word' id='word_1_798' title='bbox 2773 4885 3121 4954; x_wconf 90' lang='lat' dir='ltr'><strong>scrupulum</strong></span> <span class='ocrx_word' id='word_1_799' title='bbox 3162 4884 3306 4938; x_wconf 90' lang='lat' dir='ltr'><strong>mihi</strong></span> <span class='ocrx_word' id='word_1_800' title='bbox 3348 4885 3566 4955; x_wconf 90' lang='lat' dir='ltr'><strong>eripuit</strong></span> 
     </span>
    </p>
   </div>
   <div class='ocr_carea' id='block_1_115' title="bbox 1887 4955 3564 5028">
    <p class='ocr_par' dir='ltr' id='par_1_115' title="bbox 1887 4955 3564 5028">
     <span class='ocr_line' id='line_1_116' title="bbox 1887 4955 3564 5028; baseline -0.001 -17"><span class='ocrx_word' id='word_1_801' title='bbox 1887 4958 2180 5013; x_wconf 64' lang='lat' dir='ltr'><strong>Hebraeus</strong></span> <span class='ocrx_word' id='word_1_802' title='bbox 2213 4960 2418 5011; x_wconf 90' lang='lat' dir='ltr'><strong>noster</strong></span> <span class='ocrx_word' id='word_1_803' title='bbox 2448 4957 2719 5011; x_wconf 86' lang='lat' dir='ltr'><strong>Andreas</strong></span> <span class='ocrx_word' id='word_1_804' title='bbox 2754 4956 3069 5028; x_wconf 86' lang='lat' dir='ltr'><strong>Balensis,</strong></span> <span class='ocrx_word' id='word_1_805' title='bbox 3102 4956 3201 5028; x_wconf 90' lang='lat' dir='ltr'><strong>qui</strong></span> <span class='ocrx_word' id='word_1_806' title='bbox 3227 4955 3564 5028; x_wconf 73' lang='lat' dir='ltr'><strong>respondit</strong></span> 
     </span>
    </p>
   </div>
   <div class='ocr_carea' id='block_1_116' title="bbox 1886 5027 3555 5099">
    <p class='ocr_par' dir='ltr' id='par_1_116' title="bbox 1886 5027 3555 5099">
     <span class='ocr_line' id='line_1_117' title="bbox 1886 5027 3555 5099; baseline -0.002 -16"><span class='ocrx_word' id='word_1_807' title='bbox 1886 5029 2124 5083; x_wconf 89' lang='lat' dir='ltr'><strong>inaures</strong></span> <span class='ocrx_word' id='word_1_808' title='bbox 2154 5030 2236 5082; x_wconf 89' lang='lat' dir='ltr'><strong>ibi</strong></span> <span class='ocrx_word' id='word_1_809' title='bbox 2267 5029 2492 5097; x_wconf 91' lang='lat' dir='ltr'><strong>vocari,</strong></span> <span class='ocrx_word' id='word_1_810' title='bbox 2529 5043 2645 5099; x_wconf 92' lang='lat' dir='ltr'><strong>quo</strong></span> <span class='ocrx_word' id='word_1_811' title='bbox 2679 5027 3024 5081; x_wconf 87' lang='lat' dir='ltr'><strong>sacerdotes</strong></span> <span class='ocrx_word' id='word_1_812' title='bbox 3058 5027 3115 5080; x_wconf 92' lang='lat' dir='ltr'><strong>in</strong></span> <span class='ocrx_word' id='word_1_813' title='bbox 3150 5027 3309 5084; x_wconf 88' lang='lat' dir='ltr'><strong>cultu</strong></span> <span class='ocrx_word' id='word_1_814' title='bbox 3359 5027 3555 5081; x_wconf 90' lang='lat' dir='ltr'><strong>numi-</strong></span> 
     </span>
    </p>
   </div>
   <div class='ocr_carea' id='block_1_117' title="bbox 1885 5098 3555 5171">
    <p class='ocr_par' dir='ltr' id='par_1_117' title="bbox 1885 5098 3555 5171">
     <span class='ocr_line' id='line_1_118' title="bbox 1885 5098 3555 5171; baseline -0.001 -18"><span class='ocrx_word' id='word_1_815' title='bbox 1885 5102 1979 5154; x_wconf 89' lang='lat' dir='ltr'><strong>nis</strong></span> <span class='ocrx_word' id='word_1_816' title='bbox 2008 5116 2184 5154; x_wconf 90' lang='lat' dir='ltr'><strong>aures</strong></span> <span class='ocrx_word' id='word_1_817' title='bbox 2220 5102 2443 5171; x_wconf 90' lang='lat' dir='ltr'><strong>tegunt,</strong></span> <span class='ocrx_word' id='word_1_818' title='bbox 2477 5098 2684 5170; x_wconf 86' lang='lat' dir='ltr'><strong>quales</strong></span> <span class='ocrx_word' id='word_1_819' title='bbox 2718 5098 3074 5171; x_wconf 10' lang='lat' dir='ltr'><strong>fuerepapud</strong></span> <span class='ocrx_word' id='word_1_820' title='bbox 3116 5099 3555 5171; x_wconf 13' lang='lat' dir='ltr'><strong>Romanosrin-</strong></span> 
     </span>
    </p>
   </div>
   <div class='ocr_carea' id='block_1_118' title="bbox 1885 5169 3554 5242">
    <p class='ocr_par' dir='ltr' id='par_1_118' title="bbox 1885 5169 3554 5242">
     <span class='ocr_line' id='line_1_119' title="bbox 1885 5169 3554 5242; baseline -0.002 -17"><span class='ocrx_word' id='word_1_821' title='bbox 1885 5171 2043 5226; x_wconf 83' lang='lat' dir='ltr'><strong>fulae.</strong></span> <span class='ocrx_word' id='word_1_822' title='bbox 2094 5169 2365 5227; x_wconf 81' lang='lat' dir='ltr'><strong>Attamen</strong></span> <span class='ocrx_word' id='word_1_823' title='bbox 2417 5169 2726 5242; x_wconf 85' lang='lat' dir='ltr'><strong>mallemus</strong></span> <span class='ocrx_word' id='word_1_824' title='bbox 2776 5169 3109 5242; x_wconf 85' lang='lat' dir='ltr'><strong>intelligere</strong></span> <span class='ocrx_word' id='word_1_825' title='bbox 3141 5171 3213 5242; x_wconf 87' lang='lat' dir='ltr'><strong>de</strong></span> <span class='ocrx_word' id='word_1_826' title='bbox 3244 5170 3554 5223; x_wconf 89' lang='lat' dir='ltr'><strong>inauribus</strong></span> 
     </span>
    </p>
   </div>
   <div class='ocr_carea' id='block_1_119' title="bbox 1884 5240 3548 5312">
    <p class='ocr_par' dir='ltr' id='par_1_119' title="bbox 1884 5240 3548 5312">
     <span class='ocr_line' id='line_1_120' title="bbox 1884 5240 3548 5312; baseline -0.003 -15"><span class='ocrx_word' id='word_1_827' title='bbox 1884 5243 2058 5297; x_wconf 91' lang='lat' dir='ltr'><strong>alicui</strong></span> <span class='ocrx_word' id='word_1_828' title='bbox 2103 5242 2326 5296; x_wconf 89' lang='lat' dir='ltr'><strong>numini</strong></span> <span class='ocrx_word' id='word_1_829' title='bbox 2378 5242 2611 5311; x_wconf 86' lang='lat' dir='ltr'><strong>dicatis,</strong></span> <span class='ocrx_word' id='word_1_830' title='bbox 2665 5240 2918 5312; x_wconf 75' lang='lat' dir='ltr'><strong>ejusque</strong></span> <span class='ocrx_word' id='word_1_831' title='bbox 2951 5240 3049 5296; x_wconf 81' lang='lat' dir='ltr'><strong>aut</strong></span> <span class='ocrx_word' id='word_1_832' title='bbox 3085 5241 3325 5295; x_wconf 86' lang='lat' dir='ltr'><strong>siderali</strong></span> <span class='ocrx_word' id='word_1_833' title='bbox 3357 5242 3548 5312; x_wconf 82' lang='lat' dir='ltr'><strong>figura</strong></span> 
     </span>
    </p>
   </div>
   <div class='ocr_carea' id='block_1_120' title="bbox 1882 5312 3553 5387">
    <p class='ocr_par' dir='ltr' id='par_1_120' title="bbox 1882 5312 3553 5387">
     <span class='ocr_line' id='line_1_121' title="bbox 1882 5312 3553 5387; baseline -0.002 -20"><span class='ocrx_word' id='word_1_834' title='bbox 1882 5315 2204 5387; x_wconf 88' lang='lat' dir='ltr'><strong>insignitis,</strong></span> <span class='ocrx_word' id='word_1_835' title='bbox 2238 5313 2311 5368; x_wconf 89' lang='lat' dir='ltr'><strong>de</strong></span> <span class='ocrx_word' id='word_1_836' title='bbox 2341 5315 2558 5385; x_wconf 89' lang='lat' dir='ltr'><strong>quibus</strong></span> <span class='ocrx_word' id='word_1_837' title='bbox 2592 5314 2839 5368; x_wconf 92' lang='lat' dir='ltr'><strong>consule</strong></span> <span class='ocrx_word' id='word_1_838' title='bbox 2869 5313 3135 5370; x_wconf 89' lang='lat' dir='ltr'><strong>Grotium</strong></span> <span class='ocrx_word' id='word_1_839' title='bbox 3171 5314 3242 5366; x_wconf 87' lang='lat' dir='ltr'><strong>ad</strong></span> <span class='ocrx_word' id='word_1_840' title='bbox 3282 5312 3553 5367; x_wconf 90' lang='lat' dir='ltr'><strong>eumdem</strong></span> 
     </span>
    </p>
   </div>
   <div class='ocr_carea' id='block_1_121' title="bbox 1881 5386 2098 5441">
    <p class='ocr_par' dir='ltr' id='par_1_121' title="bbox 1881 5386 2098 5441">
     <span class='ocr_line' id='line_1_122' title="bbox 1881 5386 2098 5441; baseline 0 -1"><span class='ocrx_word' id='word_1_841' title='bbox 1881 5386 2098 5441; x_wconf 89' lang='lat' dir='ltr'><strong>locum.</strong></span> 
     </span>
    </p>
   </div>
   <div class='ocr_carea' id='block_1_122' title="bbox 1954 5453 3553 5526">
    <p class='ocr_par' dir='ltr' id='par_1_122' title="bbox 1954 5453 3553 5526">
     <span class='ocr_line' id='line_1_123' title="bbox 1954 5453 3553 5526; baseline -0.005 -15"><span class='ocrx_word' id='word_1_842' title='bbox 1954 5458 2068 5526; x_wconf 85' lang='lat'>(46)</span> <span class='ocrx_word' id='word_1_843' title='bbox 2105 5455 2323 5512; x_wconf 92' lang='lat' dir='ltr'><strong>Omnes</strong></span> <span class='ocrx_word' id='word_1_844' title='bbox 2372 5457 2509 5511; x_wconf 90' lang='lat' dir='ltr'><strong>edit.</strong></span> <span class='ocrx_word' id='word_1_845' title='bbox 2563 5471 2631 5510; x_wconf 92' lang='lat' dir='ltr'><strong>ac</strong></span> <span class='ocrx_word' id='word_1_846' title='bbox 2670 5472 2821 5510; x_wconf 80' lang='lat' dir='ltr'><strong>mss.</strong></span> <span class='ocrx_word' id='word_1_847' title='bbox 2856 5456 3097 5526; x_wconf 89' lang='lat' dir='ltr'><strong>aliquot,</strong></span> <span class='ocrx_word' id='word_1_848' title='bbox 3135 5477 3157 5501; x_wconf 81' lang='grc' dir='ltr'>α</span> <span class='ocrx_word' id='word_1_849' title='bbox 3193 5453 3415 5526; x_wconf 84' lang='lat' dir='ltr'><strong>vitulos</strong></span> <span class='ocrx_word' id='word_1_850' title='bbox 3445 5466 3553 5504; x_wconf 91' lang='lat' dir='ltr'><strong>au-</strong></span> 
     </span>
    </p>
   </div>
   <div class='ocr_carea' id='block_1_123' title="bbox 1882 5525 3553 5598">
    <p class='ocr_par' dir='ltr' id='par_1_123' title="bbox 1882 5525 3553 5598">
     <span class='ocr_line' id='line_1_124' title="bbox 1882 5525 3553 5598; baseline -0.005 -16"><span class='ocrx_word' id='word_1_851' title='bbox 1882 5525 2056 5583; x_wconf 73' lang='lat' dir='ltr'><strong>reos.</strong></span> <span class='ocrx_word' id='word_1_852' title='bbox 2081 5549 2103 5578; x_wconf 72' lang='grc' dir='ltr'><strong>ι</strong></span> <span class='ocrx_word' id='word_1_853' title='bbox 2140 5528 2255 5582; x_wconf 86' lang='lat' dir='ltr'><strong>Alii</strong></span> <span class='ocrx_word' id='word_1_854' title='bbox 2289 5544 2431 5583; x_wconf 91' lang='lat' dir='ltr'><strong>vero</strong></span> <span class='ocrx_word' id='word_1_855' title='bbox 2461 5527 2753 5598; x_wconf 87' lang='lat' dir='ltr'><strong>plureset</strong></span> <span class='ocrx_word' id='word_1_856' title='bbox 2781 5525 3046 5598; x_wconf 81' lang='lat' dir='ltr'><strong>potiores</strong></span> <span class='ocrx_word' id='word_1_857' title='bbox 3101 5548 3138 5598; x_wconf 58' lang='grc' dir='ltr'><strong>ειΔ</strong></span> <span class='ocrx_word' id='word_1_858' title='bbox 3176 5525 3394 5598; x_wconf 79' lang='lat' dir='ltr'><strong>vitulas</strong></span> <span class='ocrx_word' id='word_1_859' title='bbox 3445 5538 3553 5598; x_wconf 83' lang='lat' dir='ltr'><strong>au-</strong></span> 
     </span>
    </p>
   </div>
   <div class='ocr_carea' id='block_1_124' title="bbox 1880 5595 3553 5674">
    <p class='ocr_par' dir='ltr' id='par_1_124' title="bbox 1880 5595 3553 5674">
     <span class='ocr_line' id='line_1_125' title="bbox 1880 5595 3553 5674; baseline -0.005 -20"><span class='ocrx_word' id='word_1_860' title='bbox 1880 5615 2038 5674; x_wconf 78' lang='lat' dir='ltr'><strong>reas.</strong></span> <span class='ocrx_word' id='word_1_861' title='bbox 2077 5599 2300 5674; x_wconf 41' lang='lat' dir='ltr'><strong>{Hane</strong></span> <span class='ocrx_word' id='word_1_862' title='bbox 2332 5595 2509 5668; x_wconf 72' lang='lat' dir='ltr'><strong>porro</strong></span> <span class='ocrx_word' id='word_1_863' title='bbox 2538 5595 2846 5674; x_wconf 38' lang='lat' dir='ltr'><strong>insaniant</strong></span> <span class='ocrx_word' id='word_1_864' title='bbox 2861 5595 3143 5674; x_wconf 71' lang='lat' dir='ltr'><strong>adorandi</strong></span> <span class='ocrx_word' id='word_1_865' title='bbox 3175 5595 3365 5649; x_wconf 91' lang='lat' dir='ltr'><strong>boves</strong></span> <span class='ocrx_word' id='word_1_866' title='bbox 3397 5596 3553 5674; x_wconf 74' lang='lat' dir='ltr'><strong>retu-</strong></span> 
     </span>
    </p>
   </div>
   <div class='ocr_carea' id='block_1_125' title="bbox 1880 5665 3555 5742">
    <p class='ocr_par' dir='ltr' id='par_1_125' title="bbox 1880 5665 3555 5742">
     <span class='ocr_line' id='line_1_126' title="bbox 1880 5665 3555 5742; baseline -0.005 -17"><span class='ocrx_word' id='word_1_867' title='bbox 1880 5671 2067 5725; x_wconf 90' lang='lat' dir='ltr'><strong>lerant</strong></span> <span class='ocrx_word' id='word_1_868' title='bbox 2097 5665 2377 5725; x_wconf 72' lang='lat' dir='ltr'><strong>Israelitae</strong></span> <span class='ocrx_word' id='word_1_869' title='bbox 2432 5686 2507 5725; x_wconf 88' lang='lat' dir='ltr'><strong>ex</strong></span> <span class='ocrx_word' id='word_1_870' title='bbox 2549 5671 2728 5742; x_wconf 90' lang='lat' dir='ltr'><strong>longo</strong></span> <span class='ocrx_word' id='word_1_871' title='bbox 2768 5667 3189 5742; x_wconf 67' lang='lat' dir='ltr'><strong>Ajlgyptiorum</strong></span> <span class='ocrx_word' id='word_1_872' title='bbox 3238 5679 3353 5742; x_wconf 83' lang='lat' dir='ltr'><strong>usu</strong></span> <span class='ocrx_word' id='word_1_873' title='bbox 3401 5665 3555 5734; x_wconf 87' lang='lat' dir='ltr'><strong>Apin</strong></span> 
     </span>
    </p>
   </div>
   <div class='ocr_carea' id='block_1_126' title="bbox 1882 5736 3521 5819">
    <p class='ocr_par' dir='ltr' id='par_1_126' title="bbox 1882 5736 3521 5819">
     <span class='ocr_line' id='line_1_127' title="bbox 1882 5736 3521 5819; baseline -0.005 -21"><span class='ocrx_word' id='word_1_874' title='bbox 1882 5743 2010 5799; x_wconf 90' lang='lat' dir='ltr'><strong>sive</strong></span> <span class='ocrx_word' id='word_1_875' title='bbox 2041 5742 2385 5819; x_wconf 86' lang='lat' dir='ltr'><strong>Serapidem</strong></span> <span class='ocrx_word' id='word_1_876' title='bbox 2416 5742 2530 5800; x_wconf 88' lang='lat' dir='ltr'><strong>sub</strong></span> <span class='ocrx_word' id='word_1_877' title='bbox 2559 5736 2777 5798; x_wconf 68' lang='lat' dir='ltr'><strong>bovina</strong></span> <span class='ocrx_word' id='word_1_878' title='bbox 2807 5736 3000 5813; x_wconf 74' lang='lat' dir='ltr'><strong>figura</strong></span> <span class='ocrx_word' id='word_1_879' title='bbox 3028 5736 3458 5793; x_wconf 88' lang='lat' dir='ltr'><strong>venerantium.</strong></span> <span class='ocrx_word' id='word_1_880' title='bbox 3510 5804 3521 5810; x_wconf 30' lang='grc' dir='ltr'><em>ο</em></span> 
     </span>
    </p>
   </div>
  </div>
