  <div class='ocr_page' id='page_1' title='image "/cluster/home/n/w/nwhite01/storage/ocr_20150623/16/hvd.32044096580444/645.png"; bbox 0 0 4060 6178; ppageno 0'>
   <div class='ocr_carea' id='block_1_1' title="bbox 617 222 780 290">
    <p class='ocr_par' dir='ltr' id='par_1_1' title="bbox 617 222 780 290">
     <span class='ocr_line' id='line_1_1' title="bbox 617 222 780 290; baseline 0.018 -3"><span class='ocrx_word' id='word_1_1' title='bbox 617 222 780 290; x_wconf 84' lang='grc'><strong>1279</strong></span> 
     </span>
    </p>
   </div>
   <div class='ocr_carea' id='block_1_2' title="bbox 2035 241 2590 337">
    <p class='ocr_par' dir='ltr' id='par_1_2' title="bbox 2035 241 2590 337">
     <span class='ocr_line' id='line_1_2' title="bbox 2035 241 2590 337; baseline 0.016 -34"><span class='ocrx_word' id='word_1_2' title='bbox 2035 243 2102 304; x_wconf 90' lang='lat' dir='ltr'><strong>s.</strong></span> <span class='ocrx_word' id='word_1_3' title='bbox 2147 241 2590 337; x_wconf 78' lang='lat' dir='ltr'><strong>AMBROSII.</strong></span> 
     </span>
    </p>
   </div>
   <div class='ocr_carea' id='block_1_3' title="bbox 3805 260 3955 384">
    <p class='ocr_par' dir='ltr' id='par_1_3' title="bbox 3805 260 3955 384">
     <span class='ocr_line' id='line_1_3' title="bbox 3805 260 3955 384; baseline 0.047 -64"><span class='ocrx_word' id='word_1_4' title='bbox 3805 260 3955 384; x_wconf 44' lang='lat'><strong>12$);</strong></span> 
     </span>
    </p>
   </div>
   <div class='ocr_carea' id='block_1_4' title="bbox 617 432 3955 538">
    <p class='ocr_par' dir='ltr' id='par_1_4' title="bbox 617 432 3955 538">
     <span class='ocr_line' id='line_1_4' title="bbox 617 432 3955 538; baseline 0.013 -52"><span class='ocrx_word' id='word_1_5' title='bbox 617 432 682 487; x_wconf 90' lang='lat' dir='ltr'><strong>ut</strong></span> <span class='ocrx_word' id='word_1_6' title='bbox 723 432 978 504; x_wconf 90' lang='lat' dir='ltr'><strong>populus</strong></span> <span class='ocrx_word' id='word_1_7' title='bbox 1031 437 1421 497; x_wconf 85' lang='lat' dir='ltr'><strong>Hebraeorum</strong></span> <span class='ocrx_word' id='word_1_8' title='bbox 1463 443 1733 500; x_wconf 87' lang='lat' dir='ltr'><strong>adoraret</strong></span> <span class='ocrx_word' id='word_1_9' title='bbox 1788 447 2006 503; x_wconf 89' lang='lat' dir='ltr'><strong>vitulas</strong></span> <span class='ocrx_word' id='word_1_10' title='bbox 2061 461 2274 505; x_wconf 87' lang='lat' dir='ltr'><strong>aureas</strong></span> <span class='ocrx_word' id='word_1_11' title='bbox 2299 439 2358 504; x_wconf 67' lang='grc' dir='ltr'><strong>Α</strong></span> <span class='ocrx_word' id='word_1_12' title='bbox 2386 451 2450 505; x_wconf 89' lang='lat' dir='ltr'><strong>ut</strong></span> <span class='ocrx_word' id='word_1_13' title='bbox 2479 453 2682 508; x_wconf 87' lang='lat' dir='ltr'><strong>servet</strong></span> <span class='ocrx_word' id='word_1_14' title='bbox 2711 452 3021 525; x_wconf 79' lang='lat' dir='ltr'><strong>spiritum;</strong></span> <span class='ocrx_word' id='word_1_15' title='bbox 3052 455 3246 528; x_wconf 85' lang='lat' dir='ltr'><strong>qualis</strong></span> <span class='ocrx_word' id='word_1_16' title='bbox 3273 458 3389 514; x_wconf 86' lang='lat' dir='ltr'><strong>erat</strong></span> <span class='ocrx_word' id='word_1_17' title='bbox 3413 457 3502 516; x_wconf 85' lang='lat' dir='ltr'><strong>ille</strong></span> <span class='ocrx_word' id='word_1_18' title='bbox 3525 462 3613 534; x_wconf 88' lang='lat' dir='ltr'><strong>qui</strong></span> <span class='ocrx_word' id='word_1_19' title='bbox 3639 464 3741 522; x_wconf 90' lang='lat' dir='ltr'><strong>ait:</strong></span> <span class='ocrx_word' id='word_1_20' title='bbox 3772 491 3790 514; x_wconf 78' lang='grc' dir='ltr'><strong>ε</strong></span> <span class='ocrx_word' id='word_1_21' title='bbox 3811 469 3904 527; x_wconf 76' lang='lat' dir='ltr'><strong>Cas-</strong></span> 
     </span>
    </p>
   </div>
   <div class='ocr_carea' id='block_1_5' title="bbox 615 519 2277 608">
    <p class='ocr_par' dir='ltr' id='par_1_5' title="bbox 615 519 2277 608">
     <span class='ocr_line' id='line_1_5' title="bbox 615 519 2277 608; baseline 0.011 -34"><span class='ocrx_word' id='word_1_22' title='bbox 615 519 728 590; x_wconf 81' lang='lat'><strong>(46)</strong></span> <span class='ocrx_word' id='word_1_23' title='bbox 762 521 896 608; x_wconf 30' lang='lat' dir='ltr'><em>:(III</em></span> <span class='ocrx_word' id='word_1_24' title='bbox 917 525 1065 598; x_wconf 81' lang='lat' dir='ltr'><strong>Reg.</strong></span> <span class='ocrx_word' id='word_1_25' title='bbox 1099 546 1199 598; x_wconf 85' lang='lat' dir='ltr'><strong>xu,</strong></span> <span class='ocrx_word' id='word_1_26' title='bbox 1241 529 1333 598; x_wconf 84' lang='lat'><strong>30)</strong></span> <span class='ocrx_word' id='word_1_27' title='bbox 1367 546 1380 587; x_wconf 91' lang='lat'>:</span> <span class='ocrx_word' id='word_1_28' title='bbox 1413 532 1541 588; x_wconf 88' lang='lat' dir='ltr'><strong>sive</strong></span> <span class='ocrx_word' id='word_1_29' title='bbox 1583 535 1742 606; x_wconf 90' lang='lat' dir='ltr'><strong>quod</strong></span> <span class='ocrx_word' id='word_1_30' title='bbox 1785 537 1977 608; x_wconf 89' lang='lat' dir='ltr'><strong>omnis</strong></span> <span class='ocrx_word' id='word_1_31' title='bbox 2031 538 2277 608; x_wconf 83' lang='lat' dir='ltr'><strong>perfidia</strong></span> 
     </span>
    </p>
   </div>
   <div class='ocr_carea' id='block_1_6' title="bbox 531 603 2273 694">
    <p class='ocr_par' dir='ltr' id='par_1_6' title="bbox 531 603 2273 694">
     <span class='ocr_line' id='line_1_6' title="bbox 531 603 2273 694; baseline 0.013 -33"><span class='ocrx_word' id='word_1_32' title='bbox 531 603 538 608; x_wconf 80' lang='grc'><em>’</em></span> <span class='ocrx_word' id='word_1_33' title='bbox 615 605 830 666; x_wconf 81' lang='lat' dir='ltr'><strong>similis</strong></span> <span class='ocrx_word' id='word_1_34' title='bbox 858 613 1236 674; x_wconf 76' lang='lat' dir='ltr'><strong>immanitatis</strong></span> <span class='ocrx_word' id='word_1_35' title='bbox 1265 625 1439 693; x_wconf 87' lang='lat' dir='ltr'><strong>atque</strong></span> <span class='ocrx_word' id='word_1_36' title='bbox 1468 603 1824 694; x_wconf 77' lang='lat' dir='ltr'><strong>insipientiae</strong></span> <span class='ocrx_word' id='word_1_37' title='bbox 1861 603 2132 682; x_wconf 80' lang='lat' dir='ltr'><strong>bestialis</strong></span> <span class='ocrx_word' id='word_1_38' title='bbox 2177 627 2273 683; x_wconf 97' lang='lat' dir='ltr'><strong>sit.</strong></span> 
     </span>
    </p>
   </div>
   <div class='ocr_carea' id='block_1_7' title="bbox 683 699 2275 786">
    <p class='ocr_par' dir='ltr' id='par_1_7' title="bbox 683 699 2275 786">
     <span class='ocr_line' id='line_1_7' title="bbox 683 699 2275 786; baseline 0.011 -32"><span class='ocrx_word' id='word_1_39' title='bbox 683 699 736 754; x_wconf 88' lang='lat'>5.</span> <span class='ocrx_word' id='word_1_40' title='bbox 778 699 967 774; x_wconf 78' lang='lat' dir='ltr'><strong>Cujus</strong></span> <span class='ocrx_word' id='word_1_41' title='bbox 1015 707 1102 760; x_wconf 85' lang='lat' dir='ltr'><strong>rei</strong></span> <span class='ocrx_word' id='word_1_42' title='bbox 1149 701 1494 780; x_wconf 72' lang='lat' dir='ltr'><strong>indignitate</strong></span> <span class='ocrx_word' id='word_1_43' title='bbox 1537 714 1801 783; x_wconf 76' lang='lat' dir='ltr'><strong>percitds</strong></span> <span class='ocrx_word' id='word_1_44' title='bbox 1833 711 2012 786; x_wconf 83' lang='lat' dir='ltr'><strong>fregit</strong></span> <span class='ocrx_word' id='word_1_45' title='bbox 2043 715 2275 772; x_wconf 89' lang='lat' dir='ltr'><strong>tabulas</strong></span> 
     </span>
    </p>
   </div>
   <div class='ocr_carea' id='block_1_8' title="bbox 613 785 2280 874">
    <p class='ocr_par' dir='ltr' id='par_1_8' title="bbox 613 785 2280 874">
     <span class='ocr_line' id='line_1_8' title="bbox 613 785 2280 874; baseline 0.013 -34"><span class='ocrx_word' id='word_1_46' title='bbox 613 785 874 860; x_wconf 71' lang='lat' dir='ltr'><strong>Moyses,</strong></span> <span class='ocrx_word' id='word_1_47' title='bbox 909 796 966 848; x_wconf 90' lang='lat' dir='ltr'><strong>et</strong></span> <span class='ocrx_word' id='word_1_48' title='bbox 995 797 1335 852; x_wconf 78' lang='lat' dir='ltr'><strong>comminuit</strong></span> <span class='ocrx_word' id='word_1_49' title='bbox 1365 799 1530 854; x_wconf 90' lang='lat' dir='ltr'><strong>vituli</strong></span> <span class='ocrx_word' id='word_1_50' title='bbox 1559 806 1750 872; x_wconf 88' lang='lat' dir='ltr'><strong>caput,</strong></span> <span class='ocrx_word' id='word_1_51' title='bbox 1785 785 1959 874; x_wconf 81' lang='lat' dir='ltr'><strong>atque</strong></span> <span class='ocrx_word' id='word_1_52' title='bbox 1990 803 2051 858; x_wconf 87' lang='lat' dir='ltr'><strong>in</strong></span> <span class='ocrx_word' id='word_1_53' title='bbox 2081 805 2280 874; x_wconf 88' lang='lat' dir='ltr'><strong>pulve-</strong></span> 
     </span>
    </p>
   </div>
   <div class='ocr_carea' id='block_1_9' title="bbox 611 879 2271 968">
    <p class='ocr_par' dir='ltr' id='par_1_9' title="bbox 611 879 2271 968">
     <span class='ocr_line' id='line_1_9' title="bbox 611 879 2271 968; baseline 0.013 -38"><span class='ocrx_word' id='word_1_54' title='bbox 611 891 738 932; x_wconf 85' lang='lat' dir='ltr'>rem</span> <span class='ocrx_word' id='word_1_55' title='bbox 768 879 1017 952; x_wconf 78' lang='lat' dir='ltr'><strong>redegit,</strong></span> <span class='ocrx_word' id='word_1_56' title='bbox 1053 887 1114 938; x_wconf 90' lang='lat' dir='ltr'><strong>ut</strong></span> <span class='ocrx_word' id='word_1_57' title='bbox 1145 887 1337 941; x_wconf 88' lang='lat' dir='ltr'><strong>omnia</strong></span> <span class='ocrx_word' id='word_1_58' title='bbox 1366 887 1682 960; x_wconf 81' lang='lat' dir='ltr'><strong>impietatis</strong></span> <span class='ocrx_word' id='word_1_59' title='bbox 1703 891 1966 948; x_wconf 81' lang='lat' dir='ltr'><strong>aboleret</strong></span> <span class='ocrx_word' id='word_1_60' title='bbox 1993 895 2271 968; x_wconf 88' lang='lat' dir='ltr'><strong>vestigia.</strong></span> 
     </span>
    </p>
   </div>
   <div class='ocr_carea' id='block_1_10' title="bbox 612 963 2272 1054">
    <p class='ocr_par' dir='ltr' id='par_1_10' title="bbox 612 963 2272 1054">
     <span class='ocr_line' id='line_1_10' title="bbox 612 963 2272 1054; baseline 0.011 -34"><span class='ocrx_word' id='word_1_61' title='bbox 612 963 840 1024; x_wconf 83' lang='lat' dir='ltr'><strong>Fractae</strong></span> <span class='ocrx_word' id='word_1_62' title='bbox 871 975 1012 1024; x_wconf 89' lang='lat' dir='ltr'><strong>sunt</strong></span> <span class='ocrx_word' id='word_1_63' title='bbox 1042 973 1198 1028; x_wconf 90' lang='lat' dir='ltr'><strong>enim</strong></span> <span class='ocrx_word' id='word_1_64' title='bbox 1227 975 1340 1046; x_wconf 81' lang='lat'><strong>(4&#39;7)</strong></span> <span class='ocrx_word' id='word_1_65' title='bbox 1388 978 1591 1048; x_wconf 75' lang='lat' dir='ltr'><strong>primas</strong></span> <span class='ocrx_word' id='word_1_66' title='bbox 1623 979 1838 1036; x_wconf 82' lang='lat' dir='ltr'><strong>tabulae</strong></span> <span class='ocrx_word' id='word_1_67' title='bbox 1873 996 1885 1036; x_wconf 91' lang='lat'><strong>:</strong></span> <span class='ocrx_word' id='word_1_68' title='bbox 1920 984 1982 1036; x_wconf 86' lang='lat' dir='ltr'><strong>ut</strong></span> <span class='ocrx_word' id='word_1_69' title='bbox 2029 963 2272 1054; x_wconf 67' lang='lat' dir='ltr'><strong>repara-</strong></span> 
     </span>
    </p>
   </div>
   <div class='ocr_carea' id='block_1_11' title="bbox 612 1058 2272 1142">
    <p class='ocr_par' dir='ltr' id='par_1_11' title="bbox 612 1058 2272 1142">
     <span class='ocr_line' id='line_1_11' title="bbox 612 1058 2272 1142; baseline 0.012 -34"><span class='ocrx_word' id='word_1_70' title='bbox 612 1058 821 1112; x_wconf 90' lang='lat' dir='ltr'><strong>rentur</strong></span> <span class='ocrx_word' id='word_1_71' title='bbox 849 1060 1150 1135; x_wconf 65' lang='lat' dir='ltr'><strong>secundas,</strong></span> <span class='ocrx_word' id='word_1_72' title='bbox 1183 1063 1399 1135; x_wconf 87' lang='lat' dir='ltr'><strong>quibus</strong></span> <span class='ocrx_word' id='word_1_73' title='bbox 1428 1083 1535 1137; x_wconf 91' lang='lat' dir='ltr'><strong>per</strong></span> <span class='ocrx_word' id='word_1_74' title='bbox 1563 1066 1870 1142; x_wconf 81' lang='lat' dir='ltr'><strong>Evangelii</strong></span> <span class='ocrx_word' id='word_1_75' title='bbox 1900 1071 2272 1142; x_wconf 68' lang='lat' dir='ltr'><strong>prmdicatio-</strong></span> 
     </span>
    </p>
   </div>
   <div class='ocr_carea' id='block_1_12' title="bbox 613 1147 2274 1233">
    <p class='ocr_par' dir='ltr' id='par_1_12' title="bbox 613 1147 2274 1233">
     <span class='ocr_line' id='line_1_12' title="bbox 613 1147 2274 1233; baseline 0.012 -36"><span class='ocrx_word' id='word_1_76' title='bbox 613 1157 750 1199; x_wconf 88' lang='lat' dir='ltr'><strong>nem</strong></span> <span class='ocrx_word' id='word_1_77' title='bbox 793 1147 1038 1217; x_wconf 79' lang='lat' dir='ltr'><strong>perfidia</strong></span> <span class='ocrx_word' id='word_1_78' title='bbox 1087 1153 1441 1209; x_wconf 89' lang='lat' dir='ltr'><strong>comminuta</strong></span> <span class='ocrx_word' id='word_1_79' title='bbox 1489 1157 1745 1212; x_wconf 78' lang='lat' dir='ltr'><strong>evanuit.</strong></span> <span class='ocrx_word' id='word_1_80' title='bbox 1779 1158 1878 1214; x_wconf 91' lang='lat' dir='ltr'><strong>Sic</strong></span> <span class='ocrx_word' id='word_1_81' title='bbox 1909 1159 2148 1232; x_wconf 77' lang='lat' dir='ltr'><strong>Moyses</strong></span> <span class='ocrx_word' id='word_1_82' title='bbox 2181 1167 2274 1233; x_wconf 74' lang='lat' dir='ltr'><strong>ty-</strong></span> 
     </span>
    </p>
   </div>
   <div class='ocr_carea' id='block_1_13' title="bbox 609 1232 2272 1318">
    <p class='ocr_par' dir='ltr' id='par_1_13' title="bbox 609 1232 2272 1318">
     <span class='ocr_line' id='line_1_13' title="bbox 609 1232 2272 1318; baseline 0.011 -31"><span class='ocrx_word' id='word_1_83' title='bbox 609 1232 792 1302; x_wconf 89' lang='lat' dir='ltr'><strong>phum</strong></span> <span class='ocrx_word' id='word_1_84' title='bbox 821 1235 934 1307; x_wconf 78' lang='lat'>(48)</span> <span class='ocrx_word' id='word_1_85' title='bbox 967 1237 1129 1294; x_wconf 90' lang='lat' dir='ltr'><strong>illum</strong></span> <span class='ocrx_word' id='word_1_86' title='bbox 1160 1242 1470 1314; x_wconf 84' lang='lat' dir='ltr'><strong>dissipavit</strong></span> <span class='ocrx_word' id='word_1_87' title='bbox 1503 1245 1872 1318; x_wconf 56' lang='lat' dir='ltr'><strong>.‘Egyptium,</strong></span> <span class='ocrx_word' id='word_1_88' title='bbox 1924 1252 1980 1304; x_wconf 90' lang='lat' dir='ltr'><strong>et</strong></span> <span class='ocrx_word' id='word_1_89' title='bbox 2009 1232 2272 1305; x_wconf 81' lang='lat' dir='ltr'><strong>altitudi-</strong></span> 
     </span>
    </p>
   </div>
   <div class='ocr_carea' id='block_1_14' title="bbox 611 1325 2274 1411">
    <p class='ocr_par' dir='ltr' id='par_1_14' title="bbox 611 1325 2274 1411">
     <span class='ocr_line' id='line_1_14' title="bbox 611 1325 2274 1411; baseline 0.011 -35"><span class='ocrx_word' id='word_1_90' title='bbox 611 1337 748 1377; x_wconf 88' lang='lat' dir='ltr'><strong>nem</strong></span> <span class='ocrx_word' id='word_1_91' title='bbox 778 1325 1154 1383; x_wconf 85' lang='lat' dir='ltr'><strong>extollentem</strong></span> <span class='ocrx_word' id='word_1_92' title='bbox 1184 1345 1251 1386; x_wconf 90' lang='lat' dir='ltr'><strong>se</strong></span> <span class='ocrx_word' id='word_1_93' title='bbox 1282 1337 1638 1404; x_wconf 89' lang='lat' dir='ltr'><strong>compressit</strong></span> <span class='ocrx_word' id='word_1_94' title='bbox 1667 1340 1906 1393; x_wconf 68' lang='lat' dir='ltr'><strong>aeternas</strong></span> <span class='ocrx_word' id='word_1_95' title='bbox 1936 1338 2092 1411; x_wconf 82' lang='lat' dir='ltr'><strong>legis</strong></span> <span class='ocrx_word' id='word_1_96' title='bbox 2139 1355 2274 1395; x_wconf 88' lang='lat' dir='ltr'><strong>auc-</strong></span> 
     </span>
    </p>
   </div>
   <div class='ocr_carea' id='block_1_15' title="bbox 610 1411 2278 1500">
    <p class='ocr_par' dir='ltr' id='par_1_15' title="bbox 610 1411 2278 1500">
     <span class='ocr_line' id='line_1_15' title="bbox 610 1411 2278 1500; baseline 0.012 -35"><span class='ocrx_word' id='word_1_97' title='bbox 610 1411 860 1468; x_wconf 88' lang='lat' dir='ltr'><strong>toritate.</strong></span> <span class='ocrx_word' id='word_1_98' title='bbox 895 1413 1064 1472; x_wconf 88' lang='lat' dir='ltr'><strong>Unde</strong></span> <span class='ocrx_word' id='word_1_99' title='bbox 1097 1422 1151 1472; x_wconf 88' lang='lat' dir='ltr'><strong>et</strong></span> <span class='ocrx_word' id='word_1_100' title='bbox 1181 1419 1366 1476; x_wconf 87' lang='lat' dir='ltr'><strong>David</strong></span> <span class='ocrx_word' id='word_1_101' title='bbox 1395 1424 1473 1476; x_wconf 90' lang='lat' dir='ltr'><strong>ait</strong></span> <span class='ocrx_word' id='word_1_102' title='bbox 1505 1439 1518 1479; x_wconf 90' lang='lat'><strong>:</strong></span> <span class='ocrx_word' id='word_1_103' title='bbox 1559 1445 1580 1473; x_wconf 79' lang='grc' dir='ltr'><strong><em>α</em></strong></span> <span class='ocrx_word' id='word_1_104' title='bbox 1614 1424 1685 1479; x_wconf 90' lang='lat' dir='ltr'><strong>Et</strong></span> <span class='ocrx_word' id='word_1_105' title='bbox 1716 1426 2054 1500; x_wconf 81' lang='lat' dir='ltr'><strong>confringet</strong></span> <span class='ocrx_word' id='word_1_106' title='bbox 2081 1429 2278 1484; x_wconf 92' lang='lat' dir='ltr'><strong>Domi-</strong></span> 
     </span>
    </p>
   </div>
   <div class='ocr_carea' id='block_1_16' title="bbox 607 1502 2275 1589">
    <p class='ocr_par' dir='ltr' id='par_1_16' title="bbox 607 1502 2275 1589">
     <span class='ocr_line' id='line_1_16' title="bbox 607 1502 2275 1589; baseline 0.012 -36"><span class='ocrx_word' id='word_1_107' title='bbox 607 1513 724 1554; x_wconf 89' lang='lat' dir='ltr'><strong>nus</strong></span> <span class='ocrx_word' id='word_1_108' title='bbox 755 1502 967 1558; x_wconf 90' lang='lat' dir='ltr'><strong>cedros</strong></span> <span class='ocrx_word' id='word_1_109' title='bbox 998 1505 1227 1580; x_wconf 86' lang='lat' dir='ltr'><strong>Libani,</strong></span> <span class='ocrx_word' id='word_1_110' title='bbox 1259 1513 1316 1565; x_wconf 90' lang='lat' dir='ltr'><strong>et</strong></span> <span class='ocrx_word' id='word_1_111' title='bbox 1347 1513 1701 1569; x_wconf 88' lang='lat' dir='ltr'><strong>comminuet</strong></span> <span class='ocrx_word' id='word_1_112' title='bbox 1731 1530 1834 1570; x_wconf 91' lang='lat' dir='ltr'><strong>eas</strong></span> <span class='ocrx_word' id='word_1_113' title='bbox 1866 1519 2143 1589; x_wconf 87' lang='lat' dir='ltr'><strong>tanquam</strong></span> <span class='ocrx_word' id='word_1_114' title='bbox 2193 1519 2275 1573; x_wconf 86' lang='lat' dir='ltr'><strong>vi-</strong></span> 
     </span>
    </p>
   </div>
   <div class='ocr_carea' id='block_1_17' title="bbox 605 1588 1771 1674">
    <p class='ocr_par' dir='ltr' id='par_1_17' title="bbox 605 1588 1771 1674">
     <span class='ocr_line' id='line_1_17' title="bbox 605 1588 1771 1674; baseline 0.015 -31"><span class='ocrx_word' id='word_1_115' title='bbox 605 1588 793 1644; x_wconf 83' lang='lat' dir='ltr'><strong>tulum</strong></span> <span class='ocrx_word' id='word_1_116' title='bbox 824 1591 1032 1648; x_wconf 86' lang='lat' dir='ltr'><strong>Libani</strong></span> <span class='ocrx_word' id='word_1_117' title='bbox 1063 1591 1263 1665; x_wconf 79' lang='lat' dir='ltr'><strong>(Psal.</strong></span> <span class='ocrx_word' id='word_1_118' title='bbox 1297 1613 1506 1672; x_wconf 81' lang='lat' dir='ltr'><strong>xxvm,</strong></span> <span class='ocrx_word' id='word_1_119' title='bbox 1541 1601 1701 1674; x_wconf 77' lang='lat'><strong>5,-6).</strong></span> <span class='ocrx_word' id='word_1_120' title='bbox 1749 1625 1771 1652; x_wconf 71' lang='grc' dir='ltr'><strong>ι»</strong></span> 
     </span>
    </p>
   </div>
   <div class='ocr_carea' id='block_1_18' title="bbox 675 1683 2270 1784">
    <p class='ocr_par' dir='ltr' id='par_1_18' title="bbox 675 1683 2270 1784">
     <span class='ocr_line' id='line_1_18' title="bbox 675 1683 2270 1784; baseline 0.013 -34"><span class='ocrx_word' id='word_1_121' title='bbox 675 1683 730 1752; x_wconf 74' lang='grc' dir='ltr'><strong>ϐ.</strong></span> <span class='ocrx_word' id='word_1_122' title='bbox 771 1686 972 1769; x_wconf 85' lang='lat' dir='ltr'><strong>Itaque</strong></span> <span class='ocrx_word' id='word_1_123' title='bbox 1019 1702 1328 1760; x_wconf 86' lang='lat' dir='ltr'><strong>absorbuit</strong></span> <span class='ocrx_word' id='word_1_124' title='bbox 1376 1709 1630 1778; x_wconf 87' lang='lat' dir='ltr'><strong>pepulus</strong></span> <span class='ocrx_word' id='word_1_125' title='bbox 1680 1725 1912 1768; x_wconf 90' lang='lat' dir='ltr'><strong>omnem</strong></span> <span class='ocrx_word' id='word_1_126' title='bbox 1963 1713 2270 1784; x_wconf 81' lang='lat' dir='ltr'><strong>perﬁdiam</strong></span> 
     </span>
    </p>
   </div>
   <div class='ocr_carea' id='block_1_19' title="bbox 2385 540 3955 626">
    <p class='ocr_par' dir='ltr' id='par_1_19' title="bbox 2385 540 3955 626">
     <span class='ocr_line' id='line_1_19' title="bbox 2385 540 3955 626; baseline 0.014 -33"><span class='ocrx_word' id='word_1_127' title='bbox 2385 540 2510 612; x_wconf 85' lang='lat' dir='ltr'><strong>tigo</strong></span> <span class='ocrx_word' id='word_1_128' title='bbox 2540 557 2761 613; x_wconf 89' lang='lat' dir='ltr'><strong>corpus</strong></span> <span class='ocrx_word' id='word_1_129' title='bbox 2794 559 3009 609; x_wconf 86' lang='lat' dir='ltr'><strong>meum,</strong></span> <span class='ocrx_word' id='word_1_130' title='bbox 3044 550 3102 600; x_wconf 79' lang='lat' dir='ltr'><strong>et</strong></span> <span class='ocrx_word' id='word_1_131' title='bbox 3147 547 3410 602; x_wconf 86' lang='lat' dir='ltr'><strong>servituti</strong></span> <span class='ocrx_word' id='word_1_132' title='bbox 3444 551 3626 622; x_wconf 81' lang='lat' dir='ltr'><strong>redigo</strong></span> <span class='ocrx_word' id='word_1_133' title='bbox 3661 553 3708 623; x_wconf 86' lang='grc' dir='ltr'><strong>(Ι</strong></span> <span class='ocrx_word' id='word_1_134' title='bbox 3731 554 3830 612; x_wconf 85' lang='lat' dir='ltr'><strong>Cor.</strong></span> <span class='ocrx_word' id='word_1_135' title='bbox 3852 578 3900 626; x_wconf 80' lang='grc' dir='ltr'><strong>ιι,</strong></span> <span class='ocrx_word' id='word_1_136' title='bbox 3953 541 3955 586; x_wconf 67' lang='grc' dir='ltr'><strong>ί</strong></span> 
     </span>
    </p>
   </div>
   <div class='ocr_carea' id='block_1_20' title="bbox 2387 628 3908 712">
    <p class='ocr_par' dir='ltr' id='par_1_20' title="bbox 2387 628 3908 712">
     <span class='ocr_line' id='line_1_20' title="bbox 2387 628 3908 712; baseline 0.013 -29"><span class='ocrx_word' id='word_1_137' title='bbox 2387 628 2496 700; x_wconf 78' lang='grc' dir='ltr'><strong>2Ἶ).</strong></span> <span class='ocrx_word' id='word_1_138' title='bbox 2537 653 2559 678; x_wconf 66' lang='grc' dir='ltr'><strong>ι»</strong></span> <span class='ocrx_word' id='word_1_139' title='bbox 2591 629 2745 696; x_wconf 87' lang='lat' dir='ltr'><strong>Quid</strong></span> <span class='ocrx_word' id='word_1_140' title='bbox 2772 636 2968 689; x_wconf 88' lang='lat' dir='ltr'><strong>autem</strong></span> <span class='ocrx_word' id='word_1_141' title='bbox 2998 639 3112 690; x_wconf 90' lang='lat' dir='ltr'><strong>tam</strong></span> <span class='ocrx_word' id='word_1_142' title='bbox 3143 637 3479 709; x_wconf 83' lang='lat' dir='ltr'><strong>proximum,</strong></span> <span class='ocrx_word' id='word_1_143' title='bbox 3523 656 3674 712; x_wconf 88' lang='lat' dir='ltr'><strong>quam</strong></span> <span class='ocrx_word' id='word_1_144' title='bbox 3715 659 3818 700; x_wconf 87' lang='lat' dir='ltr'><strong>caro</strong></span> <span class='ocrx_word' id='word_1_145' title='bbox 3838 653 3908 703; x_wconf 82' lang='lat' dir='ltr'><strong>ani-</strong></span> 
     </span>
    </p>
   </div>
   <div class='ocr_carea' id='block_1_21' title="bbox 2388 717 3905 801">
    <p class='ocr_par' dir='ltr' id='par_1_21' title="bbox 2388 717 3905 801">
     <span class='ocr_line' id='line_1_21' title="bbox 2388 717 3905 801; baseline 0.012 -29"><span class='ocrx_word' id='word_1_146' title='bbox 2388 720 2544 774; x_wconf 82' lang='lat' dir='ltr'><strong>mae?</strong></span> <span class='ocrx_word' id='word_1_147' title='bbox 2589 717 2740 784; x_wconf 87' lang='lat' dir='ltr'><strong>Quid</strong></span> <span class='ocrx_word' id='word_1_148' title='bbox 2790 725 2904 776; x_wconf 90' lang='lat' dir='ltr'><strong>tam</strong></span> <span class='ocrx_word' id='word_1_149' title='bbox 2953 725 3302 795; x_wconf 88' lang='lat' dir='ltr'><strong>proximum,</strong></span> <span class='ocrx_word' id='word_1_150' title='bbox 3345 743 3508 797; x_wconf 90' lang='lat' dir='ltr'><strong>quam</strong></span> <span class='ocrx_word' id='word_1_151' title='bbox 3543 733 3664 784; x_wconf 86' lang='lat' dir='ltr'><strong>sunt</strong></span> <span class='ocrx_word' id='word_1_152' title='bbox 3686 734 3905 801; x_wconf 84' lang='lat' dir='ltr'><strong>passiones</strong></span> 
     </span>
    </p>
   </div>
   <div class='ocr_carea' id='block_1_22' title="bbox 2387 801 3907 892">
    <p class='ocr_par' dir='ltr' id='par_1_22' title="bbox 2387 801 3907 892">
     <span class='ocr_line' id='line_1_22' title="bbox 2387 801 3907 892; baseline 0.012 -31"><span class='ocrx_word' id='word_1_153' title='bbox 2387 805 2703 878; x_wconf 75' lang='lat' dir='ltr'><strong>corporis?</strong></span> <span class='ocrx_word' id='word_1_154' title='bbox 2733 801 2851 865; x_wconf 84' lang='lat' dir='ltr'><strong>Eas</strong></span> <span class='ocrx_word' id='word_1_155' title='bbox 2878 806 2938 866; x_wconf 85' lang='lat' dir='ltr'><strong>in</strong></span> <span class='ocrx_word' id='word_1_156' title='bbox 2971 827 3038 868; x_wconf 90' lang='lat' dir='ltr'><strong>se</strong></span> <span class='ocrx_word' id='word_1_157' title='bbox 3070 813 3243 868; x_wconf 86' lang='lat' dir='ltr'><strong>levita</strong></span> <span class='ocrx_word' id='word_1_158' title='bbox 3267 813 3453 870; x_wconf 87' lang='lat' dir='ltr'><strong>bonus</strong></span> <span class='ocrx_word' id='word_1_159' title='bbox 3481 817 3723 874; x_wconf 82' lang='lat' dir='ltr'><strong>interimit</strong></span> <span class='ocrx_word' id='word_1_160' title='bbox 3744 823 3907 892; x_wconf 79' lang='lat' dir='ltr'><strong>spiritali</strong></span> 
     </span>
    </p>
   </div>
   <div class='ocr_carea' id='block_1_23' title="bbox 2385 897 3905 970">
    <p class='ocr_par' dir='ltr' id='par_1_23' title="bbox 2385 897 3905 970">
     <span class='ocr_line' id='line_1_23' title="bbox 2385 897 3905 970; baseline 0.013 -22"><span class='ocrx_word' id='word_1_161' title='bbox 2385 897 2604 968; x_wconf 86' lang='lat' dir='ltr'><strong>gladio,</strong></span> <span class='ocrx_word' id='word_1_162' title='bbox 2639 899 2742 970; x_wconf 86' lang='lat' dir='ltr'><strong>qui</strong></span> <span class='ocrx_word' id='word_1_163' title='bbox 2770 903 2863 956; x_wconf 92' lang='lat' dir='ltr'><strong>est</strong></span> <span class='ocrx_word' id='word_1_164' title='bbox 2892 901 3140 958; x_wconf 88' lang='lat' dir='ltr'><strong>verbum</strong></span> <span class='ocrx_word' id='word_1_165' title='bbox 3170 901 3275 958; x_wconf 90' lang='lat' dir='ltr'><strong>Dei</strong></span> <span class='ocrx_word' id='word_1_166' title='bbox 3301 901 3394 960; x_wconf 89' lang='lat' dir='ltr'><strong>bis</strong></span> <span class='ocrx_word' id='word_1_167' title='bbox 3422 909 3635 962; x_wconf 86' lang='lat' dir='ltr'><strong>acutum</strong></span> <span class='ocrx_word' id='word_1_168' title='bbox 3660 910 3708 962; x_wconf 86' lang='lat' dir='ltr'><strong>et</strong></span> <span class='ocrx_word' id='word_1_169' title='bbox 3739 911 3905 967; x_wconf 83' lang='lat' dir='ltr'><strong>validum</strong></span> 
     </span>
    </p>
   </div>
   <div class='ocr_carea' id='block_1_24' title="bbox 2385 984 2864 1059">
    <p class='ocr_par' dir='ltr' id='par_1_24' title="bbox 2385 984 2864 1059">
     <span class='ocr_line' id='line_1_24' title="bbox 2385 984 2864 1059; baseline 0.013 -21"><span class='ocrx_word' id='word_1_170' title='bbox 2385 984 2598 1054; x_wconf 84' lang='lat' dir='ltr'><strong>(Hebr.</strong></span> <span class='ocrx_word' id='word_1_171' title='bbox 2635 1004 2716 1058; x_wconf 82' lang='lat' dir='ltr'><strong>iv,</strong></span> <span class='ocrx_word' id='word_1_172' title='bbox 2754 989 2864 1059; x_wconf 78' lang='grc'><strong>12).</strong></span> 
     </span>
    </p>
   </div>
   <div class='ocr_carea' id='block_1_25' title="bbox 2454 1074 3910 1156">
    <p class='ocr_par' dir='ltr' id='par_1_25' title="bbox 2454 1074 3910 1156">
     <span class='ocr_line' id='line_1_25' title="bbox 2454 1074 3910 1156; baseline 0.01 -27"><span class='ocrx_word' id='word_1_173' title='bbox 2454 1074 2510 1130; x_wconf 87' lang='grc'><strong>9.</strong></span> <span class='ocrx_word' id='word_1_174' title='bbox 2554 1075 2662 1132; x_wconf 89' lang='lat' dir='ltr'><strong>Est</strong></span> <span class='ocrx_word' id='word_1_175' title='bbox 2707 1080 2764 1132; x_wconf 91' lang='lat' dir='ltr'><strong>et</strong></span> <span class='ocrx_word' id='word_1_176' title='bbox 2809 1079 3043 1156; x_wconf 80' lang='lat' dir='ltr'><strong>gladius</strong></span> <span class='ocrx_word' id='word_1_177' title='bbox 3091 1080 3357 1152; x_wconf 87' lang='lat' dir='ltr'><strong>spiritus,</strong></span> <span class='ocrx_word' id='word_1_178' title='bbox 3406 1083 3502 1154; x_wconf 90' lang='lat' dir='ltr'><strong>qui</strong></span> <span class='ocrx_word' id='word_1_179' title='bbox 3537 1087 3801 1154; x_wconf 83' lang='lat' dir='ltr'><strong>pertransit</strong></span> <span class='ocrx_word' id='word_1_180' title='bbox 3837 1092 3910 1144; x_wconf 84' lang='lat' dir='ltr'><strong>ani-</strong></span> 
     </span>
    </p>
   </div>
   <div class='ocr_carea' id='block_1_26' title="bbox 2383 1164 3909 1248">
    <p class='ocr_par' dir='ltr' id='par_1_26' title="bbox 2383 1164 3909 1248">
     <span class='ocr_line' id='line_1_26' title="bbox 2383 1164 3909 1248; baseline 0.01 -31"><span class='ocrx_word' id='word_1_181' title='bbox 2383 1179 2538 1218; x_wconf 89' lang='lat' dir='ltr'><strong>mam</strong></span> <span class='ocrx_word' id='word_1_182' title='bbox 2567 1164 2725 1220; x_wconf 89' lang='lat' dir='ltr'><strong>sicut</strong></span> <span class='ocrx_word' id='word_1_183' title='bbox 2753 1167 2827 1222; x_wconf 91' lang='lat' dir='ltr'><strong>ad</strong></span> <span class='ocrx_word' id='word_1_184' title='bbox 2858 1168 3101 1224; x_wconf 89' lang='lat' dir='ltr'><strong>Mariam</strong></span> <span class='ocrx_word' id='word_1_185' title='bbox 3131 1169 3350 1226; x_wconf 89' lang='lat' dir='ltr'><strong>dictum</strong></span> <span class='ocrx_word' id='word_1_186' title='bbox 3379 1175 3468 1226; x_wconf 89' lang='lat' dir='ltr'><strong>est</strong></span> <span class='ocrx_word' id='word_1_187' title='bbox 3499 1188 3511 1225; x_wconf 86' lang='lat'><strong>:</strong></span> <span class='ocrx_word' id='word_1_188' title='bbox 3546 1193 3566 1220; x_wconf 78' lang='grc' dir='ltr'><strong>ιι</strong></span> <span class='ocrx_word' id='word_1_189' title='bbox 3609 1173 3761 1230; x_wconf 85' lang='lat' dir='ltr'><strong>Tuam</strong></span> <span class='ocrx_word' id='word_1_190' title='bbox 3794 1177 3909 1248; x_wconf 71' lang='lat' dir='ltr'><strong>ipsius</strong></span> 
     </span>
    </p>
   </div>
   <div class='ocr_carea' id='block_1_27' title="bbox 2381 1252 3909 1330">
    <p class='ocr_par' dir='ltr' id='par_1_27' title="bbox 2381 1252 3909 1330">
     <span class='ocr_line' id='line_1_27' title="bbox 2381 1252 3909 1330; baseline 0.01 -24"><span class='ocrx_word' id='word_1_191' title='bbox 2381 1252 2638 1308; x_wconf 88' lang='lat' dir='ltr'><strong>animam</strong></span> <span class='ocrx_word' id='word_1_192' title='bbox 2667 1258 3050 1326; x_wconf 89' lang='lat' dir='ltr'><strong>pertransibit</strong></span> <span class='ocrx_word' id='word_1_193' title='bbox 3080 1258 3336 1330; x_wconf 86' lang='lat' dir='ltr'><strong>gladius,</strong></span> <span class='ocrx_word' id='word_1_194' title='bbox 3365 1266 3426 1316; x_wconf 91' lang='lat' dir='ltr'><strong>ut</strong></span> <span class='ocrx_word' id='word_1_195' title='bbox 3451 1262 3751 1318; x_wconf 81' lang='lat' dir='ltr'><strong>revelantur</strong></span> <span class='ocrx_word' id='word_1_196' title='bbox 3779 1269 3909 1323; x_wconf 84' lang='lat' dir='ltr'><strong>multo-</strong></span> 
     </span>
    </p>
   </div>
   <div class='ocr_carea' id='block_1_28' title="bbox 2380 1334 3906 1422">
    <p class='ocr_par' dir='ltr' id='par_1_28' title="bbox 2380 1334 3906 1422">
     <span class='ocr_line' id='line_1_28' title="bbox 2380 1334 3906 1422; baseline 0.01 -27"><span class='ocrx_word' id='word_1_197' title='bbox 2380 1357 2515 1396; x_wconf 90' lang='lat' dir='ltr'><strong>rum</strong></span> <span class='ocrx_word' id='word_1_198' title='bbox 2565 1334 2831 1400; x_wconf 80' lang='lat' dir='ltr'><strong>cOrdium</strong></span> <span class='ocrx_word' id='word_1_199' title='bbox 2881 1347 3270 1418; x_wconf 83' lang='lat' dir='ltr'><strong>cogitationes</strong></span> <span class='ocrx_word' id='word_1_200' title='bbox 3321 1348 3480 1418; x_wconf 84' lang='lat' dir='ltr'><strong>(Luc.</strong></span> <span class='ocrx_word' id='word_1_201' title='bbox 3511 1367 3568 1422; x_wconf 81' lang='grc' dir='ltr'><strong>ιι,</strong></span> <span class='ocrx_word' id='word_1_202' title='bbox 3597 1351 3694 1421; x_wconf 85' lang='lat'><strong>35).</strong></span> <span class='ocrx_word' id='word_1_203' title='bbox 3723 1372 3742 1402; x_wconf 78' lang='grc' dir='ltr'><strong>ι</strong></span> <span class='ocrx_word' id='word_1_204' title='bbox 3779 1353 3906 1411; x_wconf 80' lang='lat' dir='ltr'><strong>Nonne</strong></span> 
     </span>
    </p>
   </div>
   <div class='ocr_carea' id='block_1_29' title="bbox 2381 1431 3910 1509">
    <p class='ocr_par' dir='ltr' id='par_1_29' title="bbox 2381 1431 3910 1509">
     <span class='ocr_line' id='line_1_29' title="bbox 2381 1431 3910 1509; baseline 0.009 -25"><span class='ocrx_word' id='word_1_205' title='bbox 2381 1445 2520 1486; x_wconf 87' lang='lat' dir='ltr'><strong>caro</strong></span> <span class='ocrx_word' id='word_1_206' title='bbox 2551 1431 2764 1489; x_wconf 77' lang='lat' dir='ltr'><strong>animae</strong></span> <span class='ocrx_word' id='word_1_207' title='bbox 2793 1434 3054 1492; x_wconf 87' lang='lat' dir='ltr'><strong>fraterno</strong></span> <span class='ocrx_word' id='word_1_208' title='bbox 3083 1438 3339 1508; x_wconf 88' lang='lat' dir='ltr'><strong>quodam</strong></span> <span class='ocrx_word' id='word_1_209' title='bbox 3369 1439 3658 1509; x_wconf 85' lang='lat' dir='ltr'><strong>cepulatur</strong></span> <span class='ocrx_word' id='word_1_210' title='bbox 3683 1446 3910 1499; x_wconf 75' lang='lat' dir='ltr'><strong>consortio?</strong></span> 
     </span>
    </p>
   </div>
   <div class='ocr_carea' id='block_1_30' title="bbox 2381 1510 3910 1604">
    <p class='ocr_par' dir='ltr' id='par_1_30' title="bbox 2381 1510 3910 1604">
     <span class='ocr_line' id='line_1_30' title="bbox 2381 1510 3910 1604; baseline 0.009 -30"><span class='ocrx_word' id='word_1_211' title='bbox 2381 1519 2593 1575; x_wconf 90' lang='lat' dir='ltr'><strong>Nonne</strong></span> <span class='ocrx_word' id='word_1_212' title='bbox 2636 1523 2811 1578; x_wconf 90' lang='lat' dir='ltr'><strong>etiam</strong></span> <span class='ocrx_word' id='word_1_213' title='bbox 2852 1510 3048 1580; x_wconf 36' lang='lat' dir='ltr'><strong>menti‘</strong></span> <span class='ocrx_word' id='word_1_214' title='bbox 3079 1530 3303 1582; x_wconf 65' lang='lat' dir='ltr'><strong>nostras</strong></span> <span class='ocrx_word' id='word_1_215' title='bbox 3345 1527 3537 1583; x_wconf 78' lang='lat' dir='ltr'><strong>afﬁnis</strong></span> <span class='ocrx_word' id='word_1_216' title='bbox 3586 1533 3637 1584; x_wconf 90' lang='lat' dir='ltr'><strong>et</strong></span> <span class='ocrx_word' id='word_1_217' title='bbox 3659 1533 3910 1604; x_wconf 79' lang='lat' dir='ltr'><strong>propinquus</strong></span> 
     </span>
    </p>
   </div>
   <div class='ocr_carea' id='block_1_31' title="bbox 2381 1611 3908 1688">
    <p class='ocr_par' dir='ltr' id='par_1_31' title="bbox 2381 1611 3908 1688">
     <span class='ocr_line' id='line_1_31' title="bbox 2381 1611 3908 1688; baseline 0.009 -25"><span class='ocrx_word' id='word_1_218' title='bbox 2381 1624 2580 1665; x_wconf 87' lang='lat' dir='ltr'><strong>sermo</strong></span> <span class='ocrx_word' id='word_1_219' title='bbox 2627 1613 2758 1667; x_wconf 85' lang='lat' dir='ltr'><strong>est?</strong></span> <span class='ocrx_word' id='word_1_220' title='bbox 2805 1611 2950 1668; x_wconf 87' lang='lat' dir='ltr'><strong>Cum</strong></span> <span class='ocrx_word' id='word_1_221' title='bbox 2999 1614 3180 1686; x_wconf 89' lang='lat' dir='ltr'><strong>igitur</strong></span> <span class='ocrx_word' id='word_1_222' title='bbox 3209 1618 3640 1688; x_wconf 91' lang='lat' dir='ltr'><strong>comprimimus</strong></span> <span class='ocrx_word' id='word_1_223' title='bbox 3667 1635 3908 1686; x_wconf 81' lang='lat' dir='ltr'><strong>sermonem,</strong></span> 
     </span>
    </p>
   </div>
   <div class='ocr_carea' id='block_1_32' title="bbox 2379 1699 3912 1780">
    <p class='ocr_par' dir='ltr' id='par_1_32' title="bbox 2379 1699 3912 1780">
     <span class='ocr_line' id='line_1_32' title="bbox 2379 1699 3912 1780; baseline 0.007 -28"><span class='ocrx_word' id='word_1_224' title='bbox 2379 1713 2452 1753; x_wconf 90' lang='lat' dir='ltr'><strong>ne</strong></span> <span class='ocrx_word' id='word_1_225' title='bbox 2483 1699 2850 1772; x_wconf 87' lang='lat' dir='ltr'><strong>multiloquio</strong></span> <span class='ocrx_word' id='word_1_226' title='bbox 2882 1707 3185 1772; x_wconf 86' lang='lat' dir='ltr'><strong>peccatum</strong></span> <span class='ocrx_word' id='word_1_227' title='bbox 3216 1705 3563 1776; x_wconf 88' lang='lat' dir='ltr'><strong>incidamus,</strong></span> <span class='ocrx_word' id='word_1_228' title='bbox 3602 1707 3694 1777; x_wconf 81' lang='lat' dir='ltr'><strong>jus</strong></span> <span class='ocrx_word' id='word_1_229' title='bbox 3719 1711 3912 1780; x_wconf 52' lang='lat' dir='ltr'><strong>germani.</strong></span> 
     </span>
    </p>
   </div>
   <div class='ocr_carea' id='block_1_33' title="bbox 604 1787 3909 1883">
    <p class='ocr_par' dir='ltr' id='par_1_33' title="bbox 604 1787 3909 1883">
     <span class='ocr_line' id='line_1_33' title="bbox 604 1787 3909 1883; baseline 0.011 -45"><span class='ocrx_word' id='word_1_230' title='bbox 604 1799 674 1839; x_wconf 93' lang='lat' dir='ltr'><strong>ac</strong></span> <span class='ocrx_word' id='word_1_231' title='bbox 705 1789 1064 1860; x_wconf 88' lang='lat' dir='ltr'><strong>superbiam,</strong></span> <span class='ocrx_word' id='word_1_232' title='bbox 1099 1808 1170 1847; x_wconf 92' lang='lat' dir='ltr'><strong>ne</strong></span> <span class='ocrx_word' id='word_1_233' title='bbox 1201 1809 1336 1849; x_wconf 91' lang='lat' dir='ltr'><strong>eum</strong></span> <span class='ocrx_word' id='word_1_234' title='bbox 1367 1797 1714 1854; x_wconf 84' lang='lat' dir='ltr'><strong>absorberet</strong></span> <span class='ocrx_word' id='word_1_235' title='bbox 1754 1801 2026 1872; x_wconf 83' lang='lat' dir='ltr'><strong>impietas</strong></span> <span class='ocrx_word' id='word_1_236' title='bbox 2077 1808 2134 1860; x_wconf 91' lang='lat' dir='ltr'><strong>et</strong></span> <span class='ocrx_word' id='word_1_237' title='bbox 2177 1821 2269 1858; x_wconf 88' lang='lat' dir='ltr'><strong>ar-</strong></span> <span class='ocrx_word' id='word_1_238' title='bbox 2305 1820 2356 1883; x_wconf 81' lang='grc' dir='ltr'>Β</span> <span class='ocrx_word' id='word_1_239' title='bbox 2537 1789 2966 1883; x_wconf 52' lang='grc' dir='ltr'><strong>τιξῖῐύπξρξωιιεν</strong></span> <span class='ocrx_word' id='word_1_240' title='bbox 2991 1796 3048 1848; x_wconf 60' lang='lat' dir='ltr'><strong>et</strong></span> <span class='ocrx_word' id='word_1_241' title='bbox 3069 1792 3348 1851; x_wconf 61' lang='grc' dir='ltr'><strong>ίνθίθνῐιω</strong></span> <span class='ocrx_word' id='word_1_242' title='bbox 3363 1795 3651 1852; x_wconf 65' lang='lat' dir='ltr'><strong>Vinculum</strong></span> <span class='ocrx_word' id='word_1_243' title='bbox 3673 1800 3909 1870; x_wconf 63' lang='grc' dir='ltr'><strong>Ρνορίιιίῖυί·</strong></span> 
     </span>
    </p>
   </div>
   <div class='ocr_carea' id='block_1_34' title="bbox 601 1877 2270 1964">
    <p class='ocr_par' dir='ltr' id='par_1_34' title="bbox 601 1877 2270 1964">
     <span class='ocr_line' id='line_1_34' title="bbox 601 1877 2270 1964; baseline 0.013 -37"><span class='ocrx_word' id='word_1_244' title='bbox 601 1877 892 1946; x_wconf 83' lang='lat' dir='ltr'><strong>rogantia.</strong></span> <span class='ocrx_word' id='word_1_245' title='bbox 929 1879 1139 1936; x_wconf 89' lang='lat' dir='ltr'><strong>Melius</strong></span> <span class='ocrx_word' id='word_1_246' title='bbox 1171 1887 1262 1938; x_wconf 89' lang='lat' dir='ltr'><strong>est</strong></span> <span class='ocrx_word' id='word_1_247' title='bbox 1291 1886 1465 1955; x_wconf 88' lang='lat' dir='ltr'><strong>enim,</strong></span> <span class='ocrx_word' id='word_1_248' title='bbox 1500 1890 1563 1942; x_wconf 90' lang='lat' dir='ltr'><strong>ut</strong></span> <span class='ocrx_word' id='word_1_249' title='bbox 1595 1892 2005 1964; x_wconf 87' lang='lat' dir='ltr'><strong>unusquisque</strong></span> <span class='ocrx_word' id='word_1_250' title='bbox 2037 1911 2270 1963; x_wconf 81' lang='lat' dir='ltr'><strong>praeva-</strong></span> 
     </span>
    </p>
   </div>
   <div class='ocr_carea' id='block_1_35' title="bbox 599 1961 2270 2054">
    <p class='ocr_par' dir='ltr' id='par_1_35' title="bbox 599 1961 2270 2054">
     <span class='ocr_line' id='line_1_35' title="bbox 599 1961 2270 2054; baseline 0.014 -38"><span class='ocrx_word' id='word_1_251' title='bbox 599 1961 717 2018; x_wconf 91' lang='lat' dir='ltr'><strong>leat</strong></span> <span class='ocrx_word' id='word_1_252' title='bbox 747 1965 909 2020; x_wconf 90' lang='lat' dir='ltr'><strong>carni</strong></span> <span class='ocrx_word' id='word_1_253' title='bbox 939 1971 994 2022; x_wconf 90' lang='lat' dir='ltr'><strong>et</strong></span> <span class='ocrx_word' id='word_1_254' title='bbox 1023 1969 1183 2026; x_wconf 88' lang='lat' dir='ltr'><strong>vitiis</strong></span> <span class='ocrx_word' id='word_1_255' title='bbox 1215 1972 1369 2044; x_wconf 80' lang='lat' dir='ltr'><strong>ejus,</strong></span> <span class='ocrx_word' id='word_1_256' title='bbox 1405 1990 1478 2030; x_wconf 91' lang='lat' dir='ltr'><strong>ne</strong></span> <span class='ocrx_word' id='word_1_257' title='bbox 1507 1976 1734 2034; x_wconf 86' lang='lat' dir='ltr'><strong>dicatur</strong></span> <span class='ocrx_word' id='word_1_258' title='bbox 1762 1963 1834 2034; x_wconf 79' lang='lat' dir='ltr'><strong>de</strong></span> <span class='ocrx_word' id='word_1_259' title='bbox 1867 1961 1936 2036; x_wconf 81' lang='lat' dir='ltr'><strong>eo</strong></span> <span class='ocrx_word' id='word_1_260' title='bbox 1981 1961 2117 2054; x_wconf 82' lang='lat' dir='ltr'><strong>quia</strong></span> <span class='ocrx_word' id='word_1_261' title='bbox 2163 1985 2270 2039; x_wconf 85' lang='lat' dir='ltr'><strong>de-</strong></span> 
     </span>
    </p>
   </div>
   <div class='ocr_carea' id='block_1_36' title="bbox 600 2053 2268 2142">
    <p class='ocr_par' dir='ltr' id='par_1_36' title="bbox 600 2053 2268 2142">
     <span class='ocr_line' id='line_1_36' title="bbox 600 2053 2268 2142; baseline 0.015 -38"><span class='ocrx_word' id='word_1_262' title='bbox 600 2053 832 2109; x_wconf 88' lang='lat' dir='ltr'><strong>voravit</strong></span> <span class='ocrx_word' id='word_1_263' title='bbox 861 2071 993 2111; x_wconf 89' lang='lat' dir='ltr'><strong>eum</strong></span> <span class='ocrx_word' id='word_1_264' title='bbox 1027 2074 1187 2113; x_wconf 92' lang='lat' dir='ltr'><strong>mors</strong></span> <span class='ocrx_word' id='word_1_265' title='bbox 1218 2065 1556 2132; x_wconf 68' lang='lat' dir='ltr'><strong>praevalens</strong></span> <span class='ocrx_word' id='word_1_266' title='bbox 1589 2067 1728 2134; x_wconf 89' lang='lat' dir='ltr'><strong>(Isa.</strong></span> <span class='ocrx_word' id='word_1_267' title='bbox 1766 2087 1904 2140; x_wconf 92' lang='lat' dir='ltr'><strong>xxv,</strong></span> <span class='ocrx_word' id='word_1_268' title='bbox 1937 2053 2015 2142; x_wconf 67' lang='lat'><strong>8),</strong></span> <span class='ocrx_word' id='word_1_269' title='bbox 2046 2073 2154 2127; x_wconf 90' lang='lat' dir='ltr'><strong>sed</strong></span> <span class='ocrx_word' id='word_1_270' title='bbox 2185 2074 2268 2128; x_wconf 93' lang='lat' dir='ltr'><strong>di-</strong></span> 
     </span>
    </p>
   </div>
   <div class='ocr_carea' id='block_1_37' title="bbox 601 2144 2271 2217">
    <p class='ocr_par' dir='ltr' id='par_1_37' title="bbox 601 2144 2271 2217">
     <span class='ocr_line' id='line_1_37' title="bbox 601 2144 2271 2217; baseline 0.014 -23"><span class='ocrx_word' id='word_1_271' title='bbox 601 2144 770 2196; x_wconf 85' lang='lat' dir='ltr'><strong>catur</strong></span> <span class='ocrx_word' id='word_1_272' title='bbox 797 2146 989 2217; x_wconf 85' lang='lat' dir='ltr'><strong>magis</strong></span> <span class='ocrx_word' id='word_1_273' title='bbox 1025 2163 1036 2200; x_wconf 92' lang='lat'>:</span> <span class='ocrx_word' id='word_1_274' title='bbox 1078 2171 1100 2194; x_wconf 83' lang='lat'><strong><em>«</em></strong></span> <span class='ocrx_word' id='word_1_275' title='bbox 1136 2149 1424 2207; x_wconf 83' lang='lat' dir='ltr'><strong>Devorata</strong></span> <span class='ocrx_word' id='word_1_276' title='bbox 1456 2160 1548 2210; x_wconf 89' lang='lat' dir='ltr'><strong>est</strong></span> <span class='ocrx_word' id='word_1_277' title='bbox 1579 2171 1738 2210; x_wconf 84' lang='lat' dir='ltr'><strong>mors</strong></span> <span class='ocrx_word' id='word_1_278' title='bbox 1773 2159 1830 2213; x_wconf 90' lang='lat' dir='ltr'><strong>in</strong></span> <span class='ocrx_word' id='word_1_279' title='bbox 1851 2159 2116 2215; x_wconf 88' lang='lat' dir='ltr'><strong>victoria.</strong></span> <span class='ocrx_word' id='word_1_280' title='bbox 2156 2163 2271 2217; x_wconf 88' lang='lat' dir='ltr'><strong>Ubi</strong></span> 
     </span>
    </p>
   </div>
   <div class='ocr_carea' id='block_1_38' title="bbox 603 2232 2269 2317">
    <p class='ocr_par' dir='ltr' id='par_1_38' title="bbox 603 2232 2269 2317">
     <span class='ocr_line' id='line_1_38' title="bbox 603 2232 2269 2317; baseline 0.013 -31"><span class='ocrx_word' id='word_1_281' title='bbox 603 2232 697 2286; x_wconf 87' lang='lat' dir='ltr'><strong>est</strong></span> <span class='ocrx_word' id='word_1_282' title='bbox 743 2247 926 2303; x_wconf 91' lang='lat' dir='ltr'><strong>mors,</strong></span> <span class='ocrx_word' id='word_1_283' title='bbox 976 2236 1220 2294; x_wconf 90' lang='lat' dir='ltr'><strong>victoria</strong></span> <span class='ocrx_word' id='word_1_284' title='bbox 1268 2243 1416 2297; x_wconf 84' lang='lat' dir='ltr'><strong>tua?</strong></span> <span class='ocrx_word' id='word_1_285' title='bbox 1468 2243 1582 2298; x_wconf 90' lang='lat' dir='ltr'><strong>Ubi</strong></span> <span class='ocrx_word' id='word_1_286' title='bbox 1625 2250 1735 2315; x_wconf 84' lang='lat' dir='ltr'><strong>est,</strong></span> <span class='ocrx_word' id='word_1_287' title='bbox 1791 2263 1971 2317; x_wconf 88' lang='lat' dir='ltr'><strong>mors,</strong></span> <span class='ocrx_word' id='word_1_288' title='bbox 2024 2251 2269 2306; x_wconf 90' lang='lat' dir='ltr'><strong>aculeus</strong></span> 
     </span>
    </p>
   </div>
   <div class='ocr_carea' id='block_1_39' title="bbox 601 2320 2264 2400">
    <p class='ocr_par' dir='ltr' id='par_1_39' title="bbox 601 2320 2264 2400">
     <span class='ocr_line' id='line_1_39' title="bbox 601 2320 2264 2400; baseline 0.014 -27"><span class='ocrx_word' id='word_1_289' title='bbox 601 2321 739 2374; x_wconf 91' lang='lat' dir='ltr'><strong>tuus</strong></span> <span class='ocrx_word' id='word_1_290' title='bbox 769 2320 828 2392; x_wconf 92' lang='grc' dir='ltr'><strong>(Ι</strong></span> <span class='ocrx_word' id='word_1_291' title='bbox 854 2322 988 2378; x_wconf 87' lang='lat' dir='ltr'><strong>Cor.</strong></span> <span class='ocrx_word' id='word_1_292' title='bbox 1023 2342 1120 2394; x_wconf 84' lang='lat' dir='ltr'><strong>xv,</strong></span> <span class='ocrx_word' id='word_1_293' title='bbox 1154 2327 1242 2397; x_wconf 65' lang='grc'><strong>54,</strong></span> <span class='ocrx_word' id='word_1_294' title='bbox 1277 2330 1408 2400; x_wconf 82' lang='lat'><strong>55)?</strong></span> <span class='ocrx_word' id='word_1_295' title='bbox 1441 2353 1464 2382; x_wconf 70' lang='grc' dir='ltr'><strong><em>ι</em></strong></span> <span class='ocrx_word' id='word_1_296' title='bbox 1513 2332 1580 2389; x_wconf 87' lang='lat' dir='ltr'><strong>Et</strong></span> <span class='ocrx_word' id='word_1_297' title='bbox 1614 2333 1684 2389; x_wconf 91' lang='lat' dir='ltr'><strong>de</strong></span> <span class='ocrx_word' id='word_1_298' title='bbox 1719 2335 1966 2392; x_wconf 91' lang='lat' dir='ltr'><strong>Domino</strong></span> <span class='ocrx_word' id='word_1_299' title='bbox 1998 2339 2216 2395; x_wconf 90' lang='lat' dir='ltr'><strong>dictum</strong></span> <span class='ocrx_word' id='word_1_300' title='bbox 2252 2358 2264 2397; x_wconf 91' lang='lat'>:</span> 
     </span>
    </p>
   </div>
   <div class='ocr_carea' id='block_1_40' title="bbox 605 2410 2267 2502">
    <p class='ocr_par' dir='ltr' id='par_1_40' title="bbox 605 2410 2267 2502">
     <span class='ocr_line' id='line_1_40' title="bbox 605 2410 2267 2502; baseline 0.016 -42"><span class='ocrx_word' id='word_1_301' title='bbox 605 2431 627 2460; x_wconf 78' lang='grc' dir='ltr'><strong>α</strong></span> <span class='ocrx_word' id='word_1_302' title='bbox 678 2410 761 2467; x_wconf 89' lang='lat' dir='ltr'><strong>De</strong></span> <span class='ocrx_word' id='word_1_303' title='bbox 808 2415 1069 2472; x_wconf 90' lang='lat' dir='ltr'><strong>torrente</strong></span> <span class='ocrx_word' id='word_1_304' title='bbox 1116 2417 1176 2472; x_wconf 91' lang='lat' dir='ltr'><strong>in</strong></span> <span class='ocrx_word' id='word_1_305' title='bbox 1223 2421 1318 2474; x_wconf 87' lang='lat' dir='ltr'><strong>via</strong></span> <span class='ocrx_word' id='word_1_306' title='bbox 1359 2422 1522 2476; x_wconf 87' lang='lat' dir='ltr'><strong>bibet</strong></span> <span class='ocrx_word' id='word_1_307' title='bbox 1566 2425 1752 2494; x_wconf 84' lang='lat' dir='ltr'><strong>(Psal.</strong></span> <span class='ocrx_word' id='word_1_308' title='bbox 1787 2442 1903 2496; x_wconf 71' lang='lat' dir='ltr'><strong>cxx,</strong></span> <span class='ocrx_word' id='word_1_309' title='bbox 1937 2427 2021 2499; x_wconf 90' lang='lat'><strong>7);</strong></span> <span class='ocrx_word' id='word_1_310' title='bbox 2062 2450 2083 2479; x_wconf 69' lang='grc' dir='ltr'><strong>ν</strong></span> <span class='ocrx_word' id='word_1_311' title='bbox 2129 2432 2267 2502; x_wconf 88' lang='lat' dir='ltr'><strong>quia</strong></span> 
     </span>
    </p>
   </div>
   <div class='ocr_carea' id='block_1_41' title="bbox 605 2503 2266 2577">
    <p class='ocr_par' dir='ltr' id='par_1_41' title="bbox 605 2503 2266 2577">
     <span class='ocr_line' id='line_1_41' title="bbox 605 2503 2266 2577; baseline 0.014 -24"><span class='ocrx_word' id='word_1_312' title='bbox 605 2503 834 2556; x_wconf 89' lang='lat' dir='ltr'><strong>acetum</strong></span> <span class='ocrx_word' id='word_1_313' title='bbox 863 2505 1108 2577; x_wconf 90' lang='lat' dir='ltr'><strong>accepit,</strong></span> <span class='ocrx_word' id='word_1_314' title='bbox 1143 2511 1205 2563; x_wconf 91' lang='lat' dir='ltr'><strong>ut</strong></span> <span class='ocrx_word' id='word_1_315' title='bbox 1235 2511 1588 2567; x_wconf 84' lang='lat' dir='ltr'><strong>absorberet</strong></span> <span class='ocrx_word' id='word_1_316' title='bbox 1618 2514 2036 2575; x_wconf 87' lang='lat' dir='ltr'><strong>universorum</strong></span> <span class='ocrx_word' id='word_1_317' title='bbox 2075 2523 2266 2575; x_wconf 88' lang='lat' dir='ltr'><strong>tenta-</strong></span> 
     </span>
    </p>
   </div>
   <div class='ocr_carea' id='block_1_42' title="bbox 601 2589 818 2647">
    <p class='ocr_par' dir='ltr' id='par_1_42' title="bbox 601 2589 818 2647">
     <span class='ocr_line' id='line_1_42' title="bbox 601 2589 818 2647; baseline 0.018 -4"><span class='ocrx_word' id='word_1_318' title='bbox 601 2589 818 2647; x_wconf 90' lang='lat' dir='ltr'><strong>tiones.</strong></span> 
     </span>
    </p>
   </div>
   <div class='ocr_carea' id='block_1_43' title="bbox 669 2679 2262 2770">
    <p class='ocr_par' dir='ltr' id='par_1_43' title="bbox 669 2679 2262 2770">
     <span class='ocr_line' id='line_1_43' title="bbox 669 2679 2262 2770; baseline 0.013 -37"><span class='ocrx_word' id='word_1_319' title='bbox 669 2679 724 2733; x_wconf 83' lang='grc' dir='ltr'><strong>Ἷ.</strong></span> <span class='ocrx_word' id='word_1_320' title='bbox 765 2679 930 2746; x_wconf 85' lang='lat' dir='ltr'><strong>Quod</strong></span> <span class='ocrx_word' id='word_1_321' title='bbox 961 2687 1155 2740; x_wconf 86' lang='lat' dir='ltr'><strong>autem</strong></span> <span class='ocrx_word' id='word_1_322' title='bbox 1184 2687 1375 2743; x_wconf 88' lang='lat' dir='ltr'><strong>occidi</strong></span> <span class='ocrx_word' id='word_1_323' title='bbox 1406 2689 1542 2746; x_wconf 83' lang='lat' dir='ltr'><strong>fecit</strong></span> <span class='ocrx_word' id='word_1_324' title='bbox 1572 2709 1602 2746; x_wconf 90' lang='lat' dir='ltr'><strong>a</strong></span> <span class='ocrx_word' id='word_1_325' title='bbox 1625 2695 1912 2764; x_wconf 84' lang='lat' dir='ltr'><strong>proximis</strong></span> <span class='ocrx_word' id='word_1_326' title='bbox 1936 2698 2262 2770; x_wconf 87' lang='lat' dir='ltr'><strong>proximos,</strong></span> 
     </span>
    </p>
   </div>
   <div class='ocr_carea' id='block_1_44' title="bbox 529 2767 2264 2859">
    <p class='ocr_par' dir='ltr' id='par_1_44' title="bbox 529 2767 2264 2859">
     <span class='ocr_line' id='line_1_44' title="bbox 529 2767 2264 2859; baseline 0.014 -39"><span class='ocrx_word' id='word_1_327' title='bbox 529 2804 537 2830; x_wconf 84' lang='lat'><em>.</em></span> <span class='ocrx_word' id='word_1_328' title='bbox 601 2767 756 2823; x_wconf 83' lang='lat' dir='ltr'><strong>filios</strong></span> <span class='ocrx_word' id='word_1_329' title='bbox 788 2785 820 2824; x_wconf 91' lang='lat' dir='ltr'><strong>a</strong></span> <span class='ocrx_word' id='word_1_330' title='bbox 851 2773 1214 2846; x_wconf 88' lang='lat' dir='ltr'><strong>parentibus,</strong></span> <span class='ocrx_word' id='word_1_331' title='bbox 1247 2792 1281 2830; x_wconf 89' lang='lat' dir='ltr'><strong>a</strong></span> <span class='ocrx_word' id='word_1_332' title='bbox 1311 2777 1595 2835; x_wconf 80' lang='lat' dir='ltr'><strong>fratribus</strong></span> <span class='ocrx_word' id='word_1_333' title='bbox 1627 2783 1860 2854; x_wconf 84' lang='lat' dir='ltr'><strong>fratres,</strong></span> <span class='ocrx_word' id='word_1_334' title='bbox 1902 2767 2264 2859; x_wconf 65' lang='lat' dir='ltr'><strong>praeceptum</strong></span> 
     </span>
    </p>
   </div>
   <div class='ocr_carea' id='block_1_45' title="bbox 600 2857 2260 2948">
    <p class='ocr_par' dir='ltr' id='par_1_45' title="bbox 600 2857 2260 2948">
     <span class='ocr_line' id='line_1_45' title="bbox 600 2857 2260 2948; baseline 0.011 -36"><span class='ocrx_word' id='word_1_335' title='bbox 600 2857 867 2928; x_wconf 89' lang='lat' dir='ltr'><strong>evidens,</strong></span> <span class='ocrx_word' id='word_1_336' title='bbox 901 2860 1038 2931; x_wconf 86' lang='lat' dir='ltr'><strong>quia</strong></span> <span class='ocrx_word' id='word_1_337' title='bbox 1065 2864 1436 2932; x_wconf 68' lang='lat' dir='ltr'><strong>praafei&#39;enda</strong></span> <span class='ocrx_word' id='word_1_338' title='bbox 1467 2874 1558 2925; x_wconf 89' lang='lat' dir='ltr'><strong>est</strong></span> <span class='ocrx_word' id='word_1_339' title='bbox 1579 2871 1787 2945; x_wconf 84' lang='lat' dir='ltr'><strong>religio</strong></span> <span class='ocrx_word' id='word_1_340' title='bbox 1811 2857 2260 2948; x_wconf 81' lang='lat' dir='ltr'><strong>necessitudini,</strong></span> 
     </span>
    </p>
   </div>
   <div class='ocr_carea' id='block_1_46' title="bbox 597 2945 2262 3038">
    <p class='ocr_par' dir='ltr' id='par_1_46' title="bbox 597 2945 2262 3038">
     <span class='ocr_line' id='line_1_46' title="bbox 597 2945 2262 3038; baseline 0.014 -39"><span class='ocrx_word' id='word_1_341' title='bbox 597 2945 786 3016; x_wconf 85' lang='lat' dir='ltr'><strong>pietas</strong></span> <span class='ocrx_word' id='word_1_342' title='bbox 815 2950 1231 3024; x_wconf 88' lang='lat' dir='ltr'><strong>propinquitati</strong></span> <span class='ocrx_word' id='word_1_343' title='bbox 1266 2971 1278 3010; x_wconf 93' lang='lat'><strong>:</strong></span> <span class='ocrx_word' id='word_1_344' title='bbox 1313 2971 1382 3011; x_wconf 89' lang='lat' dir='ltr'><strong>ea</strong></span> <span class='ocrx_word' id='word_1_345' title='bbox 1411 2962 1503 3013; x_wconf 91' lang='lat' dir='ltr'><strong>est</strong></span> <span class='ocrx_word' id='word_1_346' title='bbox 1531 2961 1688 3016; x_wconf 88' lang='lat' dir='ltr'><strong>enim</strong></span> <span class='ocrx_word' id='word_1_347' title='bbox 1711 2979 1850 3018; x_wconf 88' lang='lat' dir='ltr'><strong>vera</strong></span> <span class='ocrx_word' id='word_1_348' title='bbox 1883 2965 2093 3034; x_wconf 90' lang='lat' dir='ltr'><strong>pietas,</strong></span> <span class='ocrx_word' id='word_1_349' title='bbox 2127 2945 2262 3038; x_wconf 68' lang='lat' dir='ltr'><strong>quae</strong></span> 
     </span>
    </p>
   </div>
   <div class='ocr_carea' id='block_1_47' title="bbox 597 3037 2259 3126">
    <p class='ocr_par' dir='ltr' id='par_1_47' title="bbox 597 3037 2259 3126">
     <span class='ocr_line' id='line_1_47' title="bbox 597 3037 2259 3126; baseline 0.014 -37"><span class='ocrx_word' id='word_1_350' title='bbox 597 3037 887 3126; x_wconf 72' lang='lat' dir='ltr'><strong>praeponit</strong></span> <span class='ocrx_word' id='word_1_351' title='bbox 934 3039 1132 3096; x_wconf 91' lang='lat' dir='ltr'><strong>divina</strong></span> <span class='ocrx_word' id='word_1_352' title='bbox 1177 3044 1472 3116; x_wconf 85' lang='lat' dir='ltr'><strong>humanis,</strong></span> <span class='ocrx_word' id='word_1_353' title='bbox 1506 3055 1786 3121; x_wconf 83' lang='lat' dir='ltr'><strong>perpetua</strong></span> <span class='ocrx_word' id='word_1_354' title='bbox 1814 3037 2259 3126; x_wconf 82' lang='lat' dir='ltr'><strong>temporalibus,</strong></span> 
     </span>
    </p>
   </div>
   <div class='ocr_carea' id='block_1_48' title="bbox 2377 1878 3912 1956">
    <p class='ocr_par' dir='ltr' id='par_1_48' title="bbox 2377 1878 3912 1956">
     <span class='ocr_line' id='line_1_48' title="bbox 2377 1878 3912 1956; baseline 0.007 -26"><span class='ocrx_word' id='word_1_355' title='bbox 2377 1878 2512 1931; x_wconf 89' lang='lat' dir='ltr'><strong>tatis</strong></span> <span class='ocrx_word' id='word_1_356' title='bbox 2563 1879 2986 1953; x_wconf 83' lang='lat' dir='ltr'><strong>dissolvimus;</strong></span> <span class='ocrx_word' id='word_1_357' title='bbox 3020 1883 3426 1939; x_wconf 88' lang='lat' dir='ltr'><strong>irrationabile</strong></span> <span class='ocrx_word' id='word_1_358' title='bbox 3456 1901 3675 1956; x_wconf 86' lang='lat' dir='ltr'><strong>quoque</strong></span> <span class='ocrx_word' id='word_1_359' title='bbox 3699 1903 3826 1940; x_wconf 89' lang='lat' dir='ltr'><strong>suum</strong></span> <span class='ocrx_word' id='word_1_360' title='bbox 3844 1889 3912 1940; x_wconf 82' lang='lat' dir='ltr'><strong>ani-</strong></span> 
     </span>
    </p>
   </div>
   <div class='ocr_carea' id='block_1_49' title="bbox 2375 1969 3908 2046">
    <p class='ocr_par' dir='ltr' id='par_1_49' title="bbox 2375 1969 3908 2046">
     <span class='ocr_line' id='line_1_49' title="bbox 2375 1969 3908 2046; baseline 0.005 -26"><span class='ocrx_word' id='word_1_361' title='bbox 2375 1981 2468 2021; x_wconf 89' lang='lat' dir='ltr'><strong>ma</strong></span> <span class='ocrx_word' id='word_1_362' title='bbox 2493 1969 2771 2039; x_wconf 87' lang='lat' dir='ltr'><strong>tanquam</strong></span> <span class='ocrx_word' id='word_1_363' title='bbox 2793 1973 3108 2042; x_wconf 90' lang='lat' dir='ltr'><strong>cognatum</strong></span> <span class='ocrx_word' id='word_1_364' title='bbox 3130 1973 3466 2028; x_wconf 88' lang='lat' dir='ltr'><strong>rationabili</strong></span> <span class='ocrx_word' id='word_1_365' title='bbox 3487 1974 3678 2046; x_wconf 77' lang='lat' dir='ltr'><strong>vigore</strong></span> <span class='ocrx_word' id='word_1_366' title='bbox 3711 1975 3908 2030; x_wconf 81' lang='lat' dir='ltr'><strong>dissociat.</strong></span> 
     </span>
    </p>
   </div>
   <div class='ocr_carea' id='block_1_50' title="bbox 2448 2054 3908 2134">
    <p class='ocr_par' dir='ltr' id='par_1_50' title="bbox 2448 2054 3908 2134">
     <span class='ocr_line' id='line_1_50' title="bbox 2448 2054 3908 2134; baseline 0.006 -26"><span class='ocrx_word' id='word_1_367' title='bbox 2448 2054 2535 2110; x_wconf 87' lang='grc'><strong>10.</strong></span> <span class='ocrx_word' id='word_1_368' title='bbox 2577 2057 2676 2112; x_wconf 90' lang='lat' dir='ltr'><strong>Sic</strong></span> <span class='ocrx_word' id='word_1_369' title='bbox 2708 2075 2855 2131; x_wconf 89' lang='lat' dir='ltr'><strong>ergo</strong></span> <span class='ocrx_word' id='word_1_370' title='bbox 2885 2059 3128 2132; x_wconf 74' lang='lat' dir='ltr'><strong>Moyses</strong></span> <span class='ocrx_word' id='word_1_371' title='bbox 3163 2061 3366 2117; x_wconf 88' lang='lat' dir='ltr'><strong>docuit</strong></span> <span class='ocrx_word' id='word_1_372' title='bbox 3403 2063 3666 2134; x_wconf 86' lang='lat' dir='ltr'><strong>populum</strong></span> <span class='ocrx_word' id='word_1_373' title='bbox 3705 2065 3908 2134; x_wconf 72' lang='lat' dir='ltr'><strong>insurgere</strong></span> 
     </span>
    </p>
   </div>
   <div class='ocr_carea' id='block_1_51' title="bbox 2374 2143 3911 2222">
    <p class='ocr_par' dir='ltr' id='par_1_51' title="bbox 2374 2143 3911 2222">
     <span class='ocr_line' id='line_1_51' title="bbox 2374 2143 3911 2222; baseline 0.005 -25"><span class='ocrx_word' id='word_1_374' title='bbox 2374 2143 2431 2197; x_wconf 91' lang='lat' dir='ltr'><strong>in</strong></span> <span class='ocrx_word' id='word_1_375' title='bbox 2465 2146 2770 2214; x_wconf 87' lang='lat' dir='ltr'><strong>proximos</strong></span> <span class='ocrx_word' id='word_1_376' title='bbox 2803 2163 2970 2218; x_wconf 90' lang='lat' dir='ltr'><strong>suos,</strong></span> <span class='ocrx_word' id='word_1_377' title='bbox 3025 2166 3131 2220; x_wconf 90' lang='lat' dir='ltr'><strong>per</strong></span> <span class='ocrx_word' id='word_1_378' title='bbox 3170 2167 3329 2222; x_wconf 91' lang='lat' dir='ltr'><strong>quos</strong></span> <span class='ocrx_word' id='word_1_379' title='bbox 3361 2151 3508 2208; x_wconf 81' lang='lat' dir='ltr'><strong>fides</strong></span> <span class='ocrx_word' id='word_1_380' title='bbox 3537 2156 3854 2222; x_wconf 81' lang='lat' dir='ltr'><strong>revocaretur,</strong></span> <span class='ocrx_word' id='word_1_381' title='bbox 3883 2159 3911 2206; x_wconf 78' lang='lat' dir='ltr'><strong>et</strong></span> 
     </span>
    </p>
   </div>
   <div class='ocr_carea' id='block_1_52' title="bbox 2374 2231 3914 2307">
    <p class='ocr_par' dir='ltr' id='par_1_52' title="bbox 2374 2231 3914 2307">
     <span class='ocr_line' id='line_1_52' title="bbox 2374 2231 3914 2307; baseline 0.005 -22"><span class='ocrx_word' id='word_1_382' title='bbox 2374 2231 2568 2288; x_wconf 89' lang='lat' dir='ltr'><strong>virtus</strong></span> <span class='ocrx_word' id='word_1_383' title='bbox 2617 2236 2730 2306; x_wconf 83' lang='grc'><strong>(50)</strong></span> <span class='ocrx_word' id='word_1_384' title='bbox 2777 2237 3196 2307; x_wconf 87' lang='lat' dir='ltr'><strong>impediretur;</strong></span> <span class='ocrx_word' id='word_1_385' title='bbox 3250 2245 3318 2296; x_wconf 88' lang='lat' dir='ltr'><strong>ut</strong></span> <span class='ocrx_word' id='word_1_386' title='bbox 3368 2242 3727 2298; x_wconf 88' lang='lat' dir='ltr'><strong>desecaretur</strong></span> <span class='ocrx_word' id='word_1_387' title='bbox 3749 2244 3792 2296; x_wconf 87' lang='lat' dir='ltr'><strong>in</strong></span> <span class='ocrx_word' id='word_1_388' title='bbox 3815 2242 3914 2294; x_wconf 83' lang='lat' dir='ltr'><strong>nobis</strong></span> 
     </span>
    </p>
   </div>
   <div class='ocr_carea' id='block_1_53' title="bbox 2374 2321 3917 2400">
    <p class='ocr_par' dir='ltr' id='par_1_53' title="bbox 2374 2321 3917 2400">
     <span class='ocr_line' id='line_1_53' title="bbox 2374 2321 3917 2400; baseline 0.005 -25"><span class='ocrx_word' id='word_1_389' title='bbox 2374 2321 2658 2394; x_wconf 89' lang='lat' dir='ltr'><strong>quidquid</strong></span> <span class='ocrx_word' id='word_1_390' title='bbox 2690 2342 2723 2380; x_wconf 89' lang='lat' dir='ltr'><strong>a</strong></span> <span class='ocrx_word' id='word_1_391' title='bbox 2753 2326 2970 2383; x_wconf 89' lang='lat' dir='ltr'><strong>virtute</strong></span> <span class='ocrx_word' id='word_1_392' title='bbox 3001 2328 3239 2384; x_wconf 90' lang='lat' dir='ltr'><strong>devium</strong></span> <span class='ocrx_word' id='word_1_393' title='bbox 3269 2329 3448 2400; x_wconf 84' lang='lat' dir='ltr'><strong>foret,</strong></span> <span class='ocrx_word' id='word_1_394' title='bbox 3485 2331 3764 2388; x_wconf 86' lang='lat' dir='ltr'><strong>confusum</strong></span> <span class='ocrx_word' id='word_1_395' title='bbox 3786 2331 3917 2384; x_wconf 85' lang='lat' dir='ltr'><strong>errori-</strong></span> 
     </span>
    </p>
   </div>
   <div class='ocr_carea' id='block_1_54' title="bbox 2373 2410 3913 2491">
    <p class='ocr_par' dir='ltr' id='par_1_54' title="bbox 2373 2410 3913 2491">
     <span class='ocr_line' id='line_1_54' title="bbox 2373 2410 3913 2491; baseline 0.009 -28"><span class='ocrx_word' id='word_1_396' title='bbox 2373 2410 2508 2480; x_wconf 90' lang='lat' dir='ltr'><strong>bus,</strong></span> <span class='ocrx_word' id='word_1_397' title='bbox 2539 2413 2700 2468; x_wconf 88' lang='lat' dir='ltr'><strong>vitiis</strong></span> <span class='ocrx_word' id='word_1_398' title='bbox 2721 2415 3018 2472; x_wconf 87' lang='lat' dir='ltr'><strong>innexum.</strong></span> <span class='ocrx_word' id='word_1_399' title='bbox 3052 2418 3178 2472; x_wconf 90' lang='lat' dir='ltr'><strong>Hac</strong></span> <span class='ocrx_word' id='word_1_400' title='bbox 3198 2419 3564 2476; x_wconf 87' lang='lat' dir='ltr'><strong>institutione</strong></span> <span class='ocrx_word' id='word_1_401' title='bbox 3585 2420 3752 2491; x_wconf 89' lang='lat' dir='ltr'><strong>populi</strong></span> <span class='ocrx_word' id='word_1_402' title='bbox 3767 2420 3913 2477; x_wconf 69' lang='lat' dir='ltr'><strong>meruit.</strong></span> 
     </span>
    </p>
   </div>
   <div class='ocr_carea' id='block_1_55' title="bbox 2374 2503 3912 2582">
    <p class='ocr_par' dir='ltr' id='par_1_55' title="bbox 2374 2503 3912 2582">
     <span class='ocr_line' id='line_1_55' title="bbox 2374 2503 3912 2582; baseline 0.003 -28"><span class='ocrx_word' id='word_1_403' title='bbox 2374 2503 2438 2554; x_wconf 92' lang='lat' dir='ltr'><strong>ut</strong></span> <span class='ocrx_word' id='word_1_404' title='bbox 2465 2517 2583 2557; x_wconf 93' lang='lat' dir='ltr'><strong>non</strong></span> <span class='ocrx_word' id='word_1_405' title='bbox 2616 2503 2815 2558; x_wconf 88' lang='lat' dir='ltr'><strong>solum</strong></span> <span class='ocrx_word' id='word_1_406' title='bbox 2845 2505 3120 2562; x_wconf 88' lang='lat' dir='ltr'><strong>deliniret</strong></span> <span class='ocrx_word' id='word_1_407' title='bbox 3149 2508 3612 2582; x_wconf 86' lang='lat' dir='ltr'><strong>indignationem</strong></span> <span class='ocrx_word' id='word_1_408' title='bbox 3636 2510 3833 2564; x_wconf 86' lang='lat' dir='ltr'><strong>divinam</strong></span> <span class='ocrx_word' id='word_1_409' title='bbox 3863 2510 3912 2559; x_wconf 85' lang='lat' dir='ltr'><strong>at-</strong></span> 
     </span>
    </p>
   </div>
   <div class='ocr_carea' id='block_1_56' title="bbox 2376 2591 3917 2669">
    <p class='ocr_par' dir='ltr' id='par_1_56' title="bbox 2376 2591 3917 2669">
     <span class='ocr_line' id='line_1_56' title="bbox 2376 2591 3917 2669; baseline 0.002 -25"><span class='ocrx_word' id='word_1_410' title='bbox 2376 2605 2490 2660; x_wconf 90' lang='lat' dir='ltr'><strong>que</strong></span> <span class='ocrx_word' id='word_1_411' title='bbox 2539 2591 2826 2651; x_wconf 80' lang='lat' dir='ltr'><strong>offensam</strong></span> <span class='ocrx_word' id='word_1_412' title='bbox 2876 2599 3192 2669; x_wconf 82' lang='lat' dir='ltr'><strong>averteret,</strong></span> <span class='ocrx_word' id='word_1_413' title='bbox 3241 2614 3455 2656; x_wconf 88' lang='lat' dir='ltr'><strong>verum</strong></span> <span class='ocrx_word' id='word_1_414' title='bbox 3508 2600 3666 2656; x_wconf 88' lang='lat' dir='ltr'><strong>etiam</strong></span> <span class='ocrx_word' id='word_1_415' title='bbox 3691 2597 3917 2654; x_wconf 76' lang='lat' dir='ltr'><strong>conciliaret</strong></span> 
     </span>
    </p>
   </div>
   <div class='ocr_carea' id='block_1_57' title="bbox 2375 2681 2652 2752">
    <p class='ocr_par' dir='ltr' id='par_1_57' title="bbox 2375 2681 2652 2752">
     <span class='ocr_line' id='line_1_57' title="bbox 2375 2681 2652 2752; baseline 0.014 -19"><span class='ocrx_word' id='word_1_416' title='bbox 2375 2681 2652 2752; x_wconf 84' lang='lat' dir='ltr'><strong>gratiam.</strong></span> 
     </span>
    </p>
   </div>
   <div class='ocr_carea' id='block_1_58' title="bbox 2450 2769 3921 2850">
    <p class='ocr_par' dir='ltr' id='par_1_58' title="bbox 2450 2769 3921 2850">
     <span class='ocr_line' id='line_1_58' title="bbox 2450 2769 3921 2850; baseline 0.002 -26"><span class='ocrx_word' id='word_1_417' title='bbox 2450 2769 2536 2825; x_wconf 80' lang='grc'><strong>11.</strong></span> <span class='ocrx_word' id='word_1_418' title='bbox 2580 2773 2695 2828; x_wconf 87' lang='lat' dir='ltr'><strong>Pro</strong></span> <span class='ocrx_word' id='word_1_419' title='bbox 2745 2777 2916 2846; x_wconf 89' lang='lat' dir='ltr'><strong>captu</strong></span> <span class='ocrx_word' id='word_1_420' title='bbox 2966 2775 3163 2848; x_wconf 87' lang='lat' dir='ltr'><strong>itaque</strong></span> <span class='ocrx_word' id='word_1_421' title='bbox 3209 2781 3430 2833; x_wconf 89' lang='lat' dir='ltr'><strong>nostro</strong></span> <span class='ocrx_word' id='word_1_422' title='bbox 3481 2777 3630 2850; x_wconf 88' lang='lat' dir='ltr'><strong>quid-</strong></span> <span class='ocrx_word' id='word_1_423' title='bbox 3655 2775 3921 2839; x_wconf 74' lang='lat' dir='ltr'><strong>Sentiremus,</strong></span> 
     </span>
    </p>
   </div>
   <div class='ocr_carea' id='block_1_59' title="bbox 2375 2860 3920 2936">
    <p class='ocr_par' dir='ltr' id='par_1_59' title="bbox 2375 2860 3920 2936">
     <span class='ocr_line' id='line_1_59' title="bbox 2375 2860 3920 2936; baseline 0.008 -23"><span class='ocrx_word' id='word_1_424' title='bbox 2375 2860 2655 2930; x_wconf 89' lang='lat' dir='ltr'><strong>quoniam</strong></span> <span class='ocrx_word' id='word_1_425' title='bbox 2681 2860 3060 2931; x_wconf 58' lang='lat' dir='ltr'><strong>{consuluisti</strong></span> <span class='ocrx_word' id='word_1_426' title='bbox 3108 2868 3548 2936; x_wconf 87' lang='lat' dir='ltr'><strong>expressimus.</strong></span> <span class='ocrx_word' id='word_1_427' title='bbox 3610 2867 3725 2936; x_wconf 85' lang='lat' dir='ltr'><strong>Ipse</strong></span> <span class='ocrx_word' id='word_1_428' title='bbox 3764 2865 3803 2918; x_wconf 84' lang='lat' dir='ltr'><strong>si</strong></span> <span class='ocrx_word' id='word_1_429' title='bbox 3841 2861 3920 2934; x_wconf 72' lang='lat' dir='ltr'><strong>quid</strong></span> 
     </span>
    </p>
   </div>
   <div class='ocr_carea' id='block_1_60' title="bbox 2372 2947 3918 3027">
    <p class='ocr_par' dir='ltr' id='par_1_60' title="bbox 2372 2947 3918 3027">
     <span class='ocr_line' id='line_1_60' title="bbox 2372 2947 3918 3027; baseline 0 -25"><span class='ocrx_word' id='word_1_430' title='bbox 2372 2947 2585 3004; x_wconf 89' lang='lat' dir='ltr'><strong>melius</strong></span> <span class='ocrx_word' id='word_1_431' title='bbox 2616 2949 2824 3022; x_wconf 89' lang='lat' dir='ltr'><strong>habes,</strong></span> <span class='ocrx_word' id='word_1_432' title='bbox 2859 2953 3172 3008; x_wconf 89' lang='lat' dir='ltr'><strong>nobiscum</strong></span> <span class='ocrx_word' id='word_1_433' title='bbox 3203 2957 3551 3027; x_wconf 88' lang='lat' dir='ltr'><strong>participato</strong></span> <span class='ocrx_word' id='word_1_434' title='bbox 3581 2953 3681 3026; x_wconf 85' lang='grc'><strong>(51)</strong></span> <span class='ocrx_word' id='word_1_435' title='bbox 3709 2972 3718 3010; x_wconf 93' lang='lat'>:</span> <span class='ocrx_word' id='word_1_436' title='bbox 3747 2957 3794 3008; x_wconf 85' lang='lat' dir='ltr'><strong>ut</strong></span> <span class='ocrx_word' id='word_1_437' title='bbox 3815 2968 3864 3007; x_wconf 76' lang='lat' dir='ltr'><strong>ex</strong></span> <span class='ocrx_word' id='word_1_438' title='bbox 3889 2955 3918 3003; x_wconf 80' lang='lat' dir='ltr'><strong>te</strong></span> 
     </span>
    </p>
   </div>
   <div class='ocr_carea' id='block_1_61' title="bbox 2376 3039 3918 3116">
    <p class='ocr_par' dir='ltr' id='par_1_61' title="bbox 2376 3039 3918 3116">
     <span class='ocr_line' id='line_1_61' title="bbox 2376 3039 3918 3116; baseline -0.001 -24"><span class='ocrx_word' id='word_1_439' title='bbox 2376 3040 2432 3092; x_wconf 91' lang='lat' dir='ltr'><strong>et</strong></span> <span class='ocrx_word' id='word_1_440' title='bbox 2475 3054 2551 3092; x_wconf 90' lang='lat' dir='ltr'><strong>ex</strong></span> <span class='ocrx_word' id='word_1_441' title='bbox 2593 3039 2766 3095; x_wconf 89' lang='lat' dir='ltr'><strong>nobis</strong></span> <span class='ocrx_word' id='word_1_442' title='bbox 2829 3041 3096 3098; x_wconf 90' lang='lat' dir='ltr'><strong>dicamus</strong></span> <span class='ocrx_word' id='word_1_443' title='bbox 3153 3045 3296 3116; x_wconf 86' lang='lat' dir='ltr'><strong>quid</strong></span> <span class='ocrx_word' id='word_1_444' title='bbox 3356 3047 3550 3116; x_wconf 88' lang='lat' dir='ltr'><strong>potius</strong></span> <span class='ocrx_word' id='word_1_445' title='bbox 3603 3043 3866 3116; x_wconf 85' lang='lat' dir='ltr'><strong>eligendum</strong></span> <span class='ocrx_word' id='word_1_446' title='bbox 3890 3044 3918 3092; x_wconf 77' lang='lat' dir='ltr'><strong>et</strong></span> 
     </span>
    </p>
   </div>
   <div class='ocr_carea' id='block_1_62' title="bbox 600 3120 2261 3242">
    <p class='ocr_par' dir='ltr' id='par_1_62' title="bbox 600 3120 2261 3212">
     <span class='ocr_line' id='line_1_62' title="bbox 600 3120 2261 3212; baseline 0.014 -33"><span class='ocrx_word' id='word_1_447' title='bbox 600 3120 770 3182; x_wconf 90' lang='lat' dir='ltr'><strong>Unde</strong></span> <span class='ocrx_word' id='word_1_448' title='bbox 800 3129 858 3182; x_wconf 93' lang='lat' dir='ltr'><strong>et</strong></span> <span class='ocrx_word' id='word_1_449' title='bbox 884 3127 1012 3199; x_wconf 90' lang='lat' dir='ltr'><strong>ipse</strong></span> <span class='ocrx_word' id='word_1_450' title='bbox 1043 3130 1282 3204; x_wconf 78' lang='lat' dir='ltr'><strong>Moyses</strong></span> <span class='ocrx_word' id='word_1_451' title='bbox 1311 3135 1385 3190; x_wconf 91' lang='lat' dir='ltr'><strong>ad</strong></span> <span class='ocrx_word' id='word_1_452' title='bbox 1415 3137 1570 3194; x_wconf 83' lang='lat' dir='ltr'><strong>filios</strong></span> <span class='ocrx_word' id='word_1_453' title='bbox 1599 3120 1713 3210; x_wconf 75' lang='lat'><strong>(49)</strong></span> <span class='ocrx_word' id='word_1_454' title='bbox 1737 3141 1882 3198; x_wconf 88' lang='lat' dir='ltr'><strong>Levi</strong></span> <span class='ocrx_word' id='word_1_455' title='bbox 1911 3120 2082 3200; x_wconf 81' lang='lat' dir='ltr'><strong>dixit:</strong></span> <span class='ocrx_word' id='word_1_456' title='bbox 2107 3120 2261 3212; x_wconf 80' lang='lat' dir='ltr'><strong>«Qui</strong></span> 
     </span>
    </p>
   </div>
   <div class='ocr_carea' id='block_1_63' title="bbox 2373 3120 3920 3242">
    <p class='ocr_par' dir='ltr' id='par_1_63' title="bbox 2374 3129 3920 3206">
     <span class='ocr_line' id='line_1_63' title="bbox 2374 3129 3920 3206; baseline 0.004 -25"><span class='ocrx_word' id='word_1_457' title='bbox 2374 3129 2742 3198; x_wconf 89' lang='lat' dir='ltr'><strong>sequendum</strong></span> <span class='ocrx_word' id='word_1_458' title='bbox 2775 3131 2869 3186; x_wconf 88' lang='lat' dir='ltr'><strong>sit.</strong></span> <span class='ocrx_word' id='word_1_459' title='bbox 2906 3131 3068 3201; x_wconf 85' lang='lat' dir='ltr'><strong>Vale,</strong></span> <span class='ocrx_word' id='word_1_460' title='bbox 3105 3136 3160 3188; x_wconf 88' lang='lat' dir='ltr'><strong>et</strong></span> <span class='ocrx_word' id='word_1_461' title='bbox 3190 3137 3253 3190; x_wconf 87' lang='lat' dir='ltr'><strong>ut</strong></span> <span class='ocrx_word' id='word_1_462' title='bbox 3282 3133 3446 3190; x_wconf 83' lang='lat' dir='ltr'><strong>ﬁlius</strong></span> <span class='ocrx_word' id='word_1_463' title='bbox 3479 3149 3585 3190; x_wconf 90' lang='lat' dir='ltr'><strong>nos</strong></span> <span class='ocrx_word' id='word_1_464' title='bbox 3633 3133 3806 3206; x_wconf 84' lang='lat' dir='ltr'><strong>dilige;</strong></span> <span class='ocrx_word' id='word_1_465' title='bbox 3842 3143 3920 3202; x_wconf 55' lang='lat' dir='ltr'><strong>quo</strong></span> 
     </span>
    </p>
   </div>
   <div class='ocr_carea' id='block_1_64' title="bbox 595 3219 2256 3293">
    <p class='ocr_par' dir='ltr' id='par_1_64' title="bbox 595 3219 2256 3293">
     <span class='ocr_line' id='line_1_64' title="bbox 595 3219 2256 3293; baseline 0.014 -25"><span class='ocrx_word' id='word_1_466' title='bbox 595 3219 837 3286; x_wconf 90' lang='lat' dir='ltr'><strong>paratus</strong></span> <span class='ocrx_word' id='word_1_467' title='bbox 869 3220 960 3273; x_wconf 91' lang='lat' dir='ltr'><strong>est</strong></span> <span class='ocrx_word' id='word_1_468' title='bbox 989 3234 1024 3274; x_wconf 90' lang='lat' dir='ltr'><strong>a</strong></span> <span class='ocrx_word' id='word_1_469' title='bbox 1055 3220 1322 3293; x_wconf 90' lang='lat' dir='ltr'><strong>Domino,</strong></span> <span class='ocrx_word' id='word_1_470' title='bbox 1359 3226 1554 3282; x_wconf 88' lang='lat' dir='ltr'><strong>veniat</strong></span> <span class='ocrx_word' id='word_1_471' title='bbox 1585 3229 1657 3283; x_wconf 92' lang='lat' dir='ltr'><strong>ad</strong></span> <span class='ocrx_word' id='word_1_472' title='bbox 1688 3246 1802 3287; x_wconf 91' lang='lat' dir='ltr'><strong>me.</strong></span> <span class='ocrx_word' id='word_1_473' title='bbox 1838 3232 1908 3288; x_wconf 88' lang='lat' dir='ltr'><strong>Et</strong></span> <span class='ocrx_word' id='word_1_474' title='bbox 1939 3234 2084 3289; x_wconf 87' lang='lat' dir='ltr'><strong>dixit</strong></span> <span class='ocrx_word' id='word_1_475' title='bbox 2103 3235 2256 3292; x_wconf 88' lang='lat' dir='ltr'><strong>illis:</strong></span> 
     </span>
    </p>
   </div>
   <div class='ocr_carea' id='block_1_65' title="bbox 601 3304 2260 3392">
    <p class='ocr_par' dir='ltr' id='par_1_65' title="bbox 601 3304 2260 3392">
     <span class='ocr_line' id='line_1_65' title="bbox 601 3304 2260 3392; baseline 0.012 -32"><span class='ocrx_word' id='word_1_476' title='bbox 601 3304 747 3360; x_wconf 84' lang='lat' dir='ltr'><strong>Haec</strong></span> <span class='ocrx_word' id='word_1_477' title='bbox 795 3307 940 3362; x_wconf 88' lang='lat' dir='ltr'><strong>dixit</strong></span> <span class='ocrx_word' id='word_1_478' title='bbox 979 3309 1268 3367; x_wconf 89' lang='lat' dir='ltr'><strong>Dominus</strong></span> <span class='ocrx_word' id='word_1_479' title='bbox 1300 3314 1460 3370; x_wconf 90' lang='lat' dir='ltr'><strong>Deus</strong></span> <span class='ocrx_word' id='word_1_480' title='bbox 1491 3317 1674 3373; x_wconf 85' lang='lat' dir='ltr'><strong>Israel</strong></span> <span class='ocrx_word' id='word_1_481' title='bbox 1709 3336 1720 3375; x_wconf 90' lang='lat'><strong>:</strong></span> <span class='ocrx_word' id='word_1_482' title='bbox 1755 3319 2039 3392; x_wconf 89' lang='lat' dir='ltr'><strong>Imponite</strong></span> <span class='ocrx_word' id='word_1_483' title='bbox 2073 3339 2260 3379; x_wconf 89' lang='lat' dir='ltr'><strong>unus-</strong></span> 
     </span>
    </p>
   </div>
   <div class='ocr_carea' id='block_1_66' title="bbox 591 3393 2258 3482">
    <p class='ocr_par' dir='ltr' id='par_1_66' title="bbox 591 3393 2258 3482">
     <span class='ocr_line' id='line_1_66' title="bbox 591 3393 2258 3482; baseline 0.014 -35"><span class='ocrx_word' id='word_1_484' title='bbox 591 3393 845 3468; x_wconf 89' lang='lat' dir='ltr'><strong>quisque</strong></span> <span class='ocrx_word' id='word_1_485' title='bbox 877 3397 1137 3470; x_wconf 87' lang='lat' dir='ltr'><strong>gladium</strong></span> <span class='ocrx_word' id='word_1_486' title='bbox 1169 3417 1344 3458; x_wconf 91' lang='lat' dir='ltr'><strong>suum</strong></span> <span class='ocrx_word' id='word_1_487' title='bbox 1375 3404 1435 3460; x_wconf 91' lang='lat' dir='ltr'><strong>in</strong></span> <span class='ocrx_word' id='word_1_488' title='bbox 1468 3405 1691 3463; x_wconf 88' lang='lat' dir='ltr'><strong>femore</strong></span> <span class='ocrx_word' id='word_1_489' title='bbox 1725 3425 1855 3478; x_wconf 92' lang='lat' dir='ltr'><strong>suo,</strong></span> <span class='ocrx_word' id='word_1_490' title='bbox 1909 3416 1964 3466; x_wconf 90' lang='lat' dir='ltr'><strong>et</strong></span> <span class='ocrx_word' id='word_1_491' title='bbox 1993 3417 2258 3482; x_wconf 86' lang='lat' dir='ltr'><strong>pertran-</strong></span> 
     </span>
    </p>
   </div>
   <div class='ocr_carea' id='block_1_67' title="bbox 597 3482 2258 3575">
    <p class='ocr_par' dir='ltr' id='par_1_67' title="bbox 597 3482 2258 3575">
     <span class='ocr_line' id='line_1_67' title="bbox 597 3482 2258 3575; baseline 0.013 -38"><span class='ocrx_word' id='word_1_492' title='bbox 597 3482 709 3538; x_wconf 90' lang='lat' dir='ltr'><strong>site</strong></span> <span class='ocrx_word' id='word_1_493' title='bbox 739 3484 955 3556; x_wconf 83' lang='lat' dir='ltr'><strong>(Exod.</strong></span> <span class='ocrx_word' id='word_1_494' title='bbox 988 3507 1170 3561; x_wconf 80' lang='lat' dir='ltr'><strong>xxxii,</strong></span> <span class='ocrx_word' id='word_1_495' title='bbox 1202 3491 1332 3563; x_wconf 79' lang='lat'><strong>2&#39;7);</strong></span> <span class='ocrx_word' id='word_1_496' title='bbox 1369 3517 1391 3541; x_wconf 79' lang='grc' dir='ltr'><strong>ι»</strong></span> <span class='ocrx_word' id='word_1_497' title='bbox 1445 3498 1507 3550; x_wconf 91' lang='lat' dir='ltr'><strong>ut</strong></span> <span class='ocrx_word' id='word_1_498' title='bbox 1547 3499 2258 3575; x_wconf 39' lang='lat' dir='ltr'><strong>contemplationejatque</strong></span> 
     </span>
    </p>
   </div>
   <div class='ocr_carea' id='block_1_68' title="bbox 593 3580 2259 3656">
    <p class='ocr_par' dir='ltr' id='par_1_68' title="bbox 593 3580 2259 3656">
     <span class='ocr_line' id='line_1_68' title="bbox 593 3580 2259 3656; baseline 0.013 -30"><span class='ocrx_word' id='word_1_499' title='bbox 593 3589 792 3630; x_wconf 88' lang='lat' dir='ltr'><strong>amore</strong></span> <span class='ocrx_word' id='word_1_500' title='bbox 825 3581 1172 3636; x_wconf 73' lang='lat' dir='ltr'><strong>reverentim</strong></span> <span class='ocrx_word' id='word_1_501' title='bbox 1203 3580 1420 3640; x_wconf 68' lang='lat' dir='ltr'><strong>divinae</strong></span> <span class='ocrx_word' id='word_1_502' title='bbox 1449 3586 1839 3656; x_wconf 89' lang='lat' dir='ltr'><strong>perimeretur</strong></span> <span class='ocrx_word' id='word_1_503' title='bbox 1865 3591 2060 3646; x_wconf 91' lang='lat' dir='ltr'><strong>omnis</strong></span> <span class='ocrx_word' id='word_1_504' title='bbox 2089 3591 2259 3648; x_wconf 82' lang='lat' dir='ltr'><strong>atl&#39;ec-</strong></span> 
     </span>
    </p>
   </div>
   <div class='ocr_carea' id='block_1_69' title="bbox 593 3663 2256 3750">
    <p class='ocr_par' dir='ltr' id='par_1_69' title="bbox 593 3663 2256 3750">
     <span class='ocr_line' id='line_1_69' title="bbox 593 3663 2256 3750; baseline 0.012 -33"><span class='ocrx_word' id='word_1_505' title='bbox 593 3663 692 3718; x_wconf 90' lang='lat' dir='ltr'><strong>tus</strong></span> <span class='ocrx_word' id='word_1_506' title='bbox 723 3667 1208 3726; x_wconf 88' lang='lat' dir='ltr'><strong>necessitudinis.</strong></span> <span class='ocrx_word' id='word_1_507' title='bbox 1243 3671 1313 3728; x_wconf 88' lang='lat' dir='ltr'><strong>Et</strong></span> <span class='ocrx_word' id='word_1_508' title='bbox 1347 3675 1536 3739; x_wconf 81' lang='lat'><strong>1056</strong></span> <span class='ocrx_word' id='word_1_509' title='bbox 1580 3677 1778 3732; x_wconf 89' lang='lat' dir='ltr'><strong>occisa</strong></span> <span class='ocrx_word' id='word_1_510' title='bbox 1826 3679 2062 3750; x_wconf 88' lang='lat' dir='ltr'><strong>quidem</strong></span> <span class='ocrx_word' id='word_1_511' title='bbox 2099 3681 2256 3736; x_wconf 84' lang='lat' dir='ltr'><strong>scri-</strong></span> 
     </span>
    </p>
   </div>
   <div class='ocr_carea' id='block_1_70' title="bbox 590 3752 2257 3837">
    <p class='ocr_par' dir='ltr' id='par_1_70' title="bbox 590 3752 2257 3837">
     <span class='ocr_line' id='line_1_70' title="bbox 590 3752 2257 3837; baseline 0.013 -31"><span class='ocrx_word' id='word_1_512' title='bbox 590 3752 810 3809; x_wconf 89' lang='lat' dir='ltr'><strong>buntur</strong></span> <span class='ocrx_word' id='word_1_513' title='bbox 857 3757 968 3812; x_wconf 89' lang='lat' dir='ltr'><strong>tria</strong></span> <span class='ocrx_word' id='word_1_514' title='bbox 1017 3760 1198 3817; x_wconf 91' lang='lat' dir='ltr'><strong>millia</strong></span> <span class='ocrx_word' id='word_1_515' title='bbox 1247 3763 1569 3837; x_wconf 90' lang='lat' dir='ltr'><strong>hominum,</strong></span> <span class='ocrx_word' id='word_1_516' title='bbox 1616 3783 1726 3822; x_wconf 91' lang='lat' dir='ltr'><strong>nec</strong></span> <span class='ocrx_word' id='word_1_517' title='bbox 1777 3771 2008 3826; x_wconf 90' lang='lat' dir='ltr'><strong>numeri</strong></span> <span class='ocrx_word' id='word_1_518' title='bbox 2037 3771 2257 3827; x_wconf 88' lang='lat' dir='ltr'><strong>invidia</strong></span> 
     </span>
    </p>
   </div>
   <div class='ocr_carea' id='block_1_71' title="bbox 593 3850 2254 3932">
    <p class='ocr_par' dir='ltr' id='par_1_71' title="bbox 593 3850 2254 3932">
     <span class='ocr_line' id='line_1_71' title="bbox 593 3850 2254 3932; baseline 0.013 -37"><span class='ocrx_word' id='word_1_519' title='bbox 593 3855 934 3915; x_wconf 88' lang='lat' dir='ltr'><strong>movemur;</strong></span> <span class='ocrx_word' id='word_1_520' title='bbox 995 3850 1132 3920; x_wconf 89' lang='lat' dir='ltr'><strong>quia</strong></span> <span class='ocrx_word' id='word_1_521' title='bbox 1178 3853 1389 3910; x_wconf 90' lang='lat' dir='ltr'><strong>melius</strong></span> <span class='ocrx_word' id='word_1_522' title='bbox 1434 3858 1526 3910; x_wconf 90' lang='lat' dir='ltr'><strong>est</strong></span> <span class='ocrx_word' id='word_1_523' title='bbox 1580 3872 1903 3927; x_wconf 85' lang='lat' dir='ltr'><strong>paucorum</strong></span> <span class='ocrx_word' id='word_1_524' title='bbox 1963 3861 2254 3932; x_wconf 91' lang='lat' dir='ltr'><strong>supplicio</strong></span> 
     </span>
    </p>
   </div>
   <div class='ocr_carea' id='block_1_72' title="bbox 595 3930 2255 4022">
    <p class='ocr_par' dir='ltr' id='par_1_72' title="bbox 595 3930 2255 4022">
     <span class='ocr_line' id='line_1_72' title="bbox 595 3930 2255 4022; baseline 0.014 -40"><span class='ocrx_word' id='word_1_525' title='bbox 595 3930 917 3990; x_wconf 89' lang='lat' dir='ltr'><strong>universos</strong></span> <span class='ocrx_word' id='word_1_526' title='bbox 950 3930 1313 4010; x_wconf 47' lang='lat' dir='ltr'><strong>exui,&#39;quam</strong></span> <span class='ocrx_word' id='word_1_527' title='bbox 1343 3942 1403 3996; x_wconf 91' lang='lat' dir='ltr'><strong>in</strong></span> <span class='ocrx_word' id='word_1_528' title='bbox 1433 3960 1640 4000; x_wconf 90' lang='lat' dir='ltr'><strong>omnes</strong></span> <span class='ocrx_word' id='word_1_529' title='bbox 1686 3948 1996 4015; x_wconf 82' lang='lat' dir='ltr'><strong>vindicari.</strong></span> <span class='ocrx_word' id='word_1_530' title='bbox 2050 3951 2255 4022; x_wconf 88' lang='lat' dir='ltr'><strong>Neque</strong></span> 
     </span>
    </p>
   </div>
   <div class='ocr_carea' id='block_1_73' title="bbox 597 4021 2258 4112">
    <p class='ocr_par' dir='ltr' id='par_1_73' title="bbox 597 4021 2258 4112">
     <span class='ocr_line' id='line_1_73' title="bbox 597 4021 2258 4112; baseline 0.014 -40"><span class='ocrx_word' id='word_1_531' title='bbox 597 4033 746 4075; x_wconf 87' lang='lat' dir='ltr'><strong>vero</strong></span> <span class='ocrx_word' id='word_1_532' title='bbox 794 4021 1014 4096; x_wconf 90' lang='lat' dir='ltr'><strong>aliquid</strong></span> <span class='ocrx_word' id='word_1_533' title='bbox 1064 4026 1277 4083; x_wconf 90' lang='lat' dir='ltr'><strong>durum</strong></span> <span class='ocrx_word' id='word_1_534' title='bbox 1327 4029 1560 4086; x_wconf 89' lang='lat' dir='ltr'><strong>videtur</strong></span> <span class='ocrx_word' id='word_1_535' title='bbox 1596 4050 1705 4105; x_wconf 89' lang='lat' dir='ltr'><strong>pro</strong></span> <span class='ocrx_word' id='word_1_536' title='bbox 1736 4037 1992 4094; x_wconf 90' lang='lat' dir='ltr'><strong>vindicta</strong></span> <span class='ocrx_word' id='word_1_537' title='bbox 2022 4021 2258 4112; x_wconf 64' lang='lat' dir='ltr'><strong>injuria)</strong></span> 
     </span>
    </p>
   </div>
   <div class='ocr_carea' id='block_1_74' title="bbox 595 4108 882 4166">
    <p class='ocr_par' dir='ltr' id='par_1_74' title="bbox 595 4108 882 4166">
     <span class='ocr_line' id='line_1_74' title="bbox 595 4108 882 4166; baseline 0.014 -4"><span class='ocrx_word' id='word_1_538' title='bbox 595 4108 882 4166; x_wconf 70' lang='lat' dir='ltr'><strong>caelestis.</strong></span> 
     </span>
    </p>
   </div>
   <div class='ocr_carea' id='block_1_75' title="bbox 665 4197 2259 4274">
    <p class='ocr_par' dir='ltr' id='par_1_75' title="bbox 665 4197 2259 4274">
     <span class='ocr_line' id='line_1_75' title="bbox 665 4197 2259 4274; baseline 0.013 -23"><span class='ocrx_word' id='word_1_539' title='bbox 665 4197 720 4253; x_wconf 91' lang='lat'><strong>8.</strong></span> <span class='ocrx_word' id='word_1_540' title='bbox 763 4198 1030 4272; x_wconf 88' lang='lat' dir='ltr'><strong>Denique</strong></span> <span class='ocrx_word' id='word_1_541' title='bbox 1061 4205 1360 4261; x_wconf 89' lang='lat' dir='ltr'><strong>sanctoria</strong></span> <span class='ocrx_word' id='word_1_542' title='bbox 1391 4211 1626 4265; x_wconf 84' lang='lat' dir='ltr'><strong>caeteris</strong></span> <span class='ocrx_word' id='word_1_543' title='bbox 1657 4213 1729 4268; x_wconf 91' lang='lat' dir='ltr'><strong>ad</strong></span> <span class='ocrx_word' id='word_1_544' title='bbox 1760 4213 1873 4271; x_wconf 86' lang='lat' dir='ltr'><strong>hcc</strong></span> <span class='ocrx_word' id='word_1_545' title='bbox 1906 4233 2120 4272; x_wconf 91' lang='lat' dir='ltr'><strong>munus</strong></span> <span class='ocrx_word' id='word_1_546' title='bbox 2161 4218 2259 4274; x_wconf 89' lang='lat' dir='ltr'><strong>eli-</strong></span> 
     </span>
    </p>
   </div>
   <div class='ocr_carea' id='block_1_76' title="bbox 594 4289 2253 4374">
    <p class='ocr_par' dir='ltr' id='par_1_76' title="bbox 594 4289 2253 4374">
     <span class='ocr_line' id='line_1_76' title="bbox 594 4289 2253 4374; baseline 0.014 -33"><span class='ocrx_word' id='word_1_547' title='bbox 594 4289 818 4360; x_wconf 86' lang='lat' dir='ltr'><strong>guntur</strong></span> <span class='ocrx_word' id='word_1_548' title='bbox 844 4290 1172 4348; x_wconf 90' lang='lat' dir='ltr'><strong>ministeria</strong></span> <span class='ocrx_word' id='word_1_549' title='bbox 1201 4293 1528 4369; x_wconf 89' lang='lat' dir='ltr'><strong>levitarum,</strong></span> <span class='ocrx_word' id='word_1_550' title='bbox 1564 4316 1815 4372; x_wconf 86' lang='lat' dir='ltr'><strong>quorum</strong></span> <span class='ocrx_word' id='word_1_551' title='bbox 1845 4306 2036 4374; x_wconf 90' lang='lat' dir='ltr'><strong>portio</strong></span> <span class='ocrx_word' id='word_1_552' title='bbox 2055 4307 2214 4364; x_wconf 90' lang='lat' dir='ltr'><strong>Deus</strong></span> <span class='ocrx_word' id='word_1_553' title='bbox 2241 4324 2253 4364; x_wconf 96' lang='lat'>:</span> 
     </span>
    </p>
   </div>
   <div class='ocr_carea' id='block_1_77' title="bbox 589 4379 2254 4467">
    <p class='ocr_par' dir='ltr' id='par_1_77' title="bbox 589 4379 2254 4467">
     <span class='ocr_line' id='line_1_77' title="bbox 589 4379 2254 4467; baseline 0.013 -35"><span class='ocrx_word' id='word_1_554' title='bbox 589 4379 863 4436; x_wconf 91' lang='lat' dir='ltr'><strong>nesciunt</strong></span> <span class='ocrx_word' id='word_1_555' title='bbox 894 4381 1048 4436; x_wconf 90' lang='lat' dir='ltr'><strong>enim</strong></span> <span class='ocrx_word' id='word_1_556' title='bbox 1073 4383 1202 4438; x_wconf 91' lang='lat' dir='ltr'><strong>suis</strong></span> <span class='ocrx_word' id='word_1_557' title='bbox 1225 4401 1488 4458; x_wconf 88' lang='lat' dir='ltr'><strong>parcere,</strong></span> <span class='ocrx_word' id='word_1_558' title='bbox 1515 4391 1613 4460; x_wconf 91' lang='lat' dir='ltr'><strong>qui</strong></span> <span class='ocrx_word' id='word_1_559' title='bbox 1637 4392 1779 4446; x_wconf 88' lang='lat' dir='ltr'><strong>nihil</strong></span> <span class='ocrx_word' id='word_1_560' title='bbox 1813 4411 1984 4449; x_wconf 89' lang='lat' dir='ltr'><strong>suum</strong></span> <span class='ocrx_word' id='word_1_561' title='bbox 2008 4401 2254 4467; x_wconf 87' lang='lat' dir='ltr'><strong>norunt;</strong></span> 
     </span>
    </p>
   </div>
   <div class='ocr_carea' id='block_1_78' title="bbox 593 4469 2256 4542">
    <p class='ocr_par' dir='ltr' id='par_1_78' title="bbox 593 4469 2256 4542">
     <span class='ocr_line' id='line_1_78' title="bbox 593 4469 2256 4542; baseline 0.011 -19"><span class='ocrx_word' id='word_1_562' title='bbox 593 4469 870 4540; x_wconf 88' lang='lat' dir='ltr'><strong>quoniam</strong></span> <span class='ocrx_word' id='word_1_563' title='bbox 902 4472 1126 4528; x_wconf 90' lang='lat' dir='ltr'><strong>sanctis</strong></span> <span class='ocrx_word' id='word_1_564' title='bbox 1157 4477 1350 4532; x_wconf 89' lang='lat' dir='ltr'><strong>omnia</strong></span> <span class='ocrx_word' id='word_1_565' title='bbox 1384 4477 1542 4535; x_wconf 89' lang='lat' dir='ltr'><strong>Deus</strong></span> <span class='ocrx_word' id='word_1_566' title='bbox 1573 4484 1684 4536; x_wconf 84' lang='lat' dir='ltr'><strong>est.</strong></span> <span class='ocrx_word' id='word_1_567' title='bbox 1719 4482 1824 4537; x_wconf 87' lang='lat' dir='ltr'><strong>Est</strong></span> <span class='ocrx_word' id='word_1_568' title='bbox 1852 4485 2025 4539; x_wconf 89' lang='lat' dir='ltr'><strong>etiam</strong></span> <span class='ocrx_word' id='word_1_569' title='bbox 2053 4486 2151 4541; x_wconf 90' lang='lat' dir='ltr'><strong>ille</strong></span> <span class='ocrx_word' id='word_1_570' title='bbox 2175 4487 2256 4542; x_wconf 92' lang='lat' dir='ltr'><strong>le-</strong></span> 
     </span>
    </p>
   </div>
   <div class='ocr_carea' id='block_1_79' title="bbox 2373 3217 3202 3293">
    <p class='ocr_par' dir='ltr' id='par_1_79' title="bbox 2373 3217 3202 3293">
     <span class='ocr_line' id='line_1_79' title="bbox 2373 3217 3202 3293; baseline 0.008 -23"><span class='ocrx_word' id='word_1_571' title='bbox 2373 3217 2530 3271; x_wconf 90' lang='lat' dir='ltr'><strong>niam</strong></span> <span class='ocrx_word' id='word_1_572' title='bbox 2559 3222 2616 3274; x_wconf 92' lang='lat' dir='ltr'><strong>et</strong></span> <span class='ocrx_word' id='word_1_573' title='bbox 2647 3234 2756 3274; x_wconf 91' lang='lat' dir='ltr'><strong>nos</strong></span> <span class='ocrx_word' id='word_1_574' title='bbox 2787 3224 2848 3275; x_wconf 90' lang='lat' dir='ltr'><strong>te</strong></span> <span class='ocrx_word' id='word_1_575' title='bbox 2875 3219 3202 3293; x_wconf 87' lang='lat' dir='ltr'><strong>diligimus.</strong></span> 
     </span>
    </p>
   </div>
   <div class='ocr_carea' id='block_1_80' title="bbox 2775 3345 3642 3410">
    <p class='ocr_par' dir='ltr' id='par_1_80' title="bbox 2775 3345 3642 3410">
     <span class='ocr_line' id='line_1_80' title="bbox 2775 3345 3642 3410; baseline -0.005 -2"><span class='ocrx_word' id='word_1_576' title='bbox 2775 3345 2978 3410; x_wconf 81' lang='lat'><strong>1057</strong></span> <span class='ocrx_word' id='word_1_577' title='bbox 3012 3345 3386 3404; x_wconf 80' lang='lat' dir='ltr'><strong>EPISTOLA</strong></span> <span class='ocrx_word' id='word_1_578' title='bbox 3423 3349 3642 3406; x_wconf 82' lang='lat' dir='ltr'><strong>LXVII.</strong></span> 
     </span>
    </p>
   </div>
   <div class='ocr_carea' id='block_1_81' title="bbox 2381 3459 3914 3543">
    <p class='ocr_par' dir='ltr' id='par_1_81' title="bbox 2381 3459 3914 3543">
     <span class='ocr_line' id='line_1_81' title="bbox 2381 3459 3914 3543; baseline -0.001 -29"><span class='ocrx_word' id='word_1_579' title='bbox 2381 3459 2514 3543; x_wconf 43' lang='grc' dir='ltr'><em>[πῃ.</em></span> <span class='ocrx_word' id='word_1_580' title='bbox 2555 3467 2854 3516; x_wconf 82' lang='lat' dir='ltr'><strong>ostensum</strong></span> <span class='ocrx_word' id='word_1_581' title='bbox 2883 3468 3011 3543; x_wconf 73' lang='lat' dir='ltr'><strong>est,</strong></span> <span class='ocrx_word' id='word_1_582' title='bbox 3059 3465 3224 3543; x_wconf 53' lang='lat' dir='ltr'><strong>quod</strong></span> <span class='ocrx_word' id='word_1_583' title='bbox 3270 3465 3482 3543; x_wconf 63' lang='lat' dir='ltr'><strong>Aaron</strong></span> <span class='ocrx_word' id='word_1_584' title='bbox 3525 3464 3672 3543; x_wconf 79' lang='lat' dir='ltr'><strong>ﬁlios</strong></span> <span class='ocrx_word' id='word_1_585' title='bbox 3714 3464 3914 3543; x_wconf 57' lang='lat' dir='ltr'><strong>excisam!</strong></span> 
     </span>
    </p>
   </div>
   <div class='ocr_carea' id='block_1_82' title="bbox 2443 3533 3918 3606">
    <p class='ocr_par' dir='ltr' id='par_1_82' title="bbox 2443 3533 3918 3606">
     <span class='ocr_line' id='line_1_82' title="bbox 2443 3533 3918 3606; baseline -0.001 -18"><span class='ocrx_word' id='word_1_586' title='bbox 2443 3533 2692 3606; x_wconf 75' lang='lat' dir='ltr'><strong>Moyses</strong></span> <span class='ocrx_word' id='word_1_587' title='bbox 2719 3533 3110 3606; x_wconf 61' lang='lat' dir='ltr'><strong>acqnieverit&#39;,</strong></span> <span class='ocrx_word' id='word_1_588' title='bbox 3145 3535 3322 3591; x_wconf 88' lang='lat' dir='ltr'><strong>innui</strong></span> <span class='ocrx_word' id='word_1_589' title='bbox 3363 3537 3705 3592; x_wconf 80' lang='lat' dir='ltr'><strong>sententiam</strong></span> <span class='ocrx_word' id='word_1_590' title='bbox 3741 3533 3918 3606; x_wconf 55' lang='lat' dir='ltr'><strong>maxime</strong></span> 
     </span>
    </p>
   </div>
   <div class='ocr_carea' id='block_1_83' title="bbox 2447 3603 3920 3678">
    <p class='ocr_par' dir='ltr' id='par_1_83' title="bbox 2447 3603 3920 3678">
     <span class='ocr_line' id='line_1_83' title="bbox 2447 3603 3920 3678; baseline -0.003 -20"><span class='ocrx_word' id='word_1_591' title='bbox 2447 3603 2610 3678; x_wconf 78' lang='lat' dir='ltr'><strong>circa</strong></span> <span class='ocrx_word' id='word_1_592' title='bbox 2638 3603 2955 3678; x_wconf 66' lang='lat' dir='ltr'><strong>proprium</strong></span> <span class='ocrx_word' id='word_1_593' title='bbox 2993 3623 3202 3678; x_wconf 74' lang='lat' dir='ltr'><strong>manus</strong></span> <span class='ocrx_word' id='word_1_594' title='bbox 3250 3609 3632 3678; x_wconf 83' lang='lat' dir='ltr'><strong>antecellere,</strong></span> <span class='ocrx_word' id='word_1_595' title='bbox 3681 3603 3920 3662; x_wconf 69' lang='lat' dir='ltr'><strong>idenilocas</strong></span> 
     </span>
    </p>
   </div>
   <div class='ocr_carea' id='block_1_84' title="bbox 2445 3675 3918 3750">
    <p class='ocr_par' dir='ltr' id='par_1_84' title="bbox 2445 3675 3918 3750">
     <span class='ocr_line' id='line_1_84' title="bbox 2445 3675 3918 3750; baseline 0.002 -20"><span class='ocrx_word' id='word_1_596' title='bbox 2445 3675 2878 3750; x_wconf 71' lang='lat' dir='ltr'><strong>consideratur.</strong></span> <span class='ocrx_word' id='word_1_597' title='bbox 2912 3676 3059 3750; x_wconf 88' lang='lat' dir='ltr'><strong>Inde</strong></span> <span class='ocrx_word' id='word_1_598' title='bbox 3089 3678 3401 3750; x_wconf 80' lang='lat' dir='ltr'><strong>colligitur</strong></span> <span class='ocrx_word' id='word_1_599' title='bbox 3429 3675 3627 3734; x_wconf 79' lang='lat' dir='ltr'><strong>raram</strong></span> <span class='ocrx_word' id='word_1_600' title='bbox 3651 3692 3766 3734; x_wconf 85' lang='lat' dir='ltr'><strong>esse</strong></span> <span class='ocrx_word' id='word_1_601' title='bbox 3801 3685 3918 3728; x_wconf 67' lang='lat' dir='ltr'><strong>veram</strong></span> 
     </span>
    </p>
   </div>
   <div class='ocr_carea' id='block_1_85' title="bbox 2438 3748 3920 3819">
    <p class='ocr_par' dir='ltr' id='par_1_85' title="bbox 2438 3748 3920 3819">
     <span class='ocr_line' id='line_1_85' title="bbox 2438 3748 3920 3819; baseline -0.001 -17"><span class='ocrx_word' id='word_1_602' title='bbox 2438 3748 2848 3819; x_wconf 69' lang='lat' dir='ltr'><strong>paenitentiam</strong></span> <span class='ocrx_word' id='word_1_603' title='bbox 2866 3767 2885 3813; x_wconf 88' lang='lat'><em>;</em></span> <span class='ocrx_word' id='word_1_604' title='bbox 2919 3749 2977 3802; x_wconf 88' lang='lat' dir='ltr'><strong>ei</strong></span> <span class='ocrx_word' id='word_1_605' title='bbox 3006 3750 3162 3804; x_wconf 84' lang='lat' dir='ltr'><strong>enim</strong></span> <span class='ocrx_word' id='word_1_606' title='bbox 3195 3748 3448 3806; x_wconf 79' lang='lat' dir='ltr'><strong>officere</strong></span> <span class='ocrx_word' id='word_1_607' title='bbox 3477 3758 3726 3806; x_wconf 79' lang='lat' dir='ltr'><strong>naturam</strong></span> <span class='ocrx_word' id='word_1_608' title='bbox 3749 3763 3800 3802; x_wconf 82' lang='lat' dir='ltr'><strong>ac</strong></span> <span class='ocrx_word' id='word_1_609' title='bbox 3821 3757 3920 3819; x_wconf 57' lang='lat' dir='ltr'><strong>rem</strong></span> 
     </span>
    </p>
   </div>
   <div class='ocr_carea' id='block_1_86' title="bbox 2447 3814 3924 3896">
    <p class='ocr_par' dir='ltr' id='par_1_86' title="bbox 2447 3814 3924 3896">
     <span class='ocr_line' id='line_1_86' title="bbox 2447 3814 3924 3896; baseline -0.002 -24"><span class='ocrx_word' id='word_1_610' title='bbox 2447 3814 2736 3896; x_wconf 77' lang='lat' dir='ltr'><strong>cundiam,</strong></span> <span class='ocrx_word' id='word_1_611' title='bbox 2770 3835 2996 3874; x_wconf 83' lang='lat' dir='ltr'><strong>necnon</strong></span> <span class='ocrx_word' id='word_1_612' title='bbox 3027 3819 3344 3896; x_wconf 68' lang='lat' dir='ltr'><strong>affectuum</strong></span> <span class='ocrx_word' id='word_1_613' title='bbox 3385 3822 3764 3896; x_wconf 77' lang='lat' dir='ltr'><strong>velocitatem,-</strong></span> <span class='ocrx_word' id='word_1_614' title='bbox 3788 3814 3924 3896; x_wconf 68' lang='lat' dir='ltr'><strong>ad</strong></span> 
     </span>
    </p>
   </div>
   <div class='ocr_carea' id='block_1_87' title="bbox 2445 3885 3921 3962">
    <p class='ocr_par' dir='ltr' id='par_1_87' title="bbox 2445 3885 3921 3962">
     <span class='ocr_line' id='line_1_87' title="bbox 2445 3885 3921 3962; baseline -0.005 -17"><span class='ocrx_word' id='word_1_615' title='bbox 2445 3903 2570 3945; x_wconf 83' lang='lat' dir='ltr'><strong>eam</strong></span> <span class='ocrx_word' id='word_1_616' title='bbox 2600 3891 2701 3962; x_wconf 83' lang='lat' dir='ltr'><strong>agi</strong></span> <span class='ocrx_word' id='word_1_617' title='bbox 2722 3885 2842 3946; x_wconf 80' lang='lat' dir='ltr'><strong>non</strong></span> <span class='ocrx_word' id='word_1_618' title='bbox 2868 3906 3066 3962; x_wconf 86' lang='lat' dir='ltr'><strong>posse,</strong></span> <span class='ocrx_word' id='word_1_619' title='bbox 3102 3893 3222 3946; x_wconf 83' lang='lat' dir='ltr'><strong>nisi</strong></span> <span class='ocrx_word' id='word_1_620' title='bbox 3253 3899 3573 3950; x_wconf 72' lang='lat' dir='ltr'><strong>exstincta;-</strong></span> <span class='ocrx_word' id='word_1_621' title='bbox 3602 3893 3712 3948; x_wconf 87' lang='lat' dir='ltr'><strong>sint</strong></span> <span class='ocrx_word' id='word_1_622' title='bbox 3736 3885 3921 3960; x_wconf 60' lang='lat' dir='ltr'><strong>cupiditr</strong></span> 
     </span>
    </p>
   </div>
   <div class='ocr_carea' id='block_1_88' title="bbox 2443 3962 3920 4041">
    <p class='ocr_par' dir='ltr' id='par_1_88' title="bbox 2443 3962 3920 4041">
     <span class='ocr_line' id='line_1_88' title="bbox 2443 3962 3920 4041; baseline 0.001 -26"><span class='ocrx_word' id='word_1_623' title='bbox 2443 3967 2554 4041; x_wconf 62' lang='lat' dir='ltr'><strong>tes,</strong></span> <span class='ocrx_word' id='word_1_624' title='bbox 2589 3968 2649 4015; x_wconf 77' lang='lat' dir='ltr'><strong>et</strong></span> <span class='ocrx_word' id='word_1_625' title='bbox 2683 3962 2883 4041; x_wconf 64' lang='lat' dir='ltr'><strong>vigeat</strong></span> <span class='ocrx_word' id='word_1_626' title='bbox 2913 3963 3362 4041; x_wconf 69' lang='lat' dir='ltr'><strong>amoi&#39;justitiaa</strong></span> <span class='ocrx_word' id='word_1_627' title='bbox 3386 3986 3404 4031; x_wconf 86' lang='lat'><strong>,-</strong></span> <span class='ocrx_word' id='word_1_628' title='bbox 3449 3971 3745 4041; x_wconf 80' lang='lat' dir='ltr'><strong>propterea</strong></span> <span class='ocrx_word' id='word_1_629' title='bbox 3773 3970 3920 4041; x_wconf 47' lang='lat'><strong>328583?</strong></span> 
     </span>
    </p>
   </div>
   <div class='ocr_carea' id='block_1_89' title="bbox 2441 4025 3923 4104">
    <p class='ocr_par' dir='ltr' id='par_1_89' title="bbox 2441 4025 3923 4104">
     <span class='ocr_line' id='line_1_89' title="bbox 2441 4025 3923 4104; baseline -0.002 -18"><span class='ocrx_word' id='word_1_630' title='bbox 2441 4025 2631 4087; x_wconf 80' lang='lat' dir='ltr'><strong>fuisse</strong></span> <span class='ocrx_word' id='word_1_631' title='bbox 2661 4025 2828 4088; x_wconf 70' lang='lat' dir='ltr'><strong>Judae</strong></span> <span class='ocrx_word' id='word_1_632' title='bbox 2864 4025 3354 4104; x_wconf 64' lang='lat' dir='ltr'><strong>resipiscentiam</strong></span> <span class='ocrx_word' id='word_1_633' title='bbox 3449 4025 3656 4091; x_wconf 65' lang='lat' dir='ltr'><strong>nullam</strong></span> <span class='ocrx_word' id='word_1_634' title='bbox 3699 4025 3923 4104; x_wconf 34' lang='lat' dir='ltr'><strong>enimADN</strong></span> 
     </span>
    </p>
   </div>
   <div class='ocr_carea' id='block_1_90' title="bbox 2441 4098 3923 4180">
    <p class='ocr_par' dir='ltr' id='par_1_90' title="bbox 2441 4098 3923 4180">
     <span class='ocr_line' id='line_1_90' title="bbox 2441 4098 3923 4180; baseline -0.001 -23"><span class='ocrx_word' id='word_1_635' title='bbox 2441 4109 2756 4180; x_wconf 77' lang='lat' dir='ltr'><strong>acceptam,</strong></span> <span class='ocrx_word' id='word_1_636' title='bbox 2810 4105 2933 4159; x_wconf 87' lang='lat' dir='ltr'><strong>nisi</strong></span> <span class='ocrx_word' id='word_1_637' title='bbox 2975 4098 3318 4180; x_wconf 64' lang='lat' dir='ltr'><strong>sinceram;</strong></span> <span class='ocrx_word' id='word_1_638' title='bbox 3369 4098 3496 4180; x_wconf 58' lang='lat' dir='ltr'><strong>ante</strong></span> <span class='ocrx_word' id='word_1_639' title='bbox 3540 4123 3640 4162; x_wconf 81' lang='lat' dir='ltr'><strong>res</strong></span> <span class='ocrx_word' id='word_1_640' title='bbox 3681 4103 3773 4160; x_wconf 82' lang='lat' dir='ltr'><strong>sub</strong></span> <span class='ocrx_word' id='word_1_641' title='bbox 3808 4098 3923 4171; x_wconf 70' lang='lat' dir='ltr'><strong>ﬁgura</strong></span> 
     </span>
    </p>
   </div>
   <div class='ocr_carea' id='block_1_91' title="bbox 2443 4169 3444 4250">
    <p class='ocr_par' dir='ltr' id='par_1_91' title="bbox 2443 4169 3444 4250">
     <span class='ocr_line' id='line_1_91' title="bbox 2443 4169 3444 4250; baseline 0.006 -22"><span class='ocrx_word' id='word_1_642' title='bbox 2443 4169 2622 4230; x_wconf 77' lang='lat' dir='ltr'><strong>trioni</strong></span> <span class='ocrx_word' id='word_1_643' title='bbox 2651 4169 2954 4231; x_wconf 71' lang='lat' dir='ltr'><strong>hircorum</strong></span> <span class='ocrx_word' id='word_1_644' title='bbox 2987 4169 3444 4250; x_wconf 72' lang='lat' dir='ltr'><strong>designabatiir.</strong></span> 
     </span>
    </p>
   </div>
   <div class='ocr_carea' id='block_1_92' title="bbox 2671 4281 3718 4342">
    <p class='ocr_par' dir='ltr' id='par_1_92' title="bbox 2671 4281 3718 4342">
     <span class='ocr_line' id='line_1_92' title="bbox 2671 4281 3718 4342; baseline -0.002 -4"><span class='ocrx_word' id='word_1_645' title='bbox 2671 4281 3014 4340; x_wconf 76' lang='lat' dir='ltr'><strong>Auaaosws</strong></span> <span class='ocrx_word' id='word_1_646' title='bbox 3045 4283 3428 4342; x_wconf 76' lang='lat' dir='ltr'><strong>Smrmcumo</strong></span> <span class='ocrx_word' id='word_1_647' title='bbox 3461 4286 3718 4342; x_wconf 88' lang='lat' dir='ltr'><strong>salutem.</strong></span> 
     </span>
    </p>
   </div>
   <div class='ocr_carea' id='block_1_93' title="bbox 2441 4387 3924 4464">
    <p class='ocr_par' dir='ltr' id='par_1_93' title="bbox 2441 4387 3924 4464">
     <span class='ocr_line' id='line_1_93' title="bbox 2441 4387 3924 4464; baseline -0.001 -22"><span class='ocrx_word' id='word_1_648' title='bbox 2441 4389 2492 4444; x_wconf 88' lang='grc'><strong>1.</strong></span> <span class='ocrx_word' id='word_1_649' title='bbox 2517 4387 2781 4454; x_wconf 89' lang='lat' dir='ltr'><strong>Quantus</strong></span> <span class='ocrx_word' id='word_1_650' title='bbox 2805 4391 2882 4445; x_wconf 90' lang='lat' dir='ltr'><strong>sit</strong></span> <span class='ocrx_word' id='word_1_651' title='bbox 2903 4393 3319 4464; x_wconf 89' lang='lat' dir='ltr'><strong>unusquisque</strong></span> <span class='ocrx_word' id='word_1_652' title='bbox 3343 4395 3404 4448; x_wconf 92' lang='lat' dir='ltr'><strong>in</strong></span> <span class='ocrx_word' id='word_1_653' title='bbox 3427 4411 3538 4449; x_wconf 91' lang='lat' dir='ltr'><strong>suo</strong></span> <span class='ocrx_word' id='word_1_654' title='bbox 3560 4405 3791 4458; x_wconf 86' lang='lat' dir='ltr'><strong>munere,</strong></span> <span class='ocrx_word' id='word_1_655' title='bbox 3809 4395 3924 4440; x_wconf 73' lang='lat' dir='ltr'><strong>exem-</strong></span> 
     </span>
    </p>
   </div>
   <div class='ocr_carea' id='block_1_94' title="bbox 2368 4471 3924 4553">
    <p class='ocr_par' dir='ltr' id='par_1_94' title="bbox 2368 4471 3924 4553">
     <span class='ocr_line' id='line_1_94' title="bbox 2368 4471 3924 4553; baseline 0.003 -21"><span class='ocrx_word' id='word_1_656' title='bbox 2368 4478 2464 4549; x_wconf 88' lang='lat' dir='ltr'><strong>plo</strong></span> <span class='ocrx_word' id='word_1_657' title='bbox 2495 4479 2669 4533; x_wconf 83' lang='lat' dir='ltr'><strong>debet</strong></span> <span class='ocrx_word' id='word_1_658' title='bbox 2689 4494 2828 4534; x_wconf 90' lang='lat' dir='ltr'><strong>esse</strong></span> <span class='ocrx_word' id='word_1_659' title='bbox 2849 4479 3044 4550; x_wconf 89' lang='lat' dir='ltr'><strong>lectio,</strong></span> <span class='ocrx_word' id='word_1_660' title='bbox 3077 4481 3249 4553; x_wconf 79' lang='lat' dir='ltr'><strong>quaej</strong></span> <span class='ocrx_word' id='word_1_661' title='bbox 3261 4497 3366 4538; x_wconf 88' lang='lat' dir='ltr'><strong>ure</strong></span> <span class='ocrx_word' id='word_1_662' title='bbox 3387 4487 3446 4539; x_wconf 91' lang='lat' dir='ltr'><strong>te</strong></span> <span class='ocrx_word' id='word_1_663' title='bbox 3466 4483 3660 4550; x_wconf 91' lang='lat' dir='ltr'><strong>movit,</strong></span> <span class='ocrx_word' id='word_1_664' title='bbox 3691 4475 3816 4552; x_wconf 83' lang='lat' dir='ltr'><strong>quod</strong></span> <span class='ocrx_word' id='word_1_665' title='bbox 3832 4471 3924 4537; x_wconf 66' lang='lat' dir='ltr'><strong>MOY&#39;</strong></span> 
     </span>
    </p>
   </div>
   <div class='ocr_carea' id='block_1_95' title="bbox 588 4539 3922 4646">
    <p class='ocr_par' dir='ltr' id='par_1_95' title="bbox 588 4539 3922 4646">
     <span class='ocr_line' id='line_1_95' title="bbox 588 4539 3922 4646; baseline 0.011 -34"><span class='ocrx_word' id='word_1_666' title='bbox 588 4539 708 4614; x_wconf 81' lang='lat' dir='ltr'><strong>vita</strong></span> <span class='ocrx_word' id='word_1_667' title='bbox 754 4575 934 4618; x_wconf 88' lang='lat' dir='ltr'><strong>verus</strong></span> <span class='ocrx_word' id='word_1_668' title='bbox 981 4560 1136 4618; x_wconf 89' lang='lat' dir='ltr'><strong>ultor</strong></span> <span class='ocrx_word' id='word_1_669' title='bbox 1179 4567 1235 4620; x_wconf 91' lang='lat' dir='ltr'><strong>et</strong></span> <span class='ocrx_word' id='word_1_670' title='bbox 1279 4565 1516 4640; x_wconf 86' lang='lat' dir='ltr'><strong>vindex,</strong></span> <span class='ocrx_word' id='word_1_671' title='bbox 1551 4571 1652 4642; x_wconf 93' lang='lat' dir='ltr'><strong>qui</strong></span> <span class='ocrx_word' id='word_1_672' title='bbox 1683 4587 1919 4628; x_wconf 88' lang='lat' dir='ltr'><strong>carnem</strong></span> <span class='ocrx_word' id='word_1_673' title='bbox 1950 4574 2249 4646; x_wconf 87' lang='lat' dir='ltr'><strong>interimit,</strong></span> <span class='ocrx_word' id='word_1_674' title='bbox 2285 4539 2340 4600; x_wconf 84' lang='lat' dir='ltr'><strong>D</strong></span> <span class='ocrx_word' id='word_1_675' title='bbox 2369 4583 2471 4624; x_wconf 77' lang='lat'><strong>88$</strong></span> <span class='ocrx_word' id='word_1_676' title='bbox 2501 4567 2617 4639; x_wconf 71' lang='lat' dir='ltr'><strong>ille.</strong></span> <span class='ocrx_word' id='word_1_677' title='bbox 2651 4584 2766 4640; x_wconf 82' lang='lat' dir='ltr'><strong>quo</strong></span> <span class='ocrx_word' id='word_1_678' title='bbox 2798 4585 2969 4624; x_wconf 74' lang='lat' dir='ltr'><strong>nemo</strong></span> <span class='ocrx_word' id='word_1_679' title='bbox 3001 4571 3359 4639; x_wconf 69' lang='lat' dir='ltr'><strong>Praesentius</strong></span> <span class='ocrx_word' id='word_1_680' title='bbox 3411 4572 3593 4628; x_wconf 74' lang='lat' dir='ltr'><strong>Deum</strong></span> <span class='ocrx_word' id='word_1_681' title='bbox 3637 4569 3764 4623; x_wconf 59' lang='lat' dir='ltr'><strong>&quot;id&quot;</strong></span> <span class='ocrx_word' id='word_1_682' title='bbox 3800 4563 3922 4631; x_wconf 56' lang='lat' dir='ltr'><strong>(Mm</strong></span> 
     </span>
    </p>
   </div>
   <div class='ocr_carea' id='block_1_96' title="bbox 657 4702 2256 4779">
    <p class='ocr_par' dir='ltr' id='par_1_96' title="bbox 657 4702 2256 4779">
     <span class='ocr_line' id='line_1_96' title="bbox 657 4702 2256 4779; baseline 0.011 -22"><span class='ocrx_word' id='word_1_683' title='bbox 657 4702 772 4773; x_wconf 82' lang='lat'><strong>(4&#39;7)</strong></span> <span class='ocrx_word' id='word_1_684' title='bbox 814 4705 989 4779; x_wconf 76' lang='lat' dir='ltr'><strong>Rom.</strong></span> <span class='ocrx_word' id='word_1_685' title='bbox 1035 4707 1170 4763; x_wconf 89' lang='lat' dir='ltr'><strong>edit.</strong></span> <span class='ocrx_word' id='word_1_686' title='bbox 1225 4708 1374 4779; x_wconf 91' lang='lat' dir='ltr'><strong>sola,</strong></span> <span class='ocrx_word' id='word_1_687' title='bbox 1427 4735 1446 4759; x_wconf 79' lang='grc' dir='ltr'>ιι</span> <span class='ocrx_word' id='word_1_688' title='bbox 1503 4712 1654 4768; x_wconf 89' lang='lat' dir='ltr'><strong>Dicit</strong></span> <span class='ocrx_word' id='word_1_689' title='bbox 1701 4716 1902 4772; x_wconf 91' lang='lat' dir='ltr'><strong>enim:</strong></span> <span class='ocrx_word' id='word_1_690' title='bbox 1939 4717 2129 4773; x_wconf 88' lang='lat' dir='ltr'><strong>Iratus</strong></span> <span class='ocrx_word' id='word_1_691' title='bbox 2169 4719 2256 4774; x_wconf 89' lang='lat' dir='ltr'><strong>ira</strong></span> 
     </span>
    </p>
   </div>
   <div class='ocr_carea' id='block_1_97' title="bbox 588 4772 2258 4849">
    <p class='ocr_par' dir='ltr' id='par_1_97' title="bbox 588 4772 2258 4849">
     <span class='ocr_line' id='line_1_97' title="bbox 588 4772 2258 4849; baseline 0.011 -23"><span class='ocrx_word' id='word_1_692' title='bbox 588 4772 830 4849; x_wconf 74' lang='lat' dir='ltr'><strong>Moyses</strong></span> <span class='ocrx_word' id='word_1_693' title='bbox 859 4777 1113 4849; x_wconf 77' lang='lat' dir='ltr'><strong>projecit</strong></span> <span class='ocrx_word' id='word_1_694' title='bbox 1140 4780 1211 4835; x_wconf 90' lang='lat' dir='ltr'><strong>de</strong></span> <span class='ocrx_word' id='word_1_695' title='bbox 1244 4772 1516 4839; x_wconf 82' lang='lat' dir='ltr'><strong>manibus</strong></span> <span class='ocrx_word' id='word_1_696' title='bbox 1548 4785 1676 4839; x_wconf 90' lang='lat' dir='ltr'><strong>suis</strong></span> <span class='ocrx_word' id='word_1_697' title='bbox 1725 4786 1874 4842; x_wconf 91' lang='lat' dir='ltr'><strong>duas</strong></span> <span class='ocrx_word' id='word_1_698' title='bbox 1922 4772 2154 4844; x_wconf 87' lang='lat' dir='ltr'><strong>tabulas</strong></span> <span class='ocrx_word' id='word_1_699' title='bbox 2194 4772 2258 4844; x_wconf 81' lang='lat' dir='ltr'><strong>et</strong></span> 
     </span>
    </p>
   </div>
   <div class='ocr_carea' id='block_1_98' title="bbox 592 4844 2254 4932">
    <p class='ocr_par' dir='ltr' id='par_1_98' title="bbox 592 4844 2254 4932">
     <span class='ocr_line' id='line_1_98' title="bbox 592 4844 2254 4932; baseline 0.012 -36"><span class='ocrx_word' id='word_1_700' title='bbox 592 4844 887 4932; x_wconf 63' lang='lat' dir='ltr'><strong>confregit</strong></span> <span class='ocrx_word' id='word_1_701' title='bbox 931 4844 1072 4932; x_wconf 40' lang='lat' dir='ltr'><strong>sub.</strong></span> <span class='ocrx_word' id='word_1_702' title='bbox 1095 4857 1421 4932; x_wconf 71' lang='lat' dir='ltr'><strong>monte,__et</strong></span> <span class='ocrx_word' id='word_1_703' title='bbox 1465 4856 1768 4932; x_wconf 84' lang='lat' dir='ltr'><strong>accipiens</strong></span> <span class='ocrx_word' id='word_1_704' title='bbox 1799 4860 2042 4915; x_wconf 88' lang='lat' dir='ltr'><strong>vitulum</strong></span> <span class='ocrx_word' id='word_1_705' title='bbox 2077 4876 2254 4932; x_wconf 90' lang='lat' dir='ltr'><strong>quem</strong></span> 
     </span>
    </p>
   </div>
   <div class='ocr_carea' id='block_1_99' title="bbox 587 4913 2247 5002">
    <p class='ocr_par' dir='ltr' id='par_1_99' title="bbox 587 4913 2247 5002">
     <span class='ocr_line' id='line_1_99' title="bbox 587 4913 2247 5002; baseline 0.013 -34"><span class='ocrx_word' id='word_1_706' title='bbox 587 4913 868 5002; x_wconf 61' lang='lat' dir='ltr'><strong>fecerant,</strong></span> <span class='ocrx_word' id='word_1_707' title='bbox 924 4921 1256 5002; x_wconf 82' lang='lat' dir='ltr'><strong>combussit</strong></span> <span class='ocrx_word' id='word_1_708' title='bbox 1299 4913 1463 4980; x_wconf 87' lang='lat' dir='ltr'><strong>illum</strong></span> <span class='ocrx_word' id='word_1_709' title='bbox 1511 4913 1670 5000; x_wconf 73' lang='lat' dir='ltr'><strong>igne,</strong></span> <span class='ocrx_word' id='word_1_710' title='bbox 1721 4933 1778 4985; x_wconf 90' lang='lat' dir='ltr'><strong>et</strong></span> <span class='ocrx_word' id='word_1_711' title='bbox 1807 4913 2115 5002; x_wconf 57' lang='lat' dir='ltr'><strong>contrivit:</strong></span> <span class='ocrx_word' id='word_1_712' title='bbox 2135 4938 2247 4988; x_wconf 90' lang='lat' dir='ltr'><strong>etc.</strong></span> 
     </span>
    </p>
   </div>
   <div class='ocr_carea' id='block_1_100' title="bbox 589 4983 1239 5065">
    <p class='ocr_par' dir='ltr' id='par_1_100' title="bbox 589 4983 1239 5065">
     <span class='ocr_line' id='line_1_100' title="bbox 589 4983 1239 5065; baseline 0.008 -26"><span class='ocrx_word' id='word_1_713' title='bbox 589 4983 985 5065; x_wconf 63' lang='lat' dir='ltr'><strong>Fractai_sunt</strong></span> <span class='ocrx_word' id='word_1_714' title='bbox 1013 5009 1178 5065; x_wconf 88' lang='lat' dir='ltr'><strong>ergo.</strong></span> <span class='ocrx_word' id='word_1_715' title='bbox 1219 5020 1239 5044; x_wconf 77' lang='grc' dir='ltr'><strong>ιι</strong></span> 
     </span>
    </p>
   </div>
   <div class='ocr_carea' id='block_1_101' title="bbox 655 5056 2250 5144">
    <p class='ocr_par' dir='ltr' id='par_1_101' title="bbox 655 5056 2250 5144">
     <span class='ocr_line' id='line_1_101' title="bbox 655 5056 2250 5144; baseline 0.003 -18"><span class='ocrx_word' id='word_1_716' title='bbox 655 5056 1052 5144; x_wconf 55' lang='lat' dir='ltr'><strong>(43)_T}&#39;phu§</strong></span> <span class='ocrx_word' id='word_1_717' title='bbox 1083 5056 1253 5144; x_wconf 43' lang='lat' dir='ltr'><strong>“apud</strong></span> <span class='ocrx_word' id='word_1_718' title='bbox 1297 5071 1594 5144; x_wconf 61' lang='lat' dir='ltr'><strong>auctores</strong></span> <span class='ocrx_word' id='word_1_719' title='bbox 1639 5073 2083 5130; x_wconf 88' lang='lat' dir='ltr'><strong>ecclesiasticos</strong></span> <span class='ocrx_word' id='word_1_720' title='bbox 2143 5092 2250 5144; x_wconf 89' lang='lat' dir='ltr'><strong>pro</strong></span> 
     </span>
    </p>
   </div>
   <div class='ocr_carea' id='block_1_102' title="bbox 590 5129 2250 5227">
    <p class='ocr_par' dir='ltr' id='par_1_102' title="bbox 590 5129 2250 5227">
     <span class='ocr_line' id='line_1_102' title="bbox 590 5129 2250 5227; baseline 0.012 -45"><span class='ocrx_word' id='word_1_721' title='bbox 590 5129 870 5227; x_wconf 69' lang='lat' dir='ltr'><strong>superbia</strong></span> <span class='ocrx_word' id='word_1_722' title='bbox 900 5129 971 5187; x_wconf 18' lang='lat' dir='ltr'><strong>iet</strong></span> <span class='ocrx_word' id='word_1_723' title='bbox 1011 5129 1170 5227; x_wconf 69' lang='lat' dir='ltr'><strong>fastu</strong></span> <span class='ocrx_word' id='word_1_724' title='bbox 1218 5141 1490 5227; x_wconf 47' lang='lat' dir='ltr'><strong>sumitur:</strong></span> <span class='ocrx_word' id='word_1_725' title='bbox 1543 5141 1692 5197; x_wconf 88' lang='lat' dir='ltr'><strong>Nam</strong></span> <span class='ocrx_word' id='word_1_726' title='bbox 1741 5161 1855 5199; x_wconf 88' lang='lat' dir='ltr'><strong>vox</strong></span> <span class='ocrx_word' id='word_1_727' title='bbox 1893 5157 2062 5227; x_wconf 77' lang='grc' dir='ltr'><strong>τῦφος,</strong></span> <span class='ocrx_word' id='word_1_728' title='bbox 2097 5129 2250 5202; x_wconf 75' lang='lat' dir='ltr'><strong>unde</strong></span> 
     </span>
    </p>
   </div>
   <div class='ocr_carea' id='block_1_103' title="bbox 588 5207 1610 5292">
    <p class='ocr_par' dir='ltr' id='par_1_103' title="bbox 588 5207 1610 5292">
     <span class='ocr_line' id='line_1_103' title="bbox 588 5207 1610 5292; baseline 0.016 -31"><span class='ocrx_word' id='word_1_729' title='bbox 588 5207 793 5292; x_wconf 64' lang='lat' dir='ltr'><strong>oritur,</strong></span> <span class='ocrx_word' id='word_1_730' title='bbox 825 5215 1263 5292; x_wconf 77' lang='lat' dir='ltr'><strong>propefumum</strong></span> <span class='ocrx_word' id='word_1_731' title='bbox 1293 5219 1610 5292; x_wconf 85' lang='lat' dir='ltr'><strong>signiﬁcat.</strong></span> 
     </span>
    </p>
   </div>
   <div class='ocr_carea' id='block_1_104' title="bbox 668 5282 2246 5368">
    <p class='ocr_par' dir='ltr' id='par_1_104' title="bbox 668 5282 2246 5368">
     <span class='ocr_line' id='line_1_104' title="bbox 668 5282 2246 5368; baseline 0.01 -31"><span class='ocrx_word' id='word_1_732' title='bbox 668 5282 782 5368; x_wconf 61' lang='lat'><strong>(49)</strong></span> <span class='ocrx_word' id='word_1_733' title='bbox 821 5284 903 5368; x_wconf 80' lang='lat' dir='ltr'><strong>Ita</strong></span> <span class='ocrx_word' id='word_1_734' title='bbox 935 5289 1051 5343; x_wconf 85' lang='lat' dir='ltr'><strong>vet.</strong></span> <span class='ocrx_word' id='word_1_735' title='bbox 1085 5288 1222 5368; x_wconf 81' lang='lat' dir='ltr'><strong>edit.</strong></span> <span class='ocrx_word' id='word_1_736' title='bbox 1256 5282 1568 5368; x_wconf 59' lang='lat' dir='ltr'><strong>cunctique</strong></span> <span class='ocrx_word' id='word_1_737' title='bbox 1603 5311 1748 5368; x_wconf 82' lang='lat' dir='ltr'><strong>mss.</strong></span> <span class='ocrx_word' id='word_1_738' title='bbox 1780 5297 1894 5352; x_wconf 91' lang='lat' dir='ltr'><strong>nisi</strong></span> <span class='ocrx_word' id='word_1_739' title='bbox 1940 5297 2096 5368; x_wconf 89' lang='lat' dir='ltr'><strong>quod</strong></span> <span class='ocrx_word' id='word_1_740' title='bbox 2140 5315 2246 5368; x_wconf 89' lang='lat' dir='ltr'><strong>pro</strong></span> 
     </span>
    </p>
   </div>
   <div class='ocr_carea' id='block_1_105' title="bbox 592 5356 2248 5437">
    <p class='ocr_par' dir='ltr' id='par_1_105' title="bbox 592 5356 2248 5437">
     <span class='ocr_line' id='line_1_105' title="bbox 592 5356 2248 5437; baseline 0.01 -29"><span class='ocrx_word' id='word_1_741' title='bbox 592 5383 614 5408; x_wconf 70' lang='grc' dir='ltr'><strong><em>α</em></strong></span> <span class='ocrx_word' id='word_1_742' title='bbox 665 5375 699 5413; x_wconf 90' lang='lat' dir='ltr'><strong>a</strong></span> <span class='ocrx_word' id='word_1_743' title='bbox 730 5356 1001 5437; x_wconf 81' lang='lat' dir='ltr'><strong>Domino_,</strong></span> <span class='ocrx_word' id='word_1_744' title='bbox 1056 5379 1078 5408; x_wconf 74' lang='grc' dir='ltr'><strong><em>ι</em></strong></span> <span class='ocrx_word' id='word_1_745' title='bbox 1125 5360 1184 5413; x_wconf 92' lang='lat' dir='ltr'><strong>in</strong></span> <span class='ocrx_word' id='word_1_746' title='bbox 1207 5356 1574 5437; x_wconf 67' lang='lat' dir='ltr'><strong>quibusdam</strong></span> <span class='ocrx_word' id='word_1_747' title='bbox 1603 5365 1818 5437; x_wconf 88' lang='lat' dir='ltr'><strong>legitur</strong></span> <span class='ocrx_word' id='word_1_748' title='bbox 1869 5391 1890 5416; x_wconf 77' lang='grc' dir='ltr'><strong>«ι</strong></span> <span class='ocrx_word' id='word_1_749' title='bbox 1943 5356 2015 5422; x_wconf 73' lang='lat' dir='ltr'><strong>ad</strong></span> <span class='ocrx_word' id='word_1_750' title='bbox 2047 5356 2248 5424; x_wconf 79' lang='lat' dir='ltr'><strong>Domi-</strong></span> 
     </span>
    </p>
   </div>
   <div class='ocr_carea' id='block_1_106' title="bbox 587 5431 2249 5499">
    <p class='ocr_par' dir='ltr' id='par_1_106' title="bbox 587 5431 2249 5499">
     <span class='ocr_line' id='line_1_106' title="bbox 587 5431 2249 5499; baseline 0.005 -12"><span class='ocrx_word' id='word_1_751' title='bbox 587 5445 768 5499; x_wconf 88' lang='lat' dir='ltr'><strong>num;</strong></span> <span class='ocrx_word' id='word_1_752' title='bbox 807 5453 828 5477; x_wconf 76' lang='lat' dir='ltr'><strong>n</strong></span> <span class='ocrx_word' id='word_1_753' title='bbox 864 5434 922 5485; x_wconf 90' lang='lat' dir='ltr'><strong>at</strong></span> <span class='ocrx_word' id='word_1_754' title='bbox 953 5432 1124 5486; x_wconf 83' lang='lat' dir='ltr'><strong>Rom.</strong></span> <span class='ocrx_word' id='word_1_755' title='bbox 1157 5431 1293 5487; x_wconf 89' lang='lat' dir='ltr'><strong>edit.</strong></span> <span class='ocrx_word' id='word_1_756' title='bbox 1327 5437 1510 5490; x_wconf 90' lang='lat' dir='ltr'><strong>totum</strong></span> <span class='ocrx_word' id='word_1_757' title='bbox 1543 5431 1736 5492; x_wconf 61' lang='lat' dir='ltr'><strong>locu&#39;m</strong></span> <span class='ocrx_word' id='word_1_758' title='bbox 1763 5439 2000 5494; x_wconf 79' lang='lat' dir='ltr'><strong>refinxit</strong></span> <span class='ocrx_word' id='word_1_759' title='bbox 2021 5439 2080 5494; x_wconf 91' lang='lat' dir='ltr'><strong>in</strong></span> <span class='ocrx_word' id='word_1_760' title='bbox 2097 5441 2249 5496; x_wconf 90' lang='lat' dir='ltr'><strong>hanc</strong></span> 
     </span>
    </p>
   </div>
   <div class='ocr_carea' id='block_1_107' title="bbox 587 5502 2252 5582">
    <p class='ocr_par' dir='ltr' id='par_1_107' title="bbox 587 5502 2252 5582">
     <span class='ocr_line' id='line_1_107' title="bbox 587 5502 2252 5582; baseline 0.004 -23"><span class='ocrx_word' id='word_1_761' title='bbox 587 5504 838 5582; x_wconf 76' lang='lat' dir='ltr'><strong>formam</strong></span> <span class='ocrx_word' id='word_1_762' title='bbox 871 5517 885 5556; x_wconf 87' lang='lat'><strong>:</strong></span> <span class='ocrx_word' id='word_1_763' title='bbox 924 5523 946 5553; x_wconf 76' lang='grc' dir='ltr'><strong>α</strong></span> <span class='ocrx_word' id='word_1_764' title='bbox 984 5502 1224 5582; x_wconf 67' lang='lat' dir='ltr'><strong>Moyses</strong></span> <span class='ocrx_word' id='word_1_765' title='bbox 1257 5504 1446 5582; x_wconf 85' lang='lat' dir='ltr'><strong>dixit_:</strong></span> <span class='ocrx_word' id='word_1_766' title='bbox 1483 5507 1544 5562; x_wconf 91' lang='lat' dir='ltr'><strong>Si</strong></span> <span class='ocrx_word' id='word_1_767' title='bbox 1577 5510 1712 5582; x_wconf 82' lang='lat' dir='ltr'><strong>quis</strong></span> <span class='ocrx_word' id='word_1_768' title='bbox 1759 5526 1792 5563; x_wconf 90' lang='lat' dir='ltr'><strong>a</strong></span> <span class='ocrx_word' id='word_1_769' title='bbox 1844 5511 2112 5582; x_wconf 90' lang='lat' dir='ltr'><strong>Domino,</strong></span> <span class='ocrx_word' id='word_1_770' title='bbox 2147 5528 2252 5566; x_wconf 83' lang='lat' dir='ltr'><strong>ve-</strong></span> 
     </span>
    </p>
   </div>
   <div class='ocr_carea' id='block_1_108' title="bbox 588 5573 2257 5649">
    <p class='ocr_par' dir='ltr' id='par_1_108' title="bbox 588 5573 2257 5649">
     <span class='ocr_line' id='line_1_108' title="bbox 588 5573 2257 5649; baseline 0.005 -20"><span class='ocrx_word' id='word_1_771' title='bbox 588 5573 808 5649; x_wconf 28' lang='lat' dir='ltr'><strong>niatAad</strong></span> <span class='ocrx_word' id='word_1_772' title='bbox 840 5589 952 5649; x_wconf 73' lang='lat' dir='ltr'><strong>me.</strong></span> <span class='ocrx_word' id='word_1_773' title='bbox 987 5573 1056 5649; x_wconf 80' lang='lat' dir='ltr'><strong>Et</strong></span> <span class='ocrx_word' id='word_1_774' title='bbox 1088 5578 1432 5649; x_wconf 87' lang='lat' dir='ltr'><strong>congregati</strong></span> <span class='ocrx_word' id='word_1_775' title='bbox 1466 5573 1611 5634; x_wconf 80' lang='lat' dir='ltr'><strong>sunt</strong></span> <span class='ocrx_word' id='word_1_776' title='bbox 1635 5580 1707 5636; x_wconf 83' lang='lat' dir='ltr'><strong>ad</strong></span> <span class='ocrx_word' id='word_1_777' title='bbox 1739 5597 1873 5647; x_wconf 86' lang='lat' dir='ltr'><strong>eum</strong></span> <span class='ocrx_word' id='word_1_778' title='bbox 1905 5573 2112 5639; x_wconf 81' lang='lat' dir='ltr'><strong>omnes</strong></span> <span class='ocrx_word' id='word_1_779' title='bbox 2154 5583 2257 5638; x_wconf 80' lang='lat' dir='ltr'><strong>filii</strong></span> 
     </span>
    </p>
   </div>
   <div class='ocr_carea' id='block_1_109' title="bbox 590 5645 2260 5724">
    <p class='ocr_par' dir='ltr' id='par_1_109' title="bbox 590 5645 2260 5724">
     <span class='ocr_line' id='line_1_109' title="bbox 590 5645 2260 5724; baseline 0.007 -25"><span class='ocrx_word' id='word_1_780' title='bbox 590 5645 768 5724; x_wconf 80' lang='lat' dir='ltr'><strong>Levi;</strong></span> <span class='ocrx_word' id='word_1_781' title='bbox 802 5649 860 5700; x_wconf 91' lang='lat' dir='ltr'><strong>et</strong></span> <span class='ocrx_word' id='word_1_782' title='bbox 889 5645 1102 5700; x_wconf 88' lang='lat' dir='ltr'><strong>dixit...</strong></span> <span class='ocrx_word' id='word_1_783' title='bbox 1128 5645 1598 5724; x_wconf 25' lang='lat' dir='ltr'><strong>Aet&#39;per&#39;transitc,</strong></span> <span class='ocrx_word' id='word_1_784' title='bbox 1631 5655 1688 5705; x_wconf 89' lang='lat' dir='ltr'><strong>et</strong></span> <span class='ocrx_word' id='word_1_785' title='bbox 1716 5645 1901 5708; x_wconf 88' lang='lat' dir='ltr'><strong>redite</strong></span> <span class='ocrx_word' id='word_1_786' title='bbox 1930 5669 1962 5708; x_wconf 90' lang='lat' dir='ltr'><strong>a</strong></span> <span class='ocrx_word' id='word_1_787' title='bbox 1994 5658 2160 5724; x_wconf 88' lang='lat' dir='ltr'><strong>porta</strong></span> <span class='ocrx_word' id='word_1_788' title='bbox 2200 5656 2260 5710; x_wconf 88' lang='lat' dir='ltr'><strong>in</strong></span> 
     </span>
    </p>
   </div>
   <div class='ocr_carea' id='block_1_110' title="bbox 589 5719 2254 5796">
    <p class='ocr_par' dir='ltr' id='par_1_110' title="bbox 589 5719 2254 5796">
     <span class='ocr_line' id='line_1_110' title="bbox 589 5719 2254 5796; baseline 0.007 -27"><span class='ocrx_word' id='word_1_789' title='bbox 589 5719 815 5796; x_wconf 83' lang='lat' dir='ltr'><strong>portam</strong></span> <span class='ocrx_word' id='word_1_790' title='bbox 863 5731 969 5785; x_wconf 89' lang='lat' dir='ltr'><strong>per</strong></span> <span class='ocrx_word' id='word_1_791' title='bbox 1015 5720 1209 5796; x_wconf 84' lang='lat' dir='ltr'><strong>castra</strong></span> <span class='ocrx_word' id='word_1_792' title='bbox 1243 5735 1255 5774; x_wconf 89' lang='lat'>:</span> <span class='ocrx_word' id='word_1_793' title='bbox 1291 5723 1348 5796; x_wconf 83' lang='lat' dir='ltr'><strong>et</strong></span> <span class='ocrx_word' id='word_1_794' title='bbox 1377 5722 1627 5776; x_wconf 89' lang='lat' dir='ltr'><strong>occidite</strong></span> <span class='ocrx_word' id='word_1_795' title='bbox 1651 5719 2091 5796; x_wconf 69' lang='lat' dir='ltr'><strong>unusquisque</strong></span> <span class='ocrx_word' id='word_1_796' title='bbox 2133 5727 2254 5781; x_wconf 81' lang='lat' dir='ltr'><strong>fra-</strong></span> 
     </span>
    </p>
   </div>
   <div class='ocr_carea' id='block_1_111' title="bbox 587 5789 2250 5868">
    <p class='ocr_par' dir='ltr' id='par_1_111' title="bbox 587 5789 2250 5868">
     <span class='ocr_line' id='line_1_111' title="bbox 587 5789 2250 5868; baseline 0.007 -26"><span class='ocrx_word' id='word_1_797' title='bbox 587 5789 737 5842; x_wconf 87' lang='lat' dir='ltr'><strong>trem</strong></span> <span class='ocrx_word' id='word_1_798' title='bbox 754 5800 949 5856; x_wconf 88' lang='lat' dir='ltr'><strong>suum,</strong></span> <span class='ocrx_word' id='word_1_799' title='bbox 983 5790 1039 5843; x_wconf 89' lang='lat' dir='ltr'><strong>ct</strong></span> <span class='ocrx_word' id='word_1_800' title='bbox 1061 5791 1474 5862; x_wconf 88' lang='lat' dir='ltr'><strong>unusquisque</strong></span> <span class='ocrx_word' id='word_1_801' title='bbox 1495 5793 1827 5863; x_wconf 84' lang='lat' dir='ltr'><strong>proximum</strong></span> <span class='ocrx_word' id='word_1_802' title='bbox 1853 5789 2054 5868; x_wconf 75' lang='lat' dir='ltr'><strong>suum,</strong></span> <span class='ocrx_word' id='word_1_803' title='bbox 2092 5821 2112 5847; x_wconf 77' lang='grc' dir='ltr'><strong>υ</strong></span> <span class='ocrx_word' id='word_1_804' title='bbox 2139 5801 2250 5854; x_wconf 92' lang='lat' dir='ltr'><strong>etc.</strong></span> 
     </span>
    </p>
   </div>
   <div class='ocr_carea' id='block_1_112' title="bbox 2440 4701 3928 4780">
    <p class='ocr_par' dir='ltr' id='par_1_112' title="bbox 2440 4701 3928 4780">
     <span class='ocr_line' id='line_1_112' title="bbox 2440 4701 3928 4780; baseline 0.001 -16"><span class='ocrx_word' id='word_1_805' title='bbox 2440 4709 2552 4780; x_wconf 87' lang='lat'><strong>(50)</strong></span> <span class='ocrx_word' id='word_1_806' title='bbox 2591 4711 2718 4765; x_wconf 90' lang='lat' dir='ltr'><strong>Duo</strong></span> <span class='ocrx_word' id='word_1_807' title='bbox 2749 4727 2922 4780; x_wconf 90' lang='lat' dir='ltr'><strong>mss.,</strong></span> <span class='ocrx_word' id='word_1_808' title='bbox 2977 4711 3114 4767; x_wconf 81' lang='lat' dir='ltr'><strong>fidei</strong></span> <span class='ocrx_word' id='word_1_809' title='bbox 3153 4718 3540 4768; x_wconf 88' lang='lat' dir='ltr'><strong>revocaretur</strong></span> <span class='ocrx_word' id='word_1_810' title='bbox 3581 4713 3752 4768; x_wconf 88' lang='lat' dir='ltr'><strong>virtus</strong></span> <span class='ocrx_word' id='word_1_811' title='bbox 3781 4724 3792 4762; x_wconf 87' lang='lat'><strong>:</strong></span> <span class='ocrx_word' id='word_1_812' title='bbox 3820 4728 3835 4753; x_wconf 75' lang='grc' dir='ltr'><strong><em>ι</em></strong></span> <span class='ocrx_word' id='word_1_813' title='bbox 3872 4701 3928 4780; x_wconf 56' lang='grc' dir='ltr'><strong>θξὶξ</strong></span> 
     </span>
    </p>
   </div>
   <div class='ocr_carea' id='block_1_113' title="bbox 2370 4771 3928 4850">
    <p class='ocr_par' dir='ltr' id='par_1_113' title="bbox 2370 4771 3928 4850">
     <span class='ocr_line' id='line_1_113' title="bbox 2370 4771 3928 4850; baseline -0.005 -14"><span class='ocrx_word' id='word_1_814' title='bbox 2370 4771 2628 4850; x_wconf 78' lang='lat' dir='ltr'><strong>totidem,</strong></span> <span class='ocrx_word' id='word_1_815' title='bbox 2668 4805 2690 4830; x_wconf 72' lang='grc' dir='ltr'><strong>«ι</strong></span> <span class='ocrx_word' id='word_1_816' title='bbox 2725 4782 2838 4837; x_wconf 84' lang='lat' dir='ltr'><strong>fide</strong></span> <span class='ocrx_word' id='word_1_817' title='bbox 2870 4771 3254 4838; x_wconf 84' lang='lat' dir='ltr'><strong>revocaretur</strong></span> <span class='ocrx_word' id='word_1_818' title='bbox 3287 4790 3342 4840; x_wconf 92' lang='lat' dir='ltr'><strong>et</strong></span> <span class='ocrx_word' id='word_1_819' title='bbox 3374 4787 3602 4848; x_wconf 91' lang='lat' dir='ltr'><strong>virtus;</strong></span> <span class='ocrx_word' id='word_1_820' title='bbox 3638 4807 3658 4831; x_wconf 68' lang='grc' dir='ltr'><strong>ο</strong></span> <span class='ocrx_word' id='word_1_821' title='bbox 3707 4785 3755 4835; x_wconf 90' lang='lat' dir='ltr'><strong>at</strong></span> <span class='ocrx_word' id='word_1_822' title='bbox 3779 4771 3928 4850; x_wconf 56' lang='lat' dir='ltr'><strong>curnt!</strong></span> 
     </span>
    </p>
   </div>
   <div class='ocr_carea' id='block_1_114' title="bbox 2371 4843 3955 4981">
    <p class='ocr_par' dir='ltr' id='par_1_114' title="bbox 2371 4843 3955 4981">
     <span class='ocr_line' id='line_1_114' title="bbox 2371 4843 3955 4939; baseline -0.008 -32"><span class='ocrx_word' id='word_1_823' title='bbox 2371 4843 2642 4924; x_wconf 80' lang='lat' dir='ltr'><strong>quatuor,</strong></span> <span class='ocrx_word' id='word_1_824' title='bbox 2694 4858 2816 4908; x_wconf 89' lang='lat' dir='ltr'><strong>tum</strong></span> <span class='ocrx_word' id='word_1_825' title='bbox 2847 4854 2942 4908; x_wconf 89' lang='lat' dir='ltr'><strong>alii</strong></span> <span class='ocrx_word' id='word_1_826' title='bbox 2975 4871 3079 4925; x_wconf 89' lang='lat' dir='ltr'><strong>pro</strong></span> <span class='ocrx_word' id='word_1_827' title='bbox 3124 4871 3155 4910; x_wconf 93' lang='lat' dir='ltr'><strong>e</strong></span> <span class='ocrx_word' id='word_1_828' title='bbox 3177 4855 3248 4909; x_wconf 89' lang='lat' dir='ltr'><strong>ad</strong></span> <span class='ocrx_word' id='word_1_829' title='bbox 3271 4873 3452 4910; x_wconf 88' lang='lat' dir='ltr'><strong>unum</strong></span> <span class='ocrx_word' id='word_1_830' title='bbox 3476 4843 3743 4936; x_wconf 76' lang='lat' dir='ltr'><strong>omittunt,</strong></span> <span class='ocrx_word' id='word_1_831' title='bbox 3769 4851 3850 4932; x_wconf 48' lang='lat' dir='ltr'><strong>{ut</strong></span> <span class='ocrx_word' id='word_1_832' title='bbox 3876 4843 3932 4939; x_wconf 43' lang='lat' dir='ltr'><strong>de</strong></span> 
     </span>
     <span class='ocr_line' id='line_1_115' title="bbox 2372 4872 3930 4981; baseline -0.004 -2"><span class='ocrx_word' id='word_1_833' title='bbox 2372 4930 2720 4981; x_wconf 87' lang='lat' dir='ltr'><strong>secaretur:</strong></span> <span class='ocrx_word' id='word_1_834' title='bbox 2769 4948 2790 4972; x_wconf 73' lang='grc' dir='ltr'><strong>ι»</strong></span> <span class='ocrx_word' id='word_1_835' title='bbox 2827 4941 2958 4981; x_wconf 71' lang='lat' dir='ltr'><strong>uuae</strong></span> <span class='ocrx_word' id='word_1_836' title='bbox 2980 4872 3160 4981; x_wconf 44' lang='grc' dir='ltr'><strong>γει-ξε</strong></span> <span class='ocrx_word' id='word_1_837' title='bbox 3183 4931 3238 4981; x_wconf 90' lang='lat' dir='ltr'><strong>et</strong></span> <span class='ocrx_word' id='word_1_838' title='bbox 3277 4927 3337 4980; x_wconf 87' lang='lat' dir='ltr'><strong>in</strong></span> <span class='ocrx_word' id='word_1_839' title='bbox 3370 4929 3597 4981; x_wconf 90' lang='lat' dir='ltr'><strong>cunctis</strong></span> <span class='ocrx_word' id='word_1_840' title='bbox 3627 4926 3746 4981; x_wconf 79' lang='lat' dir='ltr'><strong>edit.</strong></span> <span class='ocrx_word' id='word_1_841' title='bbox 3773 4931 3930 4974; x_wconf 67' lang='lat' dir='ltr'><strong>lmen--</strong></span> 
     </span>
    </p>
   </div>
   <div class='ocr_carea' id='block_1_115' title="bbox 2372 4926 3930 5005">
    <p class='ocr_par' dir='ltr' id='par_1_115' title="bbox 2372 4926 3930 5005">
     <span class='ocr_line' id='line_1_116' title="bbox 2372 4926 3930 5005; baseline -0.003 -26"><span class='ocrx_word' id='word_1_842' title='bbox 2372 4930 2720 4995; x_wconf 87' lang='lat' dir='ltr'><strong>secaretur;</strong></span> <span class='ocrx_word' id='word_1_843' title='bbox 2769 4948 2790 4972; x_wconf 74' lang='grc' dir='ltr'><strong>ι»</strong></span> <span class='ocrx_word' id='word_1_844' title='bbox 2827 4941 2958 4996; x_wconf 67' lang='lat' dir='ltr'><strong>quae</strong></span> <span class='ocrx_word' id='word_1_845' title='bbox 2980 4926 3160 5005; x_wconf 74' lang='lat' dir='ltr'><strong>verba</strong></span> <span class='ocrx_word' id='word_1_846' title='bbox 3183 4931 3243 5005; x_wconf 78' lang='lat' dir='ltr'><strong>et</strong></span> <span class='ocrx_word' id='word_1_847' title='bbox 3277 4926 3746 5005; x_wconf 22' lang='lat' dir='ltr'><strong>intcunctisedit:</strong></span> <span class='ocrx_word' id='word_1_848' title='bbox 3773 4926 3930 5005; x_wconf 40' lang='lat' dir='ltr'><strong>infuli-</strong></span> 
     </span>
    </p>
   </div>
   <div class='ocr_carea' id='block_1_116' title="bbox 2371 4989 3930 5078">
    <p class='ocr_par' dir='ltr' id='par_1_116' title="bbox 2371 4989 3930 5078">
     <span class='ocr_line' id='line_1_117' title="bbox 2371 4989 3930 5078; baseline -0.003 -28"><span class='ocrx_word' id='word_1_849' title='bbox 2371 5002 2566 5078; x_wconf 68' lang='lat' dir='ltr'><strong>untur,</strong></span> <span class='ocrx_word' id='word_1_850' title='bbox 2593 5001 2648 5078; x_wconf 62' lang='lat' dir='ltr'><strong>et</strong></span> <span class='ocrx_word' id='word_1_851' title='bbox 2671 4989 2742 5051; x_wconf 81' lang='lat' dir='ltr'><strong>ad</strong></span> <span class='ocrx_word' id='word_1_852' title='bbox 2759 4989 3065 5078; x_wconf 64' lang='lat' dir='ltr'><strong>sententiis</strong></span> <span class='ocrx_word' id='word_1_853' title='bbox 3079 4999 3528 5078; x_wconf 78' lang='lat' dir='ltr'><strong>concinnitatem</strong></span> <span class='ocrx_word' id='word_1_854' title='bbox 3544 4994 3742 5078; x_wconf 71' lang='lat' dir='ltr'><strong>aliquid</strong></span> <span class='ocrx_word' id='word_1_855' title='bbox 3763 4989 3930 5078; x_wconf 44' lang='lat' dir='ltr'><strong>addit!!-</strong></span> 
     </span>
    </p>
   </div>
   <div class='ocr_carea' id='block_1_117' title="bbox 2443 5067 3934 5147">
    <p class='ocr_par' dir='ltr' id='par_1_117' title="bbox 2443 5067 3934 5147">
     <span class='ocr_line' id='line_1_118' title="bbox 2443 5067 3934 5147; baseline 0.007 -26"><span class='ocrx_word' id='word_1_856' title='bbox 2443 5067 2554 5139; x_wconf 83' lang='lat'><strong>(51)</strong></span> <span class='ocrx_word' id='word_1_857' title='bbox 2592 5067 2810 5122; x_wconf 89' lang='lat' dir='ltr'><strong>Omnes</strong></span> <span class='ocrx_word' id='word_1_858' title='bbox 2841 5069 3000 5147; x_wconf 75' lang='lat' dir='ltr'><strong>edit.,</strong></span> <span class='ocrx_word' id='word_1_859' title='bbox 3041 5092 3062 5114; x_wconf 79' lang='grc' dir='ltr'>α</span> <span class='ocrx_word' id='word_1_860' title='bbox 3096 5070 3280 5147; x_wconf 73' lang='lat' dir='ltr'><strong>nobis</strong></span> <span class='ocrx_word' id='word_1_861' title='bbox 3301 5067 3790 5147; x_wconf 43' lang='lat' dir='ltr'><strong>comparticipat&#39;og</strong></span> <span class='ocrx_word' id='word_1_862' title='bbox 3819 5082 3835 5108; x_wconf 89' lang='lat'><strong>&#39;</strong></span> <span class='ocrx_word' id='word_1_863' title='bbox 3861 5069 3934 5147; x_wconf 51' lang='grc' dir='ltr'><strong>Ἢ</strong></span> 
     </span>
    </p>
   </div>
   <div class='ocr_carea' id='block_1_118' title="bbox 2368 5125 3933 5220">
    <p class='ocr_par' dir='ltr' id='par_1_118' title="bbox 2368 5125 3933 5220">
     <span class='ocr_line' id='line_1_119' title="bbox 2368 5125 3933 5220; baseline 0.004 -27"><span class='ocrx_word' id='word_1_864' title='bbox 2368 5125 2475 5193; x_wconf 77' lang='lat' dir='ltr'><strong>nos</strong></span> <span class='ocrx_word' id='word_1_865' title='bbox 2508 5125 2680 5207; x_wconf 81' lang='lat' dir='ltr'><strong>mss.,</strong></span> <span class='ocrx_word' id='word_1_866' title='bbox 2719 5160 2739 5190; x_wconf 70' lang='grc' dir='ltr'>ι</span> <span class='ocrx_word' id='word_1_867' title='bbox 2774 5125 3086 5195; x_wconf 77' lang='lat' dir='ltr'><strong>nobiscum</strong></span> <span class='ocrx_word' id='word_1_868' title='bbox 3135 5125 3497 5220; x_wconf 65' lang='lat' dir='ltr'><strong>participato</strong></span> <span class='ocrx_word' id='word_1_869' title='bbox 3536 5165 3556 5188; x_wconf 76' lang='grc' dir='ltr'><strong>ι»</strong></span> <span class='ocrx_word' id='word_1_870' title='bbox 3714 5125 3933 5220; x_wconf 43' lang='grc' dir='ltr'><strong>ὶῐιῖιζῆ-ΫΫ</strong></span> 
     </span>
    </p>
   </div>
   <div class='ocr_carea' id='block_1_119' title="bbox 2370 5204 3932 5291">
    <p class='ocr_par' dir='ltr' id='par_1_119' title="bbox 2370 5204 3932 5291">
     <span class='ocr_line' id='line_1_120' title="bbox 2370 5204 3932 5291; baseline -0.004 -26"><span class='ocrx_word' id='word_1_871' title='bbox 2370 5227 2575 5266; x_wconf 88' lang='lat' dir='ltr'><strong>omnes</strong></span> <span class='ocrx_word' id='word_1_872' title='bbox 2607 5204 2754 5265; x_wconf 87' lang='lat' dir='ltr'><strong>mss.</strong></span> <span class='ocrx_word' id='word_1_873' title='bbox 2791 5216 2846 5266; x_wconf 91' lang='lat' dir='ltr'><strong>et</strong></span> <span class='ocrx_word' id='word_1_874' title='bbox 2875 5227 3056 5291; x_wconf 77' lang='lat' dir='ltr'><strong>prope</strong></span> <span class='ocrx_word' id='word_1_875' title='bbox 3086 5204 3290 5291; x_wconf 70' lang='lat' dir='ltr'><strong>omnes</strong></span> <span class='ocrx_word' id='word_1_876' title='bbox 3321 5204 3482 5291; x_wconf 61' lang='lat' dir='ltr'><strong>e&#39;dit.,</strong></span> <span class='ocrx_word' id='word_1_877' title='bbox 3521 5235 3540 5258; x_wconf 78' lang='grc' dir='ltr'><strong>(ι</strong></span> <span class='ocrx_word' id='word_1_878' title='bbox 3573 5210 3748 5291; x_wconf 74' lang='lat' dir='ltr'><strong>potius</strong></span> <span class='ocrx_word' id='word_1_879' title='bbox 3767 5204 3932 5291; x_wconf 59' lang='grc' dir='ltr'><strong>ἐξξξξςξ·</strong></span> 
     </span>
    </p>
   </div>
   <div class='ocr_carea' id='block_1_120' title="bbox 2369 5274 3933 5358">
    <p class='ocr_par' dir='ltr' id='par_1_120' title="bbox 2369 5274 3933 5358">
     <span class='ocr_line' id='line_1_121' title="bbox 2369 5274 3933 5358; baseline 0.001 -23"><span class='ocrx_word' id='word_1_880' title='bbox 2369 5282 2528 5352; x_wconf 90' lang='lat' dir='ltr'><strong>dum,</strong></span> <span class='ocrx_word' id='word_1_881' title='bbox 2566 5303 2588 5332; x_wconf 65' lang='grc' dir='ltr'><strong><em>υ</em></strong></span> <span class='ocrx_word' id='word_1_882' title='bbox 2627 5283 2816 5352; x_wconf 86' lang='lat' dir='ltr'><strong>Paris,</strong></span> <span class='ocrx_word' id='word_1_883' title='bbox 2870 5274 3140 5358; x_wconf 64' lang='lat' dir='ltr'><strong>quaedam</strong></span> <span class='ocrx_word' id='word_1_884' title='bbox 3188 5274 3513 5358; x_wconf 52' lang='lat' dir='ltr'><strong>etfei&#39;unt,_&#39;a</strong></span> <span class='ocrx_word' id='word_1_885' title='bbox 3548 5274 3726 5352; x_wconf 71' lang='lat' dir='ltr'><strong>potius</strong></span> <span class='ocrx_word' id='word_1_886' title='bbox 3753 5274 3933 5358; x_wconf 36' lang='lat' dir='ltr'><strong>diligi?&quot;</strong></span> 
     </span>
    </p>
   </div>
   <div class='ocr_carea' id='block_1_121' title="bbox 2367 5345 3933 5430">
    <p class='ocr_par' dir='ltr' id='par_1_121' title="bbox 2367 5345 3933 5430">
     <span class='ocr_line' id='line_1_122' title="bbox 2367 5345 3933 5430; baseline 0.003 -24"><span class='ocrx_word' id='word_1_887' title='bbox 2367 5345 2525 5408; x_wconf 65' lang='lat' dir='ltr'><strong>dum.</strong></span> <span class='ocrx_word' id='word_1_888' title='bbox 2560 5373 2583 5403; x_wconf 72' lang='grc' dir='ltr'><strong><em>ι</em></strong></span> <span class='ocrx_word' id='word_1_889' title='bbox 2617 5354 2767 5407; x_wconf 92' lang='lat' dir='ltr'><strong>Dum</strong></span> <span class='ocrx_word' id='word_1_890' title='bbox 2798 5345 3048 5430; x_wconf 59' lang='lat' dir='ltr'><strong>vendita</strong></span> <span class='ocrx_word' id='word_1_891' title='bbox 3081 5371 3214 5410; x_wconf 88' lang='lat' dir='ltr'><strong>cum</strong></span> <span class='ocrx_word' id='word_1_892' title='bbox 3256 5345 3502 5430; x_wconf 71' lang='lat' dir='ltr'><strong>Romulo</strong></span> <span class='ocrx_word' id='word_1_893' title='bbox 3549 5345 3612 5406; x_wconf 78' lang='lat' dir='ltr'><strong>se</strong></span> <span class='ocrx_word' id='word_1_894' title='bbox 3658 5345 3933 5430; x_wconf 42' lang='lat' dir='ltr'><strong>gepilnflﬂ‘</strong></span> 
     </span>
    </p>
   </div>
   <div class='ocr_carea' id='block_1_122' title="bbox 2365 5413 3936 5504">
    <p class='ocr_par' dir='ltr' id='par_1_122' title="bbox 2365 5413 3936 5504">
     <span class='ocr_line' id='line_1_123' title="bbox 2365 5413 3936 5504; baseline -0.004 -26"><span class='ocrx_word' id='word_1_895' title='bbox 2365 5425 2630 5504; x_wconf 83' lang='lat' dir='ltr'><strong>brosius,</strong></span> <span class='ocrx_word' id='word_1_896' title='bbox 2658 5430 2726 5504; x_wconf 36' lang='lat' dir='ltr'><strong>.ut</strong></span> <span class='ocrx_word' id='word_1_897' title='bbox 2757 5441 2890 5504; x_wconf 83' lang='lat' dir='ltr'><strong>eum</strong></span> <span class='ocrx_word' id='word_1_898' title='bbox 2919 5425 3114 5504; x_wconf 66' lang='lat' dir='ltr'><strong>tilium</strong></span> <span class='ocrx_word' id='word_1_899' title='bbox 3132 5427 3398 5504; x_wconf 70' lang='lat' dir='ltr'><strong>appellet,</strong></span> <span class='ocrx_word' id='word_1_900' title='bbox 3434 5431 3488 5480; x_wconf 88' lang='lat' dir='ltr'><strong>et</strong></span> <span class='ocrx_word' id='word_1_901' title='bbox 3517 5413 3694 5504; x_wconf 59' lang='lat' dir='ltr'><strong>tamen</strong></span> <span class='ocrx_word' id='word_1_902' title='bbox 3721 5419 3768 5500; x_wconf 77' lang='lat' dir='ltr'><strong>in</strong></span> 
     </span>
    </p>
   </div>
   <div class='ocr_carea' id='block_1_123' title="bbox 2365 5495 3933 5570">
    <p class='ocr_par' dir='ltr' id='par_1_123' title="bbox 2365 5495 3933 5570">
     <span class='ocr_line' id='line_1_124' title="bbox 2365 5495 3933 5570; baseline -0.005 -20"><span class='ocrx_word' id='word_1_903' title='bbox 2365 5497 2796 5570; x_wconf 13' lang='lat' dir='ltr'><strong>turisiperitum</strong></span> <span class='ocrx_word' id='word_1_904' title='bbox 2827 5497 3141 5568; x_wconf 80' lang='lat' dir='ltr'><strong>significet,</strong></span> <span class='ocrx_word' id='word_1_905' title='bbox 3174 5495 3329 5552; x_wconf 80' lang='lat' dir='ltr'><strong>haud</strong></span> <span class='ocrx_word' id='word_1_906' title='bbox 3361 5511 3518 5569; x_wconf 68' lang='lat' dir='ltr'><strong>aegre</strong></span> <span class='ocrx_word' id='word_1_907' title='bbox 3548 5495 3706 5570; x_wconf 82' lang='lat' dir='ltr'><strong>nobis</strong></span> <span class='ocrx_word' id='word_1_908' title='bbox 3734 5495 3783 5570; x_wconf 75' lang='lat' dir='ltr'><strong>in</strong></span> <span class='ocrx_word' id='word_1_909' title='bbox 3821 5495 3933 5570; x_wconf 42' lang='lat' dir='ltr'><strong>mgfl&#39;</strong></span> 
     </span>
    </p>
   </div>
   <div class='ocr_carea' id='block_1_124' title="bbox 2361 5565 3934 5644">
    <p class='ocr_par' dir='ltr' id='par_1_124' title="bbox 2361 5565 3934 5644">
     <span class='ocr_line' id='line_1_125' title="bbox 2361 5565 3934 5644; baseline 0.005 -24"><span class='ocrx_word' id='word_1_910' title='bbox 2361 5569 2478 5622; x_wconf 88' lang='lat' dir='ltr'><strong>tem</strong></span> <span class='ocrx_word' id='word_1_911' title='bbox 2527 5568 2862 5622; x_wconf 89' lang='lat' dir='ltr'><strong>inducimus</strong></span> <span class='ocrx_word' id='word_1_912' title='bbox 2892 5565 3050 5622; x_wconf 76' lang='lat' dir='ltr'><strong>eum</strong></span> <span class='ocrx_word' id='word_1_913' title='bbox 3099 5565 3191 5644; x_wconf 70' lang='lat' dir='ltr'><strong>vel</strong></span> <span class='ocrx_word' id='word_1_914' title='bbox 3227 5565 3537 5644; x_wconf 65' lang='lat' dir='ltr'><strong>diaconum</strong></span> <span class='ocrx_word' id='word_1_915' title='bbox 3561 5565 3645 5644; x_wconf 57' lang='lat' dir='ltr'><strong>vel</strong></span> <span class='ocrx_word' id='word_1_916' title='bbox 3675 5565 3934 5644; x_wconf 59' lang='grc' dir='ltr'><strong>ροῑίυὲξξξ</strong></span> 
     </span>
    </p>
   </div>
   <div class='ocr_carea' id='block_1_125' title="bbox 2364 5626 3932 5723">
    <p class='ocr_par' dir='ltr' id='par_1_125' title="bbox 2364 5626 3932 5723">
     <span class='ocr_line' id='line_1_126' title="bbox 2364 5626 3932 5723; baseline 0.007 -31"><span class='ocrx_word' id='word_1_917' title='bbox 2364 5639 3045 5723; x_wconf 48' lang='lat' dir='ltr'><strong>cerdote‘mquempi‘am</strong></span> <span class='ocrx_word' id='word_1_918' title='bbox 3093 5639 3300 5723; x_wconf 76' lang='lat' dir='ltr'><strong>fuisse,</strong></span> <span class='ocrx_word' id='word_1_919' title='bbox 3352 5639 3446 5694; x_wconf 91' lang='lat' dir='ltr'><strong>cui</strong></span> <span class='ocrx_word' id='word_1_920' title='bbox 3493 5626 3932 5723; x_wconf 38' lang='grc' dir='ltr'><strong>Εροιξξξτξ-εξρῖξξ</strong></span> 
     </span>
    </p>
   </div>
   <div class='ocr_carea' id='block_1_126' title="bbox 2366 5705 3931 5779">
    <p class='ocr_par' dir='ltr' id='par_1_126' title="bbox 2366 5705 3931 5779">
     <span class='ocr_line' id='line_1_127' title="bbox 2366 5705 3931 5779; baseline -0.004 -15"><span class='ocrx_word' id='word_1_921' title='bbox 2366 5711 2490 5764; x_wconf 87' lang='lat' dir='ltr'><strong>ruri</strong></span> <span class='ocrx_word' id='word_1_922' title='bbox 2540 5705 3004 5766; x_wconf 75' lang='lat' dir='ltr'><strong>administranda</strong></span> <span class='ocrx_word' id='word_1_923' title='bbox 3051 5705 3366 5766; x_wconf 83' lang='lat' dir='ltr'><strong>commissa</strong></span> <span class='ocrx_word' id='word_1_924' title='bbox 3415 5712 3588 5764; x_wconf 89' lang='lat' dir='ltr'><strong>esset.</strong></span> <span class='ocrx_word' id='word_1_925' title='bbox 3620 5705 3931 5779; x_wconf 41' lang='lat' dir='ltr'><strong>Carteia}?</strong></span> 
     </span>
    </p>
   </div>
   <div class='ocr_carea' id='block_1_127' title="bbox 2367 5767 3928 5854">
    <p class='ocr_par' dir='ltr' id='par_1_127' title="bbox 2367 5767 3928 5854">
     <span class='ocr_line' id='line_1_128' title="bbox 2367 5767 3928 5854; baseline -0.015 -17"><span class='ocrx_word' id='word_1_926' title='bbox 2367 5781 2558 5838; x_wconf 89' lang='lat' dir='ltr'><strong>cunda</strong></span> <span class='ocrx_word' id='word_1_927' title='bbox 2588 5781 2868 5853; x_wconf 90' lang='lat' dir='ltr'><strong>adipsum</strong></span> <span class='ocrx_word' id='word_1_928' title='bbox 2879 5781 3126 5854; x_wconf 87' lang='lat' dir='ltr'><strong>epistola</strong></span> <span class='ocrx_word' id='word_1_929' title='bbox 3143 5783 3266 5839; x_wconf 88' lang='lat' dir='ltr'><strong>ruri</strong></span> <span class='ocrx_word' id='word_1_930' title='bbox 3280 5781 3536 5838; x_wconf 89' lang='lat' dir='ltr'><strong>habitare</strong></span> <span class='ocrx_word' id='word_1_931' title='bbox 3553 5779 3730 5850; x_wconf 85' lang='lat' dir='ltr'><strong>aperte</strong></span> <span class='ocrx_word' id='word_1_932' title='bbox 3749 5767 3928 5825; x_wconf 85' lang='lat' dir='ltr'><strong>dicitur.</strong></span> 
     </span>
    </p>
   </div>
  </div>
