4098 6178
33 451 200 518 [281

1172 447 1790 516 EPISTOLARUM
1834 449 2172 514 CLASSIS
2215 451 2296 514 ῙῙ.

3338 448 3591 557 1282~

33 670 148 724 xu,
192 652 268 724 8),
311 666 507 723 neque
538 651 800 707 surrexit
829 651 1082 723 amplius
1130 651 1191 706 in
1221 652 1407 707 Israel
1433 633 1801 723 prophetak
1832 652 2150 724 Repugnat
2180 652 2355 729 etiam
2383 652 2745 707 verecundia
2777 668 2791 722 ;
2843 653 2945 724 qui
2974 652 3275 708 erubescit
3305 666 3488 707 unus-

34 742 146 813 qui
170 744 359 797 Deum
377 742 527 796 facie
543 742 617 796 ad
633 741 865 811 faciem,
890 742 1045 795 sicut
1065 742 1583 812 Moyses,‘videret
1604 740 1716 810 (53)

33 832 243 889 (Deut.
293 848 494 900 xxxiv,
528 830 618 900 10)
649 847 662 901 ;
694 831 790 885 ille
833 831 933 902 qui
979 831 1367 902 quadraginta
1418 830 1630 885 diebus
1662 833 1719 884 et

36 921 328 977 noctibus
355 920 585 992 jugiter
614 936 747 975 cum
778 920 1026 975 Domino
1054 919 1180 989 fuit,
1204 936 1338 974 cum
1359 920 1553 991 legem
1571 918 1721 973 acci-

33 1013 217 1080 peret
263 1010 325 1063 in
353 1013 549 1064 monte
581 1009 759 1079 (Ibid.
810 1010 938 1078 9.8):
974 1010 1091 1077 ille,
1140 1010 1399 1080 inquam,
1434 1009 1527 1063 cui
1559 1009 1717 1062 Deus

35 1100 245 1169 dabat,
280 1115 433 1172 quos
480 1098 845 1170 loqueretur,
898 1114 1209 1153 sermones
1242 1098 1457 1167 (Exod.
1491 1114 1569 1166 IV,
1606 1098 1715 1167 12),

36 1189 349 1244 invenitur
372 1188 565 1261 magis
583 1188 780 1242 Aaron
804 1188 1001 1242 fratris
1026 1187 1337 1243 consilium
1352 1202 1525 1258 quam
1545 1202 1720 1241 suum

40 1278 366 1348 probasse.
417 1277 551 1332 Fuit
600 1293 746 1349 ergo
796 1277 1111 1349 quisquam
1156 1277 1460 1332 hominum
1493 1275 1717 1346 Moyse.

39 1367 402 1438 prudentior
431 1370 490 1422 et
517 1366 864 1421 instructior
882 1368 911 1420 ?
940 1366 1118 1438 Atqui
1149 1366 1347 1436 ipsum
1378 1365 1490 1434 (53)
1521 1366 1719 1419 Aaron

40 1460 262 1526 postea
291 1472 425 1512 cum
457 1456 641 1509 Maria
672 1456 832 1509 circa
859 1454 1254 1526 IEthiopissa
1285 1469 1605 1526 personam
1634 1453 1722 1508 le-

42 1546 251 1616 gimus
284 1560 522 1600 errasse
550 1544 744 1614 (Num'
778 1561 881 1614 xu,
916 1544 1006 1614 1).]

116 1634 175 1689 2.
211 1632 332 1689 Sed
362 1634 477 1689 hoc
508 1633 704 1703 ipsum
731 1634 1049 1705 diligenter
1079 1633 1327 1703 discute,
1351 1634 1452 1689 ubi
1482 1633 1721 1703 Moyses

44 1723 305 1777 scientia
330 1722 764 1792 praponderet,
795 1722 897 1775 ubi
929 1725 1127 1777 Aaron
1171 1723 1444 1778 consilio.
1481 1722 1721 1792 Moyses

44 1827 311 1883 magnus
332 1811 643 1881 propheta,
668 1811 768 1882 qui
789 1810 861 1865 de
901 1810 1123 1865 Christi
1152 1812 1299 1866 dixit
1324 1827 1336 1866 :
1376 1833 1398 1861 α
1434 1808 1600 1865 Sicut
1631 1826 1723 1864 me

48 1902 251 1971 ipsum
284 1900 535 1954 audietis
567 1900 763 1968 (Deut.
807 1915 973 1968 xvm,
1018 1900 1105 1969 15)
1136 1916 1151 1970 ;
1187 1921 1208 1949 ι
1258 1903 1316 1954 et
1340 1900 1413 1954 de
1445 1915 1561 1971 quo
1594 1899 1724 1969 ipse

51 2078 240 2144 diunt,
265 2092 376 2132 nec
398 2077 452 2131 si
489 2076 626 2148 quis
663 2093 739 2131 ex
761 2077 1010 2132 mortuis
1043 2077 1116 2131 ad
1163 2077 1297 2132 illos
1330 2078 1559 2147 abierit,
1592 2092 1726 2132 cre-

54 2167 376 2237 dent(Luc.
399 2182 521 2236 xw,
545 2164 658 2235 3t).
686 2191 708 2213 ι
742 2165 900 2237 Ergo
932 2166 992 2219 in
1026 2181 1205 2220 causa
1228 2166 1553 2237 prophetia
1583 2181 1730 2236 pra-

53 2256 241 2311 fertur
262 2256 505 2327 Moyses
535 2255 691 2310 sicut
719 2254 1004 2325 propheta
1031 2270 1043 2310 :
1077 2255 1178 2309 ubi
1208 2258 1402 2309 autem
1435 2271 1637 2325 causa,
1666 2258 1723 2309 et

55 2362 297 2415 munus,
328 2352 386 2400 et
418 2344 679 2399 officium
708 2344 1025 2399 sacerdotii
1057 2348 1170 2413 est,
1192 2344 1510 2415 prafertur
1528 2347 1729 2400 Aaron

58 2436 213 2489 sicut
245 2433 552 2488 sacerdos.
584 2433 929 2487 Tractemus
961 2449 1106 2505 ergo
1139 2434 1333 2504 ipsum
1364 2434 1581 2489 locum.

125 2522 547 2577 3.1mmolatus
580 2525 705 2577 erat
744 2522 947 2577 hircus
989 2538 1097 2593 pro
1132 2526 1396 2593 peccato,
1438 2526 1495 2578 et
1533 2522 1729 2578 oblato

60 2614 117 2666 in
148 2612 585 2668 holocaustum.
636 2611 927 2677 Quasivit
958 2628 1091 2667 eum
1137 2616 1347 2682 postea
1378 2613 1639 2683 Moyses,
1673 2615 1731 2667 et

60 2702 411 2758 combustus
432 2701 659 2757 fuerat:
699 2723 721 2750 α
750 2700 820 2755 Et
840 2701 1025 2756 iratus
1048 2704 1141 2756 est
1180 2701 1419 2772 Moyses
1457 2702 1530 2755 ad
1572 2701 1728 2755 filios

63 2794 261 2847 Aaron
278 2790 521 2845 Eleazar
540 2793 598 2845 et
614 2790 888 2860 Ithamar,
913 2790 1015 2862 qui
1036 2789 1474 2860 superfuerant,
1491 2791 1729 2861 dicens;

60 2880 253 2946 Quare
276 2896 395 2935 non
413 2868 841 2949 manducastis,
866 2879 1024 2950 quod
1054 2895 1161 2950 pro
1197 2883 1438 2949 peccato
1461 2879 1732 2934 immola-

63 2973 182 3023 tum
207 2969 379 3025 estin
411 2969 543 3024 loco
576 2970 691 3038 (54)
729 2972 936 3023 sancto
957 2970 986 3023 ‘?
1014 2967 1300 3033 Quoniam
1334 2969 1571 3041 quidem
1587 2970 1734 3023 San-

1832 741 2087 812 quisque
2116 742 2415 812 propriam
2465 741 2697 812 culpam
2747 742 2937 812 fateri,
2991 742 3130 796 dum
3176 742 3496 811 prasentia

1833 831 2048 902 magis,
2084 846 2260 901 quem
2292 830 2486 885 futura
2519 832 2756 903 cogitat.

1904 920 1957 972 5.
1982 919 2266 974 Studebat
2294 924 2488 974 autem
2520 921 2762 991 Moyses
2791 920 3016 991 peccati
3050 936 3296 975 vacuam
3336 935 3499 991 repe-

1834 998 1954 1063 rire
1974 1009 2248 1078 animam,
2273 1010 2602 1063 utexuvias
2620 1010 2844 1064 erroris
2868 1011 3205 1079 deponeret,
3250 1014 3305 1064 et
3343 1010 3500 1064 nuda

1836 1098 2025 1166 culpa
2047 1097 2176 1151 sine
2212 1098 2331 1152 ullo
2352 1100 2443 1152 sui
2467 1099 2691 1168 pudore
2721 1098 3053 1153 discederet
3079 1114 3092 1153 :
3132 1099 3237 1153 sed
3259 1114 3373 1153 non
3404 1100 3499 1152 in-

1835 1187 2013 1255 venit,
2056 1188 2190 1258 quia
2233 1189 2350 1241 cito
2390 1188 2644 1257 impetus
2678 1188 3098 1247 irrationabilis
3121 1188 3427 1258 praevenit,
3445 1190 3503 1241 et

1840 1275 2072 1331 flamma
2094 1277 2364 1349 quadam
2386 1277 2680 1331 celerrimi
2712 1280 2905 1332 motus
2940 1276 3193 1331 animam
3227 1278 3503 1348 depasci-

1837 1366 1952 1434 tur,
1984 1370 2159 1437 atque
2190 1364 2383 1421 exurit
2413 1365 2547 1437 ejus
2580 1366 2975 1421 innocentiam
2999 1384 3018 1430 ;
3048 1367 3505 1437 praeponderent

1843 1455 1999 1509 enim
2028 1455 2244 1510 futuris
2276 1456 2613 1525 prasentia,
2646 1459 2701 1510 et
2746 1456 3002 1511 violenta
3044 1455 3405 1525 moderatus,
3442 1460 3499 1510 et

1838 1547 2007 1617 plura
2036 1544 2390 1615 potioribus,
2424 1548 2480 1598 et
2504 1543 2770 1615 jucunda
2800 1546 2998 1615 seriis,
3032 1549 3090 1601 et
3111 1547 3343 1617 asperis
3364 1546 3506 1601 mol-

1836 1634 1934 1701 lia,
1964 1637 2022 1688 et
2050 1633 2321 1687 tristibus
2354 1633 2507 1702 lata,
2542 1637 2598 1687 et
2629 1633 2982 1688 illecebrosa
3012 1635 3421 1706 rigidioribus,
3447 1639 3505 1691 et

1833 1736 2212 1794 praprOpera
2260 1722 2639 1775 tardioribus.
2674 1722 2860 1776 Velox
2907 1723 3063 1776 enim
3085 1726 3174 1777 est
3199 1724 3501 1794 iniquitas,

1840 1827 1974 1883 qua
1996 1811 2069 1865 ad
2089 1810 2422 1865 nocendum
2444 1810 2794 1864 occasiones
2837 1812 3145 1882 suggerit;
3176 1811 3313 1882 quia
3349 1834 3371 1859 α
3405 1829 3505 1867 ve-

1790 1924 1795 1929 υ
1834 1900 1999 1955 loces
2022 1899 2206 1969 pedes
2229 1898 2363 1970 ejus
2386 1898 2457 1952 ad
2480 1897 2900 1953 effundendum
2925 1900 3282 1970 sanguinem
3311 1898 3501 1970 (Psal.

50 1989 345 2079 Dominus
392 1988 510 2079 ait:
570 2009 592 2079 σι
646 1987 708 2043 Si
738 1988 984 2079 Moysen
1032 1990 1436 2079 etprophetas
1468 2004 1587 2079 non
1616 2004 1724 2043 au-
1749 2015 1806 2079 Β

1834 2006 1958 2059 xm,
2010 1989 2105 2058 3);
2146 2012 2167 2036 ι»
2219 1988 2376 2043 lenta
2420 1991 2614 2042 autem
2664 1988 2854 2042 virtus
2905 1988 3099 2042 omnis
3149 1990 3206 2043 et
3234 1988 3509 2043 diuturna

1836 2078 2186 2146 cunctatrix,
2219 2080 2357 2131 ante
2381 2076 2632 2148 judicat,
2665 2080 2724 2131 et
2756 2076 3076 2131 adorienda
3105 2077 3363 2147 inspicit.
3408 2078 3510 2133 Illa

1835 2183 2007 2222 mens
2055 2166 2197 2221 boni
2250 2165 2616 2235 speculatrix
2666 2165 3052 2219 consiliorum
3098 2181 3340 2219 suorum
3392 2168 3504 2236 est,

1835 2258 2123 2329 priusque
2145 2256 2442 2309 examinat
2466 2254 2605 2324 quid
2637 2253 2917 2308 decorum
2960 2258 3133 2324 atque
3155 2254 3503 2311 honestum:

1838 2346 2119 2417 iniquitas
2176 2358 2322 2398 vero
2378 2358 2558 2412 opere
2617 2342 2959 2414 cogitationi
3006 2342 3118 2412 (57)
3164 2330 3505 2399 'antevertit.

1839 2435 2017 2507 Pigra
2064 2434 2250 2506 igitur
2295 2437 2351 2487 et
2398 2430 2737 2487 verecunda
2785 2434 2877 2486 est
2932 2432 3312 2503 panitentia;
3373 2434 3511 2504 quia

1838 2526 2146 2596 premitur,
2180 2526 2239 2577 et
2265 2524 2584 2577 revocatur
2630 2521 3016 2591 prasentium
3061 2521 3327 2594 pudore;
3362 2524 3509 2579 solis

1840 2614 1996 2669 enim
2026 2611 2275 2667 intendit
2307 2611 2547 2679 futuris,
2603 2625 2854 2681 quorum
2904 2626 3047 2682 spes
3078 2627 3235 2682 sera,
3266 2612 3508 2684 tardior,

1840 2704 2092 2772 fructus,
2125 2705 2181 2756 et
2213 2700 2349 2756 ideo
2378 2700 2582 2771 petitio
2612 2699 2743 2771 ipsa
2775 2699 3017 2755 tardior.

1911 2792 1964 2847 6.
1988 2792 2146 2846 Inter
2168 2790 2299 2845 hac
2326 2789 2457 2859 spei
2493 2793 2551 2843 et
2590 2789 2823 2843 virtutis
2863 2789 3163 2845 molimina
3201 2792 3513 2862 pracurrit

1841 2881 2225 2953 impudentia,
2259 2882 2315 2934 et
2348 2878 2549 2948 specie
2594 2878 2980 2948 prasentium
3028 2880 3371 2950 poenitentia
3405 2897 3513 2936 ex-

1843 2972 2118 3039 cluditur,
2143 2974 2198 3023 et
2224 2972 2503 3039 tanquam
2540 2968 2809 3022 exuritur
2847 2967 3094 3023 affectus
3133 2969 3288 3041 ejus,
3321 2974 3376 3025 et
3406 2970 3513 3025 huc

65 3062 152 3113 cta
175 3062 520 3114 sanctorum
541 3061 702 3128 sunt,
727 3057 839 3112 hoc
865 3058 1037 3113 vobis
1060 3057 1174 3127 (55)
1188 3058 1321 3113 dedi
1344 3058 1735 3130 manducare;
1834 3059 2105 3133 jusmodi
2122 3057 2396 3113 aboletur
2434 3056 2678 3111 intuitus
2717 3057 2848 3127 (58).
2881 3056 3102 3122 Quarit
3133 3074 3262 3113 eam
3293 3058 3414 3127 lux,
3451 3062 3508 3114 et

65 3151 125 3203 ut
154 3147 440 3202 auferatis
460 3151 766 3218 peccatum
800 3148 1138 3219 Synagoga
1165 3163 1177 3201 :
1212 3150 1268 3202 et
1300 3148 1459 3202 intus
1491 3148 1734 3202 mandu-

68 3238 322 3292 candum
339 3252 499 3306 esse,
526 3238 681 3291 sicut
700 3236 843 3291 mihi
874 3239 1236 3307 praceptum
1257 3240 1368 3307 est,
1411 3238 1491 3290 ait
1513 3237 1732 3313 (Ιτεγίι.

67 3343 186 3396 xvr,
211 3326 325 3397 18).
355 3348 377 3375 »
401 3326 547 3381 Cum
568 3342 713 3398 ergo
724 3326 948 3380 iratum
960 3342 1093 3381 eum
1115 3326 1367 3380 vidisset
1385 3327 1599 3392 Aaron,
1617 3326 1739 3396 pla-

1843 3165 1961 3205 non
1992 3147 2251 3217 invenit;
2305 3145 2580 3200 ambusta
2629 3149 2720 3201 est
2765 3146 2922 3200 enim
2967 3146 3201 3202 fervore
3252 3151 3309 3202 et
3346 3147 3508 3203 fumo

1845 3238 2193 3310 iniquitatis,
2227 3239 2284 3291 et
2334 3235 2661 3307 indignatio
2707 3236 2978 3306 quadam
3025 3235 3181 3308 legis
3222 3239 3510 3291 movetur.

1847 3328 1998 3382 Dicit
2030 3327 2274 3397 Moyses
2322 3324 2721 3380 devorandam
2769 3324 2961 3379 fuisse
3007 3325 3411 3395 panitentiam
3452 3325 3515 3380 in

71 3375 186 3396 --.-,
216 3375 325 3397 --Γ
410 3375 547 3381 ηπ
573 3375 707 3398 --0-
733 3375 1093 3381 _-_-_--_-_--_
1133 3375 1713 3396 .__--_---_m-_,,__
1848 3375 1997 3382 ---η
2030 3375 2271 3397 ww---
2327 3375 2390 3380 τ,
2414 3375 2422 3377 ἡ
2771 3375 2955 3379 ηπ--
3010 3375 3411 3395 τπ-ημηψη
3453 3375 3515 3380 __

71 3416 195 3471 cide
216 3417 528 3486 respondit
547 3416 601 3470 ei
627 3431 638 3469 :
679 3438 700 3463 κ
724 3415 786 3469 Si
820 3414 995 3470 hodie
1025 3414 1344 3469 obtulerint
1365 3430 1471 3485 pro
1493 3417 1735 3485 peccato
1768 3375 1824 3441 ο
1847 3416 2081 3472 Sanctis
2108 3418 2469 3483 sanctorum,
2497 3414 2841 3469 sacerdotes
2863 3414 3035 3485 quasi
3075 3415 3391 3486 segniores
3422 3414 3515 3469 in-

74 3520 179 3560 suo
202 3504 552 3559 holocausta
572 3519 681 3559 sua
715 3507 922 3558 contra
952 3504 1286 3573 Dominum,
1328 3509 1384 3559 et
1415 3504 1739 3558 acciderint

75 3595 210 3647 mihi
234 3594 393 3661 talia,
421 3592 787 3648 manducabo
810 3593 968 3665 quod
990 3609 1097 3663 pro
1128 3596 1369 3663 peccato
1401 3592 1738 3648 obtulerunt

76 3682 245 3738 hodie
269 3685 297 3737 ?
324 3683 624 3754 Numquid
644 3682 898 3752 placebit
917 3682 1165 3737 Domino
1181 3684 1210 3737 ?
1242 3682 1313 3736 Et
1329 3682 1549 3737 audivit
1570 3683 1737 3753 Moy-

78 3786 194 3841 ses,
218 3775 280 3827 et
299 3771 519 3842 placuit
562 3770 646 3825 illi
677 3770 855 3842 (Ibid.
901 3770 989 3839 t9;
1014 3770 1125 3841 20).
1156 3795 1177 3821 η
1221 3770 1371 3837 Quid
1399 3772 1513 3826 ista
1545 3771 1738 3844 signi-

79 3861 251 3916 ficent
283 3860 755 3916 consideremus.

145 3951 196 4004 4.
222 3949 387 4005 Nihil
408 3965 658 4020 peccare
680 3950 870 4005 solius
892 3955 986 4006 est
1007 3950 1114 4006 Dei
1135 3949 1278 4021 (56):
1304 3948 1618 4006 emendare
1639 3965 1741 4004 sa-

80 4040 295 4110 pientis
326 4043 438 4109 est,
488 4044 545 4095 et
585 4040 890 4112 corrigere
938 4045 1216 4109 erratum,
1257 4045 1313 4096 et
1341 4039 1743 4111 paenitentiam

84 4143 289 4199 gerere
310 4130 556 4200 peccati.
582 4129 645 4184 Id
667 4133 861 4185 tamen
884 4133 977 4186 est
997 4130 1237 4186 difficile
1255 4130 1314 4184 in
1345 4131 1453 4184 hac
1483 4130 1600 4183 vita
1631 4130 1741 4184 ho-

88 4220 322 4273 minum.
363 4219 515 4285 Quid
557 4220 713 4275 enim
751 4224 866 4275 tam
910 4237 1134 4289 rarum,
1176 4235 1351 4291 quam
1381 4222 1444 4274 ut
1474 4219 1742 4273 invenias

86 4309 275 4363 virum
304 4310 405 4380 qui
440 4310 705 4381 seipsum
737 4313 1040 4383 coarguat,
1063 4313 1120 4364 et
1152 4309 1369 4363 factum
1397 4308 1748 4363 condemnet

93 4411 259 4452 suum
278 4400 308 4453 ?
343 4399 497 4453 Rara
520 4400 717 4471 itaque
741 4399 1044 4454 confessio
1063 4399 1134 4453 de
1151 4401 1413 4469 peccato,
1455 4413 1588 4451 rara
1616 4413 1746 4467 pce-

92 4486 346 4557 nitentia,
374 4505 505 4543 rara
529 4489 587 4543 in
611 4487 953 4551 hominibus
977 4488 1144 4543 verbi
1166 4487 1301 4559 ejus
1330 4487 1606 4542 assertio.
1635 4487 1748 4540 Re-

92 4579 307 4648 pugnat
336 4578 492 4633 enim
524 4580 753 4649 natura,
778 4580 1069 4650 repugnat
1088 4577 1448 4633 verecundia
1472 4592 1484 4631 :
1519 4580 1745 4644 natura,

96 4656 225 4734 quia
247 4681 457 4722 omnes
492 4658 689 4722 1058
713 4666 827 4722 sub
850 4670 1091 4737 peccato
1118 4682 1133 4736 ;
1165 4669 1222 4721 et
1252 4664 1350 4736 qui
1383 4679 1620 4719 carnem
1650 4679 1753 4735 ge-

1847 3509 2067 3576 crepat.
2095 3503 2425 3575 Respondit
2446 3505 2643 3558 Aaron
2663 3503 2976 3573 providum
2997 3503 3217 3558 debere
3248 3518 3388 3558 esse
3410 3503 3509 3574 ju-

1847 3586 2066 3651 dicium
2089 3593 2479 3663 sacerdotale,
2512 3608 2621 3647 nec
2655 3592 2828 3647 facile
2860 3592 3180 3647 malesana
3211 3594 3519 3647 conscien-

1847 3691 1943 3745 tia
1966 3687 2446 3745 committendum
2470 3687 2530 3741 id
2553 3686 2840 3756 muneris,
2885 3702 2959 3740 ne
2990 3686 3089 3741 fiat
3120 3703 3290 3742 error
3319 3687 3517 3758 priore

1848 3779 2125 3835 deterior.
2160 3778 2316 3831 Vase
2366 3776 2522 3831 enim
2574 3775 2755 3829 fetido
2811 3774 2906 3829 vel
2937 3775 3132 3830 oleum
3192 3776 3287 3832 vel
3318 3776 3520 3831 vinum

1850 3867 2023 3923 facile
2052 3850 2451 3935 corrumpitur
2481 3880 2548 3919 ac
2583 3864 2998 3919 deterioratur.

1920 3956 1974 4012 '7.
2008 3954 2311 4021 Quomodo
2364 3955 2558 4008 autem
2613 3956 2861 4025 poterat,
2906 3953 3010 4008 ubi
3065 3953 3225 4025 ignis
3281 3954 3515 4009 alienus

1852 4050 1997 4115 erat,
2018 4046 2325 4116 peccatum
2362 4043 2554 4113 exuri,
2581 4024 2637 4097 et
2673 4041 2788 4097 hoc
2820 4042 2933 4097 sub
2969 4024 3292 4114 conspectu
3322 4043 3520 4098 Domi-
3606 4024 3619 4033 ’

1852 4137 1933 4207 ni,
1968 4134 2060 4189 cui
2093 4137 2149 4187 et
2198 4132 2428 4188 occulta
2478 4135 2615 4187 sunt
2664 4131 2949 4205 cognita?
2992 4131 3292 4204 Numquid
3321 4136 3519 4202 potest

1814 4226 2085 4295 'placere
2134 4223 2401 4291 Domino,
2450 4222 2503 4275 si
2531 4221 2668 4293 quis
2717 4236 2853 4275 cum
2906 4220 3101 4276 adhuc
3148 4225 3425 4276 versetur
3456 4222 3517 4276 in

1854 4313 2281 4384 iniquitatibus,
2322 4315 2379 4365 et
2412 4310 2764 4381 injustitiam
2786 4310 2964 4365 corde
2987 4310 3277 4364 inclusam
3305 4314 3521 4380 teneat,

1856 4404 2010 4459 dicat
2038 4418 2106 4457 se
2136 4417 2315 4474 agere
2344 4400 2746 4471 paenitentiam
2766 4400 2795 4454 ‘7
2826 4398 3028 4454 Simile
3077 4402 3169 4453 est
3198 4414 3267 4452 ac
3299 4399 3353 4452 si
3383 4398 3521 4469 quis

1859 4508 2021 4565 ager
2041 4507 2107 4545 se
2131 4506 2338 4545 sanum
2354 4488 2608 4553 simulet,
2626 4488 2820 4559 magis
2842 4486 3155 4558 agrotabit
3182 4502 3195 4541 :
3226 4486 3362 4557 quia
3376 4485 3523 4539 nihil

1859 4584 1912 4638 ei
1943 4581 2232 4652 prodesse
2261 4582 2456 4650 potest
2500 4576 2795 4631 simulatio
2847 4574 3137 4644 sanitatis,
3171 4590 3304 4629 cum
3334 4574 3521 4629 verbo

1863 4669 2265 4738 adumbretur,
2300 4683 2419 4722 non
2467 4666 2587 4721 ullo
2617 4664 2895 4719 fulciatur
2942 4663 3181 4717 virtutis
3234 4662 3524 4718 subsidio.

95 4754 181 4824 ι’ίιν
206 4755 379 4825 culpa
403 4756 701 4811 ObDOXiUS
722 4759 834 4811 est.
861 4756 1020 4829 Ergo
1054 4758 1345 4826 repugnat
1376 4758 1583 4807 natura
1614 4769 1749 4807 car-
1776 4737 1835 4803 D
1931 4761 1985 4815 8.
2019 4759 2184 4832 Ignis
2216 4737 2411 4828 itaque
2442 4755 2672 4809 alienus
2703 4757 2796 4807 est
2840 4751 3044 4821 libido,
3093 4752 3255 4823 ignis
3294 4752 3526 4806 alienus

95 4842 182 4898 nis
211 4847 270 4899 et
298 4845 579 4901 illecebra
632 4846 838 4901 saculi
888 4845 1240 4901 innocentia
1288 4842 1747 4915 integritatique.

92 5039 105 5051 ,
163 4987 273 5060 (52)
306 4989 478 5046 Rom.
513 4988 654 5045 edit.
688 4988 838 5060 sola,
873 5010 896 5041 ι
931 4989 1087 5045 sicut
1117 4987 1359 5060 Moyses
1407 4986 1591 5041 Deum
1622 5000 1755 5039 nos-

99 5063 273 5201 εεέὲξῖ)
306 5130 525 5188 Omnes
557 5132 694 5188 edit.
746 5137 803 5187 et
842 5148 989 5187 mss.
1023 5130 1308 5195 nonnulli,
1349 5151 1370 5180 «
1407 5132 1465 5184 et
1494 5128 1755 5201 instruc-

99 5200 204 5255 tior
222 5200 259 5256 ?'
306 5204 496 5275 Atque
544 5205 779 5275 ipsum;
833 5225 855 5254 ι
904 5204 998 5257 alii
1050 5218 1264 5274 magno
1303 5217 1569 5275 numero,
1604 5200 1755 5275 utin

101 5274 292 5346 textu:
330 5271 496 5330 solus
529 5271 721 5330 autem
751 5275 940 5346 Belv.,
975 5298 996 5322 ιι
1036 5278 1093 5329 et
1121 5271 1465 5329 instructior
1492 5271 1755 5342 aliquis?

104 5343 313 5415 Ipsum,
353 5368 373 5394 ι
411 5352 522 5401 etc.
598 5402 603 5407 Α

106 5413 305 5539 10$”,
331 5417 607 5539 agrique
635 5433 809 5488 mssa
862 5441 883 5466 “
933 5417 1091 5489 (ἰυοἀ
1133 5432 1240 5486 Pro
1290 5417 1532 5486 peccato
1577 5415 1670 5468 est
1697 5413 1757 5467 in

125 5502 224 5541 oco
282 5510 304 5536 ι»
337 5492 449 5543 etc.

148 5530 278 5638 (55)
311 5560 736 5638 Rom._edit.,_«
766 5564 980 5638 sancta
1002 5561 1342 5638 sanctorum
1366 5561 1475 5638 est,
1511 5557 1642 5638 hac
1665 5575 1759 5638 vo-

108 5626 308 5687 bis“...
340 5626 815 5687 manducandum
845 5636 937 5688 est
965 5631 1026 5686 in
1074 5632 1206 5685 loco
1246 5632 1473 5685 sancto.
1514 5653 1535 5677 η
1574 5630 1642 5683 Et
1672 5632 1759 5684 in-

109 5698 208 5769 fra,
245 5722 266 5752 ι
302 5701 649 5759 holocausta
680 5720 879 5759 coram
911 5703 1181 5759 Domino.
1222 5725 1243 5750 η

173 5781 282 5859 (56)
310 5783 481 5871 Philo
512 5784 762 5845 Judaus
791 5784 894 5843 lib.
929 5784 1005 5843 de
1034 5780 1338 5859 Profugis,
1383 5777 1442 5838 τὸ
1482 5775 1572 5859 μὲν
1609 5772 1760 5863 pust»

1864 4856 1957 4907 est
1980 4865 2151 4905 omne
2174 4846 2416 4918 injusta
2453 4843 2789 4899 incendium
2814 4839 3173 4913 cupiditatis,
3200 4840 3361 4913 ignis
3382 4840 3528 4896 alie-

1863 5003 2106 5076 ἀμαρτεῖν
2133 5074 2146 5076 _
2166 4992 2299 5051 ἴδιον
2358 4999 2519 5076 βιοῦν,
2579 4993 2638 5049 τὸ
2698 4990 2750 5048 δᾶ
2810 4996 3107 5076 μετανοεῖνῄ,
3174 4996 3349 5066 σοφοῦ⁹
3397 5012 3530 5066 παν.

1865 5071 2091 5155 ﬁliam:
2128 5074 2317 5155 δὲ-ξαὶ
2357 5071 2651 5155 δρσιρρετον
2702 5072 2970 5155 τᾳῦτό-γε.
3019 5074 3148 5155 Alia
3206 5092 3326 5155 non
3380 5092 3531 5147 pau-

1867 5148 1934 5209 c'a
1963 5153 2170 5208 eodem
2199 5151 2353 5205 libro
2382 5150 2443 5203 in
2476 5148 2625 5204 hanc
2674 5148 2982 5219 epistolam
3037 5149 3323 5204 translata
3354 5162 3529 5217 repe-

1866 5241 2009 5281 ιἰθε.

1938 5296 2051 5367 (5'7)
2081 5294 2301 5369 omnes
2328 5292 2465 5347 edit.
2522 5315 2543 5340 α
2595 5307 2777 5369 opere
2815 5297 3268 5369 cogitationem;
3310 5313 3343 5369 ,ιτ
3378 5302 3528 5369 mss:

1868 5354 2009 5423 vero
2032 5354 2251 5438 partim
2284 5387 2305 5412 ει
2340 5379 2538 5435 opera,
2577 5385 2599 5414 ι
2633 5354 2844 5434 partim
2890 5354 2923 5416 ἰἵ
2956 5381 3135 5439 opere
3188 5354 3533 5434 cogitationi

1868 5439 2196 5494 antevertit.
2236 5458 2259 5486 ιι

1941 5511 2055 5582 (58)
2087 5508 2238 5564 Edit.
2272 5510 2388 5563 vet.
2424 5509 2503 5582 et
2528 5505 2728 5577 plurrs
2779 5526 2953 5579 mss.,
2992 5532 3014 5560 ιι

1868 5579 1968 5638 tiis
1993 5598 2009 5651 ;
2036 5579 2068 5630 ἠ
2099 5582 2268 5655 Rom.
2321 5583 2378 5634 et
2410 5579 2508 5634 alii
2522 5595 2687 5655 _mss.
2737 5582 2978 5655 aliquot.
3019 5603 3041 5629 ιι

3065 5506 3333 5563 aboletur
3361 5503 3421 5557 in
3448 5499 3535 5553 vi.

3092 5577 3360 5633 aboletur
3387 5569 3539 5626 invi-

1872 5640 2009 5723 tus;
2046 5675 2068 5701 ι»
2102 5652 2317 5707 melius
2347 5665 2490 5708 vero
2522 5652 2740 5724 Boyer.
2774 5640 3023 5712 et‘Colb.
3056 5662 3234 5719 unus,
3272 5668 3293 5693 ι
3345 5640 3541 5704 abole~

1869 5729 1967 5784 tur
1994 5725 2262 5784 intuitus.
2300 5743 2323 5777 ι
