4098 6178
557 397 714 479 1283

2025 394 2092 475 s.
2124 390 2570 483 AMBROSIi.

3866 408 4005 473 128-1

554 628 669 668 nus
700 615 796 668 est
824 612 1019 668 omnis
1049 614 1230 669 ardor
1256 613 1540 669 avaritias.
1563 614 1691 668 Hoc
1715 613 1838 685 igni
1862 628 2035 668 nemo
2056 628 2223 668 mun-
2255 596 2307 664 Α
2340 610 2578 666 sincera
2608 609 2824 675 hostia.
2863 612 3113 666 exustus
3145 612 3257 680 est,
3300 612 3401 682 qui
3428 611 3489 665 in
3525 609 3665 681 ejus
3713 609 4001 665 sacriﬁcio

558 703 749 772 datur,
770 702 879 757 sed
908 703 1196 758 exuritur.
1228 702 1379 757 Nam
1411 703 1515 758 ubi
1536 703 1649 757 iste
1673 702 1831 774 ignis
1853 703 2084 757 alienus
2115 703 2227 770 est,

558 791 611 845 si
642 791 778 862 quis
809 791 868 845 in
902 795 1227 863 conspectu
1258 807 1325 846 se
1371 790 1579 846 offerat
1619 791 1872 861 Domini,
1905 791 2065 863 ignis
2095 806 2229 845 eum

559 879 823 935 caelestis
839 880 1116 950 absumit,
1137 881 1292 935 sicut
1304 880 1497 936 Abiud
1513 882 1568 935 et
1588 868 1813 950 Nadab,
1834 896 1985 951 quos
2000 879 2232 934 exussit

556 969 721 1041 ignis
753 970 1017 1024 caelestis
1049 960 1271 1039 pariter
1302 987 1435 1025 cum
1465 971 1539 1025 iis
1571 986 1704 1041 quae
1737 986 1846 1040 pro
1876 974 2119 1041 peccato
2135 985 2231 1023 sa-

560 1062 681 1113 cris
704 1058 940 1113 fuerant
961 1059 1156 1113 oblata
1177 1059 1483 1114 altaribus.
1508 1058 1618 1123 Qui
1641 1075 1785 1132 ergo
1807 1059 1931 1113 vult
1948 1058 2231 1119 mundare

561 1151 871 1218 peccatum
930 1163 1126 1218 suum,
1190 1140 1382 1202 1059
1443 1147 1642 1217 ignem
1697 1162 1730 1201 a
1799 1162 1865 1201 se
1931 1148 2231 1201 removeat

556 1236 833 1292 alienum.
878 1236 968 1291 Illi
1008 1236 1124 1292 soli
1165 1236 1291 1309 igni
1332 1252 1399 1292 se
1431 1234 1655 1307 oil'erat,
1692 1236 1791 1308 qui
1832 1234 2063 1307 culpam
2093 1235 2227 1306 (59),

556 1341 675 1381 non
708 1325 1007 1380 hominem
1036 1326 1250 1381 exurit.
2088 1384 2093 1399 ,

623 1414 679 1469 9.
715 1413 824 1481 Qui
857 1415 935 1470 sit
966 1415 1080 1470 iste
1111 1415 1294 1488 ignis,
1329 1415 1465 1470 audi
1496 1415 1787 1471 dicentem
1815 1415 1954 1487 quia
1987 1437 2009 1462 ιι
2047 1414 2228 1469 Jesus

552 1504 805 1574 baptizat
833 1503 894 1559 in
927 1503 1150 1575 Spiritu
1181 1507 1388 1563 sancto
1420 1508 1476 1560 et
1505 1504 1631 1577 igni
1659 1504 1899 1574 (Matth.
1933 1521 2017 1574 ιιι,
2053 1503 2162 1571 11).
2200 1524 2223 1551 ιι

556 1592 668 1647 Hic
681 1596 774 1648 est
790 1593 972 1665 ignis,
998 1593 1099 1665 qui
1115 1593 1365 1649 siccavit
1378 1592 1866 1650 haemorrhoissae
1886 1609 1993 1665 per
2009 1591 2228 1647 duode-

554 1682 669 1736 cim
694 1697 885 1737 annos
917 1682 1274 1753 sanguinem
1305 1684 1697 1753 proﬂuentem
1714 1682 1957 1753 (Matth.
1991 1699 2072 1751 Ix,
2107 1679 2222 1751 20).

555 1770 668 1825 Hic
710 1772 822 1840 est,
874 1771 975 1842 qui
1021 1773 1329 1840 peccatum
1377 1770 1618 1826 Zachaei
1674 1770 1916 1826 abstulit
1972 1770 2223 1825 dicentis

552 1858 709 1929 quod
730 1858 1037 1913 dimidium
1056 1858 1349 1914 bonorum
1367 1874 1614 1915 suorum
1636 1859 1801 1914 daret
1821 1858 2220 1930 pauperibus;

553 1949 610 2001 et
638 1947 692 2002 si
723 1947 817 2002 cui
858 1947 1180 2019 quidquam
1219 1948 1482 2018 abstulit,
1517 1947 1792 2003 redderet
1832 1947 2224 2019 quadruplum

551 2035 713 2104 (Luc.
755 2053 875 2104 xix,
914 2033 992 2107 8).
1036 2036 1146 2091 Hic
1186 2039 1279 2091 est
1306 2036 1488 2108 ignis,
1522 2038 1623 2108 qui
1665 2036 1949 2093 abstersit
1990 2036 2225 2106 culpam

548 2123 828 2195 latronis;
867 2124 1028 2196 ignis
1059 2124 1217 2180 enim
1256 2140 1617 2180 consumens
1657 2129 1769 2195 est,
1805 2125 1904 2197 qui
1939 2126 2086 2180 dixit
2117 2125 2168 2180 ei
2206 2141 2218 2181 :

554 2233 577 2264 ι
610 2213 802 2268 Hodie
832 2228 1065 2267 mecum
1096 2213 1218 2268 eris
1250 2213 1311 2267 in
1341 2214 1619 2285 paradiso
1651 2214 1815 2284 (an.
1848 2232 2013 2285 xxm,
2044 2214 2156 2285 43).
2194 2237 2216 2263 ιο

549 2300 691 2357 Illos
722 2301 918 2375 itaque
951 2303 1203 2373 sanavit,
1235 2302 1297 2357 in
1320 2302 1541 2375 quibus
1566 2302 1898 2374 simplicem
1930 2306 1987 2358 et
2015 2320 2223 2374 puram

549 2391 770 2463 reperit
814 2390 1279 2464 confessionem,
1314 2391 1460 2447 nihil
1502 2392 1846 2464 malignum,
1878 2392 2023 2448 nihil
2054 2392 2220 2447 frau-

549 2480 873 2536 dulentum.

616 2569 706 2625 10.
740 2569 1006 2641 Denique
1040 2568 1226 2624 Judas
1256 2569 1331 2624 ad
1374 2569 1703 2625 remedium
1739 2569 2054 2641 pervenire
2101 2586 2220 2626 non

544 2659 751 2730 potuit,
794 2675 929 2713 cum
966 2659 1222 2714 diceret:
1283 2682 1306 2707 α
1370 2660 1618 2715 Peccavi
1673 2661 1832 2731 quod
1871 2660 2218 2715 tradiderim

545 2748 899 2820 sanguinem
918 2748 1152 2819 justum
1173 2748 1415 2818 (Matth.
1448 2765 1657 2820 xxvm,
1681 2748 1769 2820 4);
1805 2750 1940 2821 quia
1962 2749 2219 2803 alienum

545 2835 748 2908 ignem
778 2835 1054 2891 volvebat
1083 2837 1144 2889 in
1173 2839 1412 2906 pectore
1443 2852 1576 2907 suo,
1595 2838 1698 2909 qui
1727 2854 1863 2893 eum
1893 2838 2218 2894 inflamma-

543 2925 628 2979 vit
657 2925 733 2980 ad
759 2925 1055 2996 laqueum.
1094 2924 1382 2997 Indignus
1423 2928 1580 2981 enim
1619 2928 1881 2983 remedio
1912 2927 2040 2998 fuit,
2076 2930 2213 2999 quia

544 3030 663 3069 non
693 3014 989 3069 in'intimo
1011 3015 1223 3069 mentis
1258 3030 1590 3071 conversus
1623 3016 1931 3090 ingemuit,
1965 3032 2076 3072 nec
2109 3033 2211 3073 se-

538 3103 677 3159 dulo
708 3105 903 3176 gessit
931 3106 1368 3175 paenitentiam;
1420 3108 1595 3161 tanta)
1627 3107 1785 3161 enim
1836 3107 2074 3177 pietatis
2122 3110 2216 3163 est

542 3194 832 3249 Dominus
863 3194 1067 3265 Jesus,
1093 3197 1228 3249 utet
1247 3195 1363 3266 ipsi
1381 3195 1627 3253 donaret
1645 3196 1899 3268 veniam,
1923 3195 2215 3252 siChristi

544 3286 958 3355 exspectasset
987 3283 1479 3340 misericordiam.

2337 699 2499 772 ignis
2527 700 2760 754 alienus
2789 702 3061 770 repertus
3092 704 3205 755 est.
3241 700 3374 755 Non
3403 702 3497 755 est
3511 699 3717 771 itaque
3751 700 4002 769 compla-

2341 788 2519 843 citum
2550 791 2605 842 et
2636 793 2944 859 acceptum
2976 788 3337 843 sacrificium
3385 788 3546 859 Deo;
3578 804 3706 843 non
3738 790 3839 842 est
3866 790 3997 842 enim

2338 879 2664 947 acceptum,
2698 876 2815 931 nisi
2847 877 3005 949 quod
3026 877 3202 933 fuerit
3233 878 3291 932 in
3322 877 3543 932 divitiis
3565 876 3999 932 sinceritatiset

2337 966 2606 1020 veritatis
2638 966 2969 1035 probatum.

2408 1054 2495 1108 13.
2529 1054 2667 1109 Ideo
2716 1057 2774 1109 et
2812 1055 2955 1110 alibi
2994 1054 3151 1127 legis
3191 1054 3342 1110 duos
3382 1054 3586 1111 hircos
3626 1055 3867 1125 (Levit.
3898 1072 3996 1123 ιη,

2333 1141 2406 1213 7),
2445 1159 2626 1198 unum
2656 1143 2717 1198 in
2745 1160 2862 1215 quo
2886 1159 3023 1199 sors
3043 1144 3297 1215 Domini,
3319 1144 3567 1201 alterum
3590 1144 3997 1199 transmissio-

2331 1232 2427 1286 nis
2453 1247 2465 1287 :
2500 1232 2666 1287 illum
2696 1232 2756 1287 in
2786 1248 2903 1304 quo
2936 1248 3072 1288 sors
3104 1232 3339 1288 Domini
3369 1232 3571 1288 offerri
3598 1238 3795 1305 atque
3822 1235 4000 1290 immo-

2330 1319 2442 1375 lari
2471 1337 2579 1392 pro
2610 1324 2853 1393 peccato
2887 1321 3065 1391 (Ibid.
3094 1321 3150 1392 9)
3177 1337 3189 1378 :
3236 1322 3401 1377 illum
3439 1338 3584 1378 vero
3617 1323 3686 1377 in
3719 1339 3849 1394 quo
3882 1339 3995 1378 sors

2329 1410 2829 1481 transmissionis,
2883 1410 3092 1465 dimitti
3139 1411 3201 1465 in
3250 1411 3595 1481 desertum;
3649 1416 3720 1467 ut
3770 1414 3997 1482 accipiat

2328 1499 2531 1570 populi
2576 1499 2942 1571 iniquitates,
2997 1499 3093 1554 vel
3133 1499 3391 1572 alicujus
3437 1501 3795 1572 peccatoris
3843 1501 3996 1570 (Ibid.

2330 1587 2439 1658 10).
2475 1587 2640 1644 Sicut
2669 1588 2826 1644 enim
2864 1588 2981 1645 duo
3022 1590 3162 1644 sunt
3195 1588 3257 1644 in
3289 1605 3463 1662 agro,
3507 1593 3567 1646 et
3605 1605 3780 1645 unus
3815 1605 3997 1645 eorum

2328 1680 2687 1749 assumatur,
2735 1680 2792 1734 et
2838 1677 2994 1733 alius
3040 1662 3483 1751 derelinquetur
3538 1679 3805 1748 (Matth.
3853 1696 3992 1748 xm,

2326 1764 2417 1835 40)
2442 1780 2456 1835 ;
2492 1766 2572 1821 ita
2592 1768 2733 1821 sunt
2762 1766 2878 1822 duo
2909 1766 3080 1837 hirci,
3104 1782 3260 1823 unus
3291 1767 3393 1839 qui
3420 1767 3494 1822 ad
3523 1767 3997 1824 sacriﬁciumest

2329 1854 2513 1928 utilis,
2545 1855 2698 1912 alius
2738 1855 2841 1928 qui
2878 1856 2940 1909 in
2979 1855 3282 1912 desertum
3318 1856 3654 1912 dimittitur.
3704 1857 3828 1913 Hic
3874 1858 3994 1911 nulli

2328 1943 2486 2013 usui,
2520 1958 2711 2015 neque
2750 1943 3038 2014 edendas,
3071 1960 3262 2017 neque
3305 1937 3497 2000 1060
3538 1945 3896 2016 epulandus
3919 1953 3991 2001 est

2329 2031 2706 2088 sacerdotum
2736 2032 2900 2089 filiis.
2932 2032 3099 2088 Sicut
3125 2034 3283 2089 enim
3310 2049 3387 2089 ex
3431 2034 3528 2105 iis,
3566 2050 3716 2106 quae
3762 2034 3990 2089 alimen-

2326 2122 2521 2176 torum
2548 2123 2706 2192 sunt,
2742 2122 2899 2193 quod
2925 2121 3149 2177 bonum
3176 2125 3289 2194 est,
3320 2122 3547 2178 editur:
3591 2123 3768 2196 quod
3811 2124 3989 2179 inutile

2325 2212 2424 2264 aut
2453 2209 2691 2277 malum,
2712 2209 3053 2282 projicitur;
3085 2211 3164 2266 ita
3194 2214 3252 2266 et
3280 2211 3434 2267 bona
3462 2228 3648 2283 opera
3673 2214 3987 2285 epulatori:

2324 2298 2599 2370 dicimus,
2631 2300 2770 2371 quia
2807 2302 2948 2355 sunt
2978 2301 3110 2355 esui
3141 2300 3275 2371 (62).

2394 2388 2482 2443 14.
2516 2387 2652 2443 Non
2680 2388 2937 2460 placebit
2966 2404 3112 2462 ergo
3153 2389 3425 2461 Domino,
3459 2390 3514 2446 si
3545 2392 3883 2447 manducet
3908 2409 3987 2447 sa-

2322 2477 2540 2533 cerdos
2561 2477 2941 2549 sacrificium,
2964 2477 3026 2532 in
3047 2478 3205 2549 quod
3229 2478 3395 2534 fraus
3416 2480 3494 2534 sit
3516 2480 3859 2537 oblationis
3876 2481 3985 2549 (ωε,

2318 2581 2440 2621 non
2470 2566 2696 2622 sedulae
2729 2566 3134 2623 confessionis
3160 2568 3497 2624 sinceritas.
3529 2568 3603 2623 Et
3632 2570 3783 2625 ideo
3804 2570 3987 2624 hircus

2318 2654 2433 2711 iste
2477 2657 2539 2710 in
2589 2656 2891 2711 desertum
2930 2657 3312 2713 dimittendus
3354 2661 3467 2729 est,
3500 2657 3603 2713 ubi
3645 2668 3993 2714 erraverunt

2320 2748 2519 2816 patres
2558 2746 2769 2816 nostri,
2802 2751 3151 2802 erraverunt
3190 2747 3250 2801 in
3288 2763 3380 2818 eo,
3415 2751 3471 2802 et
3509 2764 3630 2803 non
3677 2752 3993 2820 potuerunt

2320 2834 2394 2888 ad
2417 2834 2877 2890 resurrectionis
2907 2838 3126 2891 terram
3148 2835 3261 2907 (64)
3282 2836 3614 2907 pervenire,
3640 2838 3763 2892 sed
3786 2840 3993 2892 interiit

2320 2937 2354 2976 a
2389 2924 2543 2977 terra
2573 2924 2858 2979 memoria
2887 2939 3110 2979 eorum.
3146 2923 3413 2997 Denique
3455 2942 3590 2997 qua
3631 2926 3767 2981 sint
3800 2928 3993 2998 epula-

2320 3012 2471 3067 toria
2499 3028 2700 3084 opera,
2733 3012 2906 3068 audi:
2955 3035 2977 3063 α
3016 3013 3088 3068 Et
3117 3017 3289 3069 erunt
3319 3014 3572 3070 Sabbata
3603 3018 3797 3072 terrae
3831 3018 3990 3072 vobis

2322 3115 2480 3156 escae
2512 3101 2733 3172 (Lavit.
2766 3119 2903 3173 xxv,
2937 3101 3014 3172 6).
3049 3124 3071 3152 ι
3110 3101 3448 3174 Epulatoria
3480 3104 3635 3159 enim
3653 3108 3720 3160 et
3749 3106 3988 3161 refecto

2321 3190 2407 3244 ria
2439 3190 2680 3263 requies
2710 3190 2770 3245 in
2801 3191 2943 3261 Deo,
2968 3206 3102 3263 quae
3123 3191 3264 3247 facit
3283 3192 3461 3248 animi
3480 3194 3984 3266 tranquillitatem.

2322 3276 2508 3334 Unde'
2549 3283 2607 3334 et
2659 3295 2771 3335 nos
2827 3280 3003 3336 etiam
3054 3283 3116 3336 in
3170 3297 3446 3338 sermone
3505 3285 3983 3355 requiescamus

614 3343 704 3428 11.
736 3372 905 3427 Hanc
951 3388 1096 3446 ergo
1137 3373 1368 3444 culpam
1408 3374 1755 3429 sacerdotes
1785 3390 1905 3430 non
1935 3374 2212 3431 auferunt
2243 3343 2299 3415 Ο
2323 3368 2485 3440 Vale,
2518 3371 2577 3424 et
2606 3384 2739 3441 nos,
2773 3371 2837 3425 ut
2867 3369 3090 3443 diligis,
3125 3370 3343 3445 dilige;
3384 3372 3523 3444 quia
3552 3343 3669 3430 nos
3704 3378 3767 3430 te
3794 3375 3985 3448 diligi-

541 3462 676 3533 (60),
705 3477 897 3535 neque
923 3465 1229 3533 peccatum
1261 3461 1415 3534 ejus,
1441 3463 1539 3535 qui
1565 3463 1624 3517 in
1655 3462 1790 3519 dolo
1831 3479 1898 3519 se
1931 3462 2118 3536 offert,
2151 3469 2213 3523 et

539 3552 732 3607 adhuc
762 3553 823 3607 in
852 3552 1050 3608 studio
1081 3551 1463 3624 delinquendi
1483 3556 1596 3608 est.
1623 3552 1755 3607 Non
1781 3554 1937 3608 enim
1957 3558 2212 3625 possunt

540 3642 768 3714 epulari
814 3641 874 3696 in
921 3656 1013 3712 eo,
1053 3641 1210 3713 quod
1244 3640 1483 3712 plenum
1528 3640 1777 3712 fraudis,
1817 3646 1873 3698 et
1912 3644 2211 3714 serpentis

539 3732 789 3787 interius
820 3730 1118 3787 cicatricis
1148 3734 1242 3787 est
1271 3746 1282 3786 :
1316 3730 1488 3786 cibus
1509 3731 1665 3785 enim
1686 3731 2018 3787 sacerdotis
2039 3735 2131 3787 est
2150 3733 2212 3788 in

537 3825 914 3891 peccatorum
945 3820 1321 3876 remissione.
1356 3820 1525 3877 Unde
1561 3821 1639 3876 ait
1686 3821 1968 3892 princeps
2000 3837 2208 3877 sacer-

538 3909 742 3964 dotum
769 3908 1083 3987 Christus:
1122 3931 1146 3957 α
1182 3909 1351 3965 Meus
1403 3910 1574 3964 cibus
1607 3913 1718 3981 est,
1754 3913 1816 3966 ut
1855 3910 2068 3966 faciam
2096 3926 2209 3966 vo-

483 4032 499 4040 ρ
537 3995 820 4053 luntatem
848 3999 1043 4053 Patris
1075 3999 1209 4067 mei,
1235 3999 1335 4069 qui
1367 3998 1429 4052 in
1460 3998 1630 4054 caelis
1652 4001 1746 4054 est
1775 3999 1888 4070 (61)
1908 4000 2099 4070 (Joan.
2123 4016 2203 4072 iv,

535 4085 649 4157 34).
686 4109 708 4136 ιι
743 4086 885 4152 Quae
917 4090 1008 4142 est
1039 4087 1313 4142 voluntas
1348 4087 1472 4157 Dei,
1504 4087 1621 4142 nisi
1650 4103 1750 4143 ea:
1804 4109 1827 4135 κ
1871 4086 2018 4143 Cum
2058 4104 2206 4144 con-

535 4190 754 4231 versus
774 4176 1162 4248 ingemueris,
1182 4179 1320 4230 tunc
1334 4175 1539 4230 salvus
1554 4176 1674 4231 eris
1688 4176 1828 4247 (Isa.
1854 4194 1998 4247 xxx,
2019 4175 2156 4249 15)?
2177 4202 2198 4227 ιι

535 4265 602 4320 In
631 4265 731 4320 illo
761 4280 909 4337 ergo
942 4264 1196 4321 subdolo
1226 4264 1397 4320 cibus
1429 4265 1628 4320 nullus
1658 4269 1771 4321 est.
1793 4266 2060 4338 Denique
2093 4283 2205 4323 nec

534 4354 666 4427 ipse
697 4354 974 4426 epulandi
1003 4354 1354 4410 suavitatem
1376 4370 1586 4425 capere
1607 4358 1821 4428 potest,
1846 4356 1906 4411 in
1936 4372 2053 4428 quo
2085 4373 2205 4414 non

534 4445 771 4500 sincera
811 4447 868 4498 et
907 4459 1054 4515 pura
1103 4444 1467 4499 conscientia
1507 4446 1639 4515 est;
1680 4445 2005 4501 amaritudo
2047 4446 2203 4501 enim

531 4533 761 4589 fraudis
801 4533 1077 4604 epulandi
1108 4534 1459 4589 suavitatem
1481 4533 1758 4590 obducit:
1792 4550 1902 4590 nec
1924 4536 2204 4606 permittit

530 4625 684 4678 mala
732 4623 1116 4694 conscientia,
1166 4627 1227 4679 ut
1270 4624 1497 4679 reliciat
1535 4627 1593 4679 et
1629 4628 1838 4696 pascat
1876 4624 2199 4680 obnoxium

531 4714 788 4769 animum
820 4714 1182 4784 poenitentia.
1318 4699 1327 4704 ’

602 4802 691 4857 12.
724 4802 861 4856 Ideo
912 4818 1058 4875 ergo
1107 4803 1241 4857 talis
1293 4800 1560 4875 affectus,
1613 4803 1747 4858 talis
1796 4803 2020 4874 petitio,
2061 4802 2197 4859 talis

530 4890 871 4960 poenitentia
902 4908 1020 4947 non
1045 4896 1137 4947 est
1158 4892 1295 4947 usui
1325 4896 1423 4947 aut
1452 4893 1732 4963 voluptati
1755 4892 2194 4951 sacerdotibus.

529 4978 860 5050 Meritoque
905 4978 1113 5036 hircus
1146 4981 1265 5052 ille,
1299 4983 1400 5054 qui
1429 4997 1537 5053 pro
1566 4986 1811 5054 peccato
1840 4982 2074 5039 oblatus
2105 4985 2200 5039 est

528 5067 590 5122 in
643 5065 1056 5125 holocaustum
1112 5070 1335 5141 (Levit.
1386 5087 1507 5143 xvr,
1555 5070 1668 5143 2'7),
1727 5072 1864 5145 quia
1913 5088 2031 5127 non
2088 5072 2197 5128 fuit

598 5336 714 5424 (59)
761 5337 1041 5396 Nonnulli
1099 5356 1272 5412 mss.,
1327 5360 1351 5391 α
1403 5341 1503 5413 qui
1560 5341 1790 5412 culpam
1850 5343 1910 5397 in
1955 5342 2192 5399 homine

485 5422 511 5442 ⁶
528 5422 739 5466 exurit.
778 5436 799 5460 ιι

727 5454 739 5466 ,
778 5436 799 5460 ιι

528 5416 721 5557 “(163;
742 5484 996 5557 Advorte
1028 5482 1125 5538 hic
1161 5482 1541 5557 Ambrosium
1584 5486 1655 5557 et-
1678 5483 1969 5540 sinceram
2008 5486 2187 5541 animi

527 5554 979 5612 conversionem
1027 5557 1087 5610 in
1134 5554 1549 5625 peccatoribus
1588 5554 1662 5628 ad
1708 5558 2186 5628 consequendam

525 5628 757 5683 veniam
785 5628 1049 5699 exigere,
1080 5630 1138 5682 et
1153 5641 1369 5699 veram
1391 5627 1796 5699 auctoritatem
1818 5628 1876 5681 in
1909 5627 2185 5683 sacerdo-

524 5699 685 5753 tibus
731 5698 804 5752 ad
863 5697 1273 5754 remittendum
1326 5697 1477 5753 bene
1526 5698 1835 5769 dispositis
1879 5702 2188 5771 peccatum

526 5783 877 5840 agnoscere.
1129 5821 1140 5831 ,
1162 5828 1165 5831 λ
1990 5790 1993 5793 ν

597 5838 710 5921 (61)
731 5821 912 5900 abii.
946 5840 1082 5903 edit.
1117 5821 1266 5920 sala,
1306 5863 1328 5892 ιι
1362 5840 1723 5902 voluntatem
1752 5840 1908 5919 ejus,
1943 5842 2047 5921 qui
2073 5841 2188 5921 mis

2318 3473 2473 3515 mus.

2816 3549 3184 3607 EPISTULA
3223 3550 3480 3607 LXVIII.

2321 3635 2608 3702 Quidnam
2632 3638 2793 3695 Dens
2807 3639 3033 3696 Judaeis
3064 3641 3488 3696 interminatus
3505 3640 3721 3710 fuerit,
3748 3643 3983 3700 dicens.-

2461 3711 2680 3765 Ponam
2714 3710 2927 3766 caelum
2955 3727 3196 3782 aereum,
3228 3716 3285 3768 et
3313 3716 3530 3768 terram
3561 3714 3857 3771 ferream.

2822 3820 3163 3875 Ausaosws
3205 3820 3469 3876 RonULo.

2387 3904 2439 3961 1.
2470 3905 2617 3961 Cum
2664 3906 2752 3963 sis
2801 3908 2862 3962 in
2912 3924 3080 3981 agro,
3128 3909 3313 3965 miror
3357 3925 3473 3983 qua
3514 3911 3754 3969 ratione
3794 3913 3877 3971 de
3908 3929 3985 3968 me

2315 3995 2701 4067 quaerendum
2732 3998 3058 4069 putaveris,
3091 4014 3198 4053 cur
3221 3998 3434 4055 dixerit
3462 3999 3665 4057 Deus:
3708 4026 3735 4050 σι
3769 4003 3985 4060 Ροιιιω
4064 4010 4065 4041 ξ

2314 4084 2529 4140 coelum
2552 4101 2793 4157 aereum,
2818 4090 2877 4142 et
2905 4090 3121 4143 terram
3144 4087 3397 4145 ferream
3413 4089 3526 4160 (65)
3547 4089 3759 4159 (Dent.
3784 4109 3985 4159 xxvm,

2312 4175 2424 4247 28).
2464 4198 2486 4223 ιι
2520 4175 2670 4231 Nam
2701 4176 2937 4247 species
2967 4176 3099 4248 ipsa
3126 4178 3278 4250 agri,
3311 4181 3370 4233 et
3398 4194 3673 4249 praesens
3710 4181 3986 4238 fertilitas

2313 4263 2527 4320 docere
2558 4280 2671 4320 nos
2718 4268 2914 4336 potest
2952 4269 3168 4337 quanta
3217 4266 3528 4323 clementia
3574 4269 3653 4323 sit
3697 4272 3898 4341 aeris,
3940 4276 3985 4325 et

2310 4353 2445 4408 coeli
2474 4353 2858 4427 indulgentia,
2893 4346 3129 4427 quando
3160 4355 3438 4428 dignatur
3458 4357 3619 4413 Deus
3652 4359 3981 4415 ubertatem

2309 4443 2488 4500 dare:
2548 4443 2783 4515 quando
2840 4447 3034 4500 autem
3092 4445 3373 4501 sterilitas
3406 4486 3422 4518 ,
3479 4450 3980 4518 quemadmodum

2310 4532 2513 4588 clausa
2541 4533 2757 4604 omnia,
2792 4534 3034 4606 spissus
3061 4549 3183 4604 aer,
3218 4539 3281 4590 ut
3308 4535 3368 4589 in
3388 4536 3651 4608 rigorem
3672 4539 3831 4594 aeris
3855 4538 3979 4595 soli-

2308 4622 2479 4677 datus
2511 4626 2765 4693 putetur.
2786 4622 2956 4678 Unde
2986 4622 3126 4678 alibi
3149 4623 3336 4679 habes
3359 4626 3495 4696 quia
3513 4626 3574 4680 in
3593 4626 3824 4684 diebus
3845 4628 3979 4683 Elia:

2225 4713 2283 4780 ι)
2308 4711 2575 4766 clausum
2606 4716 2699 4766 est
2728 4711 2944 4768 coelum
2981 4712 3155 4768 annis
3194 4714 3386 4770 tribus
3424 4716 3482 4769 et
3510 4717 3843 4774 mensibus
3886 4734 3983 4773 sex

2301 4800 2422 4873 (III
2448 4802 2596 4874 Reg.
2638 4818 2781 4875 xvu,
2825 4802 2898 4873 1).

2378 4892 2430 4947 2.
2465 4890 2848 4965 Signiﬁcatur
2876 4892 3058 4965 igitur
3089 4891 3358 4949 clausum
3389 4893 3605 4950 coelum
3633 4910 3876 4953 aereum
3905 4912 3985 4952 es-

2308 4996 2396 5053 se,
2429 4997 2605 5037 usum
2644 4982 2741 5037 sui
2778 4982 2955 5037 terris
2994 4998 3237 5055 negare.
3278 4983 3462 5039 Terra
3498 4999 3744 5057 quoque
3787 4987 3983 5043 ferrea

2306 5076 2417 5143 est,
2473 5088 2608 5127 cum
2649 5073 2977 5143 proventus
3024 5072 3251 5145 abnuit,
3296 5076 3354 5129 et
3379 5072 3543 5146 jacta
3581 5075 3703 5131 sibi
3749 5077 3980 5133 semina

2300 5344 2379 5400 sit
2408 5356 2521 5396 me.
2557 5362 2580 5389 ι

2370 5414 2484 5486 (62)
2516 5412 2749 5486 Ita_vet.
2781 5411 2919 5467 edit.
2953 5428 3021 5467 ac
3051 5411 3255 5486 plures
3286 5427 3468 5482 mss.;
3509 5416 3566 5469 at
3606 5414 3785 5471 Rom.
3834 5416 3970 5471 edit.

2299 5489 2355 5542 et
2384 5484 2484 5540 alii
2516 5484 2646 5557 cod.
2680 5485 3222 5557 etiam_nongpauci,
3262 5506 3284 5536 α
3319 5501 3454 5557 quae
3483 5490 3622 5541 sunt
3651 5490 3819 5543 usui.
3859 5508 3883 5535 ι

2370 5558 2483 5626 (63)
2525 5556 2736 5626 Boyer.
2772 5555 2901 5609 cod.
2943 5578 2964 5602 υ
3001 5554 3167 5610 fraus
3201 5554 3279 5611 Sit
3304 5554 3683 5613 adulationis.
3720 5579 3747 5608 ι

2392 5629 2483 5699 64)
2515 5626 2989 5699 Nonnullimss.,
3019 5649 3042 5673 α
3062 5627 3141 5699 ad
3158 5629 3648 5699 repromissionis
3670 5635 3913 5685 terram.
3940 5652 3961 5674 -

2392 5631 2460 5683 64
2515 5631 2794 5681 Nonnulli
2816 5641 2989 5697 mss.,
3019 5649 3042 5673 α
3068 5631 3141 5681 ad
3158 5631 3648 5699 repromissionis
3670 5635 3913 5685 terram.
3940 5652 3961 5674 ι

2369 5631 2483 5770 fasi
2516 5698 2687 5754 Rom.
2749 5698 2916 5771 edit.,
2983 5720 3005 5746 κ
3058 5698 3283 5754 Ponam
3330 5699 3505 5771 vobis
3553 5700 3767 5757 coelum
3806 5701 4009 5764 sicut.

2298 5785 2549 5847 aeneum,
2584 5773 2642 5828 et
2671 5773 2889 5833 terram
2918 5771 3178 5831 vestram
3209 5772 3367 5834 sicut
3391 5770 3666 5834 ferream.
3699 5794 3721 5824 ι
