  <div class='ocr_page' id='page_1' title='image "/cluster/home/n/w/nwhite01/storage/ocr_20150623/16/hvd.32044096580444/648.png"; bbox 0 0 4060 6178; ppageno 0'>
   <div class='ocr_carea' id='block_1_1' title="bbox 120 447 263 512">
    <p class='ocr_par' dir='ltr' id='par_1_1' title="bbox 120 447 263 512">
     <span class='ocr_line' id='line_1_1' title="bbox 120 447 263 512; baseline -0.021 1"><span class='ocrx_word' id='word_1_1' title='bbox 120 447 263 512; x_wconf 83' lang='lat'>1285</span> 
     </span>
    </p>
   </div>
   <div class='ocr_carea' id='block_1_2' title="bbox 1333 437 2396 512">
    <p class='ocr_par' dir='ltr' id='par_1_2' title="bbox 1333 437 2396 512">
     <span class='ocr_line' id='line_1_2' title="bbox 1333 437 2396 512; baseline -0.002 -5"><span class='ocrx_word' id='word_1_2' title='bbox 1333 437 1946 512; x_wconf 80' lang='lat' dir='ltr'>EPISTOLARUM</span> <span class='ocrx_word' id='word_1_3' title='bbox 1977 442 2318 507; x_wconf 79' lang='lat' dir='ltr'>CLASSIS</span> <span class='ocrx_word' id='word_1_4' title='bbox 2346 444 2396 506; x_wconf 93' lang='grc' dir='ltr'>Ι.</span> 
     </span>
    </p>
   </div>
   <div class='ocr_carea' id='block_1_3' title="bbox 3399 436 3558 505">
    <p class='ocr_par' dir='ltr' id='par_1_3' title="bbox 3399 436 3558 505">
     <span class='ocr_line' id='line_1_3' title="bbox 3399 436 3558 505; baseline 0.013 -2"><span class='ocrx_word' id='word_1_5' title='bbox 3399 436 3558 505; x_wconf 82' lang='grc'>1286</span> 
     </span>
    </p>
   </div>
   <div class='ocr_carea' id='block_1_4' title="bbox 123 616 3556 722">
    <p class='ocr_par' dir='ltr' id='par_1_4' title="bbox 123 616 3556 722">
     <span class='ocr_line' id='line_1_4' title="bbox 123 616 3556 722; baseline -0.003 -16"><span class='ocrx_word' id='word_1_6' title='bbox 123 657 384 722; x_wconf 81' lang='lat' dir='ltr'>tanquam</span> <span class='ocrx_word' id='word_1_7' title='bbox 413 647 615 704; x_wconf 92' lang='lat' dir='ltr'>hostili</span> <span class='ocrx_word' id='word_1_8' title='bbox 659 646 874 702; x_wconf 84' lang='lat' dir='ltr'>duritia</span> <span class='ocrx_word' id='word_1_9' title='bbox 905 645 1146 718; x_wconf 82' lang='lat' dir='ltr'>genitali</span> <span class='ocrx_word' id='word_1_10' title='bbox 1177 645 1438 702; x_wconf 83' lang='lat' dir='ltr'>excludit</span> <span class='ocrx_word' id='word_1_11' title='bbox 1465 662 1608 701; x_wconf 88' lang='lat' dir='ltr'>arvo</span> <span class='ocrx_word' id='word_1_12' title='bbox 1639 646 1776 717; x_wconf 88' lang='lat'>(66),</span> <span class='ocrx_word' id='word_1_13' title='bbox 1804 628 1862 694; x_wconf 67' lang='grc' dir='ltr'><strong>Α</strong></span> <span class='ocrx_word' id='word_1_14' title='bbox 1888 647 2095 701; x_wconf 89' lang='lat' dir='ltr'>natura</span> <span class='ocrx_word' id='word_1_15' title='bbox 2125 643 2508 699; x_wconf 86' lang='lat' dir='ltr'>indumentis.</span> <span class='ocrx_word' id='word_1_16' title='bbox 2543 643 2808 714; x_wconf 83' lang='lat' dir='ltr'>Denique</span> <span class='ocrx_word' id='word_1_17' title='bbox 2839 616 3118 697; x_wconf 89' lang='lat' dir='ltr'>diversus</span> <span class='ocrx_word' id='word_1_18' title='bbox 3147 656 3318 711; x_wconf 92' lang='lat' dir='ltr'>usus,</span> <span class='ocrx_word' id='word_1_19' title='bbox 3355 640 3556 695; x_wconf 88' lang='lat' dir='ltr'>diver-</span> 
     </span>
    </p>
   </div>
   <div class='ocr_carea' id='block_1_5' title="bbox 124 735 1780 812">
    <p class='ocr_par' dir='ltr' id='par_1_5' title="bbox 124 735 1780 812">
     <span class='ocr_line' id='line_1_5' title="bbox 124 735 1780 812; baseline -0.002 -18"><span class='ocrx_word' id='word_1_20' title='bbox 124 755 240 812; x_wconf 72' lang='lat' dir='ltr'>quaa</span> <span class='ocrx_word' id='word_1_21' title='bbox 274 739 503 811; x_wconf 89' lang='lat' dir='ltr'>gremio</span> <span class='ocrx_word' id='word_1_22' title='bbox 534 736 687 792; x_wconf 88' lang='lat' dir='ltr'>solet</span> <span class='ocrx_word' id='word_1_23' title='bbox 724 737 960 791; x_wconf 81' lang='lat' dir='ltr'>blandae</span> <span class='ocrx_word' id='word_1_24' title='bbox 1009 737 1216 790; x_wconf 85' lang='lat' dir='ltr'>matris</span> <span class='ocrx_word' id='word_1_25' title='bbox 1263 736 1486 790; x_wconf 88' lang='lat' dir='ltr'>fovere.</span> <span class='ocrx_word' id='word_1_26' title='bbox 1536 735 1780 799; x_wconf 86' lang='lat' dir='ltr'>Quando</span> 
     </span>
    </p>
   </div>
   <div class='ocr_carea' id='block_1_6' title="bbox 126 823 1782 889">
    <p class='ocr_par' dir='ltr' id='par_1_6' title="bbox 126 823 1782 889">
     <span class='ocr_line' id='line_1_6' title="bbox 126 823 1782 889; baseline -0.004 -4"><span class='ocrx_word' id='word_1_27' title='bbox 126 824 266 884; x_wconf 84' lang='lat' dir='ltr'>enim</span> <span class='ocrx_word' id='word_1_28' title='bbox 317 827 542 882; x_wconf 85' lang='lat' dir='ltr'>ferrum</span> <span class='ocrx_word' id='word_1_29' title='bbox 591 825 955 880; x_wconf 83' lang='lat' dir='ltr'>fruetiticat‘?</span> <span class='ocrx_word' id='word_1_30' title='bbox 999 823 1244 889; x_wconf 78' lang='lat' dir='ltr'>Quando</span> <span class='ocrx_word' id='word_1_31' title='bbox 1288 841 1373 880; x_wconf 95' lang='lat' dir='ltr'>aes</span> <span class='ocrx_word' id='word_1_32' title='bbox 1423 825 1644 879; x_wconf 82' lang='lat' dir='ltr'>imbres</span> <span class='ocrx_word' id='word_1_33' title='bbox 1691 840 1782 878; x_wconf 88' lang='lat' dir='ltr'>re-</span> 
     </span>
    </p>
   </div>
   <div class='ocr_carea' id='block_1_7' title="bbox 123 918 309 972">
    <p class='ocr_par' dir='ltr' id='par_1_7' title="bbox 123 918 309 972">
     <span class='ocr_line' id='line_1_7' title="bbox 123 918 309 972; baseline -0.011 0"><span class='ocrx_word' id='word_1_34' title='bbox 123 918 309 972; x_wconf 80' lang='lat' dir='ltr'>laxat?</span> 
     </span>
    </p>
   </div>
   <div class='ocr_carea' id='block_1_8' title="bbox 185 1002 1782 1076">
    <p class='ocr_par' dir='ltr' id='par_1_8' title="bbox 185 1002 1782 1076">
     <span class='ocr_line' id='line_1_8' title="bbox 185 1002 1782 1076; baseline -0.004 -14"><span class='ocrx_word' id='word_1_35' title='bbox 185 1007 232 1062; x_wconf 90' lang='lat'>3.</span> <span class='ocrx_word' id='word_1_36' title='bbox 269 1006 376 1060; x_wconf 86' lang='lat' dir='ltr'>His</span> <span class='ocrx_word' id='word_1_37' title='bbox 407 1005 592 1076; x_wconf 80' lang='lat' dir='ltr'>igitur</span> <span class='ocrx_word' id='word_1_38' title='bbox 621 1005 1018 1058; x_wconf 81' lang='lat' dir='ltr'>miserandam</span> <span class='ocrx_word' id='word_1_39' title='bbox 1045 1003 1256 1058; x_wconf 87' lang='lat' dir='ltr'>famem</span> <span class='ocrx_word' id='word_1_40' title='bbox 1279 1004 1533 1057; x_wconf 79' lang='lat' dir='ltr'>minatur</span> <span class='ocrx_word' id='word_1_41' title='bbox 1564 1002 1782 1072; x_wconf 82' lang='lat' dir='ltr'>impiis,</span> 
     </span>
    </p>
   </div>
   <div class='ocr_carea' id='block_1_9' title="bbox 119 1093 1784 1166">
    <p class='ocr_par' dir='ltr' id='par_1_9' title="bbox 119 1093 1784 1166">
     <span class='ocr_line' id='line_1_9' title="bbox 119 1093 1784 1166; baseline -0.002 -16"><span class='ocrx_word' id='word_1_42' title='bbox 119 1099 174 1150; x_wconf 90' lang='lat' dir='ltr'>ut</span> <span class='ocrx_word' id='word_1_43' title='bbox 201 1095 298 1166; x_wconf 88' lang='lat' dir='ltr'>qui</span> <span class='ocrx_word' id='word_1_44' title='bbox 327 1095 600 1165; x_wconf 86' lang='lat' dir='ltr'>pietatem</span> <span class='ocrx_word' id='word_1_45' title='bbox 632 1094 892 1148; x_wconf 80' lang='lat' dir='ltr'>ﬁliorum</span> <span class='ocrx_word' id='word_1_46' title='bbox 918 1095 1214 1148; x_wconf 89' lang='lat' dir='ltr'>communi</span> <span class='ocrx_word' id='word_1_47' title='bbox 1237 1095 1516 1147; x_wconf 88' lang='lat' dir='ltr'>ommium</span> <span class='ocrx_word' id='word_1_48' title='bbox 1549 1093 1784 1146; x_wconf 89' lang='lat' dir='ltr'>domino</span> 
     </span>
    </p>
   </div>
   <div class='ocr_carea' id='block_1_10' title="bbox 123 1182 1787 1254">
    <p class='ocr_par' dir='ltr' id='par_1_10' title="bbox 123 1182 1787 1254">
     <span class='ocr_line' id='line_1_10' title="bbox 123 1182 1787 1254; baseline -0.003 -15"><span class='ocrx_word' id='word_1_49' title='bbox 123 1189 172 1240; x_wconf 90' lang='lat' dir='ltr'>et</span> <span class='ocrx_word' id='word_1_50' title='bbox 197 1185 344 1254; x_wconf 88' lang='lat' dir='ltr'>patri</span> <span class='ocrx_word' id='word_1_51' title='bbox 377 1183 663 1238; x_wconf 84' lang='lat' dir='ltr'>exhibere</span> <span class='ocrx_word' id='word_1_52' title='bbox 695 1184 988 1251; x_wconf 90' lang='lat' dir='ltr'>nesciunt,</span> <span class='ocrx_word' id='word_1_53' title='bbox 1024 1185 1264 1236; x_wconf 82' lang='lat' dir='ltr'>careant</span> <span class='ocrx_word' id='word_1_54' title='bbox 1295 1182 1650 1236; x_wconf 87' lang='lat' dir='ltr'>nutrimento</span> <span class='ocrx_word' id='word_1_55' title='bbox 1686 1198 1787 1251; x_wconf 89' lang='lat' dir='ltr'>pa-</span> 
     </span>
    </p>
   </div>
   <div class='ocr_carea' id='block_1_11' title="bbox 123 1272 1787 1344">
    <p class='ocr_par' dir='ltr' id='par_1_11' title="bbox 123 1272 1787 1344">
     <span class='ocr_line' id='line_1_11' title="bbox 123 1272 1787 1344; baseline -0.003 -15"><span class='ocrx_word' id='word_1_56' title='bbox 123 1278 292 1329; x_wconf 65' lang='lat' dir='ltr'>ternae</span> <span class='ocrx_word' id='word_1_57' title='bbox 321 1273 728 1344; x_wconf 89' lang='lat' dir='ltr'>indulgentiae,</span> <span class='ocrx_word' id='word_1_58' title='bbox 753 1273 830 1327; x_wconf 89' lang='lat' dir='ltr'>sit</span> <span class='ocrx_word' id='word_1_59' title='bbox 861 1272 979 1325; x_wconf 90' lang='lat' dir='ltr'>illis</span> <span class='ocrx_word' id='word_1_60' title='bbox 1004 1272 1216 1326; x_wconf 71' lang='lat' dir='ltr'>omium</span> <span class='ocrx_word' id='word_1_61' title='bbox 1241 1287 1484 1338; x_wconf 67' lang='lat' dir='ltr'>aereum,</span> <span class='ocrx_word' id='word_1_62' title='bbox 1511 1273 1787 1325; x_wconf 90' lang='lat' dir='ltr'>concreto</span> 
     </span>
    </p>
   </div>
   <div class='ocr_carea' id='block_1_12' title="bbox 124 1359 1788 1430">
    <p class='ocr_par' dir='ltr' id='par_1_12' title="bbox 124 1359 1788 1430">
     <span class='ocr_line' id='line_1_12' title="bbox 124 1359 1788 1430; baseline -0.002 -14"><span class='ocrx_word' id='word_1_63' title='bbox 124 1379 264 1430; x_wconf 89' lang='lat' dir='ltr'>aere,</span> <span class='ocrx_word' id='word_1_64' title='bbox 301 1364 358 1416; x_wconf 90' lang='lat' dir='ltr'>et</span> <span class='ocrx_word' id='word_1_65' title='bbox 388 1361 642 1416; x_wconf 90' lang='lat' dir='ltr'>solidato</span> <span class='ocrx_word' id='word_1_66' title='bbox 677 1361 734 1413; x_wconf 91' lang='lat' dir='ltr'>in</span> <span class='ocrx_word' id='word_1_67' title='bbox 768 1360 985 1415; x_wconf 90' lang='lat' dir='ltr'>metalli</span> <span class='ocrx_word' id='word_1_68' title='bbox 1025 1361 1308 1430; x_wconf 83' lang='lat' dir='ltr'>rigorem,</span> <span class='ocrx_word' id='word_1_69' title='bbox 1365 1361 1444 1413; x_wconf 90' lang='lat' dir='ltr'>sit</span> <span class='ocrx_word' id='word_1_70' title='bbox 1484 1359 1602 1413; x_wconf 83' lang='lat' dir='ltr'>illis</span> <span class='ocrx_word' id='word_1_71' title='bbox 1633 1362 1788 1413; x_wconf 86' lang='lat' dir='ltr'>terra</span> 
     </span>
    </p>
   </div>
   <div class='ocr_carea' id='block_1_13' title="bbox 125 1448 1787 1520">
    <p class='ocr_par' dir='ltr' id='par_1_13' title="bbox 125 1448 1787 1520">
     <span class='ocr_line' id='line_1_13' title="bbox 125 1448 1787 1520; baseline -0.002 -15"><span class='ocrx_word' id='word_1_72' title='bbox 125 1452 326 1520; x_wconf 86' lang='lat' dir='ltr'>ferrea,</span> <span class='ocrx_word' id='word_1_73' title='bbox 361 1452 569 1520; x_wconf 87' lang='lat' dir='ltr'>partus</span> <span class='ocrx_word' id='word_1_74' title='bbox 601 1465 748 1504; x_wconf 91' lang='lat' dir='ltr'>suos</span> <span class='ocrx_word' id='word_1_75' title='bbox 779 1449 1083 1517; x_wconf 90' lang='lat' dir='ltr'>nesciens,</span> <span class='ocrx_word' id='word_1_76' title='bbox 1120 1453 1181 1503; x_wconf 91' lang='lat' dir='ltr'>ut</span> <span class='ocrx_word' id='word_1_77' title='bbox 1229 1448 1387 1520; x_wconf 90' lang='lat' dir='ltr'>quod</span> <span class='ocrx_word' id='word_1_78' title='bbox 1434 1448 1787 1518; x_wconf 88' lang='lat' dir='ltr'>plerumque</span> 
     </span>
    </p>
   </div>
   <div class='ocr_carea' id='block_1_14' title="bbox 121 1537 1789 1610">
    <p class='ocr_par' dir='ltr' id='par_1_14' title="bbox 121 1537 1789 1610">
     <span class='ocr_line' id='line_1_14' title="bbox 121 1537 1789 1610; baseline -0.003 -16"><span class='ocrx_word' id='word_1_79' title='bbox 121 1540 308 1610; x_wconf 82' lang='lat' dir='ltr'>inopia</span> <span class='ocrx_word' id='word_1_80' title='bbox 337 1539 550 1593; x_wconf 88' lang='lat' dir='ltr'>habeat</span> <span class='ocrx_word' id='word_1_81' title='bbox 581 1538 714 1608; x_wconf 87' lang='lat'>(67),</span> <span class='ocrx_word' id='word_1_82' title='bbox 752 1539 1088 1592; x_wconf 84' lang='lat' dir='ltr'>discordias</span> <span class='ocrx_word' id='word_1_83' title='bbox 1123 1553 1357 1593; x_wconf 87' lang='lat' dir='ltr'>serens.</span> <span class='ocrx_word' id='word_1_84' title='bbox 1412 1537 1601 1608; x_wconf 82' lang='lat' dir='ltr'>Rapto</span> <span class='ocrx_word' id='word_1_85' title='bbox 1633 1537 1789 1590; x_wconf 89' lang='lat' dir='ltr'>enim</span> 
     </span>
    </p>
   </div>
   <div class='ocr_carea' id='block_1_15' title="bbox 123 1625 1788 1699">
    <p class='ocr_par' dir='ltr' id='par_1_15' title="bbox 123 1625 1788 1699">
     <span class='ocr_line' id='line_1_15' title="bbox 123 1625 1788 1699; baseline -0.002 -17"><span class='ocrx_word' id='word_1_86' title='bbox 123 1633 369 1696; x_wconf 89' lang='lat' dir='ltr'>utuntur,</span> <span class='ocrx_word' id='word_1_87' title='bbox 403 1628 504 1699; x_wconf 89' lang='lat' dir='ltr'>qui</span> <span class='ocrx_word' id='word_1_88' title='bbox 537 1628 695 1681; x_wconf 88' lang='lat' dir='ltr'>victu</span> <span class='ocrx_word' id='word_1_89' title='bbox 743 1626 1030 1699; x_wconf 79' lang='lat' dir='ltr'>indigent,</span> <span class='ocrx_word' id='word_1_90' title='bbox 1085 1629 1146 1680; x_wconf 93' lang='lat' dir='ltr'>ut</span> <span class='ocrx_word' id='word_1_91' title='bbox 1197 1625 1406 1680; x_wconf 86' lang='lat' dir='ltr'>alienis</span> <span class='ocrx_word' id='word_1_92' title='bbox 1456 1625 1788 1696; x_wconf 89' lang='lat' dir='ltr'>dispendiis</span> 
     </span>
    </p>
   </div>
   <div class='ocr_carea' id='block_1_16' title="bbox 122 1716 859 1772">
    <p class='ocr_par' dir='ltr' id='par_1_16' title="bbox 122 1716 859 1772">
     <span class='ocr_line' id='line_1_16' title="bbox 122 1716 859 1772; baseline -0.001 -1"><span class='ocrx_word' id='word_1_93' title='bbox 122 1717 324 1772; x_wconf 85' lang='lat' dir='ltr'>famem</span> <span class='ocrx_word' id='word_1_94' title='bbox 355 1732 526 1771; x_wconf 91' lang='lat' dir='ltr'>suam</span> <span class='ocrx_word' id='word_1_95' title='bbox 559 1716 859 1770; x_wconf 89' lang='lat' dir='ltr'>ablevent.</span> 
     </span>
    </p>
   </div>
   <div class='ocr_carea' id='block_1_17' title="bbox 183 1803 1789 1875">
    <p class='ocr_par' dir='ltr' id='par_1_17' title="bbox 183 1803 1789 1875">
     <span class='ocr_line' id='line_1_17' title="bbox 183 1803 1789 1875; baseline -0.002 -15"><span class='ocrx_word' id='word_1_96' title='bbox 183 1807 231 1860; x_wconf 73' lang='lat'>4.</span> <span class='ocrx_word' id='word_1_97' title='bbox 279 1806 409 1860; x_wconf 80' lang='lat' dir='ltr'>Jam</span> <span class='ocrx_word' id='word_1_98' title='bbox 455 1806 510 1859; x_wconf 89' lang='lat' dir='ltr'>si</span> <span class='ocrx_word' id='word_1_99' title='bbox 567 1807 624 1859; x_wconf 91' lang='lat' dir='ltr'>et</span> <span class='ocrx_word' id='word_1_100' title='bbox 675 1804 905 1860; x_wconf 86' lang='lat' dir='ltr'>offensa</span> <span class='ocrx_word' id='word_1_101' title='bbox 948 1803 1400 1858; x_wconf 85' lang='lat' dir='ltr'>inhabitantium</span> <span class='ocrx_word' id='word_1_102' title='bbox 1441 1803 1789 1875; x_wconf 69' lang='lat' dir='ltr'>hujusmodi</span> 
     </span>
    </p>
   </div>
   <div class='ocr_carea' id='block_1_18' title="bbox 121 1892 1785 1965">
    <p class='ocr_par' dir='ltr' id='par_1_18' title="bbox 121 1892 1785 1965">
     <span class='ocr_line' id='line_1_18' title="bbox 121 1892 1785 1965; baseline -0.002 -16"><span class='ocrx_word' id='word_1_103' title='bbox 121 1897 220 1965; x_wconf 89' lang='lat' dir='ltr'>sit,</span> <span class='ocrx_word' id='word_1_104' title='bbox 271 1899 336 1949; x_wconf 91' lang='lat' dir='ltr'>ut</span> <span class='ocrx_word' id='word_1_105' title='bbox 382 1894 578 1948; x_wconf 88' lang='lat' dir='ltr'>divina</span> <span class='ocrx_word' id='word_1_106' title='bbox 628 1893 1021 1948; x_wconf 86' lang='lat' dir='ltr'>commotione</span> <span class='ocrx_word' id='word_1_107' title='bbox 1071 1894 1144 1947; x_wconf 92' lang='lat' dir='ltr'>iis</span> <span class='ocrx_word' id='word_1_108' title='bbox 1181 1893 1511 1948; x_wconf 81' lang='lat' dir='ltr'>inferantur</span> <span class='ocrx_word' id='word_1_109' title='bbox 1561 1892 1785 1962; x_wconf 81' lang='lat' dir='ltr'>praelia,</span> 
     </span>
    </p>
   </div>
   <div class='ocr_carea' id='block_1_19' title="bbox 1893 730 3555 804">
    <p class='ocr_par' dir='ltr' id='par_1_19' title="bbox 1893 730 3555 804">
     <span class='ocr_line' id='line_1_19' title="bbox 1893 730 3555 804; baseline -0.002 -16"><span class='ocrx_word' id='word_1_110' title='bbox 1893 751 1999 790; x_wconf 90' lang='lat' dir='ltr'>sus</span> <span class='ocrx_word' id='word_1_111' title='bbox 2050 734 2231 804; x_wconf 88' lang='lat' dir='ltr'>color,</span> <span class='ocrx_word' id='word_1_112' title='bbox 2283 737 2500 802; x_wconf 90' lang='lat' dir='ltr'>motus,</span> <span class='ocrx_word' id='word_1_113' title='bbox 2551 733 2852 802; x_wconf 89' lang='lat' dir='ltr'>incessus,</span> <span class='ocrx_word' id='word_1_114' title='bbox 2906 732 3161 786; x_wconf 65' lang='lat' dir='ltr'>diversae</span> <span class='ocrx_word' id='word_1_115' title='bbox 3209 731 3371 785; x_wconf 86' lang='lat' dir='ltr'>vires</span> <span class='ocrx_word' id='word_1_116' title='bbox 3404 730 3555 800; x_wconf 82' lang='lat'>(&#39;70),</span> 
     </span>
    </p>
   </div>
   <div class='ocr_carea' id='block_1_20' title="bbox 1892 822 2987 878">
    <p class='ocr_par' dir='ltr' id='par_1_20' title="bbox 1892 822 2987 878">
     <span class='ocr_line' id='line_1_20' title="bbox 1892 822 2987 878; baseline -0.003 0"><span class='ocrx_word' id='word_1_117' title='bbox 1892 825 2128 878; x_wconf 84' lang='lat' dir='ltr'>diversa</span> <span class='ocrx_word' id='word_1_118' title='bbox 2162 839 2274 878; x_wconf 88' lang='lat' dir='ltr'>vox</span> <span class='ocrx_word' id='word_1_119' title='bbox 2307 827 2397 876; x_wconf 91' lang='lat' dir='ltr'>est</span> <span class='ocrx_word' id='word_1_120' title='bbox 2428 822 2485 876; x_wconf 90' lang='lat' dir='ltr'>in</span> <span class='ocrx_word' id='word_1_121' title='bbox 2515 823 2643 876; x_wconf 86' lang='lat' dir='ltr'>viro</span> <span class='ocrx_word' id='word_1_122' title='bbox 2677 825 2732 876; x_wconf 90' lang='lat' dir='ltr'>et</span> <span class='ocrx_word' id='word_1_123' title='bbox 2754 822 2987 876; x_wconf 90' lang='lat' dir='ltr'>femina.</span> 
     </span>
    </p>
   </div>
   <div class='ocr_carea' id='block_1_21' title="bbox 1962 909 3560 983">
    <p class='ocr_par' dir='ltr' id='par_1_21' title="bbox 1962 909 3560 983">
     <span class='ocr_line' id='line_1_21' title="bbox 1962 909 3560 983; baseline -0.004 -16"><span class='ocrx_word' id='word_1_124' title='bbox 1962 914 2014 967; x_wconf 88' lang='lat'>3.</span> <span class='ocrx_word' id='word_1_125' title='bbox 2051 913 2167 966; x_wconf 85' lang='lat' dir='ltr'>Sed</span> <span class='ocrx_word' id='word_1_126' title='bbox 2201 911 2370 966; x_wconf 87' lang='lat' dir='ltr'>etiam</span> <span class='ocrx_word' id='word_1_127' title='bbox 2405 913 2462 965; x_wconf 89' lang='lat' dir='ltr'>in</span> <span class='ocrx_word' id='word_1_128' title='bbox 2493 912 2704 982; x_wconf 89' lang='lat' dir='ltr'>reliqui</span> <span class='ocrx_word' id='word_1_129' title='bbox 2737 911 2977 983; x_wconf 79' lang='lat' dir='ltr'>generis</span> <span class='ocrx_word' id='word_1_130' title='bbox 3022 910 3418 964; x_wconf 86' lang='lat' dir='ltr'>animantibus</span> <span class='ocrx_word' id='word_1_131' title='bbox 3449 909 3560 962; x_wconf 86' lang='lat' dir='ltr'>alia</span> 
     </span>
    </p>
   </div>
   <div class='ocr_carea' id='block_1_22' title="bbox 1893 1000 3561 1073">
    <p class='ocr_par' dir='ltr' id='par_1_22' title="bbox 1893 1000 3561 1073">
     <span class='ocr_line' id='line_1_22' title="bbox 1893 1000 3561 1073; baseline -0.002 -18"><span class='ocrx_word' id='word_1_132' title='bbox 1893 1002 2128 1073; x_wconf 87' lang='lat' dir='ltr'>species</span> <span class='ocrx_word' id='word_1_133' title='bbox 2178 1002 2388 1069; x_wconf 86' lang='lat' dir='ltr'>leonis,</span> <span class='ocrx_word' id='word_1_134' title='bbox 2441 1001 2550 1054; x_wconf 87' lang='lat' dir='ltr'>alia</span> <span class='ocrx_word' id='word_1_135' title='bbox 2596 1001 2822 1069; x_wconf 71' lang='lat' dir='ltr'>leaenae,</span> <span class='ocrx_word' id='word_1_136' title='bbox 2865 1000 2976 1053; x_wconf 89' lang='lat' dir='ltr'>alia</span> <span class='ocrx_word' id='word_1_137' title='bbox 3023 1001 3137 1068; x_wconf 91' lang='lat' dir='ltr'>vis,</span> <span class='ocrx_word' id='word_1_138' title='bbox 3172 1000 3323 1052; x_wconf 91' lang='lat' dir='ltr'>alius</span> <span class='ocrx_word' id='word_1_139' title='bbox 3373 1014 3561 1053; x_wconf 88' lang='lat' dir='ltr'>sonus</span> 
     </span>
    </p>
   </div>
   <div class='ocr_carea' id='block_1_23' title="bbox 1893 1089 3560 1160">
    <p class='ocr_par' dir='ltr' id='par_1_23' title="bbox 1893 1089 3560 1160">
     <span class='ocr_line' id='line_1_23' title="bbox 1893 1089 3560 1160; baseline -0.002 -15"><span class='ocrx_word' id='word_1_140' title='bbox 1893 1091 2005 1159; x_wconf 79' lang='lat' dir='ltr'>(7i)</span> <span class='ocrx_word' id='word_1_141' title='bbox 2041 1107 2052 1145; x_wconf 90' lang='lat'>:</span> <span class='ocrx_word' id='word_1_142' title='bbox 2089 1091 2202 1143; x_wconf 89' lang='lat' dir='ltr'>alia</span> <span class='ocrx_word' id='word_1_143' title='bbox 2234 1091 2405 1160; x_wconf 85' lang='lat' dir='ltr'>tauri,</span> <span class='ocrx_word' id='word_1_144' title='bbox 2439 1091 2550 1143; x_wconf 87' lang='lat' dir='ltr'>alia</span> <span class='ocrx_word' id='word_1_145' title='bbox 2573 1090 2791 1143; x_wconf 72' lang='lat' dir='ltr'>vitulze.</span> <span class='ocrx_word' id='word_1_146' title='bbox 2818 1091 2879 1143; x_wconf 92' lang='lat' dir='ltr'>In</span> <span class='ocrx_word' id='word_1_147' title='bbox 2903 1089 3097 1143; x_wconf 84' lang='lat' dir='ltr'>cervis</span> <span class='ocrx_word' id='word_1_148' title='bbox 3116 1104 3348 1159; x_wconf 88' lang='lat' dir='ltr'>quoque</span> <span class='ocrx_word' id='word_1_149' title='bbox 3371 1104 3560 1159; x_wconf 87' lang='lat' dir='ltr'>quan—</span> 
     </span>
    </p>
   </div>
   <div class='ocr_carea' id='block_1_24' title="bbox 1893 1179 3561 1248">
    <p class='ocr_par' dir='ltr' id='par_1_24' title="bbox 1893 1179 3561 1248">
     <span class='ocr_line' id='line_1_24' title="bbox 1893 1179 3561 1248; baseline 0 -16"><span class='ocrx_word' id='word_1_150' title='bbox 1893 1183 2015 1234; x_wconf 89' lang='lat' dir='ltr'>tum</span> <span class='ocrx_word' id='word_1_151' title='bbox 2045 1180 2220 1233; x_wconf 88' lang='lat' dir='ltr'>distat</span> <span class='ocrx_word' id='word_1_152' title='bbox 2251 1195 2457 1247; x_wconf 89' lang='lat' dir='ltr'>sexus,</span> <span class='ocrx_word' id='word_1_153' title='bbox 2493 1183 2714 1233; x_wconf 88' lang='lat' dir='ltr'>tantum</span> <span class='ocrx_word' id='word_1_154' title='bbox 2747 1179 3042 1248; x_wconf 87' lang='lat' dir='ltr'>discrepat</span> <span class='ocrx_word' id='word_1_155' title='bbox 3072 1179 3328 1248; x_wconf 90' lang='lat' dir='ltr'>species,</span> <span class='ocrx_word' id='word_1_156' title='bbox 3363 1182 3424 1231; x_wconf 90' lang='lat' dir='ltr'>ut</span> <span class='ocrx_word' id='word_1_157' title='bbox 3456 1192 3561 1232; x_wconf 88' lang='lat' dir='ltr'>eos</span> 
     </span>
    </p>
   </div>
   <div class='ocr_carea' id='block_1_25' title="bbox 1895 1266 3564 1338">
    <p class='ocr_par' dir='ltr' id='par_1_25' title="bbox 1895 1266 3564 1338">
     <span class='ocr_line' id='line_1_25' title="bbox 1895 1266 3564 1338; baseline -0.002 -15"><span class='ocrx_word' id='word_1_158' title='bbox 1895 1270 2069 1323; x_wconf 89' lang='lat' dir='ltr'>etiam</span> <span class='ocrx_word' id='word_1_159' title='bbox 2117 1269 2350 1323; x_wconf 91' lang='lat' dir='ltr'>eminus</span> <span class='ocrx_word' id='word_1_160' title='bbox 2394 1269 2596 1338; x_wconf 89' lang='lat' dir='ltr'>possis</span> <span class='ocrx_word' id='word_1_161' title='bbox 2647 1268 3008 1322; x_wconf 83' lang='lat' dir='ltr'>discernere.</span> <span class='ocrx_word' id='word_1_162' title='bbox 3061 1267 3123 1321; x_wconf 91' lang='lat' dir='ltr'>In</span> <span class='ocrx_word' id='word_1_163' title='bbox 3166 1266 3378 1320; x_wconf 90' lang='lat' dir='ltr'>avibus</span> <span class='ocrx_word' id='word_1_164' title='bbox 3418 1281 3564 1320; x_wconf 91' lang='lat' dir='ltr'>vero</span> 
     </span>
    </p>
   </div>
   <div class='ocr_carea' id='block_1_26' title="bbox 1898 1355 3557 1428">
    <p class='ocr_par' dir='ltr' id='par_1_26' title="bbox 1898 1355 3557 1428">
     <span class='ocr_line' id='line_1_26' title="bbox 1898 1355 3557 1428; baseline -0.002 -16"><span class='ocrx_word' id='word_1_165' title='bbox 1898 1359 2071 1412; x_wconf 91' lang='lat' dir='ltr'>etiam</span> <span class='ocrx_word' id='word_1_166' title='bbox 2101 1359 2344 1428; x_wconf 85' lang='lat' dir='ltr'>propius</span> <span class='ocrx_word' id='word_1_167' title='bbox 2376 1357 2448 1411; x_wconf 87' lang='lat' dir='ltr'>ad</span> <span class='ocrx_word' id='word_1_168' title='bbox 2479 1359 2757 1411; x_wconf 90' lang='lat' dir='ltr'>vestitum</span> <span class='ocrx_word' id='word_1_169' title='bbox 2790 1358 3048 1418; x_wconf 82' lang='lat' dir='ltr'>estinter</span> <span class='ocrx_word' id='word_1_170' title='bbox 3065 1372 3168 1411; x_wconf 91' lang='lat' dir='ltr'>eos</span> <span class='ocrx_word' id='word_1_171' title='bbox 3202 1360 3256 1410; x_wconf 92' lang='lat' dir='ltr'>et</span> <span class='ocrx_word' id='word_1_172' title='bbox 3287 1355 3557 1410; x_wconf 83' lang='lat' dir='ltr'>homines</span> 
     </span>
    </p>
   </div>
   <div class='ocr_carea' id='block_1_27' title="bbox 1900 1445 3560 1517">
    <p class='ocr_par' dir='ltr' id='par_1_27' title="bbox 1900 1445 3560 1517">
     <span class='ocr_line' id='line_1_27' title="bbox 1900 1445 3560 1517; baseline -0.002 -17"><span class='ocrx_word' id='word_1_173' title='bbox 1900 1447 2262 1517; x_wconf 87' lang='lat' dir='ltr'>comparatio</span> <span class='ocrx_word' id='word_1_174' title='bbox 2297 1461 2308 1501; x_wconf 93' lang='lat'><strong>:</strong></span> <span class='ocrx_word' id='word_1_175' title='bbox 2343 1446 2402 1499; x_wconf 91' lang='lat' dir='ltr'>in</span> <span class='ocrx_word' id='word_1_176' title='bbox 2448 1446 2566 1499; x_wconf 87' lang='lat' dir='ltr'>illis</span> <span class='ocrx_word' id='word_1_177' title='bbox 2634 1448 2790 1501; x_wconf 90' lang='lat' dir='ltr'>enim</span> <span class='ocrx_word' id='word_1_178' title='bbox 2838 1461 3048 1500; x_wconf 83' lang='lat' dir='ltr'>sexum</span> <span class='ocrx_word' id='word_1_179' title='bbox 3097 1445 3382 1500; x_wconf 87' lang='lat' dir='ltr'>naturalia</span> <span class='ocrx_word' id='word_1_180' title='bbox 3430 1445 3560 1514; x_wconf 89' lang='lat' dir='ltr'>ipsa</span> 
     </span>
    </p>
   </div>
   <div class='ocr_carea' id='block_1_28' title="bbox 1898 1532 3559 1604">
    <p class='ocr_par' dir='ltr' id='par_1_28' title="bbox 1898 1532 3559 1604">
     <span class='ocr_line' id='line_1_28' title="bbox 1898 1532 3559 1604; baseline -0.002 -15"><span class='ocrx_word' id='word_1_181' title='bbox 1898 1535 2237 1590; x_wconf 87' lang='lat' dir='ltr'>indumenta</span> <span class='ocrx_word' id='word_1_182' title='bbox 2269 1535 2633 1590; x_wconf 88' lang='lat' dir='ltr'>discernunt.</span> <span class='ocrx_word' id='word_1_183' title='bbox 2672 1534 2810 1588; x_wconf 86' lang='lat' dir='ltr'>Pavi</span> <span class='ocrx_word' id='word_1_184' title='bbox 2841 1550 3038 1588; x_wconf 86' lang='lat' dir='ltr'>mares</span> <span class='ocrx_word' id='word_1_185' title='bbox 3071 1533 3352 1604; x_wconf 87' lang='lat' dir='ltr'>speciosi,</span> <span class='ocrx_word' id='word_1_186' title='bbox 3387 1532 3559 1587; x_wconf 85' lang='lat' dir='ltr'>femi-</span> 
     </span>
    </p>
   </div>
   <div class='ocr_carea' id='block_1_29' title="bbox 1896 1622 3558 1695">
    <p class='ocr_par' dir='ltr' id='par_1_29' title="bbox 1896 1622 3558 1695">
     <span class='ocr_line' id='line_1_29' title="bbox 1896 1622 3558 1695; baseline -0.001 -17"><span class='ocrx_word' id='word_1_187' title='bbox 1896 1641 1989 1679; x_wconf 77' lang='lat' dir='ltr'>nae</span> <span class='ocrx_word' id='word_1_188' title='bbox 2020 1640 2160 1694; x_wconf 93' lang='lat' dir='ltr'>non,</span> <span class='ocrx_word' id='word_1_189' title='bbox 2221 1624 2357 1678; x_wconf 90' lang='lat' dir='ltr'>item</span> <span class='ocrx_word' id='word_1_190' title='bbox 2405 1639 2732 1693; x_wconf 89' lang='lat' dir='ltr'>pennarum</span> <span class='ocrx_word' id='word_1_191' title='bbox 2764 1624 2928 1678; x_wconf 87' lang='lat' dir='ltr'>vario</span> <span class='ocrx_word' id='word_1_192' title='bbox 2967 1624 3293 1695; x_wconf 90' lang='lat' dir='ltr'>pinguntur</span> <span class='ocrx_word' id='word_1_193' title='bbox 3323 1622 3558 1678; x_wconf 80' lang='lat' dir='ltr'>decore.</span> 
     </span>
    </p>
   </div>
   <div class='ocr_carea' id='block_1_30' title="bbox 1897 1711 3561 1783">
    <p class='ocr_par' dir='ltr' id='par_1_30' title="bbox 1897 1711 3561 1783">
     <span class='ocr_line' id='line_1_30' title="bbox 1897 1711 3561 1783; baseline -0.002 -16"><span class='ocrx_word' id='word_1_194' title='bbox 1897 1713 2164 1768; x_wconf 88' lang='lat' dir='ltr'>Fasianis</span> <span class='ocrx_word' id='word_1_195' title='bbox 2195 1727 2430 1782; x_wconf 91' lang='lat' dir='ltr'>quoque</span> <span class='ocrx_word' id='word_1_196' title='bbox 2461 1711 2739 1766; x_wconf 87' lang='lat' dir='ltr'>diversus</span> <span class='ocrx_word' id='word_1_197' title='bbox 2769 1712 2954 1778; x_wconf 91' lang='lat' dir='ltr'>color,</span> <span class='ocrx_word' id='word_1_198' title='bbox 2990 1712 3087 1781; x_wconf 88' lang='lat' dir='ltr'>qui</span> <span class='ocrx_word' id='word_1_199' title='bbox 3108 1712 3433 1783; x_wconf 89' lang='lat' dir='ltr'>distinguat</span> <span class='ocrx_word' id='word_1_200' title='bbox 3461 1726 3561 1765; x_wconf 88' lang='lat' dir='ltr'>se-</span> 
     </span>
    </p>
   </div>
   <div class='ocr_carea' id='block_1_31' title="bbox 1897 1799 3564 1870">
    <p class='ocr_par' dir='ltr' id='par_1_31' title="bbox 1897 1799 3564 1870">
     <span class='ocr_line' id='line_1_31' title="bbox 1897 1799 3564 1870; baseline -0.002 -14"><span class='ocrx_word' id='word_1_201' title='bbox 1897 1818 2009 1856; x_wconf 89' lang='lat' dir='ltr'>xus</span> <span class='ocrx_word' id='word_1_202' title='bbox 2041 1802 2484 1855; x_wconf 88' lang='lat' dir='ltr'>discretionem.</span> <span class='ocrx_word' id='word_1_203' title='bbox 2535 1799 2686 1864; x_wconf 89' lang='lat' dir='ltr'>Quid</span> <span class='ocrx_word' id='word_1_204' title='bbox 2735 1800 2794 1854; x_wconf 90' lang='lat' dir='ltr'>in</span> <span class='ocrx_word' id='word_1_205' title='bbox 2841 1799 3070 1870; x_wconf 80' lang='lat' dir='ltr'>pullis?</span> <span class='ocrx_word' id='word_1_206' title='bbox 3114 1799 3298 1863; x_wconf 90' lang='lat' dir='ltr'>Quam</span> <span class='ocrx_word' id='word_1_207' title='bbox 3348 1815 3564 1854; x_wconf 89' lang='lat' dir='ltr'>canora</span> 
     </span>
    </p>
   </div>
   <div class='ocr_carea' id='block_1_32' title="bbox 1897 1886 3564 1962">
    <p class='ocr_par' dir='ltr' id='par_1_32' title="bbox 1897 1886 3564 1962">
     <span class='ocr_line' id='line_1_32' title="bbox 1897 1886 3564 1962; baseline -0.002 -18"><span class='ocrx_word' id='word_1_208' title='bbox 1897 1907 2016 1946; x_wconf 87' lang='lat' dir='ltr'>vox</span> <span class='ocrx_word' id='word_1_209' title='bbox 2058 1889 2220 1962; x_wconf 89' lang='lat' dir='ltr'>galli,</span> <span class='ocrx_word' id='word_1_210' title='bbox 2269 1888 2581 1944; x_wconf 87' lang='lat' dir='ltr'>nocturnis</span> <span class='ocrx_word' id='word_1_211' title='bbox 2628 1888 2864 1943; x_wconf 86' lang='lat' dir='ltr'>vicibus</span> <span class='ocrx_word' id='word_1_212' title='bbox 2912 1888 3177 1942; x_wconf 89' lang='lat' dir='ltr'>solemne</span> <span class='ocrx_word' id='word_1_213' title='bbox 3227 1903 3442 1942; x_wconf 91' lang='lat' dir='ltr'>munus</span> <span class='ocrx_word' id='word_1_214' title='bbox 3491 1886 3564 1941; x_wconf 89' lang='lat' dir='ltr'>ad</span> 
     </span>
    </p>
   </div>
   <div class='ocr_carea' id='block_1_33' title="bbox 121 1975 3565 2074">
    <p class='ocr_par' dir='ltr' id='par_1_33' title="bbox 121 1975 3565 2074">
     <span class='ocr_line' id='line_1_33' title="bbox 121 1975 3565 2074; baseline -0.002 -38"><span class='ocrx_word' id='word_1_215' title='bbox 121 2000 246 2038; x_wconf 87' lang='lat' dir='ltr'>vere</span> <span class='ocrx_word' id='word_1_216' title='bbox 277 1988 440 2038; x_wconf 88' lang='lat' dir='ltr'>terra</span> <span class='ocrx_word' id='word_1_217' title='bbox 473 1986 565 2037; x_wconf 89' lang='lat' dir='ltr'>est</span> <span class='ocrx_word' id='word_1_218' title='bbox 594 1983 811 2052; x_wconf 86' lang='lat' dir='ltr'>ferrea,</span> <span class='ocrx_word' id='word_1_219' title='bbox 846 1982 1094 2037; x_wconf 91' lang='lat' dir='ltr'>telorum</span> <span class='ocrx_word' id='word_1_220' title='bbox 1129 1981 1440 2053; x_wconf 75' lang='lat' dir='ltr'>segetibus</span> <span class='ocrx_word' id='word_1_221' title='bbox 1465 1981 1789 2035; x_wconf 89' lang='lat' dir='ltr'>inhorrens</span> <span class='ocrx_word' id='word_1_222' title='bbox 1822 2011 1876 2074; x_wconf 84' lang='lat' dir='ltr'><strong>B</strong></span> <span class='ocrx_word' id='word_1_223' title='bbox 1899 1979 2275 2034; x_wconf 82' lang='lat' dir='ltr'>excitandum</span> <span class='ocrx_word' id='word_1_224' title='bbox 2324 1982 2380 2033; x_wconf 92' lang='lat' dir='ltr'>et</span> <span class='ocrx_word' id='word_1_225' title='bbox 2427 1977 2756 2032; x_wconf 89' lang='lat' dir='ltr'>canendum</span> <span class='ocrx_word' id='word_1_226' title='bbox 2805 1977 3149 2030; x_wconf 89' lang='lat' dir='ltr'>ministrans</span> <span class='ocrx_word' id='word_1_227' title='bbox 3183 1978 3212 2031; x_wconf 69' lang='grc' dir='ltr'>ἱ)</span> <span class='ocrx_word' id='word_1_228' title='bbox 3265 1975 3565 2048; x_wconf 90' lang='lat' dir='ltr'>Numquid</span> 
     </span>
    </p>
   </div>
   <div class='ocr_carea' id='block_1_34' title="bbox 119 2070 1781 2142">
    <p class='ocr_par' dir='ltr' id='par_1_34' title="bbox 119 2070 1781 2142">
     <span class='ocr_line' id='line_1_34' title="bbox 119 2070 1781 2142; baseline -0.002 -15"><span class='ocrx_word' id='word_1_229' title='bbox 119 2072 239 2142; x_wconf 88' lang='lat'>(68),</span> <span class='ocrx_word' id='word_1_230' title='bbox 275 2075 334 2126; x_wconf 90' lang='lat' dir='ltr'>et</span> <span class='ocrx_word' id='word_1_231' title='bbox 364 2073 494 2126; x_wconf 91' lang='lat' dir='ltr'>suis</span> <span class='ocrx_word' id='word_1_232' title='bbox 544 2073 699 2126; x_wconf 87' lang='lat' dir='ltr'>nuda</span> <span class='ocrx_word' id='word_1_233' title='bbox 747 2072 1040 2126; x_wconf 86' lang='lat' dir='ltr'>fructibus</span> <span class='ocrx_word' id='word_1_234' title='bbox 1061 2113 1074 2140; x_wconf 93' lang='lat'>,</span> <span class='ocrx_word' id='word_1_235' title='bbox 1124 2071 1375 2125; x_wconf 89' lang='lat' dir='ltr'>fecunda</span> <span class='ocrx_word' id='word_1_236' title='bbox 1405 2070 1478 2124; x_wconf 87' lang='lat' dir='ltr'>ad</span> <span class='ocrx_word' id='word_1_237' title='bbox 1509 2086 1742 2140; x_wconf 73' lang='lat' dir='ltr'>poenam</span> <span class='ocrx_word' id='word_1_238' title='bbox 1768 2112 1781 2139; x_wconf 98' lang='lat'>,</span> 
     </span>
    </p>
   </div>
   <div class='ocr_carea' id='block_1_35' title="bbox 121 2159 1791 2216">
    <p class='ocr_par' dir='ltr' id='par_1_35' title="bbox 121 2159 1791 2216">
     <span class='ocr_line' id='line_1_35' title="bbox 121 2159 1791 2216; baseline -0.002 0"><span class='ocrx_word' id='word_1_239' title='bbox 121 2162 339 2216; x_wconf 87' lang='lat' dir='ltr'>sterilis</span> <span class='ocrx_word' id='word_1_240' title='bbox 397 2162 469 2215; x_wconf 90' lang='lat' dir='ltr'>ad</span> <span class='ocrx_word' id='word_1_241' title='bbox 525 2161 883 2215; x_wconf 87' lang='lat' dir='ltr'>alimoniam.</span> <span class='ocrx_word' id='word_1_242' title='bbox 944 2161 1061 2215; x_wconf 90' lang='lat' dir='ltr'>Ubi</span> <span class='ocrx_word' id='word_1_243' title='bbox 1135 2163 1329 2214; x_wconf 90' lang='lat' dir='ltr'>autem</span> <span class='ocrx_word' id='word_1_244' title='bbox 1379 2159 1791 2213; x_wconf 83' lang='lat' dir='ltr'>abundantia?</span> 
     </span>
    </p>
   </div>
   <div class='ocr_carea' id='block_1_36' title="bbox 128 2248 1785 2322">
    <p class='ocr_par' dir='ltr' id='par_1_36' title="bbox 128 2248 1785 2322">
     <span class='ocr_line' id='line_1_36' title="bbox 128 2248 1785 2322; baseline 0.001 -22"><span class='ocrx_word' id='word_1_245' title='bbox 128 2273 146 2300; x_wconf 77' lang='grc' dir='ltr'>ι</span> <span class='ocrx_word' id='word_1_246' title='bbox 181 2251 336 2305; x_wconf 89' lang='lat' dir='ltr'>Ecce</span> <span class='ocrx_word' id='word_1_247' title='bbox 367 2266 481 2322; x_wconf 86' lang='lat' dir='ltr'>ego</span> <span class='ocrx_word' id='word_1_248' title='bbox 512 2250 650 2320; x_wconf 91' lang='lat' dir='ltr'>pluo</span> <span class='ocrx_word' id='word_1_249' title='bbox 668 2249 842 2304; x_wconf 89' lang='lat' dir='ltr'>vobis</span> <span class='ocrx_word' id='word_1_250' title='bbox 865 2265 1070 2320; x_wconf 88' lang='lat' dir='ltr'>panes,</span> <span class='ocrx_word' id='word_1_251' title='bbox 1107 2248 1246 2303; x_wconf 90' lang='lat' dir='ltr'>dicit</span> <span class='ocrx_word' id='word_1_252' title='bbox 1266 2248 1785 2317; x_wconf 76' lang='lat' dir='ltr'>Dominus(Exod.</span> 
     </span>
    </p>
   </div>
   <div class='ocr_carea' id='block_1_37' title="bbox 123 2336 1790 2411">
    <p class='ocr_par' dir='ltr' id='par_1_37' title="bbox 123 2336 1790 2411">
     <span class='ocr_line' id='line_1_37' title="bbox 123 2336 1790 2411; baseline -0.002 -18"><span class='ocrx_word' id='word_1_253' title='bbox 123 2357 242 2409; x_wconf 79' lang='lat' dir='ltr'>XV],</span> <span class='ocrx_word' id='word_1_254' title='bbox 277 2339 356 2411; x_wconf 76' lang='grc'>4).</span> <span class='ocrx_word' id='word_1_255' title='bbox 403 2364 424 2388; x_wconf 75' lang='grc' dir='ltr'>ιι</span> <span class='ocrx_word' id='word_1_256' title='bbox 464 2339 604 2394; x_wconf 78' lang='lat' dir='ltr'>Vale</span> <span class='ocrx_word' id='word_1_257' title='bbox 626 2381 639 2407; x_wconf 97' lang='lat'>,</span> <span class='ocrx_word' id='word_1_258' title='bbox 676 2342 732 2394; x_wconf 92' lang='lat' dir='ltr'>et</span> <span class='ocrx_word' id='word_1_259' title='bbox 770 2355 880 2394; x_wconf 91' lang='lat' dir='ltr'>nos</span> <span class='ocrx_word' id='word_1_260' title='bbox 911 2339 1092 2411; x_wconf 89' lang='lat' dir='ltr'>dilige</span> <span class='ocrx_word' id='word_1_261' title='bbox 1119 2353 1149 2408; x_wconf 87' lang='lat'>;-</span> <span class='ocrx_word' id='word_1_262' title='bbox 1180 2336 1316 2408; x_wconf 85' lang='lat' dir='ltr'>quia</span> <span class='ocrx_word' id='word_1_263' title='bbox 1347 2353 1458 2392; x_wconf 92' lang='lat' dir='ltr'>nos</span> <span class='ocrx_word' id='word_1_264' title='bbox 1507 2339 1563 2391; x_wconf 92' lang='lat' dir='ltr'>te</span> <span class='ocrx_word' id='word_1_265' title='bbox 1595 2336 1790 2408; x_wconf 89' lang='lat' dir='ltr'>diligi-</span> 
     </span>
    </p>
   </div>
   <div class='ocr_carea' id='block_1_38' title="bbox 121 2445 258 2482">
    <p class='ocr_par' dir='ltr' id='par_1_38' title="bbox 121 2445 258 2482">
     <span class='ocr_line' id='line_1_38' title="bbox 121 2445 258 2482; baseline 0 0"><span class='ocrx_word' id='word_1_266' title='bbox 121 2445 258 2482; x_wconf 90' lang='lat' dir='ltr'>mus.</span> 
     </span>
    </p>
   </div>
   <div class='ocr_carea' id='block_1_39' title="bbox 174 2445 1352 2581">
    <p class='ocr_par' dir='ltr' id='par_1_39' title="bbox 174 2445 1352 2581">
     <span class='ocr_line' id='line_1_39' title="bbox 174 2445 1352 2581; baseline -0.003 -8"><span class='ocrx_word' id='word_1_267' title='bbox 174 2445 258 2483; x_wconf 42' lang='lat' dir='ltr'>us.</span> <span class='ocrx_word' id='word_1_268' title='bbox 515 2518 699 2581; x_wconf 82' lang='lat'>1061</span> <span class='ocrx_word' id='word_1_269' title='bbox 741 2516 1111 2572; x_wconf 87' lang='lat' dir='ltr'>EPISTOLA.</span> <span class='ocrx_word' id='word_1_270' title='bbox 1147 2515 1352 2570; x_wconf 84' lang='lat' dir='ltr'><strong>LXIX.</strong></span> 
     </span>
    </p>
   </div>
   <div class='ocr_carea' id='block_1_40' title="bbox 121 2613 1790 2688">
    <p class='ocr_par' dir='ltr' id='par_1_40' title="bbox 121 2613 1790 2688">
     <span class='ocr_line' id='line_1_40' title="bbox 121 2613 1790 2688; baseline -0.002 -18"><span class='ocrx_word' id='word_1_271' title='bbox 121 2617 368 2688; x_wconf 81' lang='lat' dir='ltr'>Roganti</span> <span class='ocrx_word' id='word_1_272' title='bbox 409 2632 590 2688; x_wconf 83' lang='lat' dir='ltr'>quare</span> <span class='ocrx_word' id='word_1_273' title='bbox 637 2615 768 2669; x_wconf 80' lang='lat' dir='ltr'>Lex</span> <span class='ocrx_word' id='word_1_274' title='bbox 821 2615 986 2688; x_wconf 62' lang='lat' dir='ltr'>uiros</span> <span class='ocrx_word' id='word_1_275' title='bbox 1024 2619 1190 2668; x_wconf 88' lang='lat' dir='ltr'>veste</span> <span class='ocrx_word' id='word_1_276' title='bbox 1231 2613 1540 2688; x_wconf 73' lang='lat' dir='ltr'>muliebri,</span> <span class='ocrx_word' id='word_1_277' title='bbox 1575 2630 1641 2668; x_wconf 85' lang='lat' dir='ltr'>ac</span> <span class='ocrx_word' id='word_1_278' title='bbox 1669 2631 1790 2688; x_wconf 44' lang='lat' dir='ltr'>mu:</span> 
     </span>
    </p>
   </div>
   <div class='ocr_carea' id='block_1_41' title="bbox 185 2675 1790 2758">
    <p class='ocr_par' dir='ltr' id='par_1_41' title="bbox 185 2675 1790 2758">
     <span class='ocr_line' id='line_1_41' title="bbox 185 2675 1790 2758; baseline -0.002 -16"><span class='ocrx_word' id='word_1_279' title='bbox 185 2675 372 2743; x_wconf 77' lang='lat' dir='ltr'>lieres</span> <span class='ocrx_word' id='word_1_280' title='bbox 409 2675 575 2741; x_wconf 64' lang='lat' dir='ltr'>virili</span> <span class='ocrx_word' id='word_1_281' title='bbox 608 2688 692 2740; x_wconf 85' lang='lat' dir='ltr'>uti</span> <span class='ocrx_word' id='word_1_282' title='bbox 708 2685 1046 2758; x_wconf 78' lang='lat' dir='ltr'>prohibeat,</span> <span class='ocrx_word' id='word_1_283' title='bbox 1081 2686 1404 2758; x_wconf 75' lang='lat' dir='ltr'>respondet</span> <span class='ocrx_word' id='word_1_284' title='bbox 1435 2702 1466 2758; x_wconf 84' lang='lat' dir='ltr'>a</span> <span class='ocrx_word' id='word_1_285' title='bbox 1500 2675 1708 2758; x_wconf 79' lang='lat' dir='ltr'>natura</span> <span class='ocrx_word' id='word_1_286' title='bbox 1726 2686 1790 2758; x_wconf 81' lang='lat' dir='ltr'>id</span> 
     </span>
    </p>
   </div>
   <div class='ocr_carea' id='block_1_42' title="bbox 183 2756 1787 2828">
    <p class='ocr_par' dir='ltr' id='par_1_42' title="bbox 183 2756 1787 2828">
     <span class='ocr_line' id='line_1_42' title="bbox 183 2756 1787 2828; baseline -0.002 -15"><span class='ocrx_word' id='word_1_287' title='bbox 183 2760 537 2828; x_wconf 80' lang='lat' dir='ltr'>abhorrere,</span> <span class='ocrx_word' id='word_1_288' title='bbox 574 2765 632 2812; x_wconf 86' lang='lat' dir='ltr'>ut</span> <span class='ocrx_word' id='word_1_289' title='bbox 665 2756 743 2812; x_wconf 63' lang='lat' dir='ltr'>ex</span> <span class='ocrx_word' id='word_1_290' title='bbox 767 2757 969 2812; x_wconf 81' lang='lat' dir='ltr'>brutis</span> <span class='ocrx_word' id='word_1_291' title='bbox 1002 2757 1153 2827; x_wconf 87' lang='lat' dir='ltr'>ipsis</span> <span class='ocrx_word' id='word_1_292' title='bbox 1185 2756 1591 2828; x_wconf 83' lang='lat' dir='ltr'>intelligitur,-</span> <span class='ocrx_word' id='word_1_293' title='bbox 1617 2757 1787 2811; x_wconf 84' lang='lat' dir='ltr'>femi-</span> 
     </span>
    </p>
   </div>
   <div class='ocr_carea' id='block_1_43' title="bbox 184 2827 1788 2909">
    <p class='ocr_par' dir='ltr' id='par_1_43' title="bbox 184 2827 1788 2909">
     <span class='ocr_line' id='line_1_43' title="bbox 184 2827 1788 2909; baseline -0.001 -25"><span class='ocrx_word' id='word_1_294' title='bbox 184 2847 290 2885; x_wconf 86' lang='lat' dir='ltr'>nas</span> <span class='ocrx_word' id='word_1_295' title='bbox 324 2827 528 2884; x_wconf 87' lang='lat' dir='ltr'>tamen</span> <span class='ocrx_word' id='word_1_296' title='bbox 558 2830 1045 2909; x_wconf 36' lang='lat' dir='ltr'>virorum,&#39;_quam</span> <span class='ocrx_word' id='word_1_297' title='bbox 1079 2829 1248 2909; x_wconf 62' lang='lat' dir='ltr'>viros</span> <span class='ocrx_word' id='word_1_298' title='bbox 1278 2827 1631 2908; x_wconf 72' lang='lat' dir='ltr'>feminarum</span> <span class='ocrx_word' id='word_1_299' title='bbox 1664 2828 1788 2909; x_wconf 74' lang='lat' dir='ltr'>cul-</span> 
     </span>
    </p>
   </div>
   <div class='ocr_carea' id='block_1_44' title="bbox 188 2898 1790 2970">
    <p class='ocr_par' dir='ltr' id='par_1_44' title="bbox 188 2898 1790 2970">
     <span class='ocr_line' id='line_1_44' title="bbox 188 2898 1790 2970; baseline 0 -16"><span class='ocrx_word' id='word_1_300' title='bbox 188 2909 302 2956; x_wconf 89' lang='lat' dir='ltr'>tum</span> <span class='ocrx_word' id='word_1_301' title='bbox 335 2917 572 2955; x_wconf 86' lang='lat' dir='ltr'>sumere</span> <span class='ocrx_word' id='word_1_302' title='bbox 594 2898 1004 2954; x_wconf 83' lang='lat' dir='ltr'>tolerabilius:</span> <span class='ocrx_word' id='word_1_303' title='bbox 1031 2904 1090 2952; x_wconf 87' lang='lat' dir='ltr'>at</span> <span class='ocrx_word' id='word_1_304' title='bbox 1119 2898 1311 2970; x_wconf 84' lang='lat' dir='ltr'>legem</span> <span class='ocrx_word' id='word_1_305' title='bbox 1331 2899 1526 2969; x_wconf 82' lang='lat' dir='ltr'>potius</span> <span class='ocrx_word' id='word_1_306' title='bbox 1549 2915 1684 2954; x_wconf 91' lang='lat' dir='ltr'>esse</span> <span class='ocrx_word' id='word_1_307' title='bbox 1716 2899 1790 2954; x_wconf 87' lang='lat' dir='ltr'>de</span> 
     </span>
    </p>
   </div>
   <div class='ocr_carea' id='block_1_45' title="bbox 182 2969 1784 3043">
    <p class='ocr_par' dir='ltr' id='par_1_45' title="bbox 182 2969 1784 3043">
     <span class='ocr_line' id='line_1_45' title="bbox 182 2969 1784 3043; baseline -0.001 -17"><span class='ocrx_word' id='word_1_308' title='bbox 182 2973 472 3040; x_wconf 89' lang='lat' dir='ltr'>moribus,</span> <span class='ocrx_word' id='word_1_309' title='bbox 519 2988 690 3043; x_wconf 81' lang='lat' dir='ltr'>quam</span> <span class='ocrx_word' id='word_1_310' title='bbox 740 2972 814 3025; x_wconf 91' lang='lat' dir='ltr'>de</span> <span class='ocrx_word' id='word_1_311' title='bbox 866 2970 1152 3043; x_wconf 72' lang='lat' dir='ltr'>vestibus.</span> <span class='ocrx_word' id='word_1_312' title='bbox 1184 2969 1351 3043; x_wconf 34' lang='lat' dir='ltr'>:Post</span> <span class='ocrx_word' id='word_1_313' title='bbox 1401 2987 1526 3042; x_wconf 69' lang='lat' dir='ltr'>quae</span> <span class='ocrx_word' id='word_1_314' title='bbox 1569 2972 1631 3025; x_wconf 84' lang='lat' dir='ltr'>in</span> <span class='ocrx_word' id='word_1_315' title='bbox 1663 2987 1784 3040; x_wconf 89' lang='lat' dir='ltr'>eos,</span> 
     </span>
    </p>
   </div>
   <div class='ocr_carea' id='block_1_46' title="bbox 185 3041 1308 3117">
    <p class='ocr_par' dir='ltr' id='par_1_46' title="bbox 185 3041 1308 3117">
     <span class='ocr_line' id='line_1_46' title="bbox 185 3041 1308 3117; baseline -0.004 -19"><span class='ocrx_word' id='word_1_316' title='bbox 185 3047 278 3117; x_wconf 86' lang='lat' dir='ltr'>qui</span> <span class='ocrx_word' id='word_1_317' title='bbox 311 3041 556 3116; x_wconf 84' lang='lat' dir='ltr'>capillos</span> <span class='ocrx_word' id='word_1_318' title='bbox 586 3044 947 3114; x_wconf 85' lang='lat' dir='ltr'>crisparent,</span> <span class='ocrx_word' id='word_1_319' title='bbox 981 3041 1308 3095; x_wconf 81' lang='lat' dir='ltr'>invehitur.</span> 
     </span>
    </p>
   </div>
   <div class='ocr_carea' id='block_1_47' title="bbox 504 3130 1429 3186">
    <p class='ocr_par' dir='ltr' id='par_1_47' title="bbox 504 3130 1429 3186">
     <span class='ocr_line' id='line_1_47' title="bbox 504 3130 1429 3186; baseline -0.003 1"><span class='ocrx_word' id='word_1_320' title='bbox 504 3133 846 3186; x_wconf 74' lang='lat' dir='ltr'>Ausaosxus</span> <span class='ocrx_word' id='word_1_321' title='bbox 884 3131 1118 3184; x_wconf 65' lang='lat' dir='ltr'>Iasmao</span> <span class='ocrx_word' id='word_1_322' title='bbox 1160 3130 1429 3184; x_wconf 88' lang='lat' dir='ltr'>salutem.</span> 
     </span>
    </p>
   </div>
   <div class='ocr_carea' id='block_1_48' title="bbox 184 3219 1788 3290">
    <p class='ocr_par' dir='ltr' id='par_1_48' title="bbox 184 3219 1788 3290">
     <span class='ocr_line' id='line_1_48' title="bbox 184 3219 1788 3290; baseline -0.002 -14"><span class='ocrx_word' id='word_1_323' title='bbox 184 3223 232 3277; x_wconf 98' lang='grc'>1.</span> <span class='ocrx_word' id='word_1_324' title='bbox 265 3222 572 3276; x_wconf 85' lang='lat' dir='ltr'>Pertulisti</span> <span class='ocrx_word' id='word_1_325' title='bbox 622 3221 692 3274; x_wconf 81' lang='lat' dir='ltr'>ad</span> <span class='ocrx_word' id='word_1_326' title='bbox 742 3236 832 3274; x_wconf 92' lang='lat' dir='ltr'>me</span> <span class='ocrx_word' id='word_1_327' title='bbox 865 3221 1037 3290; x_wconf 86' lang='lat' dir='ltr'>quasi</span> <span class='ocrx_word' id='word_1_328' title='bbox 1081 3219 1239 3273; x_wconf 80' lang='lat' dir='ltr'>filius</span> <span class='ocrx_word' id='word_1_329' title='bbox 1288 3219 1648 3289; x_wconf 86' lang='lat' dir='ltr'>quaesivisse</span> <span class='ocrx_word' id='word_1_330' title='bbox 1679 3219 1788 3273; x_wconf 89' lang='lat' dir='ltr'>ali-</span> 
     </span>
    </p>
   </div>
   <div class='ocr_carea' id='block_1_49' title="bbox 117 3301 1786 3383">
    <p class='ocr_par' dir='ltr' id='par_1_49' title="bbox 117 3301 1786 3383">
     <span class='ocr_line' id='line_1_49' title="bbox 117 3301 1786 3383; baseline -0.004 -17"><span class='ocrx_word' id='word_1_331' title='bbox 117 3327 261 3383; x_wconf 87' lang='lat' dir='ltr'>quos</span> <span class='ocrx_word' id='word_1_332' title='bbox 296 3312 369 3365; x_wconf 91' lang='lat' dir='ltr'>de</span> <span class='ocrx_word' id='word_1_333' title='bbox 403 3314 477 3378; x_wconf 91' lang='lat' dir='ltr'>te,</span> <span class='ocrx_word' id='word_1_334' title='bbox 513 3309 651 3381; x_wconf 86' lang='lat' dir='ltr'>quid</span> <span class='ocrx_word' id='word_1_335' title='bbox 688 3309 803 3363; x_wconf 89' lang='lat' dir='ltr'>sibi</span> <span class='ocrx_word' id='word_1_336' title='bbox 834 3309 975 3364; x_wconf 90' lang='lat' dir='ltr'>velit</span> <span class='ocrx_word' id='word_1_337' title='bbox 1007 3308 1164 3380; x_wconf 88' lang='lat' dir='ltr'>quod</span> <span class='ocrx_word' id='word_1_338' title='bbox 1191 3311 1308 3361; x_wconf 86' lang='lat' dir='ltr'>tam</span> <span class='ocrx_word' id='word_1_339' title='bbox 1328 3301 1539 3362; x_wconf 88' lang='lat' dir='ltr'>severe</span> <span class='ocrx_word' id='word_1_340' title='bbox 1561 3307 1657 3362; x_wconf 88' lang='lat' dir='ltr'>lex</span> <span class='ocrx_word' id='word_1_341' title='bbox 1680 3308 1786 3361; x_wconf 88' lang='lat' dir='ltr'>im-</span> 
     </span>
    </p>
   </div>
   <div class='ocr_carea' id='block_1_50' title="bbox 118 3397 1790 3469">
    <p class='ocr_par' dir='ltr' id='par_1_50' title="bbox 118 3397 1790 3469">
     <span class='ocr_line' id='line_1_50' title="bbox 118 3397 1790 3469; baseline -0.001 -16"><span class='ocrx_word' id='word_1_342' title='bbox 118 3401 372 3455; x_wconf 88' lang='lat' dir='ltr'>mundos</span> <span class='ocrx_word' id='word_1_343' title='bbox 395 3415 500 3454; x_wconf 86' lang='lat' dir='ltr'>eos</span> <span class='ocrx_word' id='word_1_344' title='bbox 531 3398 766 3467; x_wconf 85' lang='lat' dir='ltr'>dixerit,</span> <span class='ocrx_word' id='word_1_345' title='bbox 801 3397 900 3469; x_wconf 88' lang='lat' dir='ltr'>qui</span> <span class='ocrx_word' id='word_1_346' title='bbox 930 3397 1104 3451; x_wconf 90' lang='lat' dir='ltr'>alieni</span> <span class='ocrx_word' id='word_1_347' title='bbox 1130 3412 1314 3451; x_wconf 87' lang='lat' dir='ltr'>sexus</span> <span class='ocrx_word' id='word_1_348' title='bbox 1335 3400 1641 3451; x_wconf 90' lang='lat' dir='ltr'>uterentur</span> <span class='ocrx_word' id='word_1_349' title='bbox 1655 3412 1790 3452; x_wconf 88' lang='lat' dir='ltr'>ves-</span> 
     </span>
    </p>
   </div>
   <div class='ocr_carea' id='block_1_51' title="bbox 117 3485 1790 3558">
    <p class='ocr_par' dir='ltr' id='par_1_51' title="bbox 117 3485 1790 3558">
     <span class='ocr_line' id='line_1_51' title="bbox 117 3485 1790 3558; baseline -0.001 -16"><span class='ocrx_word' id='word_1_350' title='bbox 117 3491 292 3558; x_wconf 88' lang='lat' dir='ltr'>tibus,</span> <span class='ocrx_word' id='word_1_351' title='bbox 331 3489 424 3542; x_wconf 88' lang='lat' dir='ltr'>vel</span> <span class='ocrx_word' id='word_1_352' title='bbox 455 3488 620 3542; x_wconf 84' lang='lat' dir='ltr'>viros</span> <span class='ocrx_word' id='word_1_353' title='bbox 644 3487 874 3542; x_wconf 90' lang='lat' dir='ltr'>scilicet</span> <span class='ocrx_word' id='word_1_354' title='bbox 895 3487 986 3541; x_wconf 87' lang='lat' dir='ltr'>vel</span> <span class='ocrx_word' id='word_1_355' title='bbox 1011 3486 1326 3556; x_wconf 82' lang='lat' dir='ltr'>mulieres;</span> <span class='ocrx_word' id='word_1_356' title='bbox 1351 3485 1439 3540; x_wconf 91' lang='lat' dir='ltr'>sic</span> <span class='ocrx_word' id='word_1_357' title='bbox 1460 3485 1616 3540; x_wconf 91' lang='lat' dir='ltr'>enim</span> <span class='ocrx_word' id='word_1_358' title='bbox 1635 3487 1790 3541; x_wconf 88' lang='lat' dir='ltr'>seri—</span> 
     </span>
    </p>
   </div>
   <div class='ocr_carea' id='block_1_52' title="bbox 116 3575 1784 3648">
    <p class='ocr_par' dir='ltr' id='par_1_52' title="bbox 116 3575 1784 3648">
     <span class='ocr_line' id='line_1_52' title="bbox 116 3575 1784 3648; baseline -0.002 -15"><span class='ocrx_word' id='word_1_359' title='bbox 116 3583 269 3648; x_wconf 85' lang='lat' dir='ltr'>ptum</span> <span class='ocrx_word' id='word_1_360' title='bbox 304 3582 398 3632; x_wconf 90' lang='lat' dir='ltr'>est</span> <span class='ocrx_word' id='word_1_361' title='bbox 432 3593 444 3632; x_wconf 92' lang='lat'>:</span> <span class='ocrx_word' id='word_1_362' title='bbox 481 3601 502 3625; x_wconf 77' lang='grc' dir='ltr'>«ι</span> <span class='ocrx_word' id='word_1_363' title='bbox 539 3577 672 3632; x_wconf 88' lang='lat' dir='ltr'>Non</span> <span class='ocrx_word' id='word_1_364' title='bbox 705 3577 814 3630; x_wconf 90' lang='lat' dir='ltr'>erit</span> <span class='ocrx_word' id='word_1_365' title='bbox 844 3592 942 3631; x_wconf 90' lang='lat' dir='ltr'>res</span> <span class='ocrx_word' id='word_1_366' title='bbox 977 3576 1086 3630; x_wconf 89' lang='lat' dir='ltr'>viri</span> <span class='ocrx_word' id='word_1_367' title='bbox 1110 3591 1291 3645; x_wconf 89' lang='lat' dir='ltr'>super</span> <span class='ocrx_word' id='word_1_368' title='bbox 1325 3575 1652 3645; x_wconf 89' lang='lat' dir='ltr'>mulierem,</span> <span class='ocrx_word' id='word_1_369' title='bbox 1675 3591 1784 3630; x_wconf 86' lang='lat' dir='ltr'>ne-</span> 
     </span>
    </p>
   </div>
   <div class='ocr_carea' id='block_1_53' title="bbox 117 3663 1790 3740">
    <p class='ocr_par' dir='ltr' id='par_1_53' title="bbox 117 3663 1790 3740">
     <span class='ocr_line' id='line_1_53' title="bbox 117 3663 1790 3740; baseline -0.002 -17"><span class='ocrx_word' id='word_1_370' title='bbox 117 3684 224 3740; x_wconf 87' lang='lat' dir='ltr'>que</span> <span class='ocrx_word' id='word_1_371' title='bbox 246 3667 530 3723; x_wconf 77' lang='lat' dir='ltr'>induatur</span> <span class='ocrx_word' id='word_1_372' title='bbox 550 3666 642 3719; x_wconf 87' lang='lat' dir='ltr'>vir</span> <span class='ocrx_word' id='word_1_373' title='bbox 658 3665 870 3720; x_wconf 91' lang='lat' dir='ltr'>stolam</span> <span class='ocrx_word' id='word_1_374' title='bbox 893 3663 1272 3736; x_wconf 82' lang='lat' dir='ltr'>muliebrem;</span> <span class='ocrx_word' id='word_1_375' title='bbox 1297 3666 1434 3736; x_wconf 87' lang='lat' dir='ltr'>quia</span> <span class='ocrx_word' id='word_1_376' title='bbox 1451 3665 1790 3719; x_wconf 88' lang='lat' dir='ltr'>immundus</span> 
     </span>
    </p>
   </div>
   <div class='ocr_carea' id='block_1_54' title="bbox 119 3753 1787 3825">
    <p class='ocr_par' dir='ltr' id='par_1_54' title="bbox 119 3753 1787 3825">
     <span class='ocr_line' id='line_1_54' title="bbox 119 3753 1787 3825; baseline -0.002 -14"><span class='ocrx_word' id='word_1_377' title='bbox 119 3760 205 3811; x_wconf 90' lang='lat' dir='ltr'>est</span> <span class='ocrx_word' id='word_1_378' title='bbox 255 3756 511 3812; x_wconf 89' lang='lat' dir='ltr'>Domino</span> <span class='ocrx_word' id='word_1_379' title='bbox 567 3753 934 3824; x_wconf 34' lang='lat' dir='ltr'>omnis\(69)</span> <span class='ocrx_word' id='word_1_380' title='bbox 984 3753 1082 3825; x_wconf 90' lang='lat' dir='ltr'>qui</span> <span class='ocrx_word' id='word_1_381' title='bbox 1142 3753 1349 3808; x_wconf 83' lang='lat' dir='ltr'>fecerit</span> <span class='ocrx_word' id='word_1_382' title='bbox 1413 3753 1542 3809; x_wconf 88' lang='lat' dir='ltr'>haec</span> <span class='ocrx_word' id='word_1_383' title='bbox 1592 3753 1787 3823; x_wconf 86' lang='lat' dir='ltr'>(Deut.</span> 
     </span>
    </p>
   </div>
   <div class='ocr_carea' id='block_1_55' title="bbox 120 3847 446 3916">
    <p class='ocr_par' dir='ltr' id='par_1_55' title="bbox 120 3847 446 3916">
     <span class='ocr_line' id='line_1_55' title="bbox 120 3847 446 3916; baseline -0.018 -16"><span class='ocrx_word' id='word_1_384' title='bbox 120 3863 256 3916; x_wconf 79' lang='lat' dir='ltr'>xxii,</span> <span class='ocrx_word' id='word_1_385' title='bbox 297 3847 375 3914; x_wconf 81' lang='lat'>5).</span> <span class='ocrx_word' id='word_1_386' title='bbox 424 3866 446 3894; x_wconf 72' lang='grc' dir='ltr'><strong><em>ι</em></strong></span> 
     </span>
    </p>
   </div>
   <div class='ocr_carea' id='block_1_56' title="bbox 183 3930 1790 4003">
    <p class='ocr_par' dir='ltr' id='par_1_56' title="bbox 183 3930 1790 4003">
     <span class='ocr_line' id='line_1_56' title="bbox 183 3930 1790 4003; baseline -0.002 -14"><span class='ocrx_word' id='word_1_387' title='bbox 183 3937 233 3989; x_wconf 74' lang='lat'>2.</span> <span class='ocrx_word' id='word_1_388' title='bbox 268 3934 347 3988; x_wconf 87' lang='lat' dir='ltr'>Et</span> <span class='ocrx_word' id='word_1_389' title='bbox 393 3934 446 3988; x_wconf 89' lang='lat' dir='ltr'>si</span> <span class='ocrx_word' id='word_1_390' title='bbox 494 3949 634 3989; x_wconf 89' lang='lat' dir='ltr'>vere</span> <span class='ocrx_word' id='word_1_391' title='bbox 677 3932 1004 4002; x_wconf 89' lang='lat' dir='ltr'>discutias,</span> <span class='ocrx_word' id='word_1_392' title='bbox 1058 3931 1452 4003; x_wconf 86' lang='lat' dir='ltr'>incongruum</span> <span class='ocrx_word' id='word_1_393' title='bbox 1482 3932 1592 4001; x_wconf 91' lang='lat' dir='ltr'>est,</span> <span class='ocrx_word' id='word_1_394' title='bbox 1635 3930 1790 4002; x_wconf 90' lang='lat' dir='ltr'>quod</span> 
     </span>
    </p>
   </div>
   <div class='ocr_carea' id='block_1_57' title="bbox 116 4019 1791 4094">
    <p class='ocr_par' dir='ltr' id='par_1_57' title="bbox 116 4019 1791 4094">
     <span class='ocr_line' id='line_1_57' title="bbox 116 4019 1791 4094; baseline -0.001 -18"><span class='ocrx_word' id='word_1_395' title='bbox 116 4023 241 4094; x_wconf 86' lang='lat' dir='ltr'>ipsa</span> <span class='ocrx_word' id='word_1_396' title='bbox 272 4023 452 4078; x_wconf 90' lang='lat' dir='ltr'>etiam</span> <span class='ocrx_word' id='word_1_397' title='bbox 499 4023 778 4078; x_wconf 86' lang='lat' dir='ltr'>abhorret</span> <span class='ocrx_word' id='word_1_398' title='bbox 828 4024 1054 4076; x_wconf 89' lang='lat' dir='ltr'>natura.</span> <span class='ocrx_word' id='word_1_399' title='bbox 1104 4019 1222 4075; x_wconf 87' lang='lat' dir='ltr'>Cur</span> <span class='ocrx_word' id='word_1_400' title='bbox 1260 4020 1415 4075; x_wconf 91' lang='lat' dir='ltr'>enim</span> <span class='ocrx_word' id='word_1_401' title='bbox 1465 4020 1641 4075; x_wconf 90' lang='lat' dir='ltr'>homo</span> <span class='ocrx_word' id='word_1_402' title='bbox 1673 4035 1791 4074; x_wconf 93' lang='lat' dir='ltr'>non</span> 
     </span>
    </p>
   </div>
   <div class='ocr_carea' id='block_1_58' title="bbox 119 4109 1794 4183">
    <p class='ocr_par' dir='ltr' id='par_1_58' title="bbox 119 4109 1794 4183">
     <span class='ocr_line' id='line_1_58' title="bbox 119 4109 1794 4183; baseline -0.002 -18"><span class='ocrx_word' id='word_1_403' title='bbox 119 4115 208 4167; x_wconf 84' lang='lat' dir='ltr'>vis</span> <span class='ocrx_word' id='word_1_404' title='bbox 245 4112 447 4166; x_wconf 87' lang='lat' dir='ltr'>videri</span> <span class='ocrx_word' id='word_1_405' title='bbox 475 4127 636 4182; x_wconf 90' lang='lat' dir='ltr'>esse,</span> <span class='ocrx_word' id='word_1_406' title='bbox 679 4111 836 4183; x_wconf 90' lang='lat' dir='ltr'>quod</span> <span class='ocrx_word' id='word_1_407' title='bbox 867 4113 1039 4165; x_wconf 89' lang='lat' dir='ltr'>natus</span> <span class='ocrx_word' id='word_1_408' title='bbox 1071 4111 1186 4164; x_wconf 86' lang='lat' dir='ltr'>es?</span> <span class='ocrx_word' id='word_1_409' title='bbox 1232 4126 1340 4163; x_wconf 92' lang='lat' dir='ltr'>cur</span> <span class='ocrx_word' id='word_1_410' title='bbox 1381 4109 1630 4164; x_wconf 89' lang='lat' dir='ltr'>alienam</span> <span class='ocrx_word' id='word_1_411' title='bbox 1688 4109 1794 4162; x_wconf 90' lang='lat' dir='ltr'>tibi</span> 
     </span>
    </p>
   </div>
   <div class='ocr_carea' id='block_1_59' title="bbox 119 4199 1790 4272">
    <p class='ocr_par' dir='ltr' id='par_1_59' title="bbox 119 4199 1790 4272">
     <span class='ocr_line' id='line_1_59' title="bbox 119 4199 1790 4272; baseline -0.002 -17"><span class='ocrx_word' id='word_1_412' title='bbox 119 4203 382 4258; x_wconf 88' lang='lat' dir='ltr'>assumis</span> <span class='ocrx_word' id='word_1_413' title='bbox 416 4201 725 4272; x_wconf 81' lang='lat' dir='ltr'>speciem?</span> <span class='ocrx_word' id='word_1_414' title='bbox 755 4217 862 4256; x_wconf 90' lang='lat' dir='ltr'>cur</span> <span class='ocrx_word' id='word_1_415' title='bbox 909 4200 1177 4254; x_wconf 85' lang='lat' dir='ltr'>mentiris</span> <span class='ocrx_word' id='word_1_416' title='bbox 1226 4200 1498 4254; x_wconf 89' lang='lat' dir='ltr'>feminam</span> <span class='ocrx_word' id='word_1_417' title='bbox 1536 4215 1547 4254; x_wconf 89' lang='lat'><strong>:</strong></span> <span class='ocrx_word' id='word_1_418' title='bbox 1584 4199 1676 4254; x_wconf 89' lang='lat' dir='ltr'>vel</span> <span class='ocrx_word' id='word_1_419' title='bbox 1708 4202 1790 4269; x_wconf 88' lang='lat' dir='ltr'>tu,</span> 
     </span>
    </p>
   </div>
   <div class='ocr_carea' id='block_1_60' title="bbox 121 4288 1795 4362">
    <p class='ocr_par' dir='ltr' id='par_1_60' title="bbox 121 4288 1795 4362">
     <span class='ocr_line' id='line_1_60' title="bbox 121 4288 1795 4362; baseline -0.002 -17"><span class='ocrx_word' id='word_1_420' title='bbox 121 4291 359 4362; x_wconf 87' lang='lat' dir='ltr'>femina,</span> <span class='ocrx_word' id='word_1_421' title='bbox 392 4291 583 4346; x_wconf 89' lang='lat' dir='ltr'>virum</span> <span class='ocrx_word' id='word_1_422' title='bbox 616 4293 644 4346; x_wconf 72' lang='lat'>‘2</span> <span class='ocrx_word' id='word_1_423' title='bbox 675 4290 814 4345; x_wconf 90' lang='lat' dir='ltr'>Suis</span> <span class='ocrx_word' id='word_1_424' title='bbox 845 4305 1322 4362; x_wconf 89' lang='lat' dir='ltr'>unumquemque</span> <span class='ocrx_word' id='word_1_425' title='bbox 1366 4305 1577 4344; x_wconf 84' lang='lat' dir='ltr'>sexum</span> <span class='ocrx_word' id='word_1_426' title='bbox 1608 4288 1795 4342; x_wconf 86' lang='lat' dir='ltr'>induit</span> 
     </span>
    </p>
   </div>
   <div class='ocr_carea' id='block_1_61' title="bbox 185 4431 1792 4504">
    <p class='ocr_par' dir='ltr' id='par_1_61' title="bbox 185 4431 1792 4504">
     <span class='ocr_line' id='line_1_61' title="bbox 185 4431 1792 4504; baseline -0.002 -15"><span class='ocrx_word' id='word_1_427' title='bbox 185 4433 301 4504; x_wconf 85' lang='lat'>(66)</span> <span class='ocrx_word' id='word_1_428' title='bbox 336 4431 554 4488; x_wconf 89' lang='lat' dir='ltr'>Omnes</span> <span class='ocrx_word' id='word_1_429' title='bbox 587 4432 750 4503; x_wconf 91' lang='lat' dir='ltr'>edit.,</span> <span class='ocrx_word' id='word_1_430' title='bbox 788 4455 809 4480; x_wconf 79' lang='grc' dir='ltr'>α</span> <span class='ocrx_word' id='word_1_431' title='bbox 847 4431 1107 4487; x_wconf 90' lang='lat' dir='ltr'>excludit</span> <span class='ocrx_word' id='word_1_432' title='bbox 1130 4431 1294 4503; x_wconf 86' lang='lat' dir='ltr'>alvo;</span> <span class='ocrx_word' id='word_1_433' title='bbox 1329 4455 1350 4479; x_wconf 78' lang='grc' dir='ltr'><em>η</em></span> <span class='ocrx_word' id='word_1_434' title='bbox 1383 4447 1587 4486; x_wconf 91' lang='lat' dir='ltr'>omnes</span> <span class='ocrx_word' id='word_1_435' title='bbox 1621 4447 1792 4501; x_wconf 91' lang='lat' dir='ltr'>mss.,</span> 
     </span>
    </p>
   </div>
   <div class='ocr_carea' id='block_1_62' title="bbox 122 4505 699 4560">
    <p class='ocr_par' dir='ltr' id='par_1_62' title="bbox 122 4505 699 4560">
     <span class='ocr_line' id='line_1_62' title="bbox 122 4505 699 4560; baseline -0.002 -6"><span class='ocrx_word' id='word_1_436' title='bbox 122 4525 142 4554; x_wconf 78' lang='grc' dir='ltr'>ι</span> <span class='ocrx_word' id='word_1_437' title='bbox 177 4505 444 4560; x_wconf 88' lang='lat' dir='ltr'>excludit</span> <span class='ocrx_word' id='word_1_438' title='bbox 472 4521 635 4559; x_wconf 85' lang='lat' dir='ltr'>arvo.</span> <span class='ocrx_word' id='word_1_439' title='bbox 678 4524 699 4553; x_wconf 72' lang='grc' dir='ltr'><strong><em>ι</em></strong></span> 
     </span>
    </p>
   </div>
   <div class='ocr_carea' id='block_1_63' title="bbox 184 4573 1796 4646">
    <p class='ocr_par' dir='ltr' id='par_1_63' title="bbox 184 4573 1796 4646">
     <span class='ocr_line' id='line_1_63' title="bbox 184 4573 1796 4646; baseline -0.002 -15"><span class='ocrx_word' id='word_1_440' title='bbox 184 4578 301 4646; x_wconf 81' lang='lat'>(6&#39;1)</span> <span class='ocrx_word' id='word_1_441' title='bbox 327 4576 496 4630; x_wconf 86' lang='lat' dir='ltr'>Eras.</span> <span class='ocrx_word' id='word_1_442' title='bbox 532 4579 587 4629; x_wconf 94' lang='lat' dir='ltr'>et</span> <span class='ocrx_word' id='word_1_443' title='bbox 619 4591 747 4646; x_wconf 90' lang='lat' dir='ltr'>seq.</span> <span class='ocrx_word' id='word_1_444' title='bbox 783 4575 944 4644; x_wconf 87' lang='lat' dir='ltr'>edit.,</span> <span class='ocrx_word' id='word_1_445' title='bbox 984 4595 1006 4625; x_wconf 71' lang='lat' dir='ltr'>cz</span> <span class='ocrx_word' id='word_1_446' title='bbox 1043 4578 1098 4628; x_wconf 90' lang='lat' dir='ltr'>et</span> <span class='ocrx_word' id='word_1_447' title='bbox 1128 4574 1284 4645; x_wconf 90' lang='lat' dir='ltr'>quod</span> <span class='ocrx_word' id='word_1_448' title='bbox 1302 4573 1796 4646; x_wconf 46' lang='lat' dir='ltr'>plerumqueidog</span> 
     </span>
    </p>
   </div>
   <div class='ocr_carea' id='block_1_64' title="bbox 119 4645 1793 4716">
    <p class='ocr_par' dir='ltr' id='par_1_64' title="bbox 119 4645 1793 4716">
     <span class='ocr_line' id='line_1_64' title="bbox 119 4645 1793 4716; baseline -0.001 -17"><span class='ocrx_word' id='word_1_449' title='bbox 119 4645 206 4716; x_wconf 87' lang='lat' dir='ltr'>pia</span> <span class='ocrx_word' id='word_1_450' title='bbox 239 4648 440 4702; x_wconf 87' lang='lat' dir='ltr'>habet.</span> <span class='ocrx_word' id='word_1_451' title='bbox 479 4668 500 4695; x_wconf 74' lang='grc' dir='ltr'>ιι</span> <span class='ocrx_word' id='word_1_452' title='bbox 556 4647 794 4700; x_wconf 86' lang='lat' dir='ltr'>Amerb.</span> <span class='ocrx_word' id='word_1_453' title='bbox 847 4650 903 4700; x_wconf 88' lang='lat' dir='ltr'>et</span> <span class='ocrx_word' id='word_1_454' title='bbox 933 4646 1200 4716; x_wconf 85' lang='lat' dir='ltr'>plerique</span> <span class='ocrx_word' id='word_1_455' title='bbox 1243 4662 1412 4708; x_wconf 90' lang='lat' dir='ltr'>mss.,</span> <span class='ocrx_word' id='word_1_456' title='bbox 1467 4666 1489 4695; x_wconf 68' lang='lat' dir='ltr'>ct</span> <span class='ocrx_word' id='word_1_457' title='bbox 1543 4651 1604 4699; x_wconf 88' lang='lat' dir='ltr'>ut</span> <span class='ocrx_word' id='word_1_458' title='bbox 1635 4645 1793 4716; x_wconf 89' lang='lat' dir='ltr'>quod</span> 
     </span>
    </p>
   </div>
   <div class='ocr_carea' id='block_1_65' title="bbox 117 4717 1792 4789">
    <p class='ocr_par' dir='ltr' id='par_1_65' title="bbox 117 4717 1792 4789">
     <span class='ocr_line' id='line_1_65' title="bbox 117 4717 1792 4789; baseline 0.001 -20"><span class='ocrx_word' id='word_1_459' title='bbox 117 4719 468 4789; x_wconf 83' lang='lat' dir='ltr'>plerumque</span> <span class='ocrx_word' id='word_1_460' title='bbox 501 4719 676 4787; x_wconf 89' lang='lat' dir='ltr'>impia</span> <span class='ocrx_word' id='word_1_461' title='bbox 700 4718 988 4782; x_wconf 79' lang='lat' dir='ltr'>habebat;</span> <span class='ocrx_word' id='word_1_462' title='bbox 1021 4741 1041 4789; x_wconf 50' lang='grc' dir='ltr'>φ»</span> <span class='ocrx_word' id='word_1_463' title='bbox 1069 4734 1239 4785; x_wconf 89' lang='lat' dir='ltr'>mss.,</span> <span class='ocrx_word' id='word_1_464' title='bbox 1269 4740 1288 4763; x_wconf 86' lang='lat' dir='ltr'>u</span> <span class='ocrx_word' id='word_1_465' title='bbox 1319 4717 1531 4771; x_wconf 89' lang='lat' dir='ltr'>habeat</span> <span class='ocrx_word' id='word_1_466' title='bbox 1565 4735 1575 4771; x_wconf 88' lang='lat'><strong>:</strong></span> <span class='ocrx_word' id='word_1_467' title='bbox 1601 4740 1635 4789; x_wconf 19' lang='grc' dir='ltr'>Νη</span> <span class='ocrx_word' id='word_1_468' title='bbox 1661 4717 1792 4771; x_wconf 91' lang='lat' dir='ltr'>cod.</span> 
     </span>
    </p>
   </div>
   <div class='ocr_carea' id='block_1_66' title="bbox 119 4787 1800 4845">
    <p class='ocr_par' dir='ltr' id='par_1_66' title="bbox 119 4787 1800 4845">
     <span class='ocr_line' id='line_1_66' title="bbox 119 4787 1800 4845; baseline 0.001 -5"><span class='ocrx_word' id='word_1_469' title='bbox 119 4787 261 4845; x_wconf 77' lang='lat' dir='ltr'>vero</span> <span class='ocrx_word' id='word_1_470' title='bbox 309 4787 472 4844; x_wconf 79' lang='lat' dir='ltr'>Bélv.</span> <span class='ocrx_word' id='word_1_471' title='bbox 524 4793 579 4843; x_wconf 92' lang='lat' dir='ltr'>et</span> <span class='ocrx_word' id='word_1_472' title='bbox 637 4789 736 4842; x_wconf 88' lang='lat' dir='ltr'>alii</span> <span class='ocrx_word' id='word_1_473' title='bbox 766 4788 1032 4843; x_wconf 91' lang='lat' dir='ltr'>nonnulli</span> <span class='ocrx_word' id='word_1_474' title='bbox 1077 4793 1137 4842; x_wconf 92' lang='lat' dir='ltr'>ut</span> <span class='ocrx_word' id='word_1_475' title='bbox 1167 4789 1226 4841; x_wconf 91' lang='lat' dir='ltr'>in</span> <span class='ocrx_word' id='word_1_476' title='bbox 1258 4791 1554 4842; x_wconf 83' lang='lat' dir='ltr'>contextu.</span> <span class='ocrx_word' id='word_1_477' title='bbox 1591 4787 1705 4841; x_wconf 87' lang='lat' dir='ltr'>Sed</span> <span class='ocrx_word' id='word_1_478' title='bbox 1738 4791 1800 4842; x_wconf 88' lang='lat' dir='ltr'>ut</span> 
     </span>
    </p>
   </div>
   <div class='ocr_carea' id='block_1_67' title="bbox 117 4858 1800 4930">
    <p class='ocr_par' dir='ltr' id='par_1_67' title="bbox 117 4858 1800 4930">
     <span class='ocr_line' id='line_1_67' title="bbox 117 4858 1800 4930; baseline -0.001 -17"><span class='ocrx_word' id='word_1_479' title='bbox 117 4860 290 4915; x_wconf 89' lang='lat' dir='ltr'>locus</span> <span class='ocrx_word' id='word_1_480' title='bbox 325 4862 420 4914; x_wconf 81' lang='lat' dir='ltr'>hic</span> <span class='ocrx_word' id='word_1_481' title='bbox 454 4860 686 4930; x_wconf 90' lang='lat' dir='ltr'>planius</span> <span class='ocrx_word' id='word_1_482' title='bbox 727 4876 758 4912; x_wconf 91' lang='lat' dir='ltr'>a</span> <span class='ocrx_word' id='word_1_483' title='bbox 790 4861 1010 4914; x_wconf 87' lang='lat' dir='ltr'>lectore</span> <span class='ocrx_word' id='word_1_484' title='bbox 1042 4859 1422 4930; x_wconf 89' lang='lat' dir='ltr'>intelligatur,</span> <span class='ocrx_word' id='word_1_485' title='bbox 1459 4860 1533 4911; x_wconf 88' lang='lat' dir='ltr'>ita</span> <span class='ocrx_word' id='word_1_486' title='bbox 1566 4858 1800 4930; x_wconf 84' lang='lat' dir='ltr'>videtur</span> 
     </span>
    </p>
   </div>
   <div class='ocr_carea' id='block_1_68' title="bbox 118 4929 1799 5000">
    <p class='ocr_par' dir='ltr' id='par_1_68' title="bbox 118 4929 1799 5000">
     <span class='ocr_line' id='line_1_68' title="bbox 118 4929 1799 5000; baseline -0.003 -13"><span class='ocrx_word' id='word_1_487' title='bbox 118 4947 258 4987; x_wconf 87' lang='lat' dir='ltr'>esse</span> <span class='ocrx_word' id='word_1_488' title='bbox 293 4929 736 4987; x_wconf 85' lang='lat' dir='ltr'>construendus</span> <span class='ocrx_word' id='word_1_489' title='bbox 771 4947 785 4986; x_wconf 90' lang='lat'>:</span> <span class='ocrx_word' id='word_1_490' title='bbox 833 4931 1167 4985; x_wconf 90' lang='lat' dir='ltr'>discordias</span> <span class='ocrx_word' id='word_1_491' title='bbox 1213 4929 1391 5000; x_wconf 87' lang='lat' dir='ltr'>serat,</span> <span class='ocrx_word' id='word_1_492' title='bbox 1429 4934 1703 5000; x_wconf 88' lang='lat' dir='ltr'>tanquam</span> <span class='ocrx_word' id='word_1_493' title='bbox 1742 4929 1799 4982; x_wconf 89' lang='lat' dir='ltr'>id</span> 
     </span>
    </p>
   </div>
   <div class='ocr_carea' id='block_1_69' title="bbox 119 5002 1148 5074">
    <p class='ocr_par' dir='ltr' id='par_1_69' title="bbox 119 5002 1148 5074">
     <span class='ocr_line' id='line_1_69' title="bbox 119 5002 1148 5074; baseline -0.002 -17"><span class='ocrx_word' id='word_1_494' title='bbox 119 5005 278 5074; x_wconf 89' lang='lat' dir='ltr'>quod</span> <span class='ocrx_word' id='word_1_495' title='bbox 312 5004 657 5074; x_wconf 88' lang='lat' dir='ltr'>plerumque</span> <span class='ocrx_word' id='word_1_496' title='bbox 690 5002 885 5074; x_wconf 87' lang='lat' dir='ltr'>inopia</span> <span class='ocrx_word' id='word_1_497' title='bbox 918 5002 1148 5074; x_wconf 84' lang='lat' dir='ltr'>habeat.</span> 
     </span>
    </p>
   </div>
   <div class='ocr_carea' id='block_1_70' title="bbox 190 5073 757 5144">
    <p class='ocr_par' dir='ltr' id='par_1_70' title="bbox 190 5073 757 5144">
     <span class='ocr_line' id='line_1_70' title="bbox 190 5073 757 5144; baseline -0.004 -14"><span class='ocrx_word' id='word_1_498' title='bbox 190 5076 308 5144; x_wconf 88' lang='lat'>(68)</span> <span class='ocrx_word' id='word_1_499' title='bbox 342 5073 757 5129; x_wconf 86' lang='lat' dir='ltr'>Allusionibus</span> 
     </span>
    </p>
   </div>
   <div class='ocr_carea' id='block_1_71' title="bbox 118 5146 541 5201">
    <p class='ocr_par' dir='ltr' id='par_1_71' title="bbox 118 5146 541 5201">
     <span class='ocr_line' id='line_1_71' title="bbox 118 5146 541 5201; baseline 0.002 -1"><span class='ocrx_word' id='word_1_500' title='bbox 118 5146 191 5200; x_wconf 86' lang='lat' dir='ltr'>ba</span> <span class='ocrx_word' id='word_1_501' title='bbox 226 5150 508 5201; x_wconf 87' lang='lat' dir='ltr'>constant</span> <span class='ocrx_word' id='word_1_502' title='bbox 531 5161 541 5201; x_wconf 94' lang='lat'><strong>:</strong></span> 
     </span>
    </p>
   </div>
   <div class='ocr_carea' id='block_1_72' title="bbox 247 5232 1686 5296">
    <p class='ocr_par' dir='ltr' id='par_1_72' title="bbox 247 5232 1686 5296">
     <span class='ocr_line' id='line_1_72' title="bbox 247 5232 1686 5296; baseline -0.003 -13"><span class='ocrx_word' id='word_1_503' title='bbox 247 5235 526 5283; x_wconf 81' lang='lat' dir='ltr'>Horrescit</span> <span class='ocrx_word' id='word_1_504' title='bbox 560 5234 760 5284; x_wconf 80' lang='lat' dir='ltr'>strictis</span> <span class='ocrx_word' id='word_1_505' title='bbox 783 5246 937 5296; x_wconf 85' lang='lat' dir='ltr'>seges</span> <span class='ocrx_word' id='word_1_506' title='bbox 961 5233 1197 5292; x_wconf 90' lang='lat' dir='ltr'>ensibus,</span> <span class='ocrx_word' id='word_1_507' title='bbox 1237 5247 1445 5294; x_wconf 65' lang='lat' dir='ltr'>aeraque</span> <span class='ocrx_word' id='word_1_508' title='bbox 1470 5232 1686 5295; x_wconf 80' lang='lat' dir='ltr'>fulgent.</span> 
     </span>
    </p>
   </div>
   <div class='ocr_carea' id='block_1_73' title="bbox 189 5313 1804 5386">
    <p class='ocr_par' dir='ltr' id='par_1_73' title="bbox 189 5313 1804 5386">
     <span class='ocr_line' id='line_1_73' title="bbox 189 5313 1804 5386; baseline -0.001 -18"><span class='ocrx_word' id='word_1_509' title='bbox 189 5314 310 5386; x_wconf 88' lang='lat'>(69)</span> <span class='ocrx_word' id='word_1_510' title='bbox 365 5317 534 5371; x_wconf 79' lang='lat' dir='ltr'>Rom.</span> <span class='ocrx_word' id='word_1_511' title='bbox 571 5316 733 5383; x_wconf 76' lang='lat' dir='ltr'>edit.,</span> <span class='ocrx_word' id='word_1_512' title='bbox 775 5337 795 5363; x_wconf 75' lang='grc' dir='ltr'><strong><em>α</em></strong></span> <span class='ocrx_word' id='word_1_513' title='bbox 851 5313 983 5367; x_wconf 91' lang='lat' dir='ltr'>Non</span> <span class='ocrx_word' id='word_1_514' title='bbox 1030 5313 1139 5386; x_wconf 89' lang='lat' dir='ltr'>erit</span> <span class='ocrx_word' id='word_1_515' title='bbox 1183 5315 1436 5367; x_wconf 83' lang='lat' dir='ltr'>vestitus</span> <span class='ocrx_word' id='word_1_516' title='bbox 1475 5314 1590 5386; x_wconf 83' lang='lat' dir='ltr'>viri</span> <span class='ocrx_word' id='word_1_517' title='bbox 1624 5329 1804 5383; x_wconf 86' lang='lat' dir='ltr'>super</span> 
     </span>
    </p>
   </div>
   <div class='ocr_carea' id='block_1_74' title="bbox 116 5385 1802 5458">
    <p class='ocr_par' dir='ltr' id='par_1_74' title="bbox 116 5385 1802 5458">
     <span class='ocr_line' id='line_1_74' title="bbox 116 5385 1802 5458; baseline -0.001 -18"><span class='ocrx_word' id='word_1_518' title='bbox 116 5385 450 5455; x_wconf 88' lang='lat' dir='ltr'>mulierem,</span> <span class='ocrx_word' id='word_1_519' title='bbox 483 5404 674 5458; x_wconf 89' lang='lat' dir='ltr'>neque</span> <span class='ocrx_word' id='word_1_520' title='bbox 707 5387 987 5458; x_wconf 80' lang='lat' dir='ltr'>induetur</span> <span class='ocrx_word' id='word_1_521' title='bbox 1018 5385 1280 5458; x_wconf 67' lang='lat' dir='ltr'>virstola</span> <span class='ocrx_word' id='word_1_522' title='bbox 1308 5385 1576 5438; x_wconf 87' lang='lat' dir='ltr'>muliebri</span> <span class='ocrx_word' id='word_1_523' title='bbox 1605 5401 1618 5454; x_wconf 85' lang='lat'><strong>;</strong></span> <span class='ocrx_word' id='word_1_524' title='bbox 1655 5402 1802 5455; x_wconf 87' lang='lat' dir='ltr'>quo-</span> 
     </span>
    </p>
   </div>
   <div class='ocr_carea' id='block_1_75' title="bbox 116 5456 1563 5523">
    <p class='ocr_par' dir='ltr' id='par_1_75' title="bbox 116 5456 1563 5523">
     <span class='ocr_line' id='line_1_75' title="bbox 116 5456 1563 5523; baseline -0.003 -11"><span class='ocrx_word' id='word_1_525' title='bbox 116 5459 280 5512; x_wconf 91' lang='lat' dir='ltr'>niam</span> <span class='ocrx_word' id='word_1_526' title='bbox 312 5456 649 5513; x_wconf 80' lang='lat' dir='ltr'>immundus</span> <span class='ocrx_word' id='word_1_527' title='bbox 680 5463 772 5513; x_wconf 90' lang='lat' dir='ltr'>est</span> <span class='ocrx_word' id='word_1_528' title='bbox 804 5456 1051 5510; x_wconf 91' lang='lat' dir='ltr'>Domino</span> <span class='ocrx_word' id='word_1_529' title='bbox 1088 5456 1206 5510; x_wconf 92' lang='lat' dir='ltr'>Deo</span> <span class='ocrx_word' id='word_1_530' title='bbox 1235 5460 1355 5523; x_wconf 89' lang='lat' dir='ltr'>tuo,</span> <span class='ocrx_word' id='word_1_531' title='bbox 1398 5477 1416 5504; x_wconf 75' lang='grc' dir='ltr'><strong>υ</strong></span> <span class='ocrx_word' id='word_1_532' title='bbox 1453 5460 1563 5510; x_wconf 87' lang='lat' dir='ltr'>etc.</span> 
     </span>
    </p>
   </div>
   <div class='ocr_carea' id='block_1_76' title="bbox 189 5526 1802 5600">
    <p class='ocr_par' dir='ltr' id='par_1_76' title="bbox 189 5526 1802 5600">
     <span class='ocr_line' id='line_1_76' title="bbox 189 5526 1802 5600; baseline -0.004 -16"><span class='ocrx_word' id='word_1_533' title='bbox 189 5531 310 5600; x_wconf 76' lang='lat'>(&#39;70)</span> <span class='ocrx_word' id='word_1_534' title='bbox 345 5553 365 5578; x_wconf 72' lang='grc' dir='ltr'><strong><em>α</em></strong></span> <span class='ocrx_word' id='word_1_535' title='bbox 404 5531 673 5584; x_wconf 73' lang='lat' dir='ltr'>Diversm</span> <span class='ocrx_word' id='word_1_536' title='bbox 708 5529 950 5600; x_wconf 71' lang='lat' dir='ltr'>vires,«</span> <span class='ocrx_word' id='word_1_537' title='bbox 990 5527 1062 5580; x_wconf 89' lang='lat' dir='ltr'>ab</span> <span class='ocrx_word' id='word_1_538' title='bbox 1097 5527 1263 5600; x_wconf 83' lang='lat' dir='ltr'>hisce</span> <span class='ocrx_word' id='word_1_539' title='bbox 1315 5526 1516 5600; x_wconf 76' lang='lat' dir='ltr'>verbis</span> <span class='ocrx_word' id='word_1_540' title='bbox 1551 5527 1671 5600; x_wconf 84' lang='lat' dir='ltr'>hiat</span> <span class='ocrx_word' id='word_1_541' title='bbox 1713 5527 1802 5600; x_wconf 84' lang='lat' dir='ltr'>in-</span> 
     </span>
    </p>
   </div>
   <div class='ocr_carea' id='block_1_77' title="bbox 121 5597 1800 5672">
    <p class='ocr_par' dir='ltr' id='par_1_77' title="bbox 121 5597 1800 5672">
     <span class='ocr_line' id='line_1_77' title="bbox 121 5597 1800 5672; baseline -0.004 -17"><span class='ocrx_word' id='word_1_542' title='bbox 121 5597 525 5672; x_wconf 70' lang='lat' dir='ltr'>genslacuna</span> <span class='ocrx_word' id='word_1_543' title='bbox 566 5603 624 5654; x_wconf 90' lang='lat' dir='ltr'>in</span> <span class='ocrx_word' id='word_1_544' title='bbox 657 5617 805 5654; x_wconf 91' lang='lat' dir='ltr'>mss.</span> <span class='ocrx_word' id='word_1_545' title='bbox 840 5597 1274 5672; x_wconf 84' lang='lat' dir='ltr'>fere_omnibus</span> <span class='ocrx_word' id='word_1_546' title='bbox 1307 5601 1363 5652; x_wconf 90' lang='lat' dir='ltr'>et</span> <span class='ocrx_word' id='word_1_547' title='bbox 1390 5597 1527 5672; x_wconf 73' lang='lat' dir='ltr'>edit.</span> <span class='ocrx_word' id='word_1_548' title='bbox 1565 5597 1800 5672; x_wconf 82' lang='lat' dir='ltr'>Amerb.</span> 
     </span>
    </p>
   </div>
   <div class='ocr_carea' id='block_1_78' title="bbox 121 5667 1805 5744">
    <p class='ocr_par' dir='ltr' id='par_1_78' title="bbox 121 5667 1805 5744">
     <span class='ocr_line' id='line_1_78' title="bbox 121 5667 1805 5744; baseline -0.003 -18"><span class='ocrx_word' id='word_1_549' title='bbox 121 5667 307 5744; x_wconf 75' lang='lat' dir='ltr'>quam</span> <span class='ocrx_word' id='word_1_550' title='bbox 351 5674 470 5727; x_wconf 89' lang='lat' dir='ltr'>nisi</span> <span class='ocrx_word' id='word_1_551' title='bbox 521 5672 926 5744; x_wconf 86' lang='lat' dir='ltr'>supplevisset</span> <span class='ocrx_word' id='word_1_552' title='bbox 976 5669 1290 5744; x_wconf 81' lang='lat' dir='ltr'>Erasmus,</span> <span class='ocrx_word' id='word_1_553' title='bbox 1323 5667 1517 5744; x_wconf 74' lang='lat' dir='ltr'>_nobis</span> <span class='ocrx_word' id='word_1_554' title='bbox 1565 5669 1638 5721; x_wconf 87' lang='lat' dir='ltr'>ad</span> <span class='ocrx_word' id='word_1_555' title='bbox 1679 5684 1805 5744; x_wconf 77' lang='lat' dir='ltr'>eam</span> 
     </span>
    </p>
   </div>
   <div class='ocr_carea' id='block_1_79' title="bbox 118 5739 1805 5877">
    <p class='ocr_par' dir='ltr' id='par_1_79' title="bbox 118 5739 1805 5877">
     <span class='ocr_line' id='line_1_79' title="bbox 118 5739 1805 5877; baseline -0.004 -76"><span class='ocrx_word' id='word_1_556' title='bbox 118 5739 558 5877; x_wconf 49' lang='lat' dir='ltr'>:Eégpendam</span> <span class='ocrx_word' id='word_1_557' title='bbox 581 5739 749 5802; x_wconf 70' lang='lat' dir='ltr'>solus</span> <span class='ocrx_word' id='word_1_558' title='bbox 782 5743 928 5803; x_wconf 84' lang='lat' dir='ltr'>Laet.</span> <span class='ocrx_word' id='word_1_559' title='bbox 966 5741 1154 5800; x_wconf 83' lang='lat' dir='ltr'>codex</span> <span class='ocrx_word' id='word_1_560' title='bbox 1199 5739 1482 5805; x_wconf 82' lang='lat' dir='ltr'>auxilium</span> <span class='ocrx_word' id='word_1_561' title='bbox 1523 5739 1805 5819; x_wconf 81' lang='lat' dir='ltr'>suppedi-</span> 
     </span>
    </p>
   </div>
   <div class='ocr_carea' id='block_1_80' title="bbox 142 5829 335 5880">
    <p class='ocr_par' dir='ltr' id='par_1_80' title="bbox 142 5829 335 5880">
     <span class='ocr_line' id='line_1_80' title="bbox 142 5829 335 5880; baseline 0.031 -7"><span class='ocrx_word' id='word_1_562' title='bbox 142 5829 335 5880; x_wconf 80' lang='lat' dir='ltr'>asset.</span> 
     </span>
    </p>
   </div>
   <div class='ocr_carea' id='block_1_81' title="bbox 844 5071 1799 5144">
    <p class='ocr_par' dir='ltr' id='par_1_81' title="bbox 844 5071 1799 5144">
     <span class='ocr_line' id='line_1_81' title="bbox 844 5071 1799 5144; baseline -0.001 -18"><span class='ocrx_word' id='word_1_563' title='bbox 844 5073 1044 5144; x_wconf 87' lang='lat' dir='ltr'>irgilii,</span> <span class='ocrx_word' id='word_1_564' title='bbox 1079 5073 1156 5126; x_wconf 90' lang='lat' dir='ltr'>ait</span> <span class='ocrx_word' id='word_1_565' title='bbox 1179 5072 1468 5142; x_wconf 85' lang='lat' dir='ltr'>Nannius,</span> <span class='ocrx_word' id='word_1_566' title='bbox 1506 5071 1634 5127; x_wconf 57' lang='lat' dir='ltr'>hac</span> <span class='ocrx_word' id='word_1_567' title='bbox 1667 5088 1799 5126; x_wconf 85' lang='lat' dir='ltr'>vcr-</span> 
     </span>
    </p>
   </div>
   <div class='ocr_carea' id='block_1_82' title="bbox 1899 2065 3566 2139">
    <p class='ocr_par' dir='ltr' id='par_1_82' title="bbox 1899 2065 3566 2139">
     <span class='ocr_line' id='line_1_82' title="bbox 1899 2065 3566 2139; baseline -0.001 -17"><span class='ocrx_word' id='word_1_568' title='bbox 1899 2067 2012 2139; x_wconf 73' lang='lat'>(72)</span> <span class='ocrx_word' id='word_1_569' title='bbox 2062 2067 2160 2121; x_wconf 87' lang='lat' dir='ltr'>illa</span> <span class='ocrx_word' id='word_1_570' title='bbox 2208 2069 2433 2121; x_wconf 89' lang='lat' dir='ltr'>mutant</span> <span class='ocrx_word' id='word_1_571' title='bbox 2469 2066 2732 2136; x_wconf 89' lang='lat' dir='ltr'>epeciem</span> <span class='ocrx_word' id='word_1_572' title='bbox 2776 2067 2993 2120; x_wconf 82' lang='lat' dir='ltr'>suam?</span> <span class='ocrx_word' id='word_1_573' title='bbox 3041 2065 3161 2120; x_wconf 90' lang='lat' dir='ltr'>Cur</span> <span class='ocrx_word' id='word_1_574' title='bbox 3199 2081 3310 2120; x_wconf 93' lang='lat' dir='ltr'>nos</span> <span class='ocrx_word' id='word_1_575' title='bbox 3340 2071 3566 2120; x_wconf 89' lang='lat' dir='ltr'>mutare</span> 
     </span>
    </p>
   </div>
   <div class='ocr_carea' id='block_1_83' title="bbox 1900 2157 2369 2213">
    <p class='ocr_par' dir='ltr' id='par_1_83' title="bbox 1900 2157 2369 2213">
     <span class='ocr_line' id='line_1_83' title="bbox 1900 2157 2369 2213; baseline -0.009 0"><span class='ocrx_word' id='word_1_576' title='bbox 1900 2157 2310 2213; x_wconf 88' lang='lat' dir='ltr'>desideramus</span> <span class='ocrx_word' id='word_1_577' title='bbox 2340 2157 2369 2210; x_wconf 82' lang='lat'><strong><em>?</em></strong></span> 
     </span>
    </p>
   </div>
   <div class='ocr_carea' id='block_1_84' title="bbox 1970 2241 3566 2316">
    <p class='ocr_par' dir='ltr' id='par_1_84' title="bbox 1970 2241 3566 2316">
     <span class='ocr_line' id='line_1_84' title="bbox 1970 2241 3566 2316; baseline -0.003 -16"><span class='ocrx_word' id='word_1_578' title='bbox 1970 2247 2024 2300; x_wconf 80' lang='grc'>-1,</span> <span class='ocrx_word' id='word_1_579' title='bbox 2057 2245 2127 2299; x_wconf 88' lang='lat' dir='ltr'>Et</span> <span class='ocrx_word' id='word_1_580' title='bbox 2158 2245 2393 2316; x_wconf 89' lang='lat' dir='ltr'>quidem</span> <span class='ocrx_word' id='word_1_581' title='bbox 2425 2243 2632 2298; x_wconf 61' lang='lat' dir='ltr'>Graeco</span> <span class='ocrx_word' id='word_1_582' title='bbox 2666 2259 2831 2298; x_wconf 87' lang='lat' dir='ltr'>more</span> <span class='ocrx_word' id='word_1_583' title='bbox 2861 2243 3091 2298; x_wconf 77' lang='lat' dir='ltr'>influxit</span> <span class='ocrx_word' id='word_1_584' title='bbox 3122 2245 3185 2297; x_wconf 91' lang='lat' dir='ltr'>ut</span> <span class='ocrx_word' id='word_1_585' title='bbox 3215 2242 3450 2298; x_wconf 85' lang='lat' dir='ltr'>feminae</span> <span class='ocrx_word' id='word_1_586' title='bbox 3480 2241 3566 2296; x_wconf 87' lang='lat' dir='ltr'>vi-</span> 
     </span>
    </p>
   </div>
   <div class='ocr_carea' id='block_1_85' title="bbox 1900 2330 3566 2406">
    <p class='ocr_par' dir='ltr' id='par_1_85' title="bbox 1900 2330 3566 2406">
     <span class='ocr_line' id='line_1_85' title="bbox 1900 2330 3566 2406; baseline -0.003 -17"><span class='ocrx_word' id='word_1_587' title='bbox 1900 2334 2112 2390; x_wconf 89' lang='lat' dir='ltr'>rilibus</span> <span class='ocrx_word' id='word_1_588' title='bbox 2143 2333 2316 2406; x_wconf 88' lang='lat' dir='ltr'>quasi</span> <span class='ocrx_word' id='word_1_589' title='bbox 2337 2332 2836 2387; x_wconf 88' lang='lat' dir='ltr'>succinetioribus</span> <span class='ocrx_word' id='word_1_590' title='bbox 2872 2332 3088 2386; x_wconf 87' lang='lat' dir='ltr'>tunicis</span> <span class='ocrx_word' id='word_1_591' title='bbox 3135 2333 3388 2386; x_wconf 89' lang='lat' dir='ltr'>utantur.</span> <span class='ocrx_word' id='word_1_592' title='bbox 3422 2330 3566 2404; x_wconf 80' lang='lat' dir='ltr'>Esto</span> 
     </span>
    </p>
   </div>
   <div class='ocr_carea' id='block_1_86' title="bbox 1900 2420 3567 2480">
    <p class='ocr_par' dir='ltr' id='par_1_86' title="bbox 1900 2420 3567 2480">
     <span class='ocr_line' id='line_1_86' title="bbox 1900 2420 3567 2480; baseline -0.004 -1"><span class='ocrx_word' id='word_1_593' title='bbox 1900 2429 2095 2480; x_wconf 89' lang='lat' dir='ltr'>tamen</span> <span class='ocrx_word' id='word_1_594' title='bbox 2125 2427 2187 2477; x_wconf 91' lang='lat' dir='ltr'>ut</span> <span class='ocrx_word' id='word_1_595' title='bbox 2218 2422 2335 2476; x_wconf 86' lang='lat' dir='ltr'>illae</span> <span class='ocrx_word' id='word_1_596' title='bbox 2365 2421 2581 2474; x_wconf 89' lang='lat' dir='ltr'>imitari</span> <span class='ocrx_word' id='word_1_597' title='bbox 2610 2420 2922 2474; x_wconf 87' lang='lat' dir='ltr'>videantur</span> <span class='ocrx_word' id='word_1_598' title='bbox 2951 2420 3216 2475; x_wconf 90' lang='lat' dir='ltr'>melioris</span> <span class='ocrx_word' id='word_1_599' title='bbox 3250 2435 3436 2474; x_wconf 90' lang='lat' dir='ltr'>sexus</span> <span class='ocrx_word' id='word_1_600' title='bbox 3466 2435 3567 2473; x_wconf 88' lang='lat' dir='ltr'>na-</span> 
     </span>
    </p>
   </div>
   <div class='ocr_carea' id='block_1_87' title="bbox 1899 2509 3568 2582">
    <p class='ocr_par' dir='ltr' id='par_1_87' title="bbox 1899 2509 3568 2582">
     <span class='ocr_line' id='line_1_87' title="bbox 1899 2509 3568 2582; baseline -0.002 -15"><span class='ocrx_word' id='word_1_601' title='bbox 1899 2517 2093 2568; x_wconf 88' lang='lat' dir='ltr'>turam</span> <span class='ocrx_word' id='word_1_602' title='bbox 2113 2509 2246 2581; x_wconf 79' lang='lat'>(&#39;73),</span> <span class='ocrx_word' id='word_1_603' title='bbox 2280 2511 2420 2582; x_wconf 89' lang='lat' dir='ltr'>quid</span> <span class='ocrx_word' id='word_1_604' title='bbox 2451 2509 2564 2563; x_wconf 89' lang='lat' dir='ltr'>viri</span> <span class='ocrx_word' id='word_1_605' title='bbox 2609 2509 2912 2563; x_wconf 88' lang='lat' dir='ltr'>inferioris</span> <span class='ocrx_word' id='word_1_606' title='bbox 2954 2525 3138 2564; x_wconf 90' lang='lat' dir='ltr'>sexus</span> <span class='ocrx_word' id='word_1_607' title='bbox 3168 2509 3401 2564; x_wconf 89' lang='lat' dir='ltr'>mentiri</span> <span class='ocrx_word' id='word_1_608' title='bbox 3433 2524 3568 2579; x_wconf 87' lang='lat' dir='ltr'>spe-</span> 
     </span>
    </p>
   </div>
   <div class='ocr_carea' id='block_1_88' title="bbox 1902 2598 3567 2669">
    <p class='ocr_par' dir='ltr' id='par_1_88' title="bbox 1902 2598 3567 2669">
     <span class='ocr_line' id='line_1_88' title="bbox 1902 2598 3567 2669; baseline -0.003 -12"><span class='ocrx_word' id='word_1_609' title='bbox 1902 2603 2056 2657; x_wconf 90' lang='lat' dir='ltr'>ciem</span> <span class='ocrx_word' id='word_1_610' title='bbox 2082 2601 2289 2656; x_wconf 89' lang='lat' dir='ltr'>volunt</span> <span class='ocrx_word' id='word_1_611' title='bbox 2307 2601 2334 2654; x_wconf 69' lang='grc' dir='ltr'>ε)</span> <span class='ocrx_word' id='word_1_612' title='bbox 2367 2599 2736 2654; x_wconf 84' lang='lat' dir='ltr'>Mendacium</span> <span class='ocrx_word' id='word_1_613' title='bbox 2759 2601 2814 2652; x_wconf 92' lang='lat' dir='ltr'>et</span> <span class='ocrx_word' id='word_1_614' title='bbox 2836 2599 2894 2652; x_wconf 93' lang='lat' dir='ltr'>in</span> <span class='ocrx_word' id='word_1_615' title='bbox 2918 2598 3102 2654; x_wconf 88' lang='lat' dir='ltr'>verbo</span> <span class='ocrx_word' id='word_1_616' title='bbox 3130 2600 3298 2669; x_wconf 89' lang='lat' dir='ltr'>turpe</span> <span class='ocrx_word' id='word_1_617' title='bbox 3321 2601 3432 2667; x_wconf 91' lang='lat' dir='ltr'>est,</span> <span class='ocrx_word' id='word_1_618' title='bbox 3467 2613 3567 2652; x_wconf 88' lang='lat' dir='ltr'>ne-</span> 
     </span>
    </p>
   </div>
   <div class='ocr_carea' id='block_1_89' title="bbox 1902 2687 3570 2760">
    <p class='ocr_par' dir='ltr' id='par_1_89' title="bbox 1902 2687 3570 2760">
     <span class='ocr_line' id='line_1_89' title="bbox 1902 2687 3570 2760; baseline -0.004 -13"><span class='ocrx_word' id='word_1_619' title='bbox 1902 2692 2040 2747; x_wconf 92' lang='lat' dir='ltr'>dum</span> <span class='ocrx_word' id='word_1_620' title='bbox 2071 2691 2132 2745; x_wconf 92' lang='lat' dir='ltr'>in</span> <span class='ocrx_word' id='word_1_621' title='bbox 2162 2689 2385 2743; x_wconf 88' lang='lat' dir='ltr'>habitu.</span> <span class='ocrx_word' id='word_1_622' title='bbox 2419 2689 2685 2760; x_wconf 87' lang='lat' dir='ltr'>Denique</span> <span class='ocrx_word' id='word_1_623' title='bbox 2707 2688 3034 2758; x_wconf 90' lang='lat' dir='ltr'>intemplis,</span> <span class='ocrx_word' id='word_1_624' title='bbox 3069 2688 3168 2742; x_wconf 90' lang='lat' dir='ltr'>ubi</span> <span class='ocrx_word' id='word_1_625' title='bbox 3199 2687 3570 2742; x_wconf 88' lang='lat' dir='ltr'>mendacium</span> 
     </span>
    </p>
   </div>
   <div class='ocr_carea' id='block_1_90' title="bbox 1904 2777 3569 2849">
    <p class='ocr_par' dir='ltr' id='par_1_90' title="bbox 1904 2777 3569 2849">
     <span class='ocr_line' id='line_1_90' title="bbox 1904 2777 3569 2849; baseline -0.003 -14"><span class='ocrx_word' id='word_1_626' title='bbox 1904 2780 2060 2849; x_wconf 83' lang='lat' dir='ltr'>ﬁdei,</span> <span class='ocrx_word' id='word_1_627' title='bbox 2088 2780 2174 2834; x_wconf 90' lang='lat' dir='ltr'>ibi</span> <span class='ocrx_word' id='word_1_628' title='bbox 2207 2778 2576 2833; x_wconf 88' lang='lat' dir='ltr'>mendacium</span> <span class='ocrx_word' id='word_1_629' title='bbox 2607 2782 2853 2832; x_wconf 66' lang='lat' dir='ltr'>naturae.</span> <span class='ocrx_word' id='word_1_630' title='bbox 2891 2777 3015 2831; x_wconf 89' lang='lat' dir='ltr'>Illic</span> <span class='ocrx_word' id='word_1_631' title='bbox 3065 2792 3375 2831; x_wconf 89' lang='lat' dir='ltr'>assumere</span> <span class='ocrx_word' id='word_1_632' title='bbox 3403 2778 3569 2830; x_wconf 86' lang='lat' dir='ltr'>viros</span> 
     </span>
    </p>
   </div>
   <div class='ocr_carea' id='block_1_91' title="bbox 1902 2866 3572 2939">
    <p class='ocr_par' dir='ltr' id='par_1_91' title="bbox 1902 2866 3572 2939">
     <span class='ocr_line' id='line_1_91' title="bbox 1902 2866 3572 2939; baseline -0.003 -15"><span class='ocrx_word' id='word_1_633' title='bbox 1902 2869 2249 2924; x_wconf 89' lang='lat' dir='ltr'>muliebrem</span> <span class='ocrx_word' id='word_1_634' title='bbox 2281 2871 2528 2937; x_wconf 90' lang='lat' dir='ltr'>vestem,</span> <span class='ocrx_word' id='word_1_635' title='bbox 2563 2871 2915 2939; x_wconf 86' lang='lat' dir='ltr'>gestumque</span> <span class='ocrx_word' id='word_1_636' title='bbox 2956 2866 3294 2936; x_wconf 85' lang='lat' dir='ltr'>femineum,</span> <span class='ocrx_word' id='word_1_637' title='bbox 3335 2881 3572 2920; x_wconf 89' lang='lat' dir='ltr'>sacrum</span> 
     </span>
    </p>
   </div>
   <div class='ocr_carea' id='block_1_92' title="bbox 1903 2955 3572 3029">
    <p class='ocr_par' dir='ltr' id='par_1_92' title="bbox 1903 2955 3572 3029">
     <span class='ocr_line' id='line_1_92' title="bbox 1903 2955 3572 3029; baseline -0.002 -16"><span class='ocrx_word' id='word_1_638' title='bbox 1903 2957 2304 3029; x_wconf 75' lang='lat' dir='ltr'>putatur_(&quot;l4).</span> <span class='ocrx_word' id='word_1_639' title='bbox 2333 2956 2500 3011; x_wconf 91' lang='lat' dir='ltr'>Unde</span> <span class='ocrx_word' id='word_1_640' title='bbox 2524 2956 2620 3010; x_wconf 92' lang='lat' dir='ltr'>lex</span> <span class='ocrx_word' id='word_1_641' title='bbox 2649 2957 2790 3010; x_wconf 91' lang='lat' dir='ltr'>dicit</span> <span class='ocrx_word' id='word_1_642' title='bbox 2811 2956 2948 3027; x_wconf 90' lang='lat' dir='ltr'>quia</span> <span class='ocrx_word' id='word_1_643' title='bbox 2971 2955 3310 3010; x_wconf 91' lang='lat' dir='ltr'>immundus</span> <span class='ocrx_word' id='word_1_644' title='bbox 3345 2959 3436 3010; x_wconf 87' lang='lat' dir='ltr'>est</span> <span class='ocrx_word' id='word_1_645' title='bbox 3458 2955 3572 3010; x_wconf 88' lang='lat' dir='ltr'>Do-</span> 
     </span>
    </p>
   </div>
   <div class='ocr_carea' id='block_1_93' title="bbox 1903 3044 3462 3117">
    <p class='ocr_par' dir='ltr' id='par_1_93' title="bbox 1903 3044 3462 3117">
     <span class='ocr_line' id='line_1_93' title="bbox 1903 3044 3462 3117; baseline -0.002 -16"><span class='ocrx_word' id='word_1_646' title='bbox 1903 3049 2062 3102; x_wconf 89' lang='lat' dir='ltr'>mino</span> <span class='ocrx_word' id='word_1_647' title='bbox 2093 3048 2285 3102; x_wconf 89' lang='lat' dir='ltr'>omnis</span> <span class='ocrx_word' id='word_1_648' title='bbox 2316 3046 2407 3100; x_wconf 88' lang='lat' dir='ltr'>vir</span> <span class='ocrx_word' id='word_1_649' title='bbox 2436 3045 2536 3117; x_wconf 92' lang='lat' dir='ltr'>qui</span> <span class='ocrx_word' id='word_1_650' title='bbox 2568 3044 2778 3100; x_wconf 90' lang='lat' dir='ltr'>stolam</span> <span class='ocrx_word' id='word_1_651' title='bbox 2808 3044 3156 3100; x_wconf 87' lang='lat' dir='ltr'>muliebrem</span> <span class='ocrx_word' id='word_1_652' title='bbox 3187 3045 3462 3099; x_wconf 87' lang='lat' dir='ltr'>induerit.</span> 
     </span>
    </p>
   </div>
   <div class='ocr_carea' id='block_1_94' title="bbox 1976 3134 3574 3205">
    <p class='ocr_par' dir='ltr' id='par_1_94' title="bbox 1976 3134 3574 3205">
     <span class='ocr_line' id='line_1_94' title="bbox 1976 3134 3574 3205; baseline -0.003 -14"><span class='ocrx_word' id='word_1_653' title='bbox 1976 3138 2028 3191; x_wconf 84' lang='lat'>5.</span> <span class='ocrx_word' id='word_1_654' title='bbox 2062 3137 2336 3190; x_wconf 87' lang='lat' dir='ltr'>Arbitror</span> <span class='ocrx_word' id='word_1_655' title='bbox 2364 3139 2556 3189; x_wconf 90' lang='lat' dir='ltr'>autem</span> <span class='ocrx_word' id='word_1_656' title='bbox 2587 3135 2744 3205; x_wconf 90' lang='lat' dir='ltr'>quod</span> <span class='ocrx_word' id='word_1_657' title='bbox 2776 3150 2892 3188; x_wconf 91' lang='lat' dir='ltr'>non</span> <span class='ocrx_word' id='word_1_658' title='bbox 2925 3136 3040 3187; x_wconf 87' lang='lat' dir='ltr'>tam</span> <span class='ocrx_word' id='word_1_659' title='bbox 3075 3134 3146 3188; x_wconf 91' lang='lat' dir='ltr'>de</span> <span class='ocrx_word' id='word_1_660' title='bbox 3175 3137 3366 3204; x_wconf 89' lang='lat' dir='ltr'>veste,</span> <span class='ocrx_word' id='word_1_661' title='bbox 3399 3149 3574 3203; x_wconf 90' lang='lat' dir='ltr'>quam</span> 
     </span>
    </p>
   </div>
   <div class='ocr_carea' id='block_1_95' title="bbox 1906 3221 3644 3293">
    <p class='ocr_par' dir='ltr' id='par_1_95' title="bbox 1906 3221 3644 3293">
     <span class='ocr_line' id='line_1_95' title="bbox 1906 3221 3644 3293; baseline -0.003 -12"><span class='ocrx_word' id='word_1_662' title='bbox 1906 3228 1976 3281; x_wconf 92' lang='lat' dir='ltr'>de</span> <span class='ocrx_word' id='word_1_663' title='bbox 2009 3225 2274 3280; x_wconf 88' lang='lat' dir='ltr'>moribus</span> <span class='ocrx_word' id='word_1_664' title='bbox 2307 3224 2540 3293; x_wconf 86' lang='lat' dir='ltr'>dixerit,</span> <span class='ocrx_word' id='word_1_665' title='bbox 2562 3223 2655 3277; x_wconf 90' lang='lat' dir='ltr'>vel</span> <span class='ocrx_word' id='word_1_666' title='bbox 2675 3223 2745 3277; x_wconf 89' lang='lat' dir='ltr'>de</span> <span class='ocrx_word' id='word_1_667' title='bbox 2777 3223 2990 3276; x_wconf 86' lang='lat' dir='ltr'>usibus</span> <span class='ocrx_word' id='word_1_668' title='bbox 3019 3221 3244 3276; x_wconf 87' lang='lat' dir='ltr'>nostris</span> <span class='ocrx_word' id='word_1_669' title='bbox 3276 3225 3450 3292; x_wconf 90' lang='lat' dir='ltr'>atque</span> <span class='ocrx_word' id='word_1_670' title='bbox 3472 3237 3573 3276; x_wconf 85' lang='lat' dir='ltr'>ac-</span> <span class='ocrx_word' id='word_1_671' title='bbox 3641 3237 3644 3244; x_wconf 89' lang='lat'>&#39;</span> 
     </span>
    </p>
   </div>
   <div class='ocr_carea' id='block_1_96' title="bbox 1908 3311 3572 3386">
    <p class='ocr_par' dir='ltr' id='par_1_96' title="bbox 1908 3311 3572 3386">
     <span class='ocr_line' id='line_1_96' title="bbox 1908 3311 3572 3386; baseline -0.003 -16"><span class='ocrx_word' id='word_1_672' title='bbox 1908 3317 2085 3385; x_wconf 87' lang='lat' dir='ltr'>tibus,</span> <span class='ocrx_word' id='word_1_673' title='bbox 2122 3330 2239 3386; x_wconf 92' lang='lat' dir='ltr'>quo</span> <span class='ocrx_word' id='word_1_674' title='bbox 2268 3313 2421 3368; x_wconf 89' lang='lat' dir='ltr'>alius</span> <span class='ocrx_word' id='word_1_675' title='bbox 2435 3313 2650 3382; x_wconf 84' lang='lat' dir='ltr'>virum,</span> <span class='ocrx_word' id='word_1_676' title='bbox 2675 3311 2827 3365; x_wconf 87' lang='lat' dir='ltr'>alius</span> <span class='ocrx_word' id='word_1_677' title='bbox 2848 3311 3123 3365; x_wconf 81' lang='lat' dir='ltr'>feminam</span> <span class='ocrx_word' id='word_1_678' title='bbox 3146 3311 3350 3365; x_wconf 89' lang='lat' dir='ltr'>deceat</span> <span class='ocrx_word' id='word_1_679' title='bbox 3380 3313 3572 3365; x_wconf 91' lang='lat' dir='ltr'>actus.</span> 
     </span>
    </p>
   </div>
   <div class='ocr_carea' id='block_1_97' title="bbox 1906 3400 3572 3474">
    <p class='ocr_par' dir='ltr' id='par_1_97' title="bbox 1906 3400 3572 3474">
     <span class='ocr_line' id='line_1_97' title="bbox 1906 3400 3572 3474; baseline -0.003 -14"><span class='ocrx_word' id='word_1_680' title='bbox 1906 3406 2075 3461; x_wconf 89' lang='lat' dir='ltr'>Unde</span> <span class='ocrx_word' id='word_1_681' title='bbox 2119 3409 2175 3459; x_wconf 91' lang='lat' dir='ltr'>et</span> <span class='ocrx_word' id='word_1_682' title='bbox 2221 3403 2546 3474; x_wconf 86' lang='lat' dir='ltr'>Apostolus</span> <span class='ocrx_word' id='word_1_683' title='bbox 2597 3402 2708 3471; x_wconf 90' lang='lat' dir='ltr'>ait,</span> <span class='ocrx_word' id='word_1_684' title='bbox 2763 3402 2935 3473; x_wconf 89' lang='lat' dir='ltr'>quasi</span> <span class='ocrx_word' id='word_1_685' title='bbox 2986 3401 3280 3471; x_wconf 88' lang='lat' dir='ltr'>interpres</span> <span class='ocrx_word' id='word_1_686' title='bbox 3331 3400 3514 3472; x_wconf 89' lang='lat' dir='ltr'>Legis</span> <span class='ocrx_word' id='word_1_687' title='bbox 3559 3414 3572 3455; x_wconf 89' lang='lat'>:</span> 
     </span>
    </p>
   </div>
   <div class='ocr_carea' id='block_1_98' title="bbox 1910 3489 3570 3553">
    <p class='ocr_par' dir='ltr' id='par_1_98' title="bbox 1910 3489 3570 3553">
     <span class='ocr_line' id='line_1_98' title="bbox 1910 3489 3570 3553; baseline -0.004 -4"><span class='ocrx_word' id='word_1_688' title='bbox 1910 3518 1930 3541; x_wconf 79' lang='grc' dir='ltr'>α</span> <span class='ocrx_word' id='word_1_689' title='bbox 1970 3493 2251 3549; x_wconf 82' lang='lat' dir='ltr'>Mulieres</span> <span class='ocrx_word' id='word_1_690' title='bbox 2281 3497 2500 3547; x_wconf 87' lang='lat' dir='ltr'>vestrae</span> <span class='ocrx_word' id='word_1_691' title='bbox 2532 3491 2593 3545; x_wconf 90' lang='lat' dir='ltr'>in</span> <span class='ocrx_word' id='word_1_692' title='bbox 2625 3489 2892 3545; x_wconf 88' lang='lat' dir='ltr'>Eeclesis</span> <span class='ocrx_word' id='word_1_693' title='bbox 2925 3493 3173 3544; x_wconf 88' lang='lat' dir='ltr'>taceant.</span> <span class='ocrx_word' id='word_1_694' title='bbox 3209 3489 3404 3553; x_wconf 83' lang='lat'>1062</span> <span class='ocrx_word' id='word_1_695' title='bbox 3435 3489 3570 3544; x_wconf 91' lang='lat' dir='ltr'>Non</span> 
     </span>
    </p>
   </div>
   <div class='ocr_carea' id='block_1_99' title="bbox 1906 3577 3578 3652">
    <p class='ocr_par' dir='ltr' id='par_1_99' title="bbox 1906 3577 3578 3652">
     <span class='ocr_line' id='line_1_99' title="bbox 1906 3577 3578 3652; baseline -0.005 -14"><span class='ocrx_word' id='word_1_696' title='bbox 1906 3583 2061 3638; x_wconf 91' lang='lat' dir='ltr'>enim</span> <span class='ocrx_word' id='word_1_697' title='bbox 2088 3581 2444 3652; x_wconf 88' lang='lat' dir='ltr'>permittitur</span> <span class='ocrx_word' id='word_1_698' title='bbox 2472 3581 2560 3634; x_wconf 91' lang='lat' dir='ltr'>eis</span> <span class='ocrx_word' id='word_1_699' title='bbox 2592 3578 2774 3650; x_wconf 91' lang='lat' dir='ltr'>loqui,</span> <span class='ocrx_word' id='word_1_700' title='bbox 2809 3577 2916 3632; x_wconf 90' lang='lat' dir='ltr'>sed</span> <span class='ocrx_word' id='word_1_701' title='bbox 2941 3578 3212 3633; x_wconf 89' lang='lat' dir='ltr'>subditas</span> <span class='ocrx_word' id='word_1_702' title='bbox 3232 3593 3394 3647; x_wconf 89' lang='lat' dir='ltr'>esse,</span> <span class='ocrx_word' id='word_1_703' title='bbox 3421 3577 3578 3632; x_wconf 89' lang='lat' dir='ltr'>sicut</span> 
     </span>
    </p>
   </div>
   <div class='ocr_carea' id='block_1_100' title="bbox 1908 3666 3574 3740">
    <p class='ocr_par' dir='ltr' id='par_1_100' title="bbox 1908 3666 3574 3740">
     <span class='ocr_line' id='line_1_100' title="bbox 1908 3666 3574 3740; baseline -0.005 -14"><span class='ocrx_word' id='word_1_704' title='bbox 1908 3673 2030 3726; x_wconf 86' lang='lat' dir='ltr'>Lex</span> <span class='ocrx_word' id='word_1_705' title='bbox 2051 3671 2209 3724; x_wconf 87' lang='lat' dir='ltr'>dicit.</span> <span class='ocrx_word' id='word_1_706' title='bbox 2235 3670 2296 3724; x_wconf 91' lang='lat' dir='ltr'>Si</span> <span class='ocrx_word' id='word_1_707' title='bbox 2319 3669 2459 3740; x_wconf 91' lang='lat' dir='ltr'>quid</span> <span class='ocrx_word' id='word_1_708' title='bbox 2478 3670 2672 3722; x_wconf 89' lang='lat' dir='ltr'>autem</span> <span class='ocrx_word' id='word_1_709' title='bbox 2694 3668 2896 3722; x_wconf 89' lang='lat' dir='ltr'>volunt</span> <span class='ocrx_word' id='word_1_710' title='bbox 2927 3667 3180 3737; x_wconf 88' lang='lat' dir='ltr'>discere,</span> <span class='ocrx_word' id='word_1_711' title='bbox 3217 3667 3374 3721; x_wconf 90' lang='lat' dir='ltr'>domi</span> <span class='ocrx_word' id='word_1_712' title='bbox 3404 3666 3574 3720; x_wconf 90' lang='lat' dir='ltr'>viros</span> 
     </span>
    </p>
   </div>
   <div class='ocr_carea' id='block_1_101' title="bbox 1909 3754 3578 3830">
    <p class='ocr_par' dir='ltr' id='par_1_101' title="bbox 1909 3754 3578 3830">
     <span class='ocr_line' id='line_1_101' title="bbox 1909 3754 3578 3830; baseline -0.005 -14"><span class='ocrx_word' id='word_1_713' title='bbox 1909 3776 2054 3816; x_wconf 90' lang='lat' dir='ltr'>suos</span> <span class='ocrx_word' id='word_1_714' title='bbox 2086 3760 2454 3830; x_wconf 89' lang='lat' dir='ltr'>interrogent</span> <span class='ocrx_word' id='word_1_715' title='bbox 2482 3757 2537 3826; x_wconf 89' lang='grc' dir='ltr'>(Ι</span> <span class='ocrx_word' id='word_1_716' title='bbox 2566 3756 2701 3812; x_wconf 84' lang='lat' dir='ltr'>Cor.</span> <span class='ocrx_word' id='word_1_717' title='bbox 2745 3773 2864 3827; x_wconf 81' lang='lat' dir='ltr'>xiv,</span> <span class='ocrx_word' id='word_1_718' title='bbox 2913 3756 3002 3827; x_wconf 79' lang='lat'>34,</span> <span class='ocrx_word' id='word_1_719' title='bbox 3033 3755 3149 3826; x_wconf 87' lang='lat'>35.)</span> <span class='ocrx_word' id='word_1_720' title='bbox 3202 3777 3223 3804; x_wconf 75' lang='grc' dir='ltr'>ι»</span> <span class='ocrx_word' id='word_1_721' title='bbox 3274 3754 3345 3810; x_wconf 91' lang='lat' dir='ltr'>Et</span> <span class='ocrx_word' id='word_1_722' title='bbox 3373 3755 3446 3809; x_wconf 89' lang='lat' dir='ltr'>ad</span> <span class='ocrx_word' id='word_1_723' title='bbox 3480 3754 3578 3808; x_wconf 90' lang='lat' dir='ltr'>Ti-</span> 
     </span>
    </p>
   </div>
   <div class='ocr_carea' id='block_1_102' title="bbox 1908 3843 3579 3905">
    <p class='ocr_par' dir='ltr' id='par_1_102' title="bbox 1908 3843 3579 3905">
     <span class='ocr_line' id='line_1_102' title="bbox 1908 3843 3579 3905; baseline -0.004 0"><span class='ocrx_word' id='word_1_724' title='bbox 1908 3849 2207 3905; x_wconf 89' lang='lat' dir='ltr'>motheum</span> <span class='ocrx_word' id='word_1_725' title='bbox 2240 3863 2252 3903; x_wconf 92' lang='lat'>:</span> <span class='ocrx_word' id='word_1_726' title='bbox 2290 3870 2312 3894; x_wconf 74' lang='grc' dir='ltr'>ιι</span> <span class='ocrx_word' id='word_1_727' title='bbox 2339 3846 2551 3901; x_wconf 89' lang='lat' dir='ltr'>Mulier</span> <span class='ocrx_word' id='word_1_728' title='bbox 2571 3846 2632 3900; x_wconf 92' lang='lat' dir='ltr'>in</span> <span class='ocrx_word' id='word_1_729' title='bbox 2654 3845 2889 3901; x_wconf 90' lang='lat' dir='ltr'>silentio</span> <span class='ocrx_word' id='word_1_730' title='bbox 2913 3845 3247 3900; x_wconf 89' lang='lat' dir='ltr'>diseatcum</span> <span class='ocrx_word' id='word_1_731' title='bbox 3267 3844 3423 3899; x_wconf 91' lang='lat' dir='ltr'>omni</span> <span class='ocrx_word' id='word_1_732' title='bbox 3443 3843 3579 3898; x_wconf 84' lang='lat' dir='ltr'>sub-</span> 
     </span>
    </p>
   </div>
   <div class='ocr_carea' id='block_1_103' title="bbox 1904 3934 3570 4011">
    <p class='ocr_par' dir='ltr' id='par_1_103' title="bbox 1904 3934 3570 4011">
     <span class='ocr_line' id='line_1_103' title="bbox 1904 3934 3570 4011; baseline -0.004 -17"><span class='ocrx_word' id='word_1_733' title='bbox 1904 3939 2162 4011; x_wconf 86' lang='lat' dir='ltr'>jectione</span> <span class='ocrx_word' id='word_1_734' title='bbox 2193 3937 2323 4007; x_wconf 83' lang='grc'>(75).</span> <span class='ocrx_word' id='word_1_735' title='bbox 2357 3937 2582 3991; x_wconf 89' lang='lat' dir='ltr'>Docere</span> <span class='ocrx_word' id='word_1_736' title='bbox 2631 3939 2826 3990; x_wconf 90' lang='lat' dir='ltr'>autem</span> <span class='ocrx_word' id='word_1_737' title='bbox 2863 3935 3094 3990; x_wconf 90' lang='lat' dir='ltr'>mulieri</span> <span class='ocrx_word' id='word_1_738' title='bbox 3127 3950 3244 3989; x_wconf 92' lang='lat' dir='ltr'>non</span> <span class='ocrx_word' id='word_1_739' title='bbox 3276 3934 3570 4005; x_wconf 88' lang='lat' dir='ltr'>permitto,</span> 
     </span>
    </p>
   </div>
   <div class='ocr_carea' id='block_1_104' title="bbox 1909 4023 3431 4100">
    <p class='ocr_par' dir='ltr' id='par_1_104' title="bbox 1909 4023 3431 4100">
     <span class='ocr_line' id='line_1_104' title="bbox 1909 4023 3431 4100; baseline -0.004 -17"><span class='ocrx_word' id='word_1_740' title='bbox 1909 4043 2100 4100; x_wconf 90' lang='lat' dir='ltr'>neque</span> <span class='ocrx_word' id='word_1_741' title='bbox 2133 4025 2421 4082; x_wconf 90' lang='lat' dir='ltr'>dominari</span> <span class='ocrx_word' id='word_1_742' title='bbox 2463 4025 2522 4079; x_wconf 91' lang='lat' dir='ltr'>in</span> <span class='ocrx_word' id='word_1_743' title='bbox 2551 4025 2742 4079; x_wconf 89' lang='lat' dir='ltr'>virum</span> <span class='ocrx_word' id='word_1_744' title='bbox 2774 4024 2829 4095; x_wconf 87' lang='grc' dir='ltr'>(Ι</span> <span class='ocrx_word' id='word_1_745' title='bbox 2864 4025 3006 4079; x_wconf 78' lang='lat' dir='ltr'>Tim.</span> <span class='ocrx_word' id='word_1_746' title='bbox 3043 4041 3106 4094; x_wconf 79' lang='grc' dir='ltr'>ιι,</span> <span class='ocrx_word' id='word_1_747' title='bbox 3141 4024 3228 4095; x_wconf 87' lang='grc'>11,</span> <span class='ocrx_word' id='word_1_748' title='bbox 3262 4023 3371 4094; x_wconf 71' lang='grc'>12).</span> <span class='ocrx_word' id='word_1_749' title='bbox 3411 4046 3431 4070; x_wconf 71' lang='grc' dir='ltr'>ιι</span> 
     </span>
    </p>
   </div>
   <div class='ocr_carea' id='block_1_105' title="bbox 1981 4113 3582 4183">
    <p class='ocr_par' dir='ltr' id='par_1_105' title="bbox 1981 4113 3582 4183">
     <span class='ocr_line' id='line_1_105' title="bbox 1981 4113 3582 4183; baseline -0.004 -11"><span class='ocrx_word' id='word_1_750' title='bbox 1981 4118 2034 4172; x_wconf 92' lang='lat'>6.</span> <span class='ocrx_word' id='word_1_751' title='bbox 2094 4116 2279 4181; x_wconf 88' lang='lat' dir='ltr'>Quam</span> <span class='ocrx_word' id='word_1_752' title='bbox 2324 4114 2591 4170; x_wconf 89' lang='lat' dir='ltr'>deforme</span> <span class='ocrx_word' id='word_1_753' title='bbox 2647 4119 2842 4168; x_wconf 88' lang='lat' dir='ltr'>autem</span> <span class='ocrx_word' id='word_1_754' title='bbox 2902 4114 3095 4168; x_wconf 86' lang='lat' dir='ltr'>virum</span> <span class='ocrx_word' id='word_1_755' title='bbox 3157 4113 3354 4168; x_wconf 89' lang='lat' dir='ltr'>facere</span> <span class='ocrx_word' id='word_1_756' title='bbox 3403 4127 3582 4183; x_wconf 88' lang='lat' dir='ltr'>opera</span> 
     </span>
    </p>
   </div>
   <div class='ocr_carea' id='block_1_106' title="bbox 1909 4201 3580 4277">
    <p class='ocr_par' dir='ltr' id='par_1_106' title="bbox 1909 4201 3580 4277">
     <span class='ocr_line' id='line_1_106' title="bbox 1909 4201 3580 4277; baseline -0.005 -16"><span class='ocrx_word' id='word_1_757' title='bbox 1909 4207 2266 4262; x_wconf 85' lang='lat' dir='ltr'>muliebria?</span> <span class='ocrx_word' id='word_1_758' title='bbox 2319 4205 2477 4277; x_wconf 83' lang='lat' dir='ltr'>Ergo</span> <span class='ocrx_word' id='word_1_759' title='bbox 2506 4208 2562 4259; x_wconf 91' lang='lat' dir='ltr'>et</span> <span class='ocrx_word' id='word_1_760' title='bbox 2601 4203 2848 4275; x_wconf 87' lang='lat' dir='ltr'>pariant,</span> <span class='ocrx_word' id='word_1_761' title='bbox 2902 4218 3048 4275; x_wconf 86' lang='lat' dir='ltr'>ergo</span> <span class='ocrx_word' id='word_1_762' title='bbox 3094 4202 3437 4274; x_wconf 88' lang='lat' dir='ltr'>parturiant,</span> <span class='ocrx_word' id='word_1_763' title='bbox 3480 4201 3580 4271; x_wconf 91' lang='lat' dir='ltr'>qui</span> 
     </span>
    </p>
   </div>
   <div class='ocr_carea' id='block_1_107' title="bbox 1910 4290 3580 4366">
    <p class='ocr_par' dir='ltr' id='par_1_107' title="bbox 1910 4290 3580 4366">
     <span class='ocr_line' id='line_1_107' title="bbox 1910 4290 3580 4366; baseline -0.005 -16"><span class='ocrx_word' id='word_1_764' title='bbox 1910 4297 2173 4366; x_wconf 89' lang='lat' dir='ltr'>crispant</span> <span class='ocrx_word' id='word_1_765' title='bbox 2205 4310 2432 4349; x_wconf 88' lang='lat' dir='ltr'>comam</span> <span class='ocrx_word' id='word_1_766' title='bbox 2477 4293 2633 4347; x_wconf 90' lang='lat' dir='ltr'>sicut</span> <span class='ocrx_word' id='word_1_767' title='bbox 2676 4293 2931 4347; x_wconf 79' lang='lat' dir='ltr'>feminae.</span> <span class='ocrx_word' id='word_1_768' title='bbox 2981 4291 3050 4346; x_wconf 90' lang='lat' dir='ltr'>Et</span> <span class='ocrx_word' id='word_1_769' title='bbox 3079 4297 3272 4346; x_wconf 89' lang='lat' dir='ltr'>tamen</span> <span class='ocrx_word' id='word_1_770' title='bbox 3304 4290 3421 4344; x_wconf 88' lang='lat' dir='ltr'>illae</span> <span class='ocrx_word' id='word_1_771' title='bbox 3480 4304 3580 4342; x_wconf 86' lang='lat' dir='ltr'>ve-</span> 
     </span>
    </p>
   </div>
   <div class='ocr_carea' id='block_1_108' title="bbox 1985 4430 3579 4509">
    <p class='ocr_par' dir='ltr' id='par_1_108' title="bbox 1985 4430 3579 4509">
     <span class='ocr_line' id='line_1_108' title="bbox 1985 4430 3579 4509; baseline -0.005 -16"><span class='ocrx_word' id='word_1_772' title='bbox 1985 4440 2096 4509; x_wconf 78' lang='lat'>(71)</span> <span class='ocrx_word' id='word_1_773' title='bbox 2126 4439 2206 4493; x_wconf 89' lang='lat' dir='ltr'>Ita</span> <span class='ocrx_word' id='word_1_774' title='bbox 2241 4438 2408 4492; x_wconf 88' lang='lat' dir='ltr'>Eras.</span> <span class='ocrx_word' id='word_1_775' title='bbox 2443 4439 2500 4490; x_wconf 88' lang='lat' dir='ltr'>et</span> <span class='ocrx_word' id='word_1_776' title='bbox 2531 4452 2658 4506; x_wconf 90' lang='lat' dir='ltr'>seq.</span> <span class='ocrx_word' id='word_1_777' title='bbox 2702 4435 2862 4504; x_wconf 91' lang='lat' dir='ltr'>edit.,</span> <span class='ocrx_word' id='word_1_778' title='bbox 2911 4451 2942 4489; x_wconf 89' lang='lat' dir='ltr'>a</span> <span class='ocrx_word' id='word_1_779' title='bbox 2993 4436 3137 4489; x_wconf 88' lang='lat' dir='ltr'>Laet.</span> <span class='ocrx_word' id='word_1_780' title='bbox 3181 4433 3390 4502; x_wconf 91' lang='lat' dir='ltr'>codex,</span> <span class='ocrx_word' id='word_1_781' title='bbox 3426 4453 3446 4478; x_wconf 75' lang='grc' dir='ltr'>ει</span> <span class='ocrx_word' id='word_1_782' title='bbox 3485 4430 3579 4485; x_wconf 91' lang='lat' dir='ltr'>vel</span> 
     </span>
    </p>
   </div>
   <div class='ocr_carea' id='block_1_109' title="bbox 1913 4511 2689 4580">
    <p class='ocr_par' dir='ltr' id='par_1_109' title="bbox 1913 4511 2689 4580">
     <span class='ocr_line' id='line_1_109' title="bbox 1913 4511 2689 4580; baseline -0.015 -12"><span class='ocrx_word' id='word_1_783' title='bbox 1913 4514 2023 4568; x_wconf 86' lang='lat' dir='ltr'>alia</span> <span class='ocrx_word' id='word_1_784' title='bbox 2056 4513 2170 4580; x_wconf 89' lang='lat' dir='ltr'>vis,</span> <span class='ocrx_word' id='word_1_785' title='bbox 2206 4511 2357 4564; x_wconf 87' lang='lat' dir='ltr'>alius</span> <span class='ocrx_word' id='word_1_786' title='bbox 2389 4523 2689 4580; x_wconf 45' lang='lat' dir='ltr'>sensus.)</span> 
     </span>
    </p>
   </div>
   <div class='ocr_carea' id='block_1_110' title="bbox 1985 4573 3576 4655">
    <p class='ocr_par' dir='ltr' id='par_1_110' title="bbox 1985 4573 3576 4655">
     <span class='ocr_line' id='line_1_110' title="bbox 1985 4573 3576 4655; baseline -0.006 -19"><span class='ocrx_word' id='word_1_787' title='bbox 1985 4584 2097 4655; x_wconf 74' lang='lat'>(&#39;72)</span> <span class='ocrx_word' id='word_1_788' title='bbox 2130 4573 2299 4636; x_wconf 72' lang='lat' dir='ltr'>Eras.</span> <span class='ocrx_word' id='word_1_789' title='bbox 2333 4585 2388 4635; x_wconf 91' lang='lat' dir='ltr'>et</span> <span class='ocrx_word' id='word_1_790' title='bbox 2419 4596 2547 4655; x_wconf 77' lang='lat' dir='ltr'>seq.</span> <span class='ocrx_word' id='word_1_791' title='bbox 2573 4578 2734 4655; x_wconf 44' lang='lat' dir='ltr'>editz,</span> <span class='ocrx_word' id='word_1_792' title='bbox 2767 4576 3236 4655; x_wconf 71' lang='lat' dir='ltr'>«nocturnisque</span> <span class='ocrx_word' id='word_1_793' title='bbox 3258 4573 3576 4655; x_wconf 55' lang='lat' dir='ltr'>vocibus...</span> 
     </span>
    </p>
   </div>
   <div class='ocr_carea' id='block_1_111' title="bbox 1914 4645 3582 4720">
    <p class='ocr_par' dir='ltr' id='par_1_111' title="bbox 1914 4645 3582 4720">
     <span class='ocr_line' id='line_1_111' title="bbox 1914 4645 3582 4720; baseline -0.008 -9"><span class='ocrx_word' id='word_1_794' title='bbox 1914 4661 1971 4712; x_wconf 91' lang='lat' dir='ltr'>et</span> <span class='ocrx_word' id='word_1_795' title='bbox 1993 4645 2331 4710; x_wconf 77' lang='lat' dir='ltr'>canendum</span> <span class='ocrx_word' id='word_1_796' title='bbox 2354 4656 2380 4706; x_wconf 67' lang='lat'>*2</span> <span class='ocrx_word' id='word_1_797' title='bbox 2413 4645 2738 4720; x_wconf 73' lang='lat' dir='ltr'>Numquid,</span> <span class='ocrx_word' id='word_1_798' title='bbox 2775 4671 2796 4696; x_wconf 78' lang='grc' dir='ltr'><strong><em>η</em></strong></span> <span class='ocrx_word' id='word_1_799' title='bbox 2841 4653 2952 4702; x_wconf 88' lang='lat' dir='ltr'>etc.</span> <span class='ocrx_word' id='word_1_800' title='bbox 2990 4645 3160 4701; x_wconf 53' lang='lat' dir='ltr'>Laetf</span> <span class='ocrx_word' id='word_1_801' title='bbox 3187 4646 3395 4715; x_wconf 90' lang='lat' dir='ltr'>codex,</span> <span class='ocrx_word' id='word_1_802' title='bbox 3430 4649 3491 4699; x_wconf 92' lang='lat' dir='ltr'>ut</span> <span class='ocrx_word' id='word_1_803' title='bbox 3523 4645 3582 4698; x_wconf 90' lang='lat' dir='ltr'>in</span> 
     </span>
    </p>
   </div>
   <div class='ocr_carea' id='block_1_112' title="bbox 1917 4731 3582 4869">
    <p class='ocr_par' dir='ltr' id='par_1_112' title="bbox 1917 4731 3582 4869">
     <span class='ocr_line' id='line_1_112' title="bbox 1917 4731 3582 4869; baseline -0.007 -17"><span class='ocrx_word' id='word_1_804' title='bbox 2132 4796 2311 4850; x_wconf 76' lang='lat' dir='ltr'>Multa</span> <span class='ocrx_word' id='word_1_805' title='bbox 2341 4793 2590 4869; x_wconf 73' lang='lat' dir='ltr'>concilia</span> <span class='ocrx_word' id='word_1_806' title='bbox 2621 4791 2883 4844; x_wconf 87' lang='lat' dir='ltr'>virilium</span> <span class='ocrx_word' id='word_1_807' title='bbox 2915 4789 3177 4869; x_wconf 68' lang='lat' dir='ltr'>vestium</span> <span class='ocrx_word' id='word_1_808' title='bbox 3201 4805 3314 4869; x_wconf 76' lang='lat' dir='ltr'>usu</span> <span class='ocrx_word' id='word_1_809' title='bbox 3345 4787 3582 4869; x_wconf 72' lang='lat' dir='ltr'>feminis</span> 
     </span>
    </p>
   </div>
   <div class='ocr_carea' id='block_1_113' title="bbox 1915 4859 3585 4935">
    <p class='ocr_par' dir='ltr' id='par_1_113' title="bbox 1915 4859 3585 4935">
     <span class='ocr_line' id='line_1_113' title="bbox 1915 4859 3585 4935; baseline -0.007 -10"><span class='ocrx_word' id='word_1_810' title='bbox 1915 4859 2289 4935; x_wconf 75' lang='lat' dir='ltr'>interdicunt,</span> <span class='ocrx_word' id='word_1_811' title='bbox 2324 4869 2385 4920; x_wconf 91' lang='lat' dir='ltr'>ut</span> <span class='ocrx_word' id='word_1_812' title='bbox 2415 4866 2764 4935; x_wconf 87' lang='lat' dir='ltr'>Gangrense</span> <span class='ocrx_word' id='word_1_813' title='bbox 2807 4877 2936 4916; x_wconf 92' lang='lat' dir='ltr'>can.</span> <span class='ocrx_word' id='word_1_814' title='bbox 2989 4862 3076 4935; x_wconf 81' lang='grc'>13,</span> <span class='ocrx_word' id='word_1_815' title='bbox 3128 4865 3186 4916; x_wconf 90' lang='lat' dir='ltr'>et</span> <span class='ocrx_word' id='word_1_816' title='bbox 3232 4859 3585 4935; x_wconf 25' lang='lat' dir='ltr'>al_ia_.‘Quod</span> 
     </span>
    </p>
   </div>
   <div class='ocr_carea' id='block_1_114' title="bbox 1915 4932 3583 5003">
    <p class='ocr_par' dir='ltr' id='par_1_114' title="bbox 1915 4932 3583 5003">
     <span class='ocr_line' id='line_1_114' title="bbox 1915 4932 3583 5003; baseline -0.007 -7"><span class='ocrx_word' id='word_1_817' title='bbox 1915 4957 2057 4996; x_wconf 88' lang='lat' dir='ltr'>vero</span> <span class='ocrx_word' id='word_1_818' title='bbox 2088 4932 2302 4994; x_wconf 84' lang='lat' dir='ltr'>similis</span> <span class='ocrx_word' id='word_1_819' title='bbox 2334 4932 2596 4990; x_wconf 68' lang='lat' dir='ltr'>multatio</span> <span class='ocrx_word' id='word_1_820' title='bbox 2637 4935 2782 4988; x_wconf 86' lang='lat' dir='ltr'>viris</span> <span class='ocrx_word' id='word_1_821' title='bbox 2817 4949 2934 4988; x_wconf 90' lang='lat' dir='ltr'>non</span> <span class='ocrx_word' id='word_1_822' title='bbox 2983 4934 3122 4987; x_wconf 92' lang='lat' dir='ltr'>item</span> <span class='ocrx_word' id='word_1_823' title='bbox 3169 4932 3462 5003; x_wconf 87' lang='lat' dir='ltr'>prohibita</span> <span class='ocrx_word' id='word_1_824' title='bbox 3493 4946 3583 4986; x_wconf 66' lang='lat' dir='ltr'>re«</span> 
     </span>
    </p>
   </div>
   <div class='ocr_carea' id='block_1_115' title="bbox 1914 5003 3584 5084">
    <p class='ocr_par' dir='ltr' id='par_1_115' title="bbox 1914 5003 3584 5084">
     <span class='ocr_line' id='line_1_115' title="bbox 1914 5003 3584 5084; baseline -0.008 -16"><span class='ocrx_word' id='word_1_825' title='bbox 1914 5014 2158 5084; x_wconf 87' lang='lat' dir='ltr'>peritur,</span> <span class='ocrx_word' id='word_1_826' title='bbox 2190 5009 2334 5084; x_wconf 83' lang='lat' dir='ltr'>illud</span> <span class='ocrx_word' id='word_1_827' title='bbox 2367 5008 2502 5084; x_wconf 78' lang='lat' dir='ltr'>inde</span> <span class='ocrx_word' id='word_1_828' title='bbox 2534 5005 2840 5084; x_wconf 29' lang='lat' dir='ltr'>e.st,_q_uod</span> <span class='ocrx_word' id='word_1_829' title='bbox 2871 5005 2989 5084; x_wconf 84' lang='lat' dir='ltr'>rari</span> <span class='ocrx_word' id='word_1_830' title='bbox 3019 5005 3120 5084; x_wconf 84' lang='lat' dir='ltr'>qui</span> <span class='ocrx_word' id='word_1_831' title='bbox 3151 5019 3335 5084; x_wconf 72' lang='lat' dir='ltr'>sexus</span> <span class='ocrx_word' id='word_1_832' title='bbox 3366 5004 3462 5058; x_wconf 92' lang='lat' dir='ltr'>sui</span> <span class='ocrx_word' id='word_1_833' title='bbox 3492 5003 3584 5084; x_wconf 55' lang='lat' dir='ltr'>di:</span> 
     </span>
    </p>
   </div>
   <div class='ocr_carea' id='block_1_116' title="bbox 1917 5075 3587 5157">
    <p class='ocr_par' dir='ltr' id='par_1_116' title="bbox 1917 5075 3587 5157">
     <span class='ocr_line' id='line_1_116' title="bbox 1917 5075 3587 5157; baseline -0.007 -18"><span class='ocrx_word' id='word_1_834' title='bbox 1917 5075 2198 5157; x_wconf 77' lang='lat' dir='ltr'>gnitatem</span> <span class='ocrx_word' id='word_1_835' title='bbox 2231 5081 2341 5134; x_wconf 90' lang='lat' dir='ltr'>hac</span> <span class='ocrx_word' id='word_1_836' title='bbox 2375 5078 2613 5132; x_wconf 87' lang='lat' dir='ltr'>infamia</span> <span class='ocrx_word' id='word_1_837' title='bbox 2643 5075 3123 5146; x_wconf 82' lang='lat' dir='ltr'>dehonestarent,</span> <span class='ocrx_word' id='word_1_838' title='bbox 3159 5076 3337 5130; x_wconf 89' lang='lat' dir='ltr'>futuri</span> <span class='ocrx_word' id='word_1_839' title='bbox 3376 5075 3587 5133; x_wconf 85' lang='lat' dir='ltr'>crediti</span> 
     </span>
    </p>
   </div>
   <div class='ocr_carea' id='block_1_117' title="bbox 1917 5159 2074 5211">
    <p class='ocr_par' dir='ltr' id='par_1_117' title="bbox 1917 5159 2074 5211">
     <span class='ocr_line' id='line_1_117' title="bbox 1917 5159 2074 5211; baseline -0.013 0"><span class='ocrx_word' id='word_1_840' title='bbox 1917 5159 2074 5211; x_wconf 62' lang='lat' dir='ltr'>sunt</span> 
     </span>
    </p>
   </div>
   <div class='ocr_carea' id='block_1_118' title="bbox 1986 5216 3586 5298">
    <p class='ocr_par' dir='ltr' id='par_1_118' title="bbox 1986 5216 3586 5298">
     <span class='ocr_line' id='line_1_118' title="bbox 1986 5216 3586 5298; baseline -0.007 -18"><span class='ocrx_word' id='word_1_841' title='bbox 1986 5228 2098 5298; x_wconf 76' lang='lat'>(&#39;14)</span> <span class='ocrx_word' id='word_1_842' title='bbox 2130 5225 2275 5279; x_wconf 87' lang='lat' dir='ltr'>Laet.</span> <span class='ocrx_word' id='word_1_843' title='bbox 2309 5223 2588 5298; x_wconf 9' lang='lat' dir='ltr'>codex,7«</span> <span class='ocrx_word' id='word_1_844' title='bbox 2647 5219 3197 5298; x_wconf 79' lang='lat' dir='ltr'>vestemgestiunt,</span> <span class='ocrx_word' id='word_1_845' title='bbox 3250 5216 3586 5298; x_wconf 58' lang='lat' dir='ltr'>quaterni-</span> 
     </span>
    </p>
   </div>
   <div class='ocr_carea' id='block_1_119' title="bbox 1919 5289 3586 5365">
    <p class='ocr_par' dir='ltr' id='par_1_119' title="bbox 1919 5289 3586 5365">
     <span class='ocr_line' id='line_1_119' title="bbox 1919 5289 3586 5365; baseline -0.01 -10"><span class='ocrx_word' id='word_1_846' title='bbox 1919 5289 2095 5354; x_wconf 81' lang='lat' dir='ltr'>neum</span> <span class='ocrx_word' id='word_1_847' title='bbox 2127 5311 2366 5351; x_wconf 89' lang='lat' dir='ltr'>sacrum</span> <span class='ocrx_word' id='word_1_848' title='bbox 2397 5289 2672 5365; x_wconf 79' lang='lat' dir='ltr'>putetur;</span> <span class='ocrx_word' id='word_1_849' title='bbox 2710 5315 2731 5340; x_wconf 72' lang='grc' dir='ltr'><strong>υ</strong></span> <span class='ocrx_word' id='word_1_850' title='bbox 2765 5289 2980 5365; x_wconf 79' lang='lat' dir='ltr'>melius</span> <span class='ocrx_word' id='word_1_851' title='bbox 3027 5307 3172 5347; x_wconf 87' lang='lat' dir='ltr'>vero</span> <span class='ocrx_word' id='word_1_852' title='bbox 3217 5289 3463 5365; x_wconf 89' lang='lat' dir='ltr'>_e_dit._A_t</span> <span class='ocrx_word' id='word_1_853' title='bbox 3493 5289 3586 5365; x_wconf 76' lang='lat' dir='ltr'>in-</span> 
     </span>
    </p>
   </div>
   <div class='ocr_carea' id='block_1_120' title="bbox 1918 5360 3583 5442">
    <p class='ocr_par' dir='ltr' id='par_1_120' title="bbox 1918 5360 3583 5442">
     <span class='ocr_line' id='line_1_120' title="bbox 1918 5360 3583 5442; baseline -0.008 -17"><span class='ocrx_word' id='word_1_854' title='bbox 1918 5369 2184 5442; x_wconf 75' lang='lat' dir='ltr'>terjectis</span> <span class='ocrx_word' id='word_1_855' title='bbox 2224 5360 2416 5442; x_wconf 79' lang='lat' dir='ltr'>tribus</span> <span class='ocrx_word' id='word_1_856' title='bbox 2463 5360 2714 5442; x_wconf 84' lang='lat' dir='ltr'>vocibus</span> <span class='ocrx_word' id='word_1_857' title='bbox 2751 5364 2890 5442; x_wconf 0' lang='lat' dir='ltr'>(sola</span> <span class='ocrx_word' id='word_1_858' title='bbox 2947 5365 3118 5442; x_wconf 58' lang='grc' dir='ltr'>μοιηἶ</span> <span class='ocrx_word' id='word_1_859' title='bbox 3169 5363 3309 5442; x_wconf 84' lang='lat' dir='ltr'>edit.</span> <span class='ocrx_word' id='word_1_860' title='bbox 3363 5360 3583 5440; x_wconf 71' lang='lat' dir='ltr'>habet:</span> 
     </span>
    </p>
   </div>
   <div class='ocr_carea' id='block_1_121' title="bbox 1925 5430 3584 5508">
    <p class='ocr_par' dir='ltr' id='par_1_121' title="bbox 1925 5430 3584 5508">
     <span class='ocr_line' id='line_1_121' title="bbox 1925 5430 3584 5508; baseline -0.008 -12"><span class='ocrx_word' id='word_1_861' title='bbox 1925 5467 1944 5489; x_wconf 77' lang='grc' dir='ltr'>α</span> <span class='ocrx_word' id='word_1_862' title='bbox 1982 5430 2267 5508; x_wconf 75' lang='lat' dir='ltr'>Quoniam</span> <span class='ocrx_word' id='word_1_863' title='bbox 2298 5437 2638 5492; x_wconf 89' lang='lat' dir='ltr'>immundus</span> <span class='ocrx_word' id='word_1_864' title='bbox 2671 5440 2764 5491; x_wconf 90' lang='lat' dir='ltr'>est</span> <span class='ocrx_word' id='word_1_865' title='bbox 2796 5436 3043 5490; x_wconf 88' lang='lat' dir='ltr'>Domino</span> <span class='ocrx_word' id='word_1_866' title='bbox 3079 5435 3200 5490; x_wconf 91' lang='lat' dir='ltr'>Deo</span> <span class='ocrx_word' id='word_1_867' title='bbox 3240 5437 3338 5487; x_wconf 92' lang='lat' dir='ltr'>tuo</span> <span class='ocrx_word' id='word_1_868' title='bbox 3369 5430 3584 5499; x_wconf 90' lang='lat' dir='ltr'>omnis,</span> 
     </span>
    </p>
   </div>
   <div class='ocr_carea' id='block_1_122' title="bbox 1918 5509 3084 5588">
    <p class='ocr_par' dir='ltr' id='par_1_122' title="bbox 1918 5509 3084 5588">
     <span class='ocr_line' id='line_1_122' title="bbox 1918 5509 3084 5588; baseline -0.007 -20"><span class='ocrx_word' id='word_1_869' title='bbox 1918 5511 2257 5588; x_wconf 66' lang='lat' dir='ltr'>qui_fecerit</span> <span class='ocrx_word' id='word_1_870' title='bbox 2286 5511 2436 5578; x_wconf 91' lang='lat' dir='ltr'>haec,</span> <span class='ocrx_word' id='word_1_871' title='bbox 2475 5510 2588 5588; x_wconf 85' lang='lat' dir='ltr'>hoc</span> <span class='ocrx_word' id='word_1_872' title='bbox 2620 5512 2732 5588; x_wconf 81' lang='lat' dir='ltr'>est,</span> <span class='ocrx_word' id='word_1_873' title='bbox 2765 5509 2875 5588; x_wconf 80' lang='lat' dir='ltr'>vir,</span> <span class='ocrx_word' id='word_1_874' title='bbox 2915 5531 2936 5555; x_wconf 75' lang='grc' dir='ltr'>ιι</span> <span class='ocrx_word' id='word_1_875' title='bbox 2973 5510 3084 5560; x_wconf 90' lang='lat' dir='ltr'>etc.</span> 
     </span>
    </p>
   </div>
   <div class='ocr_carea' id='block_1_123' title="bbox 1990 5580 3489 5653">
    <p class='ocr_par' dir='ltr' id='par_1_123' title="bbox 1990 5580 3489 5653">
     <span class='ocr_line' id='line_1_123' title="bbox 1990 5580 3489 5653; baseline -0.009 -15"><span class='ocrx_word' id='word_1_876' title='bbox 1990 5585 2104 5653; x_wconf 79' lang='grc'>(75)</span> <span class='ocrx_word' id='word_1_877' title='bbox 2140 5607 2160 5630; x_wconf 85' lang='grc' dir='ltr'>ιι</span> <span class='ocrx_word' id='word_1_878' title='bbox 2197 5583 2342 5637; x_wconf 87' lang='lat' dir='ltr'>Cum</span> <span class='ocrx_word' id='word_1_879' title='bbox 2383 5582 2542 5637; x_wconf 90' lang='lat' dir='ltr'>omni</span> <span class='ocrx_word' id='word_1_880' title='bbox 2591 5580 2964 5653; x_wconf 76' lang='lat' dir='ltr'>subjeetione</span> <span class='ocrx_word' id='word_1_881' title='bbox 2989 5593 3007 5653; x_wconf 8' lang='lat' dir='ltr'>;ﬁ</span> <span class='ocrx_word' id='word_1_882' title='bbox 3040 5601 3061 5624; x_wconf 81' lang='grc' dir='ltr'>ι»</span> <span class='ocrx_word' id='word_1_883' title='bbox 3098 5580 3178 5653; x_wconf 89' lang='lat' dir='ltr'>in_</span> <span class='ocrx_word' id='word_1_884' title='bbox 3200 5589 3346 5653; x_wconf 72' lang='lat' dir='ltr'>mss.</span> <span class='ocrx_word' id='word_1_885' title='bbox 3382 5580 3489 5653; x_wconf 59' lang='lat' dir='ltr'>laci</span> 
     </span>
    </p>
   </div>
   <div class='ocr_carea' id='block_1_124' title="bbox 1916 5645 3592 5724">
    <p class='ocr_par' dir='ltr' id='par_1_124' title="bbox 1916 5645 3592 5724">
     <span class='ocr_line' id='line_1_124' title="bbox 1916 5645 3592 5724; baseline -0.008 -13"><span class='ocrx_word' id='word_1_886' title='bbox 1916 5645 2135 5712; x_wconf 79' lang='lat' dir='ltr'>desinit</span> <span class='ocrx_word' id='word_1_887' title='bbox 2163 5654 2237 5709; x_wconf 89' lang='lat' dir='ltr'>ad</span> <span class='ocrx_word' id='word_1_888' title='bbox 2281 5655 2412 5709; x_wconf 66' lang='lat' dir='ltr'>base</span> <span class='ocrx_word' id='word_1_889' title='bbox 2458 5653 2662 5724; x_wconf 90' lang='lat' dir='ltr'>verba,</span> <span class='ocrx_word' id='word_1_890' title='bbox 2707 5645 2934 5724; x_wconf 76' lang='lat' dir='ltr'>quibus</span> <span class='ocrx_word' id='word_1_891' title='bbox 2982 5645 3425 5724; x_wconf 31' lang='lat' dir='ltr'>Arne-rbachius</span> <span class='ocrx_word' id='word_1_892' title='bbox 3475 5645 3592 5724; x_wconf 69' lang='lat' dir='ltr'>ista</span> 
     </span>
    </p>
   </div>
   <div class='ocr_carea' id='block_1_125' title="bbox 1915 5716 3590 5802">
    <p class='ocr_par' dir='ltr' id='par_1_125' title="bbox 1915 5716 3590 5802">
     <span class='ocr_line' id='line_1_125' title="bbox 1915 5716 3590 5802; baseline -0.005 -19"><span class='ocrx_word' id='word_1_893' title='bbox 1915 5728 2216 5802; x_wconf 84' lang='lat' dir='ltr'>praemittit</span> <span class='ocrx_word' id='word_1_894' title='bbox 2249 5743 2261 5784; x_wconf 89' lang='lat'>:</span> <span class='ocrx_word' id='word_1_895' title='bbox 2301 5747 2322 5777; x_wconf 76' lang='grc' dir='ltr'>ι</span> <span class='ocrx_word' id='word_1_896' title='bbox 2359 5716 2685 5802; x_wconf 76' lang='lat' dir='ltr'>Apostolus</span> <span class='ocrx_word' id='word_1_897' title='bbox 2717 5716 2906 5797; x_wconf 69' lang='lat' dir='ltr'>inquit</span> <span class='ocrx_word' id='word_1_898' title='bbox 2939 5736 2951 5777; x_wconf 88' lang='lat'><strong>:</strong></span> <span class='ocrx_word' id='word_1_899' title='bbox 2986 5717 3210 5776; x_wconf 81' lang='lat' dir='ltr'>MuIier</span> <span class='ocrx_word' id='word_1_900' title='bbox 3241 5716 3304 5777; x_wconf 82' lang='lat' dir='ltr'>in</span> <span class='ocrx_word' id='word_1_901' title='bbox 3344 5716 3590 5780; x_wconf 70' lang='lat' dir='ltr'>silentio</span> 
     </span>
    </p>
   </div>
   <div class='ocr_carea' id='block_1_126' title="bbox 1917 5802 2190 5863">
    <p class='ocr_par' dir='ltr' id='par_1_126' title="bbox 1917 5802 2190 5863">
     <span class='ocr_line' id='line_1_126' title="bbox 1917 5802 2190 5863; baseline -0.033 0"><span class='ocrx_word' id='word_1_902' title='bbox 1917 5802 2131 5863; x_wconf 78' lang='lat' dir='ltr'>diScat.</span> <span class='ocrx_word' id='word_1_903' title='bbox 2167 5819 2190 5854; x_wconf 67' lang='grc' dir='ltr'><strong>ι</strong></span> 
     </span>
    </p>
   </div>
   <div class='ocr_carea' id='block_1_127' title="bbox 3098 5573 3591 5630">
    <p class='ocr_par' dir='ltr' id='par_1_127' title="bbox 3098 5573 3591 5630">
     <span class='ocr_line' id='line_1_127' title="bbox 3098 5573 3591 5630; baseline -0.012 0"><span class='ocrx_word' id='word_1_904' title='bbox 3098 5577 3157 5630; x_wconf 90' lang='lat' dir='ltr'>in</span> <span class='ocrx_word' id='word_1_905' title='bbox 3200 5589 3346 5628; x_wconf 91' lang='lat' dir='ltr'>mss.</span> <span class='ocrx_word' id='word_1_906' title='bbox 3382 5573 3591 5626; x_wconf 86' lang='lat' dir='ltr'>lacuna</span> 
     </span>
    </p>
   </div>
  </div>
