4098 6178
403 372 562 440 1287

1844 368 1911 433 S.
1955 362 2399 442 AMBRQSH.
2512 374 2519 381 '
2772 379 2801 415 ί

3706 359 3874 431 1288

405 574 621 644 lantur,
670 571 774 627 isti
818 569 1271 643 belligerantur.
1301 569 1520 624 Verum
1551 568 1806 624 habeant
1833 583 2077 623 excusa-
2104 549 2167 613 Αι
2193 583 2326 623 mus
2371 566 2628 638 Ephrata
2674 566 2886 637 (Miclz.
2933 582 2991 637 v,
3021 564 3118 635 Ὦ),
3175 590 3197 613 ι»
3232 564 3392 637 quod
3414 564 3636 621 dictum
3664 566 3766 620 est
3794 564 3870 619 ab

403 663 659 731 tionem,
711 660 811 733 qui
858 660 1083 731 patrios
1115 675 1266 714 usus
1296 661 1660 730 sequuntur,
1722 658 1830 712 sed
1884 660 2077 712 tamen

410 752 735 820 Barbaros,
767 752 831 804 ut
861 751 1085 819 Persae,
1120 752 1182 803 ut
1213 749 1406 816 Gothi,
1452 751 1515 802 ut
1545 747 1808 802 Armenii
1843 764 1855 801 :
1888 746 2081 818 major

410 841 647 913 quidem
679 841 772 894 est
800 840 1028 909 natura,
1062 853 1237 909 quam
1264 838 1470 909 patria.

479 930 533 985 '7.
575 928 725 994 Quid
756 928 828 982 de
860 927 993 981 aliis
1020 927 1310 997 dicemus,
1356 927 1458 997 qui
1506 926 1620 981 hoc
1666 926 1740 980 ad
1786 924 2079 980 luxuriam

409 1017 799 1074 derivandum
827 1018 1033 1086 putant
1063 1032 1076 1071 :
1113 1019 1177 1071 ut
1203 1016 1634 1070 calamistratos
1676 1018 1733 1069 et
1771 1017 2078 1086 torquatos

410 1107 666 1162 habeant
713 1107 776 1160 in
821 1105 1171 1176 ministerio,
1222 1105 1339 1175 ipsi
1378 1104 1675 1175 promissa
1704 1104 1908 1172 barba,
1943 1103 2078 1158 illos

409 1197 669 1252 remissa
702 1194 908 1250 coma?
939 1194 1147 1248 Merito
1178 1193 1298 1247 illic
1328 1210 1446 1249 non
1475 1195 1749 1248 servatur
1796 1192 2077 1247 castimo-

414 1286 532 1356 nia,
562 1285 665 1340 ubi
695 1299 815 1339 non
842 1285 1077 1338 tenetur
1106 1298 1290 1338 sexus
1320 1282 1642 1351 distinctio,
1694 1282 1754 1337 in
1801 1298 1917 1353 quo
1951 1281 2077 1336 evi-

410 1374 606 1430 dentia
635 1376 862 1429 natura
894 1372 1238 1444 magisteria
1269 1374 1430 1438 sunt,
1474 1371 1706 1426 dicente
1736 1370 2026 1441 Apostolo
2061 1386 2073 1425 ε

413 1488 435 1513 α
471 1465 653 1519 Decet
680 1461 987 1517 mulierem
1017 1476 1135 1517 non
1163 1461 1415 1516 velatam
1465 1475 1635 1515 orare
1685 1460 1909 1515 Deum?
1951 1458 2077 1515 Nec

408 1554 540 1625 ipsa
570 1554 779 1607 natura
809 1551 982 1606 docet
1009 1566 1121 1605 vos
1150 1550 1309 1623 quod
1339 1549 1432 1603 vir
1459 1547 1698 1621 quidem
1745 1547 1800 1602 si
1849 1563 2076 1602 comam

406 1642 623 1698 nutriat
652 1640 786 1712 (76),
818 1638 1143 1711 ignominia
1173 1640 1266 1693 est
1292 1638 1378 1695 illi
1411 1655 1422 1692 :
1455 1636 1667 1692 mulier
1694 1651 1839 1692 vero
1879 1636 1933 1691 si
1974 1651 2074 1691 ca-

407 1731 584 1803 pillos
614 1730 847 1797 habeat,
882 1727 1073 1799 gloria
1101 1729 1194 1781 est
1223 1726 1345 1795 illi;
1376 1726 1656 1796 quoniam
1697 1724 1936 1796 quidem
1973 1740 2074 1778 ca-

408 1820 535 1891 pilli
563 1833 670 1889 pro
698 1816 988 1872 velamine
1019 1815 1076 1870 ei
1106 1815 1223 1869 dati
1254 1816 1393 1869 sunt
1423 1813 1479 1883 (I
1507 1814 1643 1869 Cor.
1677 1831 1759 1883 χι,
1796 1813 1990 1884 13-15)
2024 1837 2071 1869 ι».

410 1909 555 1964 Haec
584 1910 723 1962 sunt
752 1921 885 1977 quin
914 1904 1144 1959 referas
1174 1903 1640 1974 requirentibus.
1678 1903 1843 1973 Vale,
1877 1905 1935 1959 et
1964 1918 2076 1959 nos

408 2000 473 2054 ut
501 1997 659 2053 filius
692 1995 873 2067 dilige
906 2009 919 2050 :
953 1993 1091 2065 quia
1120 2008 1233 2048 nos
1263 1997 1320 2047 te
1350 1995 1412 2048 ut
1439 1994 1716 2063 parentes
1748 1992 2073 2065 diligimus.

959 2099 1331 2155 EPISTOLA
1371 2098 1550 2154 LXX.

415 2207 905 2278 Quemadmodum
954 2205 1137 2261 fortis
1186 2206 1396 2260 animae
1447 2206 1651 2278 est_in
1701 2204 1851 2261 bono
1886 2211 2072 2276 stare,

452 2283 563 2343 ,ita
612 2279 836 2335 debilis
881 2277 1007 2332 labi
1054 2293 1121 2331 ac
1149 2276 1823 2349 resurgere.Quocirca
1854 2293 1982 2332 cum
2015 2279 2077 2331 in

485 2352 753 2408 Canticis
794 2364 1119 2422 processus
1164 2348 1375 2403 animm
1432 2348 1798 2422 robustioris
1841 2349 2078 2404 descri-

480 2424 722 2493 bantur,
774 2419 838 2476 ᾗ]
888 2420 1162 2493 Micliteae
1216 2435 1357 2493 vero
1389 2420 1706 2493 prophetia
1734 2419 1916 2493 lapsae
1946 2436 2080 2493 con-

487 2490 726 2560 versio}
758 2508 884 2548 eam
907 2490 1400 2563 considerandam
1415 2490 1714 2563 proponit.
1748 2490 2079 2545 Praemissa

468 2567 670 2639 ‘igitur
716 2564 988 2639 nominis
1017 2562 1288 2639 Micliaeae
1320 2562 1854 2639 interpretatione,
1903 2563 2081 2617 mise-

480 2634 633 2692 r'iam
659 2635 1022 2709 peccatricis
1052 2634 1270 2709 animae
1300 2635 1571 2709 exponit,
1625 2634 1900 2709 internas
1944 2649 2080 2687 cor-

486 2704 807 2781 ιηεριίῥηθεΔ
837 2711 1048 2781 narrat
1056 2746 1090 2781 ,Α
1129 2704 1295 2781 addit
1314 2704 1784 2781 exhortationes
1814 2704 1882 2781 ac
1905 2720 2082 2776 para-

486 2746 555 2765 ,υ
602 2746 794 2763 “mu...
837 2746 1048 2760 ...μην
1129 2746 1295 2759 ην..-
1335 2746 1782 2759 .......,.......,...,..
1814 2746 1879 2758 μυ
1949 2746 2052 2759 υ...

485 2746 604 2835 tum
634 2778 873 2834 Domini
903 2746 1206 2846 auxilium,
1238 2773 1474 2848 felicem
1507 2775 1769 2848 ejusdem
1812 2746 2081 2848 immuta-

486 2853 703 2907 tionem
736 2849 961 2920 aperit,
1006 2853 1065 2903 et
1097 2862 1264 2920 quam
1296 2847 1354 2901 ei
1386 2846 1666 2920 Christus
1695 2847 1959 2920 largitur
1987 2846 2082 2902 fe-

483 2917 844 2999 cunditatem
877 2917 952 2973 ac
976 2917 1489 2999 tranquillitatem.
1522 2917 1754 2999 Deinde
1780 2917 2080 2999 ubi_repe-

485 2995 624 3049 tivit
655 3009 769 3048 non
796 3006 980 3064 pauca
1012 3005 1091 3044 ex
1117 2988 1553 3064 superioribus,
1585 2988 1895 3064 subjungit
1928 2988 2083 3064 ejus-

483 3067 616 3123 dem
647 3059 858 3120 anim‘ae
880 3076 1126 3134 prousua
1155 3059 1516 3134 liberatione
1544 3059 1877 3132 gratiarum
1909 3059 2085 3134 actio-

482 3153 611 3194 nes.
646 3135 795 3191 Post
827 3131 952 3207 quaa
979 3131 1410 3188 Horontianum
1441 3132 1517 3187 ad
1552 3131 2083 3204 perseverantiam

486 3209 863 3265 exhortatur.

854 3311 1199 3366 AMBROSIUS
1231 3309 1637 3365 HORONTIANO.

480 3422 532 3477 1.
579 3417 905 3491 Prophetae'
938 3416 1179 3488 quidem
1223 3416 1750 3488 congregationem
1792 3417 2080 3491 gentium,

410 3514 585 3584 atque
634 3506 925 3563 Ecclesiae
972 3505 1398 3560 annuntiarunt
1442 3492 1892 3561 aediﬁcationem
1920 3507 2083 3562 futu-

2191 657 2303 713 hoc
2334 657 2641 727 propheta.
2670 655 2979 721 Quomodo
3011 656 3167 710 enim
3197 658 3392 725 potest
3427 654 3643 710 domus
3694 653 3868 708 furo-

2189 747 2275 801 ris
2307 762 2445 802 esse
2475 746 2579 800 ubi
2608 745 2886 801 Christus
2915 748 3089 800 natus
3121 747 3251 799 est?
3283 745 3410 800 Hoc
3449 745 3606 800 enim
3657 743 3868 813 expri-

2188 838 2353 890 munt
2378 836 2647 891 locorum
2665 835 2975 905 vocabula,
3008 834 3117 890 sed
3138 834 3435 889 illustrant
3449 832 3871 905 Operationum

2189 925 2492 996 mysteria.
2847 978 2853 983 .

2258 1014 2317 1068 3.
2353 1013 2439 1067 Ac
2467 1013 2721 1083 primum
2753 1012 3207 1068 consideremus
3238 1012 3380 1083 quid
3422 1011 3868 1082 interpretatio-

2187 1102 2283 1157 nis
2336 1103 2397 1157 in
2444 1102 2651 1158 Latino
2701 1101 2914 1156 habeat
2962 1101 3269 1156 Michaaas.
3301 1100 3613 1174 Significat
3645 1104 3869 1167 autem,

2187 1190 2332 1257 Quis
2382 1207 2416 1246 a
2461 1191 2583 1246 Deo
2619 1207 2632 1246 :
2665 1191 2781 1261 vel,
2830 1194 2895 1246 ut
2939 1190 3079 1245 alibi
3125 1191 3484 1260 invenimus,
3535 1189 3691 1255 Quis
3734 1190 3869 1257 iste,

2187 1280 2447 1336 Morathi
2492 1278 2674 1350 illius,
2727 1280 2788 1335 id
2835 1282 2947 1347 est,
2997 1279 3256 1346 heredis
3303 1279 3416 1350 ('78)
3464 1278 3681 1349 (Micb.
3717 1295 3761 1346 ι,
3802 1279 3868 1345 ι).

2187 1367 2332 1434 Quis
2357 1370 2553 1424 autem
2583 1369 2803 1438 haeres,
2837 1368 2954 1423 nisi
2985 1367 3171 1423 Filius
3202 1367 3329 1438 Dei,
3379 1368 3481 1440 qui
3509 1369 3591 1423 ait
3622 1384 3637 1423 :
3679 1389 3705 1415 α
3739 1367 3873 1422 Om-

2188 1459 2283 1513 nia
2313 1458 2455 1515 mihi
2486 1458 2696 1513 tradita
2726 1460 2866 1513 sunt
2896 1473 2930 1513 a
2957 1458 3131 1512 Patre
3152 1470 3285 1512 meo
3307 1457 3547 1527 (Matth.
3570 1474 3657 1525 xi,
3692 1456 3822 1525 27);
3848 1481 3871 1504 -

2188 1554 2245 1603 et
2301 1563 2436 1602 cum
2479 1546 2610 1616 ipse
2639 1548 2805 1602 esset
2832 1546 3054 1617 haeres,
3085 1562 3206 1602 non
3247 1561 3388 1602 esse
3428 1545 3613 1601 voluit
3665 1544 3873 1601 cohae-

2186 1638 2328 1693 res?
2350 1636 2558 1691 Merito
2583 1637 2715 1708 quis
2741 1636 2879 1703 iste,
2915 1651 3031 1692 non
3063 1652 3094 1691 e
3117 1635 3336 1707 populo
3365 1651 3543 1703 unus,
3569 1635 3685 1690 sed
3718 1634 3873 1689 elec-

2183 1730 2282 1783 tus
2310 1725 2383 1781 ad
2412 1725 2661 1797 gratiam
2691 1724 2815 1795 Dei,
2850 1724 2910 1779 in
2941 1739 3058 1795 quo
3087 1725 3348 1796 loquitur
3374 1723 3632 1796 Spiritus
3688 1739 3871 1778 sanc—

2168 1820 2301 1886 ‘tus,
2357 1814 2459 1886 qui
2505 1813 2857 1884 prophetare
2907 1814 3084 1885 coepit
3136 1836 3158 1862 α
3204 1813 3265 1869 in
3314 1814 3525 1871 diebus
3575 1812 3873 1881 Joathan,

2188 1909 2244 1960 et
2288 1904 2506 1973 Achaz,
2560 1905 2616 1959 et
2664 1902 2935 1958 Ezechiae
2980 1918 3193 1975 regum
3222 1903 3374 1958 Juda
3404 1902 3613 1972 (Mich.
3647 1919 3692 1971 ι,
3731 1903 3809 1973 1).
3848 1922 3869 1951 ι

2189 1993 2314 2059 Quo
2346 1991 2551 2048 ordine
2582 1991 2957 2065 significatur
2986 1992 3237 2047 visionis
3258 1992 3599 2063 profectus;
3627 2008 3670 2046 ει
3692 1991 3870 2047 malis

2107 2104 2160 2166 Β
2192 2083 2349 2138 enim
2376 2082 2626 2153 regibus
2656 2081 2729 2135 ad
2755 2080 2897 2137 boni
2929 2082 3093 2154 regis
3123 2081 3396 2152 pervenit
3424 2084 3727 2152 tempora.

2261 2172 2315 2227 4.
2358 2171 2428 2225 Et
2457 2170 2590 2225 ideo
2621 2171 2901 2241 quoniam
2928 2171 3122 2225 anima
3151 2170 3366 2225 amicta
3397 2170 3510 2241 (79)
3542 2171 3663 2225 sub
3696 2169 3875 2224 malis

2191 2264 2325 2315 ante
2357 2259 2667 2315 laborabat
2693 2259 2963 2331 regibus,
2996 2275 3171 2330 quem
3201 2274 3554 2330 processum
3605 2275 3875 2315 conver-

2191 2350 2379 2405 sionis
2429 2364 2558 2404 sum
2607 2348 2840 2418 habeat,
2891 2348 3390 2404 considerandum
3438 2348 3706 2404 videtur.
3763 2349 3874 2403 De-

2191 2441 2417 2494 structa
2446 2437 2774 2510 erat.quasi
2802 2436 3112 2506 inﬁrmior,
3145 2440 3203 2493 et
3231 2438 3424 2494 omnis
3454 2438 3709 2492 munitio
3740 2436 3877 2509 ejus

2189 2527 2344 2583 facta
2391 2530 2519 2583 erat
2564 2527 2660 2581 via
2708 2526 3161 2596 transeuntium,
3205 2530 3263 2582 et
3291 2527 3575 2583 incursus
3617 2527 3873 2598 passio-

2189 2633 2331 2672 num
2376 2615 2611 2671 luxuria
2654 2615 2923 2670 resoluta
2949 2630 3019 2670 ac
3049 2615 3300 2686 deliciis,
3336 2617 3586 2672 contrita
3615 2618 3770 2685 erat,
3804 2632 3873 2670 ac

2188 2706 2451 2778 relegata
2492 2720 2527 2759 a
2574 2703 2725 2759 facie
2772 2704 3005 2759 Domini
3038 2720 3052 2760 :
3090 2726 3113 2752 α
3149 2705 3361 2760 Turris
3399 2704 3535 2777 ejus
3586 2705 3872 2776 squalida

2189 2798 2335 2863 erat,
2373 2816 2394 2844 υ
2430 2810 2564 2866 quae
2595 2793 2791 2864 posita
2820 2796 2932 2863 est,
2964 2795 3028 2849 ut
3058 2793 3120 2849 in
3147 2793 3318 2850 Isaia:
3341 2795 3569 2850 cantico
3602 2794 3873 2867 legimus

2191 2884 2330 2955 (Isa.
2363 2900 2420 2953 v,
2454 2883 2532 2953 2);
2563 2882 2623 2937 in
2653 2882 2847 2938 medio
2880 2883 3147 2938 ﬂorentis
3177 2884 3388 2939 vineae.
3441 2883 3690 2955 Squalet
3742 2888 3875 2940 ete-

2190 2973 2311 3029 nim
2339 2971 2542 3041 turris,
2576 2971 2812 3043 quando
2842 2971 2980 3027 vitis
3004 2972 3243 3042 arescit,
3297 2976 3355 3027 et
3399 2972 3533 3027 ovis
3561 2988 3674 3028 sua
3737 2976 3874 3027 erat

2191 3060 2304 3133 (80)
2338 3076 2350 3116 :
2384 3060 2764 3132 regrediente
2805 3062 3002 3115 autem
3045 3061 3185 3116 vitis
3233 3061 3548 3132 viriditate,
3597 3061 3697 3115 vel
3732 3077 3871 3131 ove,

2190 3149 2570 3221 resplendet;
2618 3148 2766 3204 nihil
2807 3150 2964 3205 enim
2994 3149 3328 3222 squalidius
3356 3151 3684 3223 iniquitate,
3720 3150 3873 3205 nihil

2194 3238 2568 3311 splendidius
2589 3237 2844 3309 justitia.

2262 3330 2316 3383 5.
2358 3329 2449 3383 Ad
2477 3328 2629 3383 hanc
2659 3329 2869 3383 turrim
2896 3333 3213 3385 revocatur
3242 3330 3404 3397 ovis,
3454 3329 3696 3401 quando
3739 3331 3876 3384 ani-

2191 3434 2285 3473 ma
2314 3421 2628 3474 revocatur
2656 3434 2690 3471 a
2718 3417 2910 3490 lapsu,
2941 3422 2999 3473 et
3026 3420 3085 3473 in
3112 3419 3212 3473 illa
3234 3434 3344 3475 ove
3366 3417 3590 3474 Christi
3610 3434 3877 3493 regnum

2190 3508 2361 3579 redit,
2387 3506 2543 3579 quod
2565 3511 2658 3562 est
2679 3507 2908 3562 initium
2933 3524 2944 3563 :
2971 3509 3107 3579 quia
3130 3507 3258 3579 ipse
3281 3511 3373 3562 est
3395 3507 3625 3562 initium
3646 3513 3709 3563 et
3732 3510 3879 3563 ﬁnis

411 3616 573 3664 ram;
607 3597 716 3653 sed
744 3601 940 3651 tamen
971 3595 1109 3666 quia
1138 3595 1200 3648 in
1230 3593 1500 3650 Ecclesia
1549 3610 1667 3651 non
1712 3594 1905 3650 solum
1954 3595 2081 3651 for-
2121 3663 2162 3671 μ
2191 3596 2540 3669 (Αροο.ι,8),
2565 3596 2660 3653 vel
2683 3597 2910 3652 initium
2932 3597 3172 3653 salutis:
3198 3598 3306 3653 sed
3326 3602 3521 3653 tamen
3546 3598 3879 3671 corripitur

409 3690 557 3744 tium
585 3686 913 3742 animarum
934 3684 1109 3756 jugis
1138 3683 1465 3755 profectus,
1499 3700 1709 3739 verum
1735 3685 1908 3739 etiam
1929 3684 2084 3740 inﬁr-
2113 3663 2164 3727 Ο
2192 3686 2384 3757 prius,
2410 3701 2479 3741 eo
2502 3686 2658 3757 quod
2680 3688 2797 3740 tam
2818 3686 3086 3759 graviter
3108 3687 3418 3757 erraverit,
3452 3690 3510 3743 et
3529 3663 3756 3742 dicitur
3774 3689 3837 3743 ei
3862 3706 3875 3742 :

412 3793 646 3833 marum
674 3779 903 3846 lapsus,
936 3776 993 3829 et
1024 3788 1241 3827 rursus
1272 3772 1589 3828 conversio
1619 3776 1712 3828 est
1744 3790 1755 3827 :
1789 3773 1922 3828 ideo
1950 3787 2084 3843 pos-

414 3882 625 3923 sumus
657 3881 731 3921 ex
761 3863 1127 3935 propheticis
1158 3861 1330 3917 libris
1370 3861 1652 3934 colligere
1701 3862 2082 3934 quemadmo-

412 3957 556 4018 dum
604 3957 702 4010 aut
742 3953 1033 4025 praeclara
1073 3951 1173 4005 illa
1221 3953 1276 4006 et
1323 3951 1495 4006 fortis
1542 3951 1737 4006 anima
1784 3952 1916 4007 sine
1965 3952 2084 4007 ulla

411 4045 722 4117 gradiatur
790 4040 1139 4111 otl'ensione,
1194 4042 1293 4095 aut
1336 4039 1629 4095 infirmior
1652 4040 1924 4114 .labatur,
1985 4043 2085 4096 aut

409 4135 581 4207 lapsa
609 4134 867 4204 reparet,
899 4147 966 4185 ac
998 4129 1285 4185 reformet
1311 4128 1583 4201 gradum.

482 4225 536 4279 2.
580 4223 782 4294 Itaque
814 4220 970 4276 sicut
1001 4220 1061 4274 in
1090 4218 1350 4274 Canticis
1383 4218 1745 4274 canticorum
1776 4218 1866 4291 ('77
1898 4219 2084 4276 beatae

410 4313 572 4369 illius
623 4311 835 4366 animm
883 4308 1199 4364 continuos
1245 4323 1576 4378 processus
1605 4308 1884 4381 legimus,
1918 4309 2086 4369 itajn

413 4403 700 4473 Michaea,
761 4401 833 4455 de
885 4414 1002 4472 quo
1053 4397 1228 4452 nobis
1274 4396 1578 4467 prophetae
1627 4412 1829 4453 sermo
1891 4398 2085 4462 1063

410 4494 656 4549 exortus
706 4491 818 4560 est,
873 4487 1324 4543 consideremus
1375 4484 1562 4558 lapsae
1606 4486 2082 4543 conversionem.

411 4580 547 4636 Non
580 4579 739 4635 enim
768 4578 957 4634 otiose
990 4580 1043 4632 te
1074 4575 1256 4631 movit
1284 4590 1297 4631 :
1336 4598 1358 4622 α
1394 4574 1466 4629 Et
1493 4577 1558 4629 tu
1606 4574 1929 4644 Bethleem,
1978 4574 2087 4630 do-

485 4721 619 4793 (76),
640 4720 799 4776 Edit.
833 4723 891 4775 et
916 4718 1124 4793 plures
1155 4733 1329 4793 mss.,
1368 4740 1391 4793 ξι
1440 4717 1494 4772 si
1526 4716 2082 4793 comamhabcatngg

415 4788 505 4847 Et'
534 4788 710 4862 infra,
763 4811 786 4843 α
837 4788 944 4861 pro
993 4791 1285 4845 velamine
1328 4789 1383 4844 ei
1414 4792 1553 4845 sunt
1585 4805 1597 4845 :
1636 4809 1659 4839 »
1693 4788 1791 4845 alii
1822 4788 2089 4844 nonnulli

418 4864 738 4934 utrobique
770 4864 1004 4929 melius,
1038 4865 1101 4915 ut
1126 4862 1186 4915 in
1215 4864 1397 4934 textu,

488 4935 601 5005 (’77)
640 4931 1021 5005 Progressus
1044 4934 1255 5005 animm
1287 4932 1347 4987 in
1368 4931 1627 4987 Canticis
1649 4934 1801 4986 cant.
1827 4931 2088 5005 obscure

420 5003 802 5062 adumbratos
834 5004 892 5058 in
923 5004 1026 5058 lib.
1063 5004 1138 5058 de
1167 5003 1336 5058 Isaac
1365 5009 1423 5058 et
1463 5005 1675 5064 anima,
1707 5004 1949 5073 exponit
1996 5007 2087 5056 at-

417 5093 532 5150 que
585 5077 853 5150 illustrat
887 5074 1263 5130 Ambrosius.
1314 5073 1481 5150 Quod
1511 5077 1705 5150 autem
1736 5075 1833 5128 hic
1864 5076 1942 5128 ait
1972 5074 2088 5150 sibi

418 5145 554 5207 cum
605 5147 973 5203 Horontiano
1016 5162 1352 5201 sermonem
1399 5146 1471 5200 de
1519 5145 1768 5201 Michaea
1813 5149 2086 5200 exortum

418 5236 599 5291 esse,
658 5219 806 5274 satis
863 5218 1083 5291 indicat
1141 5233 1381 5291 causam
1439 5217 1600 5291 huic,
1643 5217 1910 5291 epistolae
1967 5232 2086 5271 non

418 5288 654 5347 aliunde
677 5305 853 5362 quam
874 5305 948 5344 ex
967 5289 1174 5362 eodem
1196 5288 1490 5360 colloquio
1522 5288 1712 5343 fuisse
1742 5289 2082 5362 profectam.

489 5364 602 5434 ('78)
650 5359 733 5417 Ita
782 5364 900 5434 vet.
953 5360 1092 5434 edit.
1140 5375 1208 5414 ac
1252 5359 1420 5434 mss,
1460 5362 1627 5434 Rom.
1679 5364 1873 5434 autem
1922 5359 2082 5434 e_dit.,

425 5458 446 5486 α
482 5430 775 5491 Morasthi
804 5433 984 5502 filius,
1018 5432 1236 5487 haeres.
1275 5451 1297 5481 ι
1333 5431 1555 5486 Alludit
1604 5446 1783 5500 porro
1828 5430 2086 5502 Ambro-

419 5508 551 5563 sius
599 5507 673 5562 ad
720 5506 911 5576 prima
950 5500 1131 5576 hujus
1162 5502 1475 5576 prophetae
1502 5503 1684 5556 verba
1717 5518 1728 5555 :
1770 5500 2088 5576 «ﬁerburh

422 5571 745 5633 Domini...2
770 5577 842 5630 ad
869 5571 1180 5629 Michaeam
1193 5571 1600 5628 Mdrasthitem
1625 5587 1639 5641 ;
1675 5595 1697 5619 υ
1720 5571 1937 5641 quibus
1961 5571 2089 5642 qui—

422 5648 559 5702 dem
606 5664 724 5703 non
769 5647 964 5716 ipsius
1011 5649 1196 5715 pater,
1233 5645 1341 5716 sed
1370 5644 1558 5711 patria
1590 5646 1749 5716 terra
1778 5642 2086 5716 significa-

424 5722 519 5769 tur
565 5732 579 5770 :
625 5712 813 5787 atque
843 5717 987 5769 adeo
1010 5712 1369 5787 jMorastlii,
1420 5727 1529 5787 seu
1575 5712 1843 5787 Moratlii
1887 5712 2084 5787 ﬁlius,

422 5790 678 5854 utroque
702 5781 865 5841 enim
894 5785 1068 5841 modo
1112 5787 1275 5854 recte
1320 5781 1650 5854 scribitur,
1669 5781 1834 5854 idem
1881 5786 1974 5837 est
2019 5781 2088 5839 ac

423 5851 718 5937 Morasthi
745 5858 941 5937 natus,
973 5855 1059 5938 De
1085 5853 1255 5936 vocis
1283 5853 1478 5934 autem
1494 5851 1928 5941 significatigne
1949 5854 2089 5915 Am-

2197 3797 2219 3822 «ι
2240 3775 2316 3829 Ut
2330 3774 2469 3844 quid
2484 3774 2852 3846 cognovistis
2869 3775 3050 3830 mala?
3062 3776 3346 3847 numquid
3367 3791 3475 3831 rex
3487 3792 3606 3831 non
3620 3779 3753 3831 erat
3767 3776 3877 3832 tibi

2190 3863 2398 3933 (Mich.
2423 3863 2502 3933 1v,
2516 3862 2604 3933 9)?
2620 3885 2643 3911 υ
2654 3863 2779 3918 Hoc
2793 3867 2903 3918 est.
2918 3863 3184 3919 habebas
3196 3879 3420 3936 regem,
3441 3866 3542 3936 qui
3554 3867 3614 3921 te
3627 3871 3876 3938 regeret

2191 3957 2248 4008 et
2268 3955 2555 4021 tueretur,
2590 3951 2825 4007 deviare
2846 3968 2878 4006 a
2894 3951 3145 4024 justitia
3167 3953 3397 4009 tramite
3428 3969 3547 4009 non
3577 3954 3869 4023 debuisti,

2188 4042 2635 4113 decrelinquere
2646 4041 2777 4096 vias
2799 4041 3055 4113 Domini,
3077 4042 3176 4113 qui
3198 4042 3303 4097 tibi
3320 4042 3709 4098 rationabiles
3729 4059 3866 4099 sen—

2190 4146 2297 4186 sus
2319 4129 2656 4200 impertivit.
2682 4129 2796 4184 Ubi
2829 4134 2994 4185 erant
3013 4130 3126 4201 (81)
3164 4131 3555 4203 cogitationes
3591 4136 3740 4201 tum,
3765 4133 3875 4187 ubi

2190 4219 2440 4275 consilia
2455 4230 2479 4289 ,’
2505 4219 2724 4290 quibus
2744 4219 3077 4290 praevidere
3099 4218 3472 4291 injustitiam,
3507 4221 3876 4292 propulsare

2187 4309 2530 4380 iniquitates
2559 4307 2740 4364 insito
2767 4308 2876 4364 tibi
2904 4308 3112 4382 vigore
3134 4309 3420 4379 potuisti?
3446 4308 3568 4365 Cur
3603 4326 3878 4382 compre-

2190 4397 2521 4455 henderunt
2535 4399 2592 4452 te
2606 4397 2845 4452 dolores
2858 4400 2921 4452 ut
2931 4386 3311 4469 parturientis
3323 4397 3527 4469 (Ibid);
3542 4400 3606 4452 ut
3619 4399 3875 4469 parturi-

2190 4502 2292 4542 res
2335 4486 2696 4558 iniquitates,
2721 4490 2778 4541 et
2798 4486 3435 4558 pareresinjustitias?
3463 4486 3685 4543 Nullus
3711 4488 3875 4543 enim

2190 4575 2386 4647 major
2406 4577 2499 4631 est
2519 4574 2707 4646 dolor,
2732 4590 2909 4646 quam
2929 4575 2981 4630 is
3004 4576 3339 4647 quipeccati
3354 4591 3642 4632 mucrone
3660 4577 3874 4634 vulne—

2191 4717 2436 4791 brosius
2486 4732 2620 4772 cum
2643 4716 3035 4791 ⁸Ηίςειιοιιγγηο
3061 4719 3147 4772 εἰη
3186 4717 3446 4790 Prologo
3483 4718 3559 4773 ad
3589 4717 3873 4791 ejusdem

2195 4789 2463 4843 Michaeae
2491 4788 2861 4858 prephetiam
2890 4788 3064 4859 plane
3100 4788 3400 4844 convenit}

2263 4860 2750 4935 (7Q)‘Innuuntur
2798 4860 2903 4915 alii
2940 4861 3199 4935 nominis
3248 4860 3516 4935 Michaeaa
3561 4861 3871 4935 signiﬁca-

2193 4934 2311 5006 tus.
2345 4931 2495 4986 Nam
2523 4934 2918 5006 praeterquam
2949 4932 3108 5003 quod
3139 4933 3355 5006 exponi
3383 4936 3597 5003 potest,
3629 4931 3676 4982 ἐι
3731 4935 3869 5006 quis

2194 5019 2227 5057 a
2258 5003 2400 5071 Deo,
2439 5002 2590 5075 nivel
2622 5003 2753 5074 quis
2781 5009 2919 5075 iste,
2968 5002 3102 5073 quae
3154 5002 3402 5074 quidem
3437 5002 3872 5075 interpretatio-

2195 5090 2325 5143 nes,
2361 5073 2532 5128 modo
2560 5073 2757 5146 tamen
2786 5074 3033 5146 primam
3064 5073 3386 5144 scripseris
3419 5096 3441 5124 ε
3467 5073 3612 5146 quis
3636 5077 3812 5146 adeo,
3841 5099 3865 5125 ι.

2195 5162 2314 5218 non
2349 5168 2371 5195 α
2407 5146 2542 5216 quis
2572 5161 2606 5199 a
2635 5145 2781 5218 Deo,
2820 5168 2842 5194 ι»
2877 5145 3035 5200 haud
3064 5146 3141 5218 ita
3172 5147 3459 5218 recedunt
3487 5145 3560 5201 ab
3586 5162 3664 5201 eo
3704 5145 3868 5218 quod

2115 5244 2169 5307 D
2198 5217 2595 5308 pieronymus
2641 5216 2773 5308 lo‘co
2821 5233 3002 5287 supra
3049 5217 3223 5308 citato
3258 5217 3459 5297 .dieit:
3508 5240 3531 5299 ςι
3576 5216 3866 5308 Μίξεὶῐωαβ

2195 5289 2335 5356 ὅστις
2365 5287 2522 5348 οὖν...
2557 5288 2712 5358 apud
2760 5304 2872 5343 nos
2922 5291 3114 5358 sonat,
3169 5287 3301 5360 quis
3351 5290 3536 5361 quasi.
3580 5288 3699 5359 vel,
3735 5291 3872 5360 quis

2201 5368 2397 5438 velut;
2433 5391 2455 5416 «
2491 5372 2707 5438 praeter
2736 5368 2844 5423 has
2875 5367 3058 5439 igitur
3091 5368 3496 5438 expositiones
3546 5369 3723 5424 etiam
3765 5384 3865 5424 ex-

2193 5440 2442 5510 plicatur
2475 5439 2757 5494 Michaeas
2788 5439 3153 5509 humiliatus,
3186 5455 3537 5509 percussus,
3565 5445 3681 5496 etc.

2266 5511 2378 5581 (80)
2420 5510 2566 5567 Mss.
2600 5511 2841 5581 aliquot,
2880 5531 2901 5559 «
2938 5514 2995 5564 et
3027 5519 3139 5564 uva
3179 5526 3287 5565 sua
3319 5515 3584 5581 torret,»
3612 5516 3667 5566 et
3686 5511 3863 5577 infra,

2197 5582 2545 5653 «riviriditate
2577 5598 2707 5637 uvae
2740 5581 3097 5653 resplendet.
3138 5602 3161 5633 α
3198 5583 3389 5653 Atque
3422 5583 3499 5637 ita
3529 5586 3591 5637 in
3611 5597 3866 5653 sequen-

2189 5652 2351 5706 tibus
2384 5668 2621 5722 semper
2645 5668 2761 5707 uva
2788 5652 3190 5722 substituitur,
3225 5652 3332 5708 sed
3362 5652 3559 5710 minus
3589 5652 3772 5709 recte.

2263 5723 2377 5805 (81)
2409 5723 2800 5805 _Bom.-ed_it.,
2850 5745 2884 5805 «_
2927 5722 3060 5805 Aut_
3092 5724 3410 5782 consilium
3447 5728 3611 5783 tuum
3638 5723 3863 5802 periit?

2168 5793 2365 5872 quasi
2393 5793 2566 5856 dica:
2603 5793 2719 5853 Ubi
2750 5796 2910 5879 sunt,
2951 5818 2973 5847 η
3010 5798 3125 5858 etc.
