4098 6178
231 394 391 464 1289

1416 393 2033 465 EPISTOLARUM
2078 394 2419 462 CLASSIS
2460 396 2541 460 II.

3533 395 3693 461 1290

234 611 430 671 neque
459 596 645 653 ullum
674 595 920 670 gravius
970 597 1063 653 est
1108 612 1263 653 onus
1308 613 1485 670 quam
1530 602 1911 670 peccatorum
1940 586 2000 650 A
2030 597 2193 668 (Luc.
2226 614 2287 668 ιι,
2321 596 2377 667 6)
2411 614 2424 652 :
2458 596 2663 653 eadem
2692 600 2887 653 autem
2914 595 3239 663 Bethleem,
3290 611 3423 667 qua
3468 594 3692 666 Ephra-

238 687 478 744 sarcina
522 688 580 741 et
625 687 861 757 pondus
912 686 1289 760 ﬂagitiorum.
1324 685 1607 756 Deprimit
1637 687 1909 759 animam,

245 779 455 833 curvat
485 791 677 847 usque
709 775 786 831 ad
815 778 1054 846 terram,
1088 791 1161 831 ne
1193 791 1259 831 se
1290 776 1523 848 erigere
1544 776 1754 846 possit.
1778 776 1917 831 Gra-

241 866 360 938 via,
394 865 499 935 fili,
531 864 739 936 gravia
760 864 937 919 nimis
960 865 1309 920 delictorum
1329 865 1615 936 pondera.
1649 865 1915 936 Denique

238 955 340 1011 illa
373 954 435 1009 in
464 953 795 1026 Evangelio
841 953 1073 1024 mulier,
1122 944 1255 1025 qua
1304 958 1545 1009 curvata
1575 957 1721 1024 erat,
1775 969 1916 1024 epe-

246 1044 398 1101 ciem
429 1043 810 1113 pratendens
842 1043 1053 1097 animae
1082 1042 1431 1115 laborantis,
1465 1060 1497 1098 a
1537 1042 1776 1099 Christo
1806 1059 1917 1115 po-

242 1134 355 1190 tuit
385 1131 517 1187 solo
547 1132 701 1204 erigi
733 1132 897 1202 (Luc.
930 1148 1055 1203 xm,
1091 1130 1201 1203 11).

313 1221 369 1277 8.
422 1220 578 1276 Huic
624 1235 775 1293 ergo
818 1220 1031 1275 animae
1077 1220 1291 1275 dicitur
1339 1235 1352 1277 :
1406 1243 1428 1268 α
1473 1220 1737 1275 Viriliter
1785 1234 1917 1293 age,

249 1310 450 1376 1064
477 1313 534 1365 et
565 1308 991 1381 appropinqua,
1024 1309 1145 1365 filia
1173 1307 1336 1381 Sion,
1368 1312 1433 1365 ut
1460 1310 1759 1380 parturias
1807 1309 1920 1380 (82)

246 1400 456 1472 (Mich.
489 1415 570 1470 vi,
605 1398 715 1469 10).
741 1418 764 1450 ι
800 1398 1052 1455 Dolores
1082 1399 1239 1454 enim
1266 1399 1650 1470 parturientis
1679 1398 1920 1454 tribula-

247 1489 470 1546 tionem
500 1491 839 1560 operantur,
877 1510 899 1536 α
936 1486 1234 1543 tribulatio
1263 1488 1621 1559 patientiam,
1644 1489 1922 1559 patientia

248 1577 679 1650 probationem,
712 1576 985 1648 probatio
1018 1590 1206 1647 spem,
1241 1591 1383 1647 spes
1415 1579 1611 1631 autem
1640 1592 1761 1632 non
1791 1592 1924 1632 con-

249 1666 444 1723 fundit
471 1666 533 1722 in
564 1667 851 1722 aternum
879 1664 1069 1737 (Rom.
1098 1681 1158 1733 v,
1190 1664 1245 1735 3,
1277 1664 1330 1734 4,
1363 1664 1440 1735 5).
1477 1683 1500 1716 ι
1554 1663 1739 1720 Simul
1778 1680 1923 1737 ege-

252 1756 404 1812 ritur
447 1759 624 1827 atque
668 1753 1001 1811 excluditur
1042 1769 1215 1809 omne
1265 1752 1425 1825 quod
1475 1752 1793 1809 adversum
1834 1756 1928 1809 est

251 1844 431 1901 bonis
459 1843 772 1915 moribus;
802 1858 877 1899 ne
907 1842 1232 1898 residentia
1275 1841 1410 1913 ejus
1456 1842 1785 1898 frutescant
1823 1858 1925 1899 se-

253 1933 432 2004 mina,
464 1935 639 2005 atque
668 1933 731 1987 in
761 1946 953 1988 novos
982 1931 1196 1986 iterum
1226 1930 1560 2004 germinent
1589 1934 1815 2001 partus.

328 2022 385 2079 Ἷ.
419 2021 547 2078 Nec
577 2021 769 2077 otiose
801 2017 916 2093 (83)
947 2020 1163 2075 dantur
1190 2021 1246 2075 ei
1277 2035 1499 2075 cornua
1546 2023 1603 2076 et
1642 2020 1925 2094 ungula;

254 2114 319 2168 ut
348 2114 615 2167 conterat
646 2125 854 2166 omnes
902 2108 1237 2180 manipulos
1285 2124 1462 2180 area,
1498 2108 1654 2164 sicut
1679 2110 1930 2165 vitulum

258 2200 471 2256 Libani
503 2199 715 2273 (Mich.
747 2213 827 2270 iv,
860 2197 971 2268 13).
1004 2197 1139 2253 Nisi
1180 2198 1336 2253 enim
1383 2199 1665 2269 manipuli
1697 2199 1933 2254 contriti

258 2288 504 2360 fuerint,
532 2288 719 2360 palea
745 2287 1064 2357 ventilata,
1096 2286 1327 2342 fructus
1356 2302 1644 2359 apparere
1682 2288 1933 2344 interio-

254 2393 359 2434 res
408 2382 466 2433 et
513 2376 744 2433 absolvi
793 2379 1114 2448 nequeunt.
1148 2374 1520 2432 Comminuat
1549 2377 1731 2451 igitur
1759 2382 1935 2450 atque

259 2466 517 2523 excutiat
546 2466 714 2537 prius
745 2466 938 2521 anima
965 2465 1289 2536 proficiens
1328 2465 1679 2536 passionum
1720 2482 1935 2538 super-

261 2555 437 2626 fluat;
468 2557 534 2611 ut
562 2554 794 2611 fructus
825 2569 972 2610 suos
1005 2554 1416 2610 demonstrare
1454 2556 1652 2626 possit
1699 2556 1759 2609 in
1804 2556 1937 2627 ipsa

261 2647 492 2717 segete.
524 2642 752 2709 Quanta
773 2643 1028 2699 adversa
1049 2647 1211 2715 sunt,
1235 2659 1368 2716 qua
1389 2647 1595 2715 partus
1618 2645 1941 2717 impediant

259 2733 455 2791 bonos
476 2732 499 2789 t
523 2733 667 2789 Haec
696 2733 866 2805 prius
895 2733 1279 2805 exstirpanda
1310 2735 1484 2806 sunt;
1516 2750 1591 2790 ne
1636 2733 1731 2789 his
1781 2733 1937 2790 fruc-

259 2821 437 2879 tifera
463 2821 909 2879 internecentur
936 2822 1150 2878 anima
1182 2824 1331 2878 sata.

332 2910 388 2966 8.
438 2911 605 2967 Tunc
652 2912 829 2967 etiam
874 2910 1023 2967 illud
1068 2910 1359 2982 prospicit
1406 2911 1698 2984 providus
1730 2911 1942 2967 anima

263 2999 594 3073 consultor,
622 3002 687 3056 ut
717 2998 1030 3056 concludat
1062 3015 1192 3055 eam
1238 3001 1300 3056 in
1348 3001 1753 3072 voluptatibus
1789 3001 1941 3070 suis,

267 3091 445 3162 atque
471 3088 826 3145 intercludat
856 3088 992 3161 ejus
1032 3088 1405 3162 cupiditates,
1453 3106 1527 3146 ne
1573 3092 1633 3146 in
1665 3090 1741 3145 iis
1789 3090 1945 3146 dele-

266 3181 479 3235 ctetur.
512 3178 704 3234 Utiles
736 3178 895 3234 enim
926 3181 1067 3234 sunt
1087 3179 1495 3250 correptiones
1524 3179 1810 3251 parentis,
1844 3179 1951 3252 qui

269 3283 387 3324 non
417 3268 605 3339 parcit
634 3267 845 3341 virgae,
879 3269 943 3323 ut
976 3240 1347 3324 obedientem
1375 3240 1692 3340 praeceptis
1724 3240 1948 3324 saiuta-
1979 3240 2031 3302 Ο

270 3356 442 3413 ribus
488 3358 734 3428 prastat
780 3356 1032 3412 animam
1075 3357 1182 3412 filii
1229 3358 1326 3413 sui
1374 3358 1592 3431 (Prov.
1642 3375 1768 3429 xm,
1815 3357 1945 3428 24).

270 3446 454 3520 Virga
488 3446 644 3502 enim
688 3445 908 3518 visitat,
962 3446 1119 3502 sicut
1164 3447 1423 3521 legimus
1456 3464 1469 3503 :
1526 3470 1549 3496 α
1582 3447 1850 3503 Visitabo
1890 3447 1950 3502 in

270 3535 445 3607 virga
472 3535 816 3608 iniquitates
846 3551 1052 3591 eorum
1082 3534 1278 3608 (Psal.
1310 3553 1599 3608 Lxxxvm,
1630 3536 1743 3609 33).
1786 3558 1807 3586 ιι
1841 3537 1951 3591 Ita-

271 3638 390 3698 que
433 3624 536 3697 qui
585 3625 758 3698 virga
803 3625 1102 3680 maxillam
1147 3627 1401 3696 percutit
1447 3626 1790 3682 Israeliticae
1830 3627 1953 3681 ani-

272 3729 410 3786 ma,
460 3712 654 3770 erudit
701 3729 831 3770 eam
879 3714 956 3770 ad
999 3713 1375 3785 disciplinam
1419 3716 1717 3786 patientia
1758 3715 1956 3771 Domi-

275 3802 412 3859 nica
460 3804 858 3875 correptione.
916 3804 1105 3861 Nemo
1161 3804 1331 3859 enim‘
1377 3796 1699 3877 desperare
1758 3804 1953 3874 debet,

277 3891 619 3966 quicunque
650 3892 969 3965 corripitur
995 3897 1173 3966 atque
1199 3893 1506 3967 arguitur;
1548 3893 1651 3966 qui
1678 3894 1834 3949 enim
1864 3893 1960 3948 di-

276 3981 410 4055 ligit
439 3981 646 4054 tilium,
680 3982 925 4054 corripit
953 3982 1170 4056 (Eccli.
1203 4000 1348 4055 xxx,
1383 3983 1437 4054 1)
1467 3983 1656 4040 Nemo
1684 3983 1755 4039 de
1776 3996 1960 4038 reme-

283 4069 384 4127 dio
413 4070 662 4127 diffidat.

349 4158 406 4216 9.
439 4159 596 4216 Ecce
643 4160 753 4217 tibi
799 4161 904 4217 ubi
949 4161 1162 4218 domus
1213 4161 1483 4218 furorem
1522 4161 1779 4218 videntis
1812 4162 1957 4232 erat,

286 4248 371 4305 ibi
420 4249 634 4306 domus
676 4250 850 4321 panis
897 4253 1034 4323 est;
1078 4250 1181 4307 ubi
1229 4251 1573 4323 crudelitas,
1607 4250 1689 4307 ibi
1719 4252 1909 4321 pietas
1944 4265 1956 4305 :

283 4337 389 4395 ubi
416 4354 592 4411 pana
613 4339 1038 4413 innocentium,
1070 4340 1152 4396 ibi
1172 4340 1593 4397 universorum
1613 4340 1959 4411 redemptio,

285 4428 443 4485 sicut
490 4430 782 4502 scriptum
828 4431 923 4485 est
967 4445 982 4487 :
1036 4440 1060 4478 II
1115 4429 1187 4486 Et
1228 4434 1321 4501 tu,
1372 4430 1696 4502 Bethleem,
1749 4429 1962 4485 domus

284 4516 579 4619 Ephrata,
628 4534 749 4575 non
796 4533 865 4619 es
913 4518 1154 4619 minima
1202 4519 1357 4575 inter
1402 4520 1707 4591 principes
1764 4518 2047 4619 Juda;D

286 4622 363 4669 ex
409 4623 443 4663 ο
474 4608 632 4663 enim
659 4608 841 4664 exibit
869 4607 1163 4679 Princeps
1194 4609 1254 4663 in
1284 4609 1475 4664 Israel
1496 4609 1706 4680 (Mich.
1736 4625 1796 4677 v,
1830 4606 1906 4680 2).
1936 4627 1959 4658 ι

287 4696 594 4754 Bethleem
623 4697 837 4753 domus
864 4698 1039 4768 panis
1085 4701 1207 4768 est,
1261 4697 1521 4768 Ephrata
1563 4699 1774 4753 domus
1805 4697 1965 4753 furo-

288 4801 419 4842 rem
448 4786 728 4843 videntis.
764 4786 892 4842 Hoc
923 4786 1101 4843 habet
1148 4786 1553 4858 interpretatio
1584 4787 1832 4841 istorum
1863 4802 1966 4841 no-

290 4875 537 4932 minum.
569 4876 636 4931 In
665 4876 969 4933 Bethleem
997 4880 1172 4933 natus
1221 4880 1315 4931 est
1357 4876 1430 4931 de
1478 4876 1663 4930 Maria
1695 4875 1971 4931 Christus

330 5019 479 5147 .5828)
529 5019 702 5076 Rom.
749 5019 913 5092 edit.,
969 5040 992 5070 α
1029 5021 1087 5075 et
1130 5018 1285 5089 dole,
1335 5018 1455 5074 filia
1485 5016 1649 5091 Sion,
1684 5022 1747 5074 ut
1773 5020 1972 5090 partu-

330 5108 350 5146 ι
387 5107 427 5146 ιι
470 5132 485 5146 .
525 5112 548 5140 ι

295 5107 485 5148 nens.
525 5112 548 5140 ι

369 5162 485 5233 (83)
534 5161 678 5217 Ead.
726 5161 865 5218 edit.
927 5184 950 5211 α
979 5159 1215 5217 Cornua
1260 5164 1360 5218 tua
1405 5177 1621 5233 ponam
1665 5161 1882 5233 ferrea,
1916 5162 1974 5217 et

294 5234 719 5315 ungulas‘tuas
749 5249 964 5315 ponam
996 5234 1625 5315 aeneasnln‘lon‘otiose,
1658 5239 1770 5315 etc.
1810 5254 1833 5282 ι

369 5305 486 5376 (84)
514 5305 1136 5377 Absolutapracipua
1159 5305 1526 5374 difficultate,
1551 5305 1828 5377 nimirum
1857 5320 1973 5377 qua

296 5377 527 5432 ratione
558 5376 771 5430 domus
802 5376 1027 5431 furoris
1056 5377 1259 5431 vocari
1290 5378 1482 5446 possit
1504 5376 1647 5430 illud
1671 5376 1970 5446 oppidum,

295 5449 359 5503 in
392 5463 510 5530 quo
537 5446 817 5502 Christus
846 5448 1015 5503 nasci
1037 5447 1241 5529 voluit,
1263 5448 1622 5502 Ambrosius
1654 5447 1975 5529 advariam

295 5519 614 5590 lectionem
659 5534 781 5590 qua
828 5523 1172 5589 prepomtus
1220 5521 1417 5590 textus
1459 5518 1614 5590 apud
1666 5518 1975 5573 Michaam

300 5595 478 5661 atque
510 5589 851 5644 Matthaum
881 5590 1000 5645 sibi
1050 5589 1389 5644 contrarius
1439 5589 1694 5660 videtur,
1740 5590 1971 5644 transit.

300 5661 530 5718 Verum
571 5661 883 5732 utriusque
932 5662 1253 5716 verborum
1299 5675 1547 5714 sensum
1576 5661 1828 5732 pulchre
1858 5662 1976 5716 sibi

303 5731 897 5815 congrueremedum
918 5732 1394 5815 sibi‘repugnare
1416 5732 1519 5815 ubi
1539 5731 1883 5803 declaravit,
1904 5732 1977 5788 de

303 5804 596 5884 apicibus,
631 5804 695 5859 in
721 5804 942 5877 quibus
972 5804 1122 5861 solis
1153 5804 1605 5879 repugnantiam
1653 5819 1793 5861 esse
1844 5820 1978 5863 con-

569 5901 832 5968 PATROL.
872 5902 1028 5966 XVI.

2029 691 2107 741 ta.
2141 687 2205 740 In
2235 687 2408 741 domo
2441 686 2623 758 igitur
2653 686 2875 741 furoris
2909 689 3229 759 generatus
3261 690 3351 740 est
3373 685 3651 741 Christus
3678 701 3693 757 ;

2033 780 2088 831 et
2116 776 2249 831 ideo
2274 775 2401 847 jam
2430 792 2546 830 non
2577 776 2787 832 domus
2820 776 3064 843 furoris,
3115 774 3223 829 sed
3261 774 3471 829 domus
3503 774 3693 845 panis,

2034 865 2170 937 quia
2212 881 2422 936 panem
2471 865 2684 935 recipit
2732 880 2867 920 eum
2916 865 3017 936 qui
3061 864 3367 918 descendit
3414 864 3485 917 de
3547 864 3697 918 coelo

2034 955 2223 1017 (Joan.
2256 972 2336 1024 VI,
2369 954 2480 1025 50).
2516 955 2741 1010 Domus
2774 958 2966 1009 autem
3012 954 3273 1008 furorem
3321 952 3577 1007 videntis
3609 955 3701 1008 est

2034 1042 2292 1114 Ephrata
2317 1062 2331 1110 ;
2365 1045 2503 1116 quia
2534 1044 2653 1098 illic
2684 1044 2957 1099 Herodes
2989 1043 3127 1096 dum
3156 1040 3459 1096 Christum
3498 1042 3702 1112 requi-

2034 1132 2132 1203 rit,
2166 1132 2375 1202 perimi
2408 1133 2611 1188 statuit
2639 1132 2960 1187 infantulos
2988 1150 3001 1197 ;
3045 1131 3201 1186 unde
3238 1153 3259 1181 α
3288 1131 3417 1185 Vox
3438 1132 3501 1186 in
3519 1131 3705 1186 Rama

2033 1220 2231 1276 audita
2275 1225 2413 1277 est:
2470 1222 2695 1278 Rachel
2740 1221 3031 1295 plorantis
3081 1220 3235 1275 filios
3284 1236 3430 1275 suos
3460 1220 3703 1291 (Matth.

2032 1326 2094 1378 ιι,
2129 1308 2240 1381 18).
2279 1334 2301 1360 ››
3494 1354 3497 1355 ν

2106 1397 2194 1453 10.
2228 1398 2346 1454 Sed
2369 1398 2495 1471 jam
2527 1416 2699 1456 nemo
2720 1400 2919 1456 timeat
2944 1418 2958 1467 ;
2992 1400 3129 1473 quia
3152 1399 3391 1471 requies
3413 1398 3512 1453 illa
3532 1413 3707 1470 quam

2036 1487 2339 1559 quarebat
2368 1489 2574 1558 David,
2608 1490 2804 1545 audita
2834 1494 2926 1546 est
2954 1490 3014 1544 in
3045 1488 3323 1559 Ephrata,
3356 1488 3593 1543 inventa
3614 1490 3708 1543 est

2036 1576 2098 1631 in
2129 1578 2354 1648 campis
2387 1578 2556 1634 silva
2585 1578 2777 1650 (PsaI.
2803 1595 3003 1650 cxxxr,
3026 1577 3101 1648 6).
3135 1579 3299 1634 Tunc
3328 1578 3521 1633 adhuc
3553 1577 3706 1632 silva

2040 1667 2167 1720 erat
2219 1666 2523 1721 nationum
2578 1670 3007 1740 congregatio;
3058 1668 3166 1722 sed
3211 1671 3599 1738 posteaquam
3646 1664 3709 1720 in

2040 1752 2343 1809 Christum
2373 1756 2641 1825 credidit,
2676 1756 2983 1811 fructuosa
3014 1756 3166 1810 facta
3205 1760 3317 1825 est,
3364 1756 3502 1827 quia
3528 1756 3706 1809 bene-

2044 1842 2183 1899 dicti
2213 1844 2440 1899 ventris
2474 1845 2733 1899 fructum
2761 1844 2984 1913 recepit
3027 1843 3188 1915 (Luc.
3241 1860 3279 1913 ι,
3331 1843 3444 1913 42).
3479 1844 3711 1898 Mortua

1956 1911 2010 1975 Β
2045 1935 2157 2004 est,
2190 1949 2336 2007 ergo
2370 1932 2593 1989 Rachel
2626 1911 2961 2005 parturiens
2993 1911 3169 2004 (Gen.
3193 1911 3375 2002 xxxv,
3403 1911 3501 2003 ⁷19)
3526 1950 3540 1998 ;
3574 1933 3714 2003 quia

2039 2021 2166 2095 jam
2197 2026 2335 2077 tunc
2364 2023 2536 2094 quasi
2566 2022 2919 2095 patriarchae
2949 2038 3106 2079 uxor
3141 2022 3405 2077 furorem
3455 2021 3713 2077 Herodis

2044 2112 2301 2180 videbat,
2335 2112 2437 2183 qui
2466 2126 2575 2166 nec
2606 2112 2956 2167 minuscula
2999 2112 3154 2167 atati
3196 2111 3477 2181 pepercit.
3528 2109 3715 2165 Simul

2046 2202 2183 2273 quia
2213 2201 2274 2255 iu
2305 2200 2562 2269 Ephrata
2591 2201 2818 2271 peperit
2848 2198 3155 2272 Beniamin
3191 2200 3390 2269 specie
3440 2197 3716 2270 superio-

2044 2305 2171 2344 rem
2207 2290 2400 2353 1065
2430 2289 2715 2360 mysterio
2743 2288 3160 2361 posteriorem,
3190 2289 3438 2343 Paulum
3466 2288 3715 2356 scilicet,

2049 2378 2151 2451 qui
2181 2382 2496 2450 antequam
2542 2379 2953 2450 generaretur,
3000 2393 3119 2432 non
3166 2377 3442 2431 minimos
3480 2376 3718 2431 dolores

2048 2467 2223 2522 matri
2253 2467 2549 2537 prastitit,
2585 2466 2762 2539 cujus
2795 2466 2950 2521 ﬁlios
2980 2466 3467 2538 persequebatur.
3501 2464 3573 2519 Et
3602 2464 3721 2519 illic

2050 2558 2285 2611 mortua
2313 2558 2371 2611 et
2397 2557 2627 2627 sepulta
2658 2558 2787 2622 est;
2837 2557 2901 2610 ut
2947 2571 3059 2611 nos
3109 2555 3460 2610 commortui
3489 2556 3548 2610 et
3576 2569 3719 2609 con-

2054 2645 2270 2716 sepulti
2299 2661 2434 2700 cum
2463 2643 2725 2716 Christo,
2759 2645 2819 2699 in
2839 2644 3110 2700 Ecclesia
3132 2660 3547 2718 resurgamus.
3581 2643 3723 2697 Inde

2054 2735 2210 2790 enim
2238 2734 2351 2789 alia
2381 2733 2881 2805 interpretatione,
2905 2733 3000 2789 vel
3024 2734 3358 2805 fecundata,
3381 2733 3477 2789 vel
3501 2733 3727 2804 repleta

2055 2823 2369 2893 fructibus,
2404 2823 2665 2894 Ephrata
2695 2824 3091 2897 significatur.

2128 2910 2216 2968 11.
2252 2912 2362 2967 Hic
2390 2915 2604 2983 tamen,
2658 2912 2716 2967 id
2764 2915 2857 2969 est
2904 2912 2961 2967 in
3009 2912 3166 2969 libro
3213 2913 3560 2985 prophetico
3590 2910 3725 2983 (84),

2059 3002 2393 3057 invenimus
2424 3006 2683 3083 ὀλιγοστὸς
2711 3004 2776 3076 αἶ,
2810 3002 2869 3057 id
2892 3004 3003 3074 est,
3028 3003 3089 3057 in
3109 3004 3399 3073 paucibus
3420 3019 3487 3059 es
3517 3001 3726 3074 (Mich.

2060 3108 2117 3161 v,
2151 3092 2227 3161 2).
2259 3091 2324 3145 In
2355 3091 2631 3148 Matthao
2680 3097 2875 3148 autem
2907 3109 2921 3148 :
2977 3114 3000 3144 ι
3036 3093 3107 3147 Et
3155 3097 3237 3162 tu,
3276 3093 3601 3161 Bethleem,
3634 3091 3733 3147 do-

2061 3196 2195 3237 mus
2225 3180 2397 3251 Juda,
2431 3196 2548 3237 non
2578 3198 2645 3237 es
2677 3181 2737 3236 in
2762 3182 3146 3253 paucioribus
3175 3182 3413 3252 (Matth.
3446 3198 3505 3250 ιι,
3537 3182 3613 3252 6).
3646 3180 3733 3236 Ibi

2063 3272 2275 3327 domus
2306 3271 2459 3326 Juda
2487 3271 2620 3342 (85),
2655 3271 2750 3326 hic
2782 3272 2994 3327 domus
3025 3271 3282 3342 Ephrata
3316 3287 3329 3325 ε
3362 3271 3422 3324 in
3452 3285 3568 3342 quo
3599 3285 3734 3324 ver-

2061 3359 2276 3415 borum
2306 3359 2724 3430 discrepantia,
2756 3375 2875 3416 non
2907 3376 3195 3415 sensuum
3226 3363 3337 3415 est.
3372 3359 3521 3413 Nam
3552 3360 3609 3413 et
3640 3356 3739 3411 Ju-

2064 3449 2193 3505 daa
2224 3448 2471 3504 interior
2499 3449 2644 3504 vidit
2673 3450 2957 3519 furorem,
2991 3454 3048 3505 et
3077 3450 3338 3505 exterior
3374 3447 3633 3518 pertulit.
3668 3443 3741 3500 Et

2066 3539 2125 3594 in
2157 3538 2541 3609 paucioribus
2572 3542 2664 3593 est
2688 3556 2701 3605 ;
2755 3538 2890 3610 quia
2920 3540 3091 3609 pauci
3123 3541 3262 3594 sunt
3298 3537 3400 3609 qui
3430 3537 3650 3619 intrant
3675 3534 3737 3589 in

2067 3627 2305 3682 domum
2334 3627 2506 3697 panis
2536 3643 2643 3697 per
2671 3630 2986 3700 angustam
3030 3628 3207 3683 viam.
3260 3626 3331 3681 Et
3382 3641 3499 3680 non
3540 3627 3632 3679 ost
3679 3623 3739 3677 in

2068 3716 2478 3788 paucioribus,
2510 3716 2569 3771 id
2600 3720 2693 3772 est
2723 3717 2796 3771 de
2826 3717 3294 3787 proficientibus,
3344 3731 3479 3786 quae
3525 3712 3740 3769 Chris-

2069 3807 2193 3860 tum
2224 3822 2342 3861 non
2372 3805 2633 3878 agnovit.
2668 3804 2793 3860 Nec
2823 3806 3063 3860 minima
3095 3809 3205 3872 est,
3241 3821 3375 3877 qua
3406 3808 3499 3859 est
3528 3804 3742 3858 domus

2069 3894 2520 3964 benedictionis,
2555 3897 2613 3950 et
2642 3894 2859 3949 divinae
2909 3896 3119 3967 gratia
3168 3893 3607 3964 receptaculum
3642 3909 3653 3946 :
3687 3894 3745 3946 et

2070 3983 2130 4039 in
2161 3999 2231 4040 eo
2260 3983 2519 4052 minima,
2557 3983 2652 4038 cui
2700 3984 2753 4038 is
2804 3984 2905 4055 qui
2957 3983 3177 4055 aliquid
3216 3983 3447 4039 confert
3480 3981 3742 4052 Christo,

2072 4072 2306 4128 videtur
2336 4072 2592 4128 deferre.
2626 4071 2699 4127 Et
2738 4072 2837 4144 qui
2888 4074 3106 4144 appetit
3147 4071 3498 4141 Eeclesiam,
3532 4071 3746 4126 Chris-
3794 4128 3803 4140 ,

2073 4165 2195 4219 tum
2227 4163 2481 4233 appetit;
2514 4162 2575 4217 in
2605 4163 2821 4234 quovis
2872 4163 3111 4217 minimo
3152 4163 3308 4217 enim
3337 4161 3613 4216 Christus
3648 4162 3745 4215 aut

2073 4252 2326 4323 laditur,
2382 4255 2480 4306 aut
2532 4251 2879 4321 honoratur,
2930 4252 3258 4307 secundum
3298 4250 3456 4323 quod
3484 4250 3614 4319 ipse
3644 4248 3743 4301 ait.

2081 4364 2102 4389 ι-
2139 4340 2305 4407 Quod
2352 4340 2508 4397 enim
2536 4341 2637 4395 uni
2667 4341 2881 4396 horum
2911 4341 3289 4396 minimorum
3320 4338 3570 4407 fecistis,
3603 4335 3749 4389 mihi

2077 4430 2307 4486 fecistis
2337 4430 2575 4499 (Matth.
2609 4446 2750 4499 xxv,
2787 4430 2895 4499 40).
3528 4462 3537 4467 ι

2150 4519 2238 4575 l2.
2270 4520 2464 4590 Ipsam
2495 4523 2688 4574 autem
2717 4518 3020 4572 Bethleem
3049 4532 3189 4573 esse
3223 4532 3356 4588 quae
3388 4518 3480 4571 est
3513 4512 3746 4585 Ephra-

2081 4613 2156 4678 ta,
2192 4608 2361 4664 docet
2391 4607 2564 4663 lectio
2595 4607 2870 4677 Genesis,
2904 4606 3008 4661 ubi
3038 4606 3116 4661 ait
3159 4623 3170 4661 :
3212 4628 3233 4652 «
3270 4605 3497 4660 Mortua
3527 4607 3618 4658 est
3649 4619 3748 4658 au-

2080 4702 2197 4754 tem
2230 4698 2475 4766 Rachel,
2508 4700 2566 4752 et
2596 4697 2826 4767 sepulta
2857 4699 2949 4751 est
2979 4696 3037 4749 in
3069 4695 3165 4749 via
3189 4694 3463 4763 Ephrata,
3498 4694 3628 4763 ipsa
3660 4695 3754 4748 est

2081 4786 2387 4843 Bethleem
2436 4785 2611 4857 (Gen.
2664 4802 2840 4854 xxxv,
2893 4782 3002 4854 19).
3033 4806 3054 4833 ι»
3102 4784 3164 4838 In
3194 4783 3290 4837 via
3320 4783 3628 4853 sepultura
3657 4784 3753 4837 est

2085 4881 2307 4932 sancta
2359 4874 2584 4930 Rachel
2622 4874 2757 4946 (86),
2808 4890 2941 4947 qua
2991 4876 3166 4945 typus
3206 4872 3314 4927 fuit
3345 4871 3655 4940 Ecclesia,
3690 4875 3755 4926 ut

2083 5018 2287 5087 tendit,
2323 5016 2710 5073 conciliandis
2754 5016 2992 5071 minime
3039 5015 3269 5071 laborat
3303 5032 3315 5069 :
3351 5015 3754 5087 Hieronymus

2084 5106 2230 5145 vero
2276 5086 2337 5143 in
2385 5089 2657 5144 eumdem
2706 5088 2972 5143 Michaa
3020 5087 3238 5156 locum,
3291 5088 3428 5157 ejus
3470 5092 3646 5156 prout
3695 5086 3756 5140 in

2085 5162 2244 5217 LXX
2287 5165 2461 5231 atque
2512 5160 2571 5213 in
2619 5160 2876 5214 Hebrao
2923 5160 3161 5231 legitur,
3215 5175 3349 5214 cum
3385 5158 3754 5231 ipsius_cita-

2084 5235 2263 5302 tione,
2297 5229 2449 5302 apud
2479 5231 2818 5285 Matthaum
2867 5229 3342 5285 contrarietatem
3380 5229 3754 5302 animadver-

2085 5306 2189 5370 tit;
2244 5299 2535 5358 sio—tanta
2582 5303 2947 5357 diversitatis
2984 5318 3200 5356 causas
3248 5300 3508 5370 inquirit.
3558 5299 3757 5370 Ipsum

2088 5368 2333 5431 consule
2373 5390 2499 5449 non
2546 5374 2741 5449 solum
2790 5374 2847 5428 in
2893 5368 3595 5449 eumdem_prophctam,
3645 5368 3759 5449 sed

2088 5448 2261 5503 etiam
2292 5447 2465 5516 epist.
2498 5445 2574 5501 ad
2602 5446 2942 5500 Pammavh.
2974 5444 3047 5499 de
3078 5443 3295 5514 optimo
3329 5456 3549 5513 genere
3579 5443 3757 5494 inter-

2088 5515 2380 5589 pretand’i,
2416 5515 2686 5589 aliosque
2718 5518 3098 5586 interpretes.

2161 5589 2277 5660 (85)
2338 5581 2503 5660 Edit.
2539 5581 2610 5643 et'
2639 5581 2893 5660 quidam'
2924 5603 3073 5641 mss.
3102 5627 3117 5656 ,
3172 5608 3193 5632 α
3227 5585 3436 5639 domus
3484 5581 3695 5652 Juda;
3732 5604 3755 5631 ι

2090 5659 2377 5729 nonnulli,
2417 5680 2440 5711 ι
2477 5659 2689 5715 domus
2721 5660 2967 5714 Judaa.
3007 5681 3028 5705 »

2163 5731 2276 5803 (86)
2309 5724 2391 5787 Ita
2419 5748 2570 5803 mss,
2605 5731 2807 5803 plures
2836 5730 3215 5799 potioresque
3220 5742 3257 5803 _;
3289 5725 3389 5803 alii
3420 5724 3687 5803 nonnulli
3706 5728 3764 5783 et

2093 5798 2301 5863 omnes
2334 5803 2496 5881 edit.,
2536 5798 2565 5853 α’
2595 5798 2952 5880 sepulta’est
2982 5802 3186 5857 sancta
3220 5798 3468 5858 Rachel.
3504 5822 3527 5851 ιι

3319 5894 3411 5967 41.
