4098 6178
403 342 552 410 1291

1834 343 1900 408 S.
1949 338 2392 409 AMBROSII.

3689 335 3838 407 1292

397 546 778 599 transeuntes
828 543 1027 598 dicant
1079 561 1091 598 ε
1153 567 1176 591 ιι
1216 545 1557 600 Benedictio
1609 545 1842 600 Domini
1893 563 2074 616 super
2104 539 2274 602 Adat
2318 546 2670 600 tentationcs
2715 561 2786 600 ea
2823 542 3152 613 voluntate,
3201 544 3265 597 ut
3307 543 3600 598 neminem
3653 541 3843 610 decipi

398 650 508 688 vos
541 632 727 702 (Psal.
763 649 1002 701 cxxvm,
1037 634 1130 702 8);
1169 657 1190 681 ιι
1246 638 1303 688 et
1345 651 1356 688 :
1412 657 1434 680 ιι
1472 635 1793 690 Venientes
1837 637 2074 690 venient

397 722 457 776 in
489 723 883 778 exsultatione
915 723 1108 793 (Psal.
1143 740 1316 795 cxxv,
1351 724 1426 795 6).
1467 747 1488 771 ιι

469 811 559 866 13.
593 809 800 866 Omnis
833 813 1030 883 itaque
1063 812 1274 883 anima,
1309 805 1440 882 quae
1489 813 1697 882 recipit
1743 829 1952 882 panem
1997 813 2072 866 il-

395 900 519 955 lum
550 901 1011 955 descendentem
1044 901 1115 955 de
1146 902 1317 971 coelo,
1353 903 1564 956 domus
1595 903 1766 972 panis
1798 905 1908 969 cst,
1961 902 2072 954 hoc

399 993 510 1060 est,
543 991 715 1060 panis
749 989 993 1060 Christi,
1029 1007 1162 1062 quae
1195 991 1512 1044 habitantis
1546 993 1603 1044 in
1643 1008 1708 1045 se
1753 991 1923 1060 panis
1956 1007 2071 1044 coe-

391 1080 564 1150 lestia
585 1081 952 1133 ﬁrmamento
983 1079 1174 1148 alitur,
1201 1083 1256 1133 et
1279 1080 1457 1134 corde
1482 1081 1877 1134 conﬁrmatur.
1905 1079 2074 1134 Unde

393 1172 451 1224 et
501 1169 724 1222 lv’aulus
774 1169 853 1222 ait
903 1185 914 1222 :
972 1191 994 1215 ιι
1031 1163 1250 1222 Omnes
1290 1169 1444 1222 enim
1474 1185 1628 1223 unus
1659 1170 1828 1238 panis
1861 1184 2071 1221 sumus

394 1256 454 1327 (Ι
482 1256 618 1310 Cor.
655 1275 710 1327 x,
745 1257 855 1326 1'7).
897 1279 916 1305 ιι
953 1256 1156 1311 Omnis
1187 1257 1379 1312 anima
1411 1259 1602 1312 ﬁdelis
1627 1258 1926 1312 Bethleem
1957 1261 2069 1326 est,

397 1345 552 1400 sicut
581 1346 914 1400 Jerusalem
947 1345 1178 1416 dicitur,
1215 1361 1347 1417 quae
1387 1363 1591 1416 pacem
1642 1351 1698 1401 et
1749 1345 2071 1416 tranquilli-

394 1437 573 1488 tatem
606 1433 782 1489 habet
813 1435 1143 1504 superioris
1166 1435 1521 1506 Jerusalem,
1548 1451 1680 1506 quaa
1703 1435 1760 1488 in
1783 1435 1932 1488 coelo
1957 1438 2066 1488 est.

391 1522 586 1578 Verus
617 1523 788 1593 panis
822 1525 934 1591 est,
970 1524 1070 1594 qui
1103 1523 1330 1579 fractus
1361 1528 1416 1579 et
1457 1525 1856 1580 comminatus
1890 1523 2072 1578 satia-

390 1611 479 1666 vit
508 1612 828 1666 universos
857 1610 990 1682 (8'7).

462 1699 550 1756 14.
585 1700 795 1766 Quinta
845 1705 1040 1755 autem
1087 1701 1322 1756 traditio
1367 1701 1566 1772 habet,
1619 1702 1844 1756 Domus
1874 1700 2067 1771 panis.

394 1812 416 1837 ιι
453 1789 624 1844 Beth.
661 1813 683 1838 ιι
720 1791 877 1844 enim
909 1790 1122 1844 domus
1155 1795 1267 1859 est,
1307 1812 1328 1837 ιι
1365 1790 1517 1844 leem
1555 1815 1576 1838 ιι
1630 1791 1801 1860 panis
1833 1791 2066 1844 dicitur.

391 1877 477 1932 De
507 1877 756 1934 aliorum
787 1877 1204 1932 traditionibus
1233 1884 1478 1950 prepter
1509 1879 1814 1950 perﬁdiam
1859 1878 2070 1932 Judai-
2107 1913 2154 1979 Β

391 1982 541 2035 cam,
575 1983 648 2021 ne
678 1967 794 2037 ipsi
827 1983 892 2021 se
918 1967 1364 2039 redarguerent,
1400 1969 1493 2022 vel
1526 1969 1598 2023 ab
1629 1969 1780 2038 ipsis
1809 1966 2072 2038 praeteri-

391 2059 514 2112 tum
545 2059 843 2126 putamus,
877 2055 971 2110 vel
1007 2056 1304 2110 sublatum
1335 2057 1406 2110 ab
1437 2056 1590 2111 aliis.

463 2142 550 2198 15.
605 2144 687 2198 De
737 2143 890 2198 Juda
937 2159 1174 2216 quoque
1211 2145 1365 2198 tribu
1397 2161 1535 2199 esse
1567 2145 1868 2200 Bethleem
1899 2145 2068 2199 docet

389 2232 565 2288 lectio
596 2233 657 2287 in
686 2233 963 2288 Judicum
993 2233 1168 2303 libro,
1202 2233 1337 2304 quia
1366 2233 1462 2286 vir
1491 2233 1586 2288 ille
1618 2234 1823 2288 Levita
1845 2235 2070 2304 accepit

389 2323 508 2378 sibi
537 2323 928 2376 concubinam
975 2323 1046 2376 de
1084 2323 1390 2377 Bethleem
1421 2322 1590 2392 Juda,
1626 2325 1682 2377 et
1711 2323 1862 2377 irata
1891 2326 1983 2377 est
2017 2323 2070 2377 ei

390 2411 720 2466 concubina
753 2411 908 2482 ejus,
945 2415 1000 2465 et
1033 2411 1208 2466 rediit
1258 2411 1317 2464 in
1365 2411 1603 2466 domum
1649 2413 1836 2482 patris
1885 2412 1980 2466 sui
2010 2412 2072 2466 in

388 2499 698 2556 Bethleem
725 2500 876 2555 Juda
911 2499 1128 2570 (Judic.
1163 2517 1283 2570 xxx,
1319 2501 1353 2555 2
1383 2502 1554 2573 seq.).

465 2587 552 2644 16.
605 2589 911 2660 Egreseus
961 2587 1156 2660 itaque
1203 2587 1481 2644 Christus
1533 2606 1565 2644 a
1613 2589 1825 2645 diebus
1861 2591 2068 2644 saeculi

391 2677 506 2750 (88)
531 2693 546 2746 ;
577 2681 714 2732 tunc
747 2677 900 2730 enim
930 2677 1104 2731 nobis
1125 2677 1327 2747 incipit
1349 2679 1657 2748 saeculum,
1683 2680 1916 2749 quando
1941 2680 2069 2734 dies

394 2767 626 2835 salutis,
663 2769 720 2820 et
749 2781 1042 2838 egressus
1075 2765 1147 2819 ad
1179 2767 1530 2820 currendum
1573 2767 1728 2822 viam
1770 2769 1928 2822 dedit
1977 2769 2069 2821 Is-

392 2855 517 2910 rael
549 2853 736 2924 (Psal.
770 2871 933 2924 xvm,
965 2853 1040 2924 6),
1082 2855 1275 2918 1066
1323 2877 1344 2902 ιι
1383 2872 1574 2926 usque
1605 2857 1676 2910 ad
1711 2861 1942 2927 tempus
1972 2873 2070 2927 pa-

391 2943 602 2998 rientis
634 2942 840 3017 (Micl).
874 2957 932 3012 v,
965 2942 1041 3011 3).
1081 2967 1103 2991 »
1141 2942 1248 2998 Cui
1277 2944 1516 2998 advenit
1543 2944 1840 3014 Christus,
1889 2946 2070 3000 adve-

395 3033 480 3087 nit
509 3031 862 3099 fecunditas,
898 3033 1133 3087 advenit
1162 3037 1404 3103 partus;
1439 3033 1595 3089 sicut
1617 3035 1852 3089 advenit
1877 3035 2076 3089 Eccle-

397 3121 526 3190 siae,
561 3137 694 3192 quae
725 3121 950 3190 peperit
980 3121 1204 3192 plures,
1239 3139 1414 3193 quam
1437 3139 1570 3193 quae
1591 3123 2068 3192 ﬁlios-habebat:

397 3213 455 3286 et
501 3209 730 3280 peperit
783 3213 1032 3280 septem,
1086 3211 1143 3266 id
1191 3215 1282 3265 est
1329 3211 1650 3283 legitimos,
1699 3213 2072 3284 tranquillos,

395 3282 702 3372 paciﬁcos.
765 3299 971 3369 Incipit
1027 3315 1174 3372 ergo
1227 3302 1540 3370 concipere
1591 3302 1800 3370 anima,
1851 3305 1906 3356 et
1955 3302 2074 3356 for—
2105 3277 2158 3342 Ο

399 3389 547 3444 mari
577 3388 635 3442 in
667 3403 734 3443 ea
765 3387 1062 3458 Christus,
1097 3405 1229 3460 qua:
1261 3391 1554 3460 receperit
1574 3391 1884 3444 adventum
1917 3390 2072 3461 ejus,

402 3483 459 3534 et
488 3477 757 3549 pascitur
787 3478 846 3532 in
877 3478 1102 3532 divitiis
1137 3477 1292 3550 ejus,
1325 3483 1386 3532 ut
1415 3479 1561 3532 nihil
1592 3479 1647 3534 ei
1685 3479 1857 3548 desit,
1892 3483 1955 3534 ut
1982 3480 2076 3534 vi-

403 3567 613 3622 dentes
647 3567 823 3622 etiam
855 3583 984 3622 eam
1015 3566 1146 3622 aliae
1176 3568 1387 3623 animae
1419 3571 1790 3626 revertantur
1818 3569 1891 3623 ad
1919 3569 2076 3622 viam

402 3657 633 3712 salutis.

475 3746 563 3801 17.
600 3769 622 3794 ιι
657 3746 728 3801 Et
759 3747 868 3802 erit
899 3746 952 3800 ei
985 3763 1100 3817 pax
1128 3746 1337 3819 (Micli.
1363 3763 1420 3818 v,
1445 3747 1521 3818 5),
1551 3771 1574 3796 ιι
1611 3746 1718 3801 sed
1742 3763 1858 3802 non
1882 3750 2078 3817 potest

403 3835 647 3905 probari
691 3835 806 3890 nisi
854 3836 1297 3890 tentationibus.
1351 3836 1515 3891 Tune
1566 3837 1720 3891 enim
1771 3853 1884 3907 pax
1941 3835 2076 3907 ejus

407 3924 796 3978 aestimabitur
825 3928 881 3980 et
913 3925 1326 3996 tranquillitas,
1363 3941 1496 3980 cum
1531 3927 1852 3981 excluserit
1894 3941 2076 3980 vanas

407 4012 820 4084 cogitationes,
853 4014 948 4067 vel
979 4015 1428 4083 compresserit,
1461 4031 1594 4068 cum
1642 4019 1838 4069 motus
1871 4030 2076 4069 omnes

406 4100 736 4156 edomuerit
783 4101 1134 4170 passionum
1190 4102 1648 4174 insurgentinm,
1701 4119 1833 4157 cum
1882 4103 2077 4158 incre-

403 4191 640 4246 buerint
689 4191 1004 4262 angustiae,
1049 4191 1411 4262 pereecutio,
1467 4191 1674 4261 fames,
1726 4191 2074 4262 periculum,

405 4280 666 4352 gladius.
719 4279 882 4333 Tunc
934 4301 955 4326 «
993 4281 1126 4348 erit,
1181 4279 1388 4350 inquit,
1439 4295 1594 4352 pax;
1629 4300 1650 4329 ιι
1700 4280 1834 4352 quia
1881 4282 1940 4336 in
1982 4282 2078 4336 his

406 4369 685 4425 omnibus
736 4385 1091 4440 superamus
1140 4372 1382 4440 propter
1421 4385 1552 4424 eum
1582 4369 1682 4441 qui
1713 4386 1822 4424 nos
1853 4370 2072 4442 dilexit,

405 4459 685 4531 quoniam
717 4459 1069 4514 confidimus
1100 4460 1159 4512 in
1189 4475 1258 4513 eo
1292 4445 1429 4530 quia
1461 4473 1652 4530 neque
1675 4475 1862 4529 mors,
1887 4477 2078 4531 neque

405 4549 500 4603 vis
531 4549 918 4604 tentationum
949 4547 1060 4618 (89)
1093 4565 1202 4602 nos
1236 4548 1308 4601 ab
1343 4547 1478 4620 ejus
1515 4547 1751 4602 divellat
1796 4549 2080 4604 charitate

2180 636 2320 690 velit
2357 651 2370 690 :
2407 635 2514 689 sed
2545 635 2681 706 quia
2725 634 2992 704 plerique
3035 633 3352 686 vincunter
3393 628 3612 686 inﬁrmi
3655 633 3842 686 tenta-

2189 725 2468 793 tionibus,
2505 725 2606 794 qui
2637 725 2822 777 fortes
2853 726 2990 776 sunt
3019 723 3363 792 probantur.

2251 813 2362 883 (18)
2407 812 2572 866 Tunc
2617 811 2740 864 illis
2792 831 2815 861 ιι
2851 811 2965 863 erit
3001 826 3106 864 ros
3153 827 3184 864 a
3236 811 3482 864 Domino
3528 808 3736 876 (Miclz.
3783 823 3840 874 v,

2181 901 2256 970 '7),
2295 923 2316 949 ιι
2363 904 2503 954 tunc
2547 900 2786 970 requies
2835 918 2846 953 :
2895 903 3032 952 tunc
3077 899 3186 953 erit
3230 899 3422 954 anima
3457 897 3643 968 justi,
3691 895 3846 950 sicut

2183 1010 2210 1038 «
2245 989 2476 1042 catulus
2520 989 2709 1042 leonis
2753 989 2814 1040 in
2857 989 3114 1042 ovilibus
3163 1003 3448 1056 pecorum
3491 986 3619 1055 (90)
3663 984 3842 1053 (Ibid.

2181 1078 2256 1148 8).
2281 1103 2303 1125 ιι
2330 1077 2495 1142 Quod
2525 1077 2867 1148 evangelico
2900 1076 3168 1146 exemplo
3200 1076 3270 1129 ad
3287 1075 3588 1130 Christum
3619 1073 3847 1128 referre

2181 1183 2298 1221 non
2341 1167 2768 1235 dubitaverim;
2815 1165 2952 1236 quia
2995 1165 3123 1234 ipse
3167 1165 3312 1218 dixit
3360 1180 3372 1217 :
3425 1186 3447 1209 ιι
3490 1164 3656 1217 Tunc
3696 1161 3848 1232 justi

2181 1255 2496 1328 fulgebunt
2537 1255 2690 1309 sicut
2735 1255 2826 1309 sol
2869 1255 2925 1308 in
2973 1270 3161 1326 regno
3205 1254 3400 1307 Patris
3441 1253 3534 1307 sui
3593 1251 3846 1318 (Matth.

2182 1362 2302 1412 xm,
2335 1343 2446 1414 43).
2484 1368 2506 1393 ιι
2555 1343 3026 1414 Comprimentur
3055 1343 3210 1398 enim
3241 1343 3548 1414 quadrigae
3593 1340 3732 1412 ejus
3775 1341 3851 1394 ir-

2181 1433 2585 1502 rationabiles,
2620 1433 2847 1486 scilicet
2875 1433 3132 1502 impetus
3177 1436 3234 1486 et
3275 1434 3474 1486 motus
3503 1431 3682 1486 istius
3729 1445 3852 1484 eor-

2181 1523 2346 1592 poris
2377 1521 2584 1592 (Micli.
2618 1539 2676 1590 v,
2707 1521 2831 1592 10);
2868 1521 3172 1576 sedabitur
3200 1521 3346 1575 illud
3379 1537 3392 1574 :
3432 1542 3455 1566 ιι
3490 1519 3662 1574 Foris
3699 1534 3850 1590 pug-

2179 1627 2294 1681 nae,
2328 1611 2486 1664 intus
2518 1611 2762 1664 timores
2793 1610 2880 1679 (II
2905 1609 3039 1665 Cor.
3072 1627 3173 1680 vn,
3204 1610 3298 1679 5);
3321 1633 3344 1658 ιι
3379 1609 3489 1664 sed
3515 1608 3762 1680 ubique,
3792 1605 3851 1661 id

2181 1704 2298 1769 est,
2346 1699 2506 1754 intus
2551 1703 2608 1754 et
2651 1699 2821 1769 foris,
2865 1699 3258 1770 tranquillitas
3303 1699 3458 1752 erit:
3504 1701 3559 1752 et
3589 1713 3711 1751 non
3743 1697 3855 1751 erit

2183 1789 2284 1859 qui
2314 1789 2668 1858 respondeat
2698 1792 2753 1842 et
2784 1788 3026 1842 resistat
3054 1787 3228 1842 bonae
3258 1786 3542 1842 voluntati
3559 1787 3704 1857 quia
3719 1785 3859 1839 obe—

2181 1877 2398 1932 dientia
2431 1877 2650 1946 carnis,
2683 1877 2915 1932 sublato
2945 1877 3166 1946 pariete
3199 1875 3490 1945 maceriae,
3533 1890 3670 1929 cum
3719 1873 3854 1928 fne-

2181 1965 2300 2019 rint
2329 1971 2576 2036 utraque
2607 1981 2788 2020 unum
2819 1965 3070 2037 (Ep/ias.
3103 1982 3164 2035 ιι,
3201 1965 3308 2033 14),
3345 1979 3550 2019 omnes
3590 1962 3858 2018 abolebit

2185 2055 2538 2110 discordias.

2254 2141 2340 2198 19.
2375 2143 2436 2198 Si
2467 2160 2582 2215 qua
2611 2148 2806 2198 autem
2835 2143 3027 2198 anima
3057 2143 3309 2212 inﬁrma,
3343 2143 3495 2197 sicut
3512 2141 3611 2196 ille
3629 2156 3858 2196 secun-

2181 2233 2321 2287 dum
2367 2249 2606 2287 carnem
2650 2233 2854 2301 Israel,
2901 2233 3259 2302 titubaverit,
3309 2233 3465 2286 etab
3494 2231 3594 2286 illo
3626 2230 3859 2285 Christi

2182 2321 2465 2376 charitate
2495 2323 3017 2392 persecutionibus
3046 2321 3278 2376 turbata
3316 2337 3382 2378 se
3424 2320 3859 2392 aliquantulum

2183 2411 2494 2480 separarit,
2530 2411 2854 2482 corripitur
2882 2415 3056 2482 atque
3087 2413 3360 2482 arguitur
3388 2410 3524 2479 (91)
3568 2409 3750 2481 quasi
3781 2409 3864 2464 in-

2182 2499 2318 2567 fida,
2339 2499 2514 2570 quasi
2545 2501 2795 2572 ingrata,
2825 2501 2998 2571 quasi
3024 2499 3346 2566 incredula,
3379 2515 3512 2571 quae
3541 2499 3796 2554 liberata
3827 2515 3861 2552 ιι

2181 2588 2542 2643 vanitatibus
2575 2589 2802 2660 saeculi,
2835 2589 2893 2642 in
2922 2606 3026 2643 eas
3056 2589 3431 2659 respiciendo
3461 2588 3747 2643 reciderit
3776 2604 3790 2643 :
3823 2603 3860 2641 ιι

2183 2693 2300 2748 qua
2329 2692 2445 2730 non
2473 2693 2738 2748 munera,
2759 2695 2874 2732 non
2903 2681 3208 2732 taurorum
3225 2678 3550 2747 sacriﬁcia;
3585 2677 3696 2732 sed
3731 2680 3858 2730 tan-

2184 2767 2481 2821 tummodo
2513 2769 2575 2820 ut
2603 2767 2822 2822 bonum
2844 2771 3258 2838 cognosceret,
3277 2767 3570 2838 justitiam
3601 2767 3856 2834 faceret,

2183 2855 2543 2925 postulatum
2571 2859 2682 2910 est.
2713 2877 2734 2903 u
2765 2856 3854 2927 Renuntiatumest,inquit,tibi,homo,

2186 2943 2326 3014 quid
2359 2943 2436 2997 sit
2467 2943 2708 3012 bonum,
2757 2947 2856 2999 aut
2895 2945 3036 3016 quid
3080 2945 3366 2999 Dominus
3405 2945 3680 3016 exquirat
3711 2963 3746 2999 a
3775 2949 3856 3015 te,

2185 3031 2300 3086 nisi
2333 3035 2397 3086 ut
2427 3031 2612 3086 facias
2637 3031 2930 3104 judicium
2973 3037 3028 3087 et
3067 3032 3380 3104 justitiam,
3412 3038 3468 3088 et
3499 3034 3721 3105 diligas
3749 3034 3859 3088 mi-

2185 3121 2595 3192 sericordiam,
2643 3127 2700 3176 et
2744 3125 2982 3192 paratus
3028 3123 3118 3177 sis
3157 3123 3244 3177 ire
3289 3138 3426 3177 cum
3475 3121 3724 3178 Domino
3755 3126 3858 3177 tuo

2185 3210 2392 3278 (Miclz.
2429 3227 2508 3280 νι,
2541 3209 2618 3278 8).
2655 3234 2677 3260 ιι
2714 3211 2830 3266 Sed
2860 3211 2996 3282 quia
3023 3227 3139 3266 non
3182 3212 3446 3266 servavit
3475 3211 3606 3266 haec
3640 3209 3740 3266 illa
3770 3213 3862 3266 in-

2186 3299 2416 3378 ﬁrmior
2445 3299 2656 3369 anima,
2691 3301 2822 3355 ideo
2855 3301 3142 3354 Dominus
3173 3301 3251 3355 ait
3285 3317 3296 3355 :
3347 3323 3367 3346 ιι
3406 3301 3537 3355 Heu
3567 3317 3684 3372 me,
3718 3302 3862 3372 quia

2187 3389 2381 3444 factus
2414 3405 2546 3443 sum
2580 3390 2734 3443 sicut
2763 3390 2864 3460 qui
2897 3389 3122 3461 colligit
3151 3390 3427 3460 stipulam
3459 3391 3519 3444 in
3549 3405 3778 3460 messe,
3801 3395 3866 3446 et

2189 3478 2342 3533 sicut
2366 3495 2664 3533 racemum
2686 3479 2744 3532 in
2766 3479 3059 3534 vindemia
3076 3479 3286 3548 (Micb.
3307 3497 3406 3548 vn,
3432 3477 3515 3550 1)!
3538 3503 3558 3527 ιι
3585 3479 3862 3535 Audiens

2187 3583 2334 3638 ergo
2366 3567 2496 3622 haec
2525 3567 2828 3638 propheta,
2862 3569 2923 3622 in
2953 3585 3071 3638 quo
3101 3569 3452 3640 loquebatur
3470 3570 3654 3640 Deus,
3681 3569 3766 3624 ait
3785 3569 3862 3624 ad

2187 3656 2347 3710 illam
2377 3657 2660 3711 animam:
2697 3677 2720 3707 «
2746 3657 2876 3712 Heu
2907 3673 3020 3728 me,
3059 3645 3252 3720 1'06?
3285 3657 3514 3713 animai
3547 3659 3710 3730 quod
3741 3674 3862 3713 non

2187 3750 2279 3800 est
2309 3745 2520 3816 plenus
2553 3745 2784 3800 timoris
2814 3762 2847 3800 a
2875 3751 3041 3800 terra
3090 3744 3202 3817 (92)
3254 3747 3432 3815 (Ibid.
3481 3747 3558 3818 2).
3597 3771 3621 3795 ιι
3665 3747 3778 3802 Vel
3806 3748 3865 3802 si

2186 3835 2317 3904 ipse
2351 3834 2636 3890 Dominus
2666 3834 2826 3905 dicit,
2858 3835 3176 3890 miseratus
3195 3837 3428 3891 futuras
3449 3852 3560 3906 pro
3591 3838 3863 3908 peccatis

2187 3924 2466 3992 ultiones,
2499 3927 2673 3994 atque
2700 3939 2806 3993 pro
2837 3925 3060 3980 nostris
3092 3925 3402 3980 erroribus
3423 3925 3858 3998 ingemiscens.

2257 4012 2344 4067 20.
2395 4013 2658 4067 Audiens
2689 4013 2817 4067 haec
2865 4013 3076 4083 anima,
3117 4012 3253 4086 quia
3276 4013 3570 4070 seminum
3600 4031 3858 4071 suorum

2190 4101 2420 4156 fructus
2449 4118 2564 4156 non
2595 4101 2854 4174 colliget,
2887 4101 3132 4172 nullum,
3159 4119 3358 4158 messe
3381 4105 3627 4174 amissa,
3663 4105 3860 4160 firma-

2188 4194 2448 4246 mentum
2479 4191 2735 4246 inveniet
2766 4191 2880 4260 sui,
2913 4197 3138 4261 premet
3167 4191 3401 4262 olivam,
3432 4196 3488 4248 et
3519 4195 3863 4250 unctionem

2187 4280 2405 4335 laetitiae
2439 4295 2554 4336 non
2583 4279 2840 4350 habebit,
2875 4297 3068 4354 neque
3097 4281 3259 4337 bibet
3287 4282 3487 4337 vinum
3525 4281 3864 4354 jucundiu-

2186 4371 2288 4426 tis.
2305 4369 2692 4442 Cognoscens
2714 4371 2888 4426 etiam
2911 4370 2969 4424 in
2985 4371 3266 4441 operibus
3287 4371 3486 4427 carnis
3508 4372 3710 4428 omnia
3728 4374 3860 4444 ple-

2189 4476 2262 4514 na
2285 4459 2616 4531 sanguinis,
2641 4460 2809 4529 plena
2831 4460 3422 4531 circumscriptionis,
3457 4460 3740 4517 fraudum
3763 4462 3864 4517 fal-

2188 4549 2376 4619 laciae,
2404 4549 2537 4604 ﬁcta
2553 4549 2750 4604 ofﬁcia
2765 4548 3020 4618 pietatis,
3035 4550 3398 4620 compositas
3420 4550 3860 4621 simulationes,

405 4643 462 4693 et
496 4643 732 4708 separet
761 4638 950 4709 (Rom.
985 4654 1108 4706 vm,
1141 4637 1230 4706 38,
1263 4637 1374 4706 39).
1400 4637 1562 4691 Tunc
1585 4653 1730 4709 ergo
1760 4638 1919 4692 dabit
1947 4642 2077 4693 ten-
2099 4641 2156 4706 ι)
2191 4642 2246 4694 et
2274 4639 2545 4694 inimicos
2578 4638 2694 4692 sibi
2723 4653 2928 4693 omnes
2959 4639 3059 4710 qui
3089 4640 3150 4695 in
3179 4639 3351 4694 domo
3385 4645 3562 4707 sunt;
3603 4641 3860 4713 ideoque

404 4727 678 4799 tationes,
732 4731 794 4782 ut
840 4725 990 4798 justi
1037 4727 1382 4797 probentur.
1423 4725 1492 4780 Et
1527 4726 1811 4782 Dominus
1843 4727 2078 4798 quidem

479 4866 593 4936 (8’7)
627 4867 795 4922 Rom.
831 4869 968 4922 edit.
1004 4869 1151 4938 sola,
1206 4891 1227 4914 ιι
1266 4867 1436 4921 satiat
1486 4869 1824 4924 universos.
1867 4869 2078 4934 Quinta

408 4941 604 5012 autem
637 4939 883 5012 editio...
919 4940 993 5012 de
1021 4940 1270 4994 aliorum
1295 4939 1672 4995 editionibus.
1703 4966 1724 4990 ιι
1760 4941 1914 4996 Alibi
1935 4957 2077 5012 quo-

407 5024 523 5079 que
571 5009 630 5061 in
677 5010 881 5063 eadem
930 5011 1066 5064 edit.
1119 5027 1236 5064 vox
1284 5011 1530 5065 traditio
1563 5013 1832 5067 similiter
1861 5009 2077 5066 mutata

405 5081 722 5155 reperitur.
757 5081 1198 5155 Advertendum
1231 5085 1424 5135 autem
1458 5087 1550 5136 est
1575 5083 1696 5155 illis
1716 5085 1863 5138 locis
1887 5085 1981 5155 agi
2005 5084 2076 5138 ab

405 5151 730 5226 Ambrosio
762 5151 1148 5226 de__Ijchaplis
1181 5156 1356 5226 atque
1384 5154 1643 5224 Octaplis
1673 5151 1972 5226 Origcnis,
2007 5155 2078 5208 de

407 5223 627 5292 quibus
659 5221 794 5276 dum
831 5222 1226 5292 Hieronymus
1258 5221 1314 5276 in
1345 5241 1472 5294 cap.
1505 5221 1562 5278 1v
1594 5221 1857 5280 Michaeaa
1889 5221 2076 5294 loqui-

405 5299 522 5358 tur,
567 5296 738 5347 etiam
780 5295 997 5367 quintae
1038 5295 1312 5346 editionis
1346 5312 1550 5350 vocem
1575 5303 1840 5367 usurpat.
1875 5295 1990 5351 Sed
2023 5301 2078 5351 et

409 5367 618 5418 eodem
650 5363 835 5418 sensu
862 5363 1039 5418 dictio
1069 5367 1260 5434 ἕκδοσις
1292 5367 1486 5434 posita
1519 5371 1611 5420 est
1642 5363 2077 5439 tib-Epiphanio

406 5444 510 5499 lib.
545 5445 633 5500 De
659 5444 836 5516 pond.
874 5451 932 5498 et
959 5460 1224 5499 meusur.
1258 5462 1417 5500 num.
1453 5447 1505 5515 9,
1541 5451 1597 5501 et
1643 5447 1802 5502 alibi.
1839 5449 2078 5502 Verum-

407 5519 600 5570 tamen
627 5516 1124 5589 quinAAmhrosio
1159 5533 1272 5571 vox
1307 5516 1554 5572 traditio
1584 5519 1778 5589 magis
1818 5520 2078 5574 arridere

404 5587 862 5659 potuerit,ﬂnihil
895 5588 1190 5658 prohibet.
1221 5589 1416 5644 Porro
1462 5589 1533 5643 de
1584 5587 1868 5659 Hexaplis
1915 5591 2078 5645 Octa-

403 5657 642 5728 plisque
673 5657 1053 5728 Origenianis
1085 5659 1401 5714 consulere
1441 5659 1578 5714 licet
1619 5657 1942 5715 Eusebium
1972 5661 2075 5716 lib.

405 5742 486 5807 γι,
547 5745 674 5807 cap.
729 5730 815 5807 11,
867 5733 924 5785 et
955 5730 1186 5807 V.alium
1233 5730 1884 5807 adeumdemiocum,
1938 5733 2075 5789 item

409 5795 708 5876 Haetinm,
743 5795 848 5858 lib.
879 5819 943 5859 ιιι
977 5801 1221 5880 Origen.
1253 5799 1285 5882 ἕ
1313 5802 1368 5878 4,
1401 5806 1578 5881 atque
1609 5801 1778 5864 alios.

2187 4728 2440 4798 proximi
2477 4728 2593 4782 sibi
2632 4728 2906 4798 corporis
2959 4731 3154 4782 motus
3197 4729 3517 4798 cavendos,
3567 4731 3670 4801 qui
3721 4733 3862 4786 sunt

2258 4869 2370 4944 (88)
2405 4871 2573 4924 Rom.
2602 4870 2767 4944 edit.,
2815 4891 2838 4921 ι
2876 4869 2945 4925 Ει
2992 4885 3285 4943 egressus
3336 4871 3468 4944 ejus
3501 4872 3574 4928 ab
3604 4873 3797 4944 initio,
3831 4889 3866 4928 a

2189 4941 2400 4995 diebus
2434 4941 2658 4996 saeculi.
2699 4963 2720 4990 ιι

2260 5011 2372 5081 (89)
2420 5012 2636 5088 Omnes
2684 5013 2818 5067 edit.
2855 5017 3088 5088 ettnss.
3124 5013 3363 5088 aliquot,
3403 5031 3652 5088 «neque
3683 5017 3866 5088 quid-

2188 5083 2282 5137 vis
2333 5084 2828 5158 tentationumru
2881 5084 2979 5138 alii
3025 5101 3174 5140 mss.
3221 5083 3438 5158 majori
3485 5083 3864 5154 auctori—tate,

2194 5178 2216 5202 ιι
2249 5171 2438 5225 neque
2467 5157 2560 5209 vis
2591 5155 2992 5210 tentationum.
3030 5175 3052 5206 ι

2261 5225 2372 5300 (99)
2405 5227 2577 5300 item.
2613 5227 2748 5281 edit.
2785 5228 2932 5300 sola,
2971 5249 2992 5274 «
3029 5227 3083 5280 in
3120 5229 3408 5300 gregibus
3440 5244 3752 5300 pecorum.
3797 5251 3821 5277 ιι

2189 5372 2210 5423 ι
2259 5297 2370 5368 (91)
2404 5299 2551 5352 Mss.
2583 5298 2868 5369 nonnulli,
2909 5321 2929 5345 ιι
2966 5297 3288 5371 corripitur
3317 5297 3491 5372 atque
3525 5302 3874 5373 corrumpi-

2215 5385 2302 5422 ur.
2345 5391 2366 5416 ιι

2215 5385 2302 5422 Ul‘.
2345 5391 2366 5416 η

2259 5441 2372 5510 (92)
2405 5441 2574 5496 Rom.
2608 5439 2769 5510 edit.,
2808 5462 2830 5488 ιι
2865 5439 2968 5496 Vae
3017 5441 3182 5512 mihi,
3237 5442 3468 5510 anima;
3520 5442 3658 5515 quia
3687 5444 3874 5515 periit

2184 5511 2363 5565 timor
2409 5528 2441 5584 ιι
2491 5517 2684 5578 terra;
2732 5535 2754 5560 ιι
2810 5517 3044 5568 caeteras
3095 5511 3176 5568 ac
3208 5530 3358 5570 mss.
3405 5511 3632 5584 omnes,
3687 5511 3754 5570 iit
3805 5515 3870 5570 in

2185 5585 2369 5637 textu.
2393 5582 2558 5648 Quod
2587 5587 2780 5638 autem
2809 5585 3019 5640 Graece
3051 5585 3323 5656 habetur,
3357 5582 3864 5657 ἀπόλωὶενέὑσεϐἦς,

2184 5678 2302 5718 ιιοιι
2323 5664 2482 5740 male
2515 5665 2869 5740 vertitur-ab
2900 5666 3241 5740 Ambrosio,
3277 5687 3299 5714 ιι
3333 5666 3510 5738 periit
3535 5667 3753 5740 plenus
3785 5668 3866 5722 ti-

2185 5734 2393 5810 moris,
2435 5759 2454 5784 ιι
2493 5735 2700 5812 supple
2733 5735 2934 5798 divini.
