4098 6178
228 354 388 423 1293

1418 356 2031 427 EPISTOLARUM
2074 357 2417 421 CLASSIS
2461 351 2540 421 ῙῙ.

3520 358 3681 427 1294

234 573 459 631 graves
480 557 692 614 animm
710 559 934 614 nostrae
956 558 1319 629 adversarii;
1352 560 1736 630 convertitur,
1757 560 1901 615 etde
1924 541 1973 603 Α
2008 559 2168 614 mino
2214 558 2515 613 contulisti
2556 574 2821 628 munere,
2856 560 3154 615 dimittens
3193 563 3454 631 peccata,
3502 565 3677 634 atque

230 646 355 702 Deo
398 662 646 717 sperare
688 647 914 718 incipit,
957 651 1014 702 et
1046 647 1386 721 intelligens
1428 664 1568 703 vere
1607 650 1902 704 inimicam
2010 648 2409 717 abscondens,
2435 649 2763 702 secundum
2793 650 2949 719 quod
2975 651 3259 720 scriptum
3283 654 3407 705 est:
3447 673 3469 697 «
3515 651 3680 705 Beati

232 736 350 791 sibi
374 752 616 791 carnem
640 735 957 807 exsistere,
983 738 1061 793 ait
1082 738 1155 793 ad
1172 754 1330 793 eam:
1370 760 1390 788 α
1417 737 1550 793 Noli
1575 754 1902 809 supergau-

233 826 373 880 dere
415 826 577 895 mihi,
632 823 863 880 inimica
913 842 1061 897 mea,
1105 827 1241 899 quia
1282 827 1507 881 cecidi:
1551 827 1657 881 sed
1696 843 1903 882 resur-

234 930 408 986 gam;
442 913 578 985 quia
628 915 679 969 si
713 912 926 971 sedero
957 914 1018 970 in
1049 915 1332 986 tenebris,
1366 910 1653 971 Dominus
1684 915 1904 971 illumi-

235 1003 400 1058 nabit
433 1019 525 1058 me
559 998 736 1073 (Ibid.
770 996 844 1074 8).
882 1028 904 1053 »ι

307 1091 397 1146 21.
431 1090 834 1146 Considerans
867 1093 1044 1146 etiam
1074 1093 1359 1150 insultare
1388 1095 1504 1150 sibi
1526 1094 1781 1166 aliquam
1803 1110 1906 1165 po-

235 1183 530 1249 testatem,
566 1196 700 1253 quae
732 1179 1052 1238 resistebat
1084 1182 1237 1252 sibi;
1269 1198 1342 1238 ne
1360 1183 1662 1238 meliorem
1696 1199 1909 1255 seque-

236 1273 405 1325 retur
444 1268 629 1326 viam:
683 1273 740 1325 et
778 1270 1106 1341 inequitare
1137 1270 1270 1342 (93),
1302 1272 1461 1343 quod
1499 1273 1705 1330 tradita
1746 1275 1912 1330 esset

236 1358 298 1412 in
321 1358 621 1416 interitum
653 1360 851 1415 carnis
880 1358 939 1430 (Ι
965 1358 1100 1418 Cor.
1133 1377 1195 1431 v,
1224 1361 1279 1430 5)
1312 1365 1374 1419 ut
1404 1362 1663 1418 diversis
1692 1364 1910 1417 attere-

237 1451 405 1502 retur
431 1448 626 1518 malis,
657 1458 791 1521 Quae
821 1448 916 1507 vel
947 1465 980 1502 a
1003 1446 1254 1508 Domino
1276 1453 1519 1522 propter
1534 1454 1911 1520 peccatorum

238 1536 596 1595 solutionem
635 1536 1117 1607 decernerentur,
1159 1537 1255 1595 vel
1294 1538 1368 1594 ab
1418 1538 1625 1612 iniquo
1674 1542 1915 1611 propter

240 1625 524 1681 invidiam
544 1626 997 1697 conversionis;
1018 1629 1082 1683 ut
1098 1626 1170 1682 ad
1192 1642 1260 1682 se
1282 1630 1590 1684 revocaret
1611 1627 1912 1698 afﬂictam,

243 1714 385 1769 dicit
413 1714 638 1771 adhuc:
688 1738 709 1763 ιι
744 1714 898 1770 Iram
940 1715 1175 1772 Domini
1219 1716 1572 1786 sustinebo;
1623 1740 1645 1765 »
1678 1716 1782 1788 qui
1819 1716 1915 1770 vel

240 1802 469 1875 lapsam
487 1804 758 1876 castigat,
781 1804 876 1859 vel
898 1805 1004 1860 tibi
1027 1807 1380 1875 potestatem
1397 1803 1703 1877 afﬂigendi
1724 1805 1912 1860 dedit:

248 1912 273 1943 ι
311 1892 448 1963 quia
475 1893 740 1964 peccavi,
777 1910 800 1944 ο
834 1892 1146 1950 sustinebo
1187 1897 1400 1964 tamen,
1440 1916 1462 1942 «ι
1509 1894 1703 1950 donec
1728 1893 1914 1965 justi-
1945 1905 1999 1978 θ

246 1980 384 2037 ﬁcet
413 1981 540 2052 ipse
572 1997 815 2037 causam
843 1997 1034 2037 meam
1064 1982 1272 2052 (Micb.
1296 2000 1398 2055 vn,
1421 1983 1499 2054 9).
1538 2006 1560 2031 η
1597 1984 1731 2038 Nisi
1761 1984 1919 2038 enim

249 2069 533 2125 confessa
581 2065 773 2141 t‘aero,
823 2075 881 2126 et
934 2071 1254 2127 exsolvero
1304 2072 1489 2143 pretia
1547 2072 1919 2143 iniquitatum

247 2174 534 2231 mearum,
566 2175 684 2215 non
713 2164 920 2231 potero
953 2160 1297 2232 justiticari.
1330 2160 1478 2216 Cum
1518 2165 1713 2217 autem
1753 2162 1918 2217 fuero

243 2247 592 2320 justificata,
627 2250 870 2306 solvens
900 2250 1156 2321 duplicia
1186 2254 1458 2321 peccata:
1507 2274 1529 2298 α
1574 2250 1801 2305 Educet
1827 2249 1922 2321 ju-

250 2337 473 2393 dicium
501 2354 694 2393 meum
725 2338 837 2407 (94)
866 2337 1091 2412 (Ibid.),
1140 2363 1164 2388 ιι
1213 2339 1519 2410 deponens
1560 2339 1923 2411 indignatio-

250 2443 421 2498 nem;
455 2428 591 2499 quia
623 2423 1325 2498 satisfactumsententiaa
1347 2433 1476 2483 est:
1516 2451 1538 2476 «
1575 2428 1803 2484 Educet
1832 2444 1924 2484 me

252 2516 327 2571 ad
373 2516 593 2584 lumen,
640 2519 703 2570 ut
741 2516 973 2573 videam
1007 2517 1303 2590 justitiam
1350 2517 1487 2588 ejus
1527 2517 1755 2589 (Ibid.),
1805 2539 1826 2567 »
1870 2520 1929 2572 et

255 2605 542 2676 aspiciam
572 2605 1017 2661 delectationem
1042 2606 1199 2679 ejus.
1236 2607 1476 2662 Videbit
1494 2606 1606 2661 hoc
1624 2607 1821 2661 lumen
1836 2623 1927 2662 re—

257 2695 692 2750 conciliationis
725 2711 872 2750 meaa
905 2719 927 2743 α
965 2696 1200 2751 inimica
1232 2711 1380 2766 mea,
1417 2720 1439 2744 η
1484 2696 1543 2750 id
1580 2700 1671 2750 est
1710 2696 1928 2750 diaboli

260 2785 550 2857 nequitia:
586 2806 606 2834 σι
635 2787 692 2839 et
712 2784 1010 2855 operiatur
1031 2784 1403 2855 confusione,
1425 2800 1557 2856 quae
1579 2801 1735 2840 nunc
1757 2785 1924 2840 dicit:

262 2873 382 2928 Ubi
413 2876 506 2928 est
535 2873 822 2928 Dominus
854 2874 1014 2929 Deus
1046 2877 1184 2928 tuus
1216 2873 1393 2943 (Ibid.
1428 2874 1517 2944 10)
1539 2876 1567 2930 ?
1618 2897 1641 2922 ι»
1695 2874 1931 2929 Videbit

260 2961 325 3016 in
354 2977 447 3016 me
477 2961 950 3017 misericordiam
995 2962 1152 3034 ejus,
1183 2961 1406 3018 videbit
1447 2963 1722 3033 pietatem
1770 2963 1928 3033 ejus.

332 3049 422 3105 22.
458 3050 529 3105 Et
559 3050 691 3106 ideo
732 3067 851 3106 non
889 3041 1197 3107 audiamus
1239 3066 1394 3121 eum,
1440 3053 1673 3122 quando
1721 3067 1930 3107 sumus

259 3140 324 3196 in
345 3139 617 3196 adversis
631 3140 929 3211 aliquibus
953 3140 1163 3195 saeculi
1178 3157 1193 3211 ;
1209 3156 1339 3196 cum
1356 3143 1453 3196 aut
1470 3141 1639 3196 dolor
1661 3142 1930 3211 corporis

262 3234 377 3299 est,
402 3230 501 3283 aut
529 3228 785 3283 ﬁliorum
808 3229 1077 3301 amissio,
1107 3229 1202 3284 vel
1225 3233 1572 3284 caaterarum
1595 3231 1931 3286 necessitu-

263 3317 505 3372 dinum:
548 3333 668 3373 non
705 3318 1037 3387 audiamus,
1079 3318 1338 3389 inquam,
1380 3319 1701 3374 dicentem:
1750 3341 1771 3367 ι
1818 3319 1933 3374 Ubi

263 3411 359 3462 est
402 3406 688 3462 Dominus
730 3406 891 3462 Deus
922 3408 1107 3462 tuus?
1148 3427 1172 3457 ι
1208 3408 1373 3462 Tunc
1411 3407 1547 3479 ejus
1580 3409 1933 3463 tentationes

266 3496 550 3551 cavendae
590 3497 750 3566 sunt,
784 3512 917 3550 cum
956 3497 1161 3568 gravis
1200 3499 1375 3569 urget
1411 3496 1601 3568 dolor,
1633 3500 1774 3553 tunc
1804 3497 1934 3551 ani-

266 3600 426 3640 mam
455 3601 678 3657 aegram
706 3589 974 3640 avertere
1007 3585 1223 3641 studet.

338 3672 430 3730 9.3.
465 3673 625 3747 Ergo
647 3675 861 3745 anima,
886 3690 1020 3746 quis
1044 3675 1207 3729 illum
1230 3690 1349 3729 non
1378 3675 1629 3731 audierit
1647 3676 1937 3731 insidian-

265 3766 388 3819 tem
418 3764 559 3833 sibi,
589 3764 802 3820 videns
832 3768 1039 3835 postea
1061 3764 1354 3820 mirabilia
1384 3764 1509 3835 Dei,
1535 3765 1748 3820 videns
1779 3781 1846 3820 se
1879 3766 1938 3820 in

270 3853 447 3925 cmlo,
481 3853 782 3909 diabolum
826 3856 1021 3908 autem
1060 3855 1217 3909 sicut
1262 3853 1570 3909 colubrum
1616 3857 1940 3925 reptantem

269 3942 333 3998 in
362 3943 771 4011 terrestribus,
805 3942 1200 4015 gratulabitur
1229 3943 1473 3998 dicens:
1531 3966 1553 3990 α
1603 3942 1747 4007 Quis
1780 3944 1940 3999 Deus

270 4032 431 4086 sicut
478 4035 559 4101 tu,
608 4030 888 4087 auferens
931 4035 1195 4103 peccata,
1235 4034 1294 4086 et
1337 4023 1531 4087 1068
1570 4032 1942 4087 transferens

270 4120 606 4191 impietates
638 4120 797 4190 (Ibid
826 4118 961 4192 18)?
1002 4143 1024 4169 ιι
1058 4120 1170 4185 Qui
1216 4136 1336 4176 non
1367 4120 1537 4176 fuisti
1580 4136 1806 4176 memor
1852 4122 1944 4175 in-

275 4210 639 4282 dignationis
670 4211 788 4265 tuaa
813 4226 826 4265 :
862 4209 970 4264 sed
999 4209 1155 4265 sicut
1182 4210 1242 4263 in
1273 4211 1418 4264 mari
1443 4211 1708 4265 mersisti
1737 4226 1944 4265 omnes

274 4299 620 4371 iniquitates
642 4302 902 4369 nostras,
926 4299 1082 4355 sicut
1102 4298 1452 4371 ngyptium
1484 4300 1786 4370 plumbum
1809 4298 1943 4371 (95),

276 4391 336 4444 et
365 4388 575 4443 redisti
605 4388 678 4443 ad
710 4387 1181 4444 misericordiam
1209 4388 1600 4459 voluntarius,
1633 4405 1806 4460 quam
1837 4404 1946 4461 ge-

353 4584 469 4659 (93)
500 4584 748 4659 Quidam
779 4600 928 4659 mss.
964 4590 1024 4640 et
1040 4584 1430 4659 inquietare;
1472 4586 1579 4641 sed
1609 4586 1948 4659 inequitare

279 4658 478 4713 magis
508 4658 744 4712 videtur
773 4657 1252 4713 Ambrosianum.

354 4728 468 4797 (94)
502 4730 673 4799 Rom.
707 4728 868 4797 edit.,
908 4751 929 4777 α
965 4728 1166 4782 Faciet
1189 4728 1480 4799 judicium
1511 4743 1726 4783 meum.
1765 4750 1787 4777 ι

355 4800 470 4869 (95)
500 4798 645 4854 Cod.
694 4799 912 4868 Carol.,
949 4820 972 4850 α
1021 4801 1181 4871 sicut
1198 4798 1554 4871 Algyptium
1587 4800 1887 4868 populum.
1924 4821 1945 4847 ιι

285 4871 359 4926 Et
391 4871 669 4925 continuo
691 4875 845 4941 post,
880 4872 1037 4941 Prat,
1074 4875 1130 4925 et
1158 4870 1347 4941 Gem.,
1386 4893 1408 4917 «ι
1444 4874 1499 4925 et
1518 4871 1825 4925 reddidisti
1849 4870 1954 4923 mi-

286 4942 698 4999 sericordiam.
736 4962 759 4992 ι

360 5013 475 5081 (96)
504 5012 774 5067 Observa
805 5028 922 5068 non
953 5013 1151 5068 dicere
1185 5015 1453 5067 sanctum
1503 5012 1807 5066 doctorem
1839 5011 1959 5083 tegi

289 5088 535 5155 peccata
566 5100 673 5154 per
703 5085 1121 5151 extrinsecam,
1155 5089 1217 5137 ut
1250 5085 1590 5139 (Jalvinistaa
1621 5084 1845 5151 volunt,
1869 5083 1962 5153 ju.

291 5156 471 5210 stitiaa
502 5155 723 5210 Christi
754 5156 1214 5226 imputationem,
1250 5156 1357 5209 sed
1387 5171 1494 5226 per
1532 5156 1687 5209 bona
1718 5171 1898 5224 opera
1929 5169 1960 5209 e

336 5227 546 5299 ratuita
563 5228 755 5299 ipsius
770 5225 958 5299 gratia
977 5227 1399 5299 promanantia.
1415 5225 1599 5290 Quam
1622 5230 1960 5297 perpetuam

290 5243 546 5352 gratuita
563 5243 755 5297 ipsms
770 5243 958 5299 graua
977 5243 1399 5297 promananua.
1415 5243 1599 5290 Quam
1622 5243 1960 5297 perpetuam

346 5297 598 5352 mbrosii
616 5298 944 5352 doctrinam
961 5314 1100 5352 esse
1117 5298 1288 5353 facile
1305 5314 1625 5369 agnosces,
1644 5299 1705 5369 si
1736 5300 1961 5350 huncce

291 5369 491 5441 locum
514 5372 570 5421 et
590 5384 658 5423 ea
682 5385 815 5441 quae
836 5370 939 5441 lib.
962 5369 1053 5441 De
1082 5369 1213 5441 Noe
1243 5375 1301 5422 et
1323 5368 1506 5437 Area,
1533 5385 1660 5438 cap.
1682 5368 1773 5441 8i,
1801 5384 1959 5421 num.

296 5440 422 5513 117,
457 5456 686 5513 necnon
726 5440 899 5513 Apol.
944 5440 1159 5495 David.
1195 5456 1321 5513 cap.
1356 5440 1442 5509 13,
1476 5456 1634 5493 num.
1669 5440 1757 5513 62,
1790 5443 1965 5509 atque

294 5512 444 5636 alibi
480 5512 541 5565 in
600 5511 872 5568 eumdem
930 5527 1176 5567 sensum
1237 5511 1635 5580 disseruntur,
1688 5511 1841 5565 inter
1896 5524 1963 5564 se

299 5599 412 5636 con
442 5598 600 5636 eras.

299 5598 600 5639 0011161118.

368 5654 485 5724 (97)
516 5654 688 5726 Rom.
731 5654 893 5726 edit,,
929 5678 952 5703 α
990 5653 1321 5726 impietates
1351 5652 1426 5707 ad
1454 5651 1961 5721 misericordiam;

297 5740 371 5782 eo
404 5724 585 5795 quod,
615 5730 727 5781 etc.
765 5750 787 5775 ι.

316 5858 321 5859 ,
370 5794 483 5871 (98)
513 5794 811 5858 NOnnulla
838 5798 900 5857 in
932 5797 1117 5875 hujus
1148 5795 1416 5873 epistolae
1457 5794 1680 5853 calcem
1709 5795 1966 5853 Ambro-

1961 3274 2015 3343 ο

2013 753 2264 809 quorum
2292 738 2567 792 remissae
2602 741 2740 792 sunt
2771 740 3128 809 iniquitates,
3163 743 3221 793 et
3246 755 3497 811 quorum
3528 744 3681 796 tecta

2015 829 2153 881 sunt
2181 829 2422 896 peccata
2444 826 2633 895 (Psal.
2654 843 2819 897 χχχι,
2853 826 2947 895 2)!
2988 852 3008 875 η
3041 829 3170 882 Alia
3201 829 3355 883 enim
3388 830 3679 901 sanguine

2015 914 2148 969 Filii
2178 915 2263 969 tui
2294 915 2508 984 abluis,
2543 916 2655 969 alia
2688 916 2874 970 donas
2914 917 3124 987 nobis;
3175 921 3237 972 ut
3274 918 3449 973 bonis
3482 919 3680 990 operi-

2016 1004 2133 1058 bus
2182 1006 2239 1058 et
2286 1002 2773 1061 confessionibus
2830 1010 3072 1061 nostros
3121 1022 3358 1062 errores
3408 1010 3680 1079 tegemus

2020 1092 2152 1162 (96).
2213 1091 2379 1157 Quod
2440 1108 2587 1165 ergo
2641 1094 2752 1148 ait:
2809 1116 2831 1143 ι
2887 1095 3180 1150 Auferens
3227 1099 3488 1168 peccata,
3526 1117 3548 1147 ι
3610 1098 3684 1153 ad

2019 1181 2439 1236 remissionem
2470 1183 2752 1253 pertinet;
2784 1184 2921 1256 quia
2949 1184 3184 1254 penitus
3215 1200 3282 1239 ea
3316 1186 3480 1256 tollit,
3515 1186 3594 1240 ita
3623 1188 3686 1242 ut

2020 1286 2139 1327 non
2169 1271 2288 1325 sint
2317 1286 2567 1342 quorum
2597 1287 2824 1327 memor
2855 1288 2973 1328 non
3018 1274 3147 1328 erit.
3189 1272 3355 1339 Quod
3393 1290 3537 1331 vero
3568 1274 3686 1331 ait:

2029 1380 2053 1405 α
2086 1359 2483 1416 Transferens
2514 1361 2857 1436 iniquitates
2888 1361 3002 1432 (9'1)
3027 1378 3042 1432 ;
3075 1378 3147 1417 eo
3169 1364 3324 1434 quod
3344 1363 3692 1418 conﬁtendi-

2020 1447 2138 1503 bus
2176 1449 2353 1507 nobis
2391 1449 2598 1521 lapsus
2637 1455 2901 1523 nostros,
2942 1455 3000 1506 et
3041 1452 3535 1508 obumbrantibus
3583 1467 3691 1509 eos

2021 1535 2197 1592 bonai
2245 1539 2610 1610 operationis
2659 1539 2853 1595 fructu
2906 1540 3242 1597 referantur
3279 1542 3341 1597 in
3389 1545 3692 1598 auctorem

2027 1625 2237 1695 culpae,
2272 1630 2329 1680 et
2356 1628 2587 1697 peccati
2609 1627 2995 1685 ineentorem.
3020 1629 3171 1695 Quid
3194 1631 3529 1711 enim‘aliud
3547 1632 3690 1704 agit,

2027 1715 2130 1789 qui
2167 1714 2400 1787 culpam
2440 1715 2674 1785 fatetur,
2719 1717 2837 1771 nisi
2879 1717 2945 1772 ut
2987 1718 3363 1775 adversantis
3416 1721 3695 1793 nequitias

2029 1802 2318 1874 spiritalis
2348 1802 2484 1859 dolo
2516 1819 2582 1859 se
2612 1806 2670 1861 et
2697 1805 2918 1859 malitia
2937 1807 3346 1863 transductum
3375 1809 3626 1880 probet?

2101 1891 2191 1946 24.
2221 1892 2286 1946 In
2316 1907 2386 1947 eo
2416 1892 2612 1964 itaque
2646 1893 2871 1965 gratias
2902 1894 3025 1966 agit
3054 1898 3247 1950 anima
3278 1896 3426 1968 ista;
3476 1897 3614 1969 quia
3642 1898 3701 1952 et

2033 1980 2222 2036 aufert
2257 1981 2543 2036 Dominus
2573 1985 2834 2054 peccata,
2860 1988 2919 2039 et
2942 1984 3225 2039 transfert
3255 1985 3617 2057 iniquitates,
3643 1989 3702 2042 et

2033 2070 2327 2141 demergit
2372 2070 2432 2125 in
2477 2070 2772 2141 profundo
2818 2073 3022 2127 maris.
3068 2071 3236 2137 Quod
3284 2077 3480 2144 potest
3531 2078 3590 2130 et
3628 2074 3701 2129 ad

2035 2158 2393 2228 baptismum
2423 2159 2655 2229 referri,
2690 2175 2807 2230 quo
2845 2160 3171 2232 Egyptius
3217 2163 3526 2234 mergitur,
3559 2163 3703 2219 Haa-

2034 2247 2239 2302 braeus
2295 2247 2590 2319 resurgit:
2642 2252 2700 2302 et
2742 2264 2858 2319 quo
2908 2249 3217 2305 altitudine
3265 2252 3593 2322 sapientiae,
3647 2255 3706 2307 et

2035 2336 2328 2391 bonorum
2347 2351 2589 2406 operum
2603 2336 2960 2391 abundantia
2974 2340 3251 2410 tegantur
3266 2342 3509 2409 peccata
3527 2356 3704 2412 supe-

2035 2425 2216 2495 riora,
2266 2441 2373 2496 per
2415 2425 2651 2479 divitias
2707 2426 3140 2483 misericordiae
3187 2428 3292 2483 Dei
3340 2430 3552 2500 nostri,
3603 2428 3704 2501 qui

2037 2530 2266 2570 memor
2291 2514 2713 2584 promissionis
2745 2530 2893 2584 sua},
2939 2531 3115 2586 quam
3149 2517 3393 2572 dederat
3423 2517 3702 2590 Abrahae,

2039 2603 2338 2658 haeredem
2369 2602 2504 2673 ejus
2535 2604 2791 2657 animam
2820 2619 2939 2658 non
2967 2609 3060 2659 est
3090 2622 3311 2676 passus
3340 2607 3557 2678 perire.

2108 2692 2199 2748 25.
2226 2692 2295 2746 Et
2311 2692 2409 2745 illa
2427 2692 2663 2763 quidem
2685 2694 2879 2748 anima
2898 2691 3014 2750 hoc
3035 2700 3352 2750 revocatur
3381 2695 3705 2768 modo(98).

2039 2781 2127 2836 Tu
2160 2785 2373 2850 autem,
2408 2781 2510 2850 fili,
2545 2782 2646 2853 qui
2677 2799 2710 2836 a
2742 2782 2930 2853 primo
2961 2784 3106 2839 ﬂore
3126 2785 3394 2855 pueritia;
3412 2800 3479 2840 es
3510 2786 3709 2840 haeres

2042 2870 2355 2941 Ecclesiae,
2387 2886 2522 2942 quae
2550 2874 2606 2925 te
2638 2873 2905 2942 suscepit
2935 2876 2991 2927 et
3028 2876 3207 2943 tenet,
3238 2878 3621 2945 perseverato
3650 2875 3711 2928 in

2039 2961 2366 3032 proposito,
2401 2975 2625 3015 memor
2653 2961 2860 3032 gratia)
2892 2962 2998 3016 Dei
3028 2966 3086 3017 et
3116 2964 3381 3019 muneris
3413 2964 3571 3037 quod
3602 2979 3714 3035 per

2042 3049 2479 3120 impositionem
2513 3050 2835 3119 suscepisti
2865 3067 3144 3106 manuum
3175 3068 3459 3121 mearum,
3484 3055 3622 3108 utet
3651 3052 3712 3107 in

2044 3138 2157 3193 hoc
2198 3138 2407 3210 gradu,
2442 3138 2597 3193 sicut
2636 3140 2697 3192 in
2734 3139 3063 3194 ministerio
3105 3155 3299 3210 sacro,
3334 3141 3509 3195 fidem
3552 3144 3712 3195 tuam

2045 3228 2419 3283 demonstres
2449 3230 2623 3298 atque
2654 3228 3023 3298 industriam,
3058 3231 3115 3283 et
3155 3234 3471 3300 exspectes
3509 3244 3712 3285 remu-

2046 3318 2412 3372 nerationem
2440 3316 2672 3371 Domini
2701 3316 2868 3371 Jesu.
2901 3317 3065 3389 Vale,
3098 3321 3154 3372 et
3182 3334 3294 3373 nos
3324 3321 3387 3374 ut
3407 3318 3567 3374 filius
3588 3318 3713 3373 dili-

2046 3422 2157 3479 ge;
2197 3405 2334 3477 quia
2364 3421 2476 3461 nos
2514 3409 2569 3460 te
2599 3405 2924 3477 diligimus.

2566 3547 2935 3604 EPISTOLA
2978 3549 3194 3605 LXXI.

2048 3674 2197 3729 Post
2222 3673 2421 3747 varios
2443 3672 2687 3747 gradus,
2713 3673 2882 3747 queis
2901 3674 3094 3728 anima
3116 3674 3279 3745 lapsa
3297 3689 3434 3730 sese
3446 3680 3713 3747 reparat,

2121 3761 2300 3816 supra
2345 3745 2702 3816 descriptos,
2751 3746 2850 3799 bic
2894 3747 3103 3800 animus
3152 3746 3352 3801 fidelis
3388 3762 3421 3802 θ
3472 3745 3719 3802 Christo

2122 3815 2439 3887 sueccptio,
2475 3815 2737 3871 eruditio
2765 3822 2823 3871 et
2864 3819 3284 3873 consummatio
3321 3818 3715 3873 considerau-

2125 3894 2252 3953 tur;
2285 3887 2737 3968 estauditurque
2768 3888 2829 3941 in
2867 3887 3099 3941 Christi
3138 3889 3466 3968 itineribus
3492 3889 3717 3968 divor-

2124 3974 2224 4014 sos
2255 3958 2519 4029 ejusdem
2551 3958 2762 4012 animae
2783 3974 3150 4030 progressus
3190 3960 3521 4033 designari.

2491 4083 2835 4139 Annnosws
2875 4083 3281 4141 Honos-nano.

2129 4209 2179 4263 1.
2203 4208 2521 4278 Superiora
2539 4207 2789 4278 epistola
2813 4208 2884 4263 de
2906 4224 2974 4264 ea
2995 4210 3188 4264 anima
3208 4224 3545 4266 sermonem
3576 4224 3722 4264 con-

2001 4330 2009 4339 ι
2054 4298 2300 4353 tulimus
2315 4294 2450 4368 (99),
2466 4313 2599 4369 quae
2622 4297 2851 4352 itineris
2865 4299 2959 4353 sui
2981 4298 3189 4353 devios
3207 4299 3439 4370 aliquos
3453 4298 3724 4353 habuerit

2057 4386 2382 4457 anfractus,
2422 4390 2486 4441 ut
2522 4390 2695 4441 vetus
2735 4386 2921 4441 Israel
2962 4387 3292 4442 secundum
3330 4402 3571 4442 carnem
3610 4386 3724 4441 flu-

2061 4581 2742 4664 siu.s.nosterneonjecit,.
2769 4596 2901 4664 quae
2933 4584 3200 4664 Spectant
3239 4581 3589 4664 Horontiani
3620 4597 3725 4664 co-

2108 4724 3047 4794 cateducatumatqueinstitutum
3062 4724 3252 4795 fuisse
3276 4725 3428 4779 inter
3449 4724 3722 4795 clericos,

2107 4796 2553 4852 uemadmodum
2587 4796 2724 4849 olim
2756 4809 2973 4864 pueros
3005 4794 3076 4847 ad
3117 4795 3582 4849 ecclesiasticam
3615 4798 3727 4851 mi-

2066 4866 2247 4923 litiam
2278 4868 2605 4921 destinatos
2638 4867 3052 4935 consuevisse,
3079 4868 3148 4919 ad
3184 4866 3282 4919 lib.
3310 4884 3348 4919 ιι
3373 4867 3459 4921 De
3479 4868 3724 4932 Pwuit.,

2067 4956 2195 5009 cap.
2238 4939 2290 5005 8,
2325 4954 2485 4991 num.
2518 4937 2606 5005 72,
2639 4937 3113 4991 observavimus.
3159 4938 3380 4992 Deinde
3420 4954 3553 4993 cum
3596 4955 3730 4996 eum

2066 5010 2443 5079 impositione
2466 5023 2741 5079 manuum
2763 5023 3003 5061 suarum
3023 5013 3316 5062 sacratum
3332 5009 3493 5079 dicit,
3512 5011 3731 5064 Medio-

2068 5078 2370 5135 lanensem
2394 5080 2671 5132 clericum
2715 5078 2904 5133 fuisse
2936 5081 3081 5133 satis
3114 5080 3391 5135 declarat.
3420 5078 3730 5135 Pestremo

2072 5152 2341 5207 eumdem
2389 5150 2561 5204 fidem
2603 5166 2771 5204 suam
2810 5154 3256 5204 demonstrasse
3297 5152 3355 5205 in
3397 5153 3728 5221 diaeonatu,

2073 5224 2326 5293 indeque
2356 5221 2429 5294 ad
2469 5221 2732 5294 altiorem
2771 5224 3120 5291 pervenisse
3160 5223 3407 5294 gradum
3446 5224 3731 5294 testifica-

2071 5299 2196 5363 tur;
2236 5292 2717 5363 quandoquidem
2761 5298 2821 5347 ut
2859 5310 3030 5364 quam
3072 5292 3245 5347 fidem
3282 5294 3448 5363 prius
3477 5295 3534 5347 in
3566 5314 3590 5364 φ
3629 5292 3733 5345 mi-

2073 5362 2321 5420 nisterio
2354 5362 2549 5433 sacro,
2586 5387 2607 5411 n
2654 5364 2710 5417 id
2750 5367 2842 5418 est
2874 5362 3205 5432 diaconatu,
3240 5362 3363 5434 pra:
3399 5380 3464 5419 se
3498 5362 3731 5434 tulerat,

2074 5453 2202 5492 eam
2235 5451 2469 5507 quoque
2499 5436 2557 5488 in
2593 5457 2615 5481 α
2650 5434 2760 5489 hoc
2795 5436 2983 5507 gradu
3016 5459 3036 5484 ιι
3073 5452 3195 5507 quo,
3234 5433 3371 5489 tunc
3417 5433 3732 5507 eminebzg,

2075 5508 2231 5562 haud
2253 5502 2431 5561 dubie
2455 5502 3115 5573 sacerdotio'exhibeat',
3149 5506 3223 5559 ab
3255 5521 3324 5559 eo
3354 5504 3631 5573 exigitur.
3666 5502 3740 5557 Et

2076 5579 2215 5633 hinc
2237 5578 2642 5649 conjecturam
2665 5593 2781 5633 non
2800 5578 2989 5632 levem
3006 5577 3426 5649 ducas,_ipsum
3451 5574 3738 5649 Ecclesia)

2079 5644 2416 5720 cujuspiain
2455 5653 2622 5704 extra
2662 5649 3055 5720 Mediolanum
3094 5644 3304 5716 positae
3343 5645 3617 5718 regimini
3665 5644 3740 5701 ab

2079 5718 2399 5776 Ambrosio
2430 5723 2637 5775 nostro
2668 5720 2860 5775 fuisse
2890 5718 3254 5789 praefectum.

2152 5792 2266 5869 (99)
2300 5793 2470 5850 Rom.
2504 5791 2643 5855 edit.
2678 5791 2825 5864 sola,
2865 5788 3260 5846 {sermonem
3291 5788 3679 5847 confecimus.
3716 5810 3738 5843 ιο

1971 4646 2026 4709 D
2108 4655 2407 4709 nitionem.
2431 4646 2629 4707 Primo
2651 4646 2805 4706 enini
2827 4646 2987 4705 illum
3012 4653 3085 4705 ab
3109 4653 3237 4723 ipsa
3259 4654 3508 4722 pueritia
3531 4654 3724 4726 signi-

2063 4672 3047 4782 ﬁcateducatumatqueinstitutum
3063 4724 3252 4777 fuisse
3276 4725 3428 4779 inter
3449 4725 3722 4782 clericos.

2085 4745 2100 4781 l

2064 4815 2097 4868 q
