  <div class='ocr_page' id='page_1' title='image "/cluster/home/n/w/nwhite01/storage/ocr_20150623/16/hvd.32044096580444/653.png"; bbox 0 0 4098 6178; ppageno 0'>
   <div class='ocr_carea' id='block_1_1' title="bbox 449 331 605 397">
    <p class='ocr_par' dir='ltr' id='par_1_1' title="bbox 449 331 605 397">
     <span class='ocr_line' id='line_1_1' title="bbox 449 331 605 397; baseline 0 0"><span class='ocrx_word' id='word_1_1' title='bbox 449 331 605 397; x_wconf 79' lang='grc'>1295</span> 
     </span>
    </p>
   </div>
   <div class='ocr_carea' id='block_1_2' title="bbox 1911 328 2481 401">
    <p class='ocr_par' dir='ltr' id='par_1_2' title="bbox 1911 328 2481 401">
     <span class='ocr_line' id='line_1_2' title="bbox 1911 328 2481 401; baseline 0.016 -9"><span class='ocrx_word' id='word_1_2' title='bbox 1911 330 1977 394; x_wconf 88' lang='lat' dir='ltr'><strong>S.</strong></span> <span class='ocrx_word' id='word_1_3' title='bbox 2034 328 2481 401; x_wconf 60' lang='lat' dir='ltr'><strong>AMBROSII:</strong></span> 
     </span>
    </p>
   </div>
   <div class='ocr_carea' id='block_1_3' title="bbox 3699 333 3830 405">
    <p class='ocr_par' dir='ltr' id='par_1_3' title="bbox 3699 333 3830 405">
     <span class='ocr_line' id='line_1_3' title="bbox 3699 333 3830 405; baseline 0.038 -5"><span class='ocrx_word' id='word_1_4' title='bbox 3699 333 3830 405; x_wconf 63' lang='lat'><strong>12%</strong></span> 
     </span>
    </p>
   </div>
   <div class='ocr_carea' id='block_1_4' title="bbox 454 510 3836 603">
    <p class='ocr_par' dir='ltr' id='par_1_4' title="bbox 454 510 3836 603">
     <span class='ocr_line' id='line_1_4' title="bbox 454 510 3836 603; baseline 0.001 -16"><span class='ocrx_word' id='word_1_5' title='bbox 454 532 708 601; x_wconf 89' lang='lat' dir='ltr'><strong>otuans;</strong></span> <span class='ocrx_word' id='word_1_6' title='bbox 742 527 883 601; x_wconf 91' lang='lat' dir='ltr'><strong>quia</strong></span> <span class='ocrx_word' id='word_1_7' title='bbox 910 527 970 584; x_wconf 88' lang='lat' dir='ltr'><strong>et</strong></span> <span class='ocrx_word' id='word_1_8' title='bbox 995 528 1128 600; x_wconf 89' lang='lat' dir='ltr'><strong>ipse</strong></span> <span class='ocrx_word' id='word_1_9' title='bbox 1159 526 1510 585; x_wconf 80' lang='lat' dir='ltr'><strong>liberabitur</strong></span> <span class='ocrx_word' id='word_1_10' title='bbox 1536 543 1648 601; x_wconf 91' lang='lat' dir='ltr'><strong>per</strong></span> <span class='ocrx_word' id='word_1_11' title='bbox 1673 510 1910 584; x_wconf 83' lang='lat' dir='ltr'><strong>Domini</strong></span> <span class='ocrx_word' id='word_1_12' title='bbox 1939 527 2127 584; x_wconf 82' lang='lat' dir='ltr'><strong>nostri</strong></span> <span class='ocrx_word' id='word_1_13' title='bbox 2145 512 2198 577; x_wconf 70' lang='grc' dir='ltr'><strong>Α</strong></span> <span class='ocrx_word' id='word_1_14' title='bbox 2234 529 2419 603; x_wconf 84' lang='lat' dir='ltr'><strong>hujus</strong></span> <span class='ocrx_word' id='word_1_15' title='bbox 2436 532 2493 586; x_wconf 90' lang='lat' dir='ltr'><strong>et</strong></span> <span class='ocrx_word' id='word_1_16' title='bbox 2515 529 2845 602; x_wconf 84' lang='lat' dir='ltr'><strong>procellas;</strong></span> <span class='ocrx_word' id='word_1_17' title='bbox 2865 529 3003 603; x_wconf 87' lang='lat' dir='ltr'><strong>quia</strong></span> <span class='ocrx_word' id='word_1_18' title='bbox 3023 529 3203 588; x_wconf 88' lang='lat' dir='ltr'><strong>habet</strong></span> <span class='ocrx_word' id='word_1_19' title='bbox 3219 528 3491 588; x_wconf 77' lang='lat' dir='ltr'><strong>Christus</strong></span> <span class='ocrx_word' id='word_1_20' title='bbox 3507 547 3673 590; x_wconf 85' lang='lat' dir='ltr'><strong>naves</strong></span> <span class='ocrx_word' id='word_1_21' title='bbox 3687 533 3836 593; x_wconf 83' lang='lat' dir='ltr'><strong>Thar-</strong></span> 
     </span>
    </p>
   </div>
   <div class='ocr_carea' id='block_1_5' title="bbox 453 617 2126 691">
    <p class='ocr_par' dir='ltr' id='par_1_5' title="bbox 453 617 2126 691">
     <span class='ocr_line' id='line_1_5' title="bbox 453 617 2126 691; baseline -0.002 -15"><span class='ocrx_word' id='word_1_22' title='bbox 453 620 602 677; x_wconf 77' lang='lat' dir='ltr'><strong>Jesu</strong></span> <span class='ocrx_word' id='word_1_23' title='bbox 639 617 862 674; x_wconf 83' lang='lat' dir='ltr'><strong>Christi</strong></span> <span class='ocrx_word' id='word_1_24' title='bbox 912 618 1182 691; x_wconf 77' lang='lat' dir='ltr'><strong>gratiam,</strong></span> <span class='ocrx_word' id='word_1_25' title='bbox 1231 638 1255 669; x_wconf 74' lang='grc' dir='ltr'><strong>ι</strong></span> <span class='ocrx_word' id='word_1_26' title='bbox 1300 634 1435 674; x_wconf 92' lang='lat' dir='ltr'><strong>cum</strong></span> <span class='ocrx_word' id='word_1_27' title='bbox 1482 619 1787 673; x_wconf 80' lang='lat' dir='ltr'><strong>intraverit</strong></span> <span class='ocrx_word' id='word_1_28' title='bbox 1824 618 2126 688; x_wconf 87' lang='lat' dir='ltr'><strong>plenitudo</strong></span> 
     </span>
    </p>
   </div>
   <div class='ocr_carea' id='block_1_6' title="bbox 454 698 2126 782">
    <p class='ocr_par' dir='ltr' id='par_1_6' title="bbox 454 698 2126 782">
     <span class='ocr_line' id='line_1_6' title="bbox 454 698 2126 782; baseline -0.003 -17"><span class='ocrx_word' id='word_1_29' title='bbox 454 707 721 782; x_wconf 86' lang='lat' dir='ltr'><strong>gentium</strong></span> <span class='ocrx_word' id='word_1_30' title='bbox 752 708 949 779; x_wconf 81' lang='lat' dir='ltr'><strong>(Rom.</strong></span> <span class='ocrx_word' id='word_1_31' title='bbox 979 724 1062 778; x_wconf 73' lang='grc' dir='ltr'><strong>χι,</strong></span> <span class='ocrx_word' id='word_1_32' title='bbox 1095 707 1215 777; x_wconf 85' lang='grc'>25);</span> <span class='ocrx_word' id='word_1_33' title='bbox 1270 730 1293 755; x_wconf 76' lang='grc' dir='ltr'><strong>ι»</strong></span> <span class='ocrx_word' id='word_1_34' title='bbox 1342 707 1481 763; x_wconf 92' lang='lat' dir='ltr'><strong>licet</strong></span> <span class='ocrx_word' id='word_1_35' title='bbox 1516 706 1631 762; x_wconf 86' lang='lat' dir='ltr'><strong>ista</strong></span> <span class='ocrx_word' id='word_1_36' title='bbox 1666 705 1892 762; x_wconf 85' lang='lat' dir='ltr'><strong>leviore</strong></span> <span class='ocrx_word' id='word_1_37' title='bbox 1935 698 2126 760; x_wconf 83' lang='lat'><strong>1069</strong></span> 
     </span>
    </p>
   </div>
   <div class='ocr_carea' id='block_1_7' title="bbox 455 794 2128 867">
    <p class='ocr_par' dir='ltr' id='par_1_7' title="bbox 455 794 2128 867">
     <span class='ocr_line' id='line_1_7' title="bbox 455 794 2128 867; baseline -0.002 -13"><span class='ocrx_word' id='word_1_38' title='bbox 455 813 661 854; x_wconf 90' lang='lat' dir='ltr'><strong>errore</strong></span> <span class='ocrx_word' id='word_1_39' title='bbox 683 796 1080 854; x_wconf 85' lang='lat' dir='ltr'><strong>conversione</strong></span> <span class='ocrx_word' id='word_1_40' title='bbox 1110 794 1190 867; x_wconf 93' lang='grc'><strong>(1)</strong></span> <span class='ocrx_word' id='word_1_41' title='bbox 1220 810 1360 851; x_wconf 90' lang='lat' dir='ltr'><strong>sese</strong></span> <span class='ocrx_word' id='word_1_42' title='bbox 1381 796 1813 851; x_wconf 86' lang='lat' dir='ltr'><strong>reformaverit.</strong></span> <span class='ocrx_word' id='word_1_43' title='bbox 1838 796 1966 850; x_wconf 90' lang='lat' dir='ltr'><strong>Hac</strong></span> <span class='ocrx_word' id='word_1_44' title='bbox 1986 810 2128 850; x_wconf 92' lang='lat' dir='ltr'><strong>vero</strong></span> 
     </span>
    </p>
   </div>
   <div class='ocr_carea' id='block_1_8' title="bbox 453 885 2131 959">
    <p class='ocr_par' dir='ltr' id='par_1_8' title="bbox 453 885 2131 959">
     <span class='ocr_line' id='line_1_8' title="bbox 453 885 2131 959; baseline -0.002 -17"><span class='ocrx_word' id='word_1_45' title='bbox 453 886 704 959; x_wconf 90' lang='lat' dir='ltr'><strong>epistola</strong></span> <span class='ocrx_word' id='word_1_46' title='bbox 746 887 819 942; x_wconf 91' lang='lat' dir='ltr'><strong>de</strong></span> <span class='ocrx_word' id='word_1_47' title='bbox 859 885 1149 941; x_wconf 72' lang='lat' dir='ltr'><strong>Ecclesim</strong></span> <span class='ocrx_word' id='word_1_48' title='bbox 1189 885 1309 940; x_wconf 86' lang='lat' dir='ltr'><strong>ﬁlia</strong></span> <span class='ocrx_word' id='word_1_49' title='bbox 1346 886 1523 942; x_wconf 92' lang='lat' dir='ltr'><strong>nobis</strong></span> <span class='ocrx_word' id='word_1_50' title='bbox 1567 901 1765 941; x_wconf 88' lang='lat' dir='ltr'><strong>sermo</strong></span> <span class='ocrx_word' id='word_1_51' title='bbox 1811 885 1908 954; x_wconf 86' lang='lat' dir='ltr'><strong>sit,</strong></span> <span class='ocrx_word' id='word_1_52' title='bbox 1952 900 2131 955; x_wconf 91' lang='lat' dir='ltr'><strong>quam</strong></span> 
     </span>
    </p>
   </div>
   <div class='ocr_carea' id='block_1_9' title="bbox 350 974 2126 1047">
    <p class='ocr_par' dir='ltr' id='par_1_9' title="bbox 350 974 2126 1047">
     <span class='ocr_line' id='line_1_9' title="bbox 350 974 2126 1047; baseline -0.002 -16"><span class='ocrx_word' id='word_1_53' title='bbox 350 976 356 989; x_wconf 83' lang='lat'>‘</span> <span class='ocrx_word' id='word_1_54' title='bbox 454 976 744 1032; x_wconf 89' lang='lat' dir='ltr'><strong>Dominus</strong></span> <span class='ocrx_word' id='word_1_55' title='bbox 784 976 967 1031; x_wconf 80' lang='lat' dir='ltr'><strong>Jesus</strong></span> <span class='ocrx_word' id='word_1_56' title='bbox 1007 974 1505 1047; x_wconf 87' lang='lat' dir='ltr'><strong>quemadmodum</strong></span> <span class='ocrx_word' id='word_1_57' title='bbox 1538 974 1730 1045; x_wconf 91' lang='lat' dir='ltr'><strong>primo</strong></span> <span class='ocrx_word' id='word_1_58' title='bbox 1771 975 2126 1044; x_wconf 87' lang='lat' dir='ltr'><strong>susceperit,</strong></span> 
     </span>
    </p>
   </div>
   <div class='ocr_carea' id='block_1_10' title="bbox 456 1062 2131 1136">
    <p class='ocr_par' dir='ltr' id='par_1_10' title="bbox 456 1062 2131 1136">
     <span class='ocr_line' id='line_1_10' title="bbox 456 1062 2131 1136; baseline -0.003 -15"><span class='ocrx_word' id='word_1_59' title='bbox 456 1065 758 1136; x_wconf 79' lang='lat' dir='ltr'><strong>erudierit,</strong></span> <span class='ocrx_word' id='word_1_60' title='bbox 792 1063 1293 1120; x_wconf 86' lang='lat' dir='ltr'><strong>consummaverit</strong></span> <span class='ocrx_word' id='word_1_61' title='bbox 1323 1064 1384 1118; x_wconf 87' lang='lat' dir='ltr'><strong>in</strong></span> <span class='ocrx_word' id='word_1_62' title='bbox 1416 1080 1527 1119; x_wconf 90' lang='lat' dir='ltr'><strong>suo</strong></span> <span class='ocrx_word' id='word_1_63' title='bbox 1560 1062 1907 1136; x_wconf 86' lang='lat' dir='ltr'><strong>Evangelio,</strong></span> <span class='ocrx_word' id='word_1_64' title='bbox 1932 1063 2131 1119; x_wconf 91' lang='lat' dir='ltr'><strong>consi-</strong></span> 
     </span>
    </p>
   </div>
   <div class='ocr_carea' id='block_1_11' title="bbox 457 1155 758 1210">
    <p class='ocr_par' dir='ltr' id='par_1_11' title="bbox 457 1155 758 1210">
     <span class='ocr_line' id='line_1_11' title="bbox 457 1155 758 1210; baseline 0.003 -1"><span class='ocrx_word' id='word_1_65' title='bbox 457 1155 758 1210; x_wconf 84' lang='lat' dir='ltr'><strong>daremus.</strong></span> 
     </span>
    </p>
   </div>
   <div class='ocr_carea' id='block_1_12' title="bbox 528 1240 2131 1315">
    <p class='ocr_par' dir='ltr' id='par_1_12' title="bbox 528 1240 2131 1315">
     <span class='ocr_line' id='line_1_12' title="bbox 528 1240 2131 1315; baseline -0.001 -18"><span class='ocrx_word' id='word_1_66' title='bbox 528 1241 583 1299; x_wconf 87' lang='grc'>2.</span> <span class='ocrx_word' id='word_1_67' title='bbox 618 1242 897 1315; x_wconf 84' lang='lat' dir='ltr'><strong>Suscepit</strong></span> <span class='ocrx_word' id='word_1_68' title='bbox 922 1243 1120 1315; x_wconf 85' lang='lat' dir='ltr'><strong>itaque</strong></span> <span class='ocrx_word' id='word_1_69' title='bbox 1144 1256 1274 1297; x_wconf 90' lang='lat' dir='ltr'><strong>eam</strong></span> <span class='ocrx_word' id='word_1_70' title='bbox 1302 1241 1493 1313; x_wconf 89' lang='lat' dir='ltr'><strong>primo</strong></span> <span class='ocrx_word' id='word_1_71' title='bbox 1523 1241 1799 1297; x_wconf 87' lang='lat' dir='ltr'><strong>tuendam</strong></span> <span class='ocrx_word' id='word_1_72' title='bbox 1826 1241 1887 1297; x_wconf 92' lang='lat' dir='ltr'><strong>in</strong></span> <span class='ocrx_word' id='word_1_73' title='bbox 1918 1240 2131 1297; x_wconf 88' lang='lat' dir='ltr'><strong>confu-</strong></span> 
     </span>
    </p>
   </div>
   <div class='ocr_carea' id='block_1_13' title="bbox 465 1329 2133 1404">
    <p class='ocr_par' dir='ltr' id='par_1_13' title="bbox 465 1329 2133 1404">
     <span class='ocr_line' id='line_1_13' title="bbox 465 1329 2133 1404; baseline -0.004 -14"><span class='ocrx_word' id='word_1_74' title='bbox 465 1332 636 1390; x_wconf 82' lang='lat' dir='ltr'><strong>sione</strong></span> <span class='ocrx_word' id='word_1_75' title='bbox 663 1332 961 1404; x_wconf 85' lang='lat' dir='ltr'><strong>positam;</strong></span> <span class='ocrx_word' id='word_1_76' title='bbox 1003 1330 1176 1388; x_wconf 87' lang='lat' dir='ltr'><strong>exsul</strong></span> <span class='ocrx_word' id='word_1_77' title='bbox 1218 1332 1376 1387; x_wconf 89' lang='lat' dir='ltr'><strong>enim</strong></span> <span class='ocrx_word' id='word_1_78' title='bbox 1417 1330 1682 1402; x_wconf 87' lang='lat' dir='ltr'><strong>paradisi</strong></span> <span class='ocrx_word' id='word_1_79' title='bbox 1721 1329 1898 1402; x_wconf 85' lang='lat' dir='ltr'><strong>(Gen.</strong></span> <span class='ocrx_word' id='word_1_80' title='bbox 1928 1347 2010 1402; x_wconf 85' lang='grc' dir='ltr'><strong>ιιι,</strong></span> <span class='ocrx_word' id='word_1_81' title='bbox 2043 1329 2133 1401; x_wconf 78' lang='grc'>23)</span> 
     </span>
    </p>
   </div>
   <div class='ocr_carea' id='block_1_14' title="bbox 459 1419 2133 1493">
    <p class='ocr_par' dir='ltr' id='par_1_14' title="bbox 459 1419 2133 1493">
     <span class='ocr_line' id='line_1_14' title="bbox 459 1419 2133 1493; baseline -0.002 -16"><span class='ocrx_word' id='word_1_82' title='bbox 459 1421 566 1477; x_wconf 92' lang='lat' dir='ltr'><strong>ubi</strong></span> <span class='ocrx_word' id='word_1_83' title='bbox 586 1420 705 1476; x_wconf 90' lang='lat' dir='ltr'><strong>nisi</strong></span> <span class='ocrx_word' id='word_1_84' title='bbox 725 1421 787 1476; x_wconf 93' lang='lat' dir='ltr'><strong>in</strong></span> <span class='ocrx_word' id='word_1_85' title='bbox 809 1420 1161 1477; x_wconf 87' lang='lat' dir='ltr'><strong>confusione</strong></span> <span class='ocrx_word' id='word_1_86' title='bbox 1182 1421 1428 1493; x_wconf 80' lang='lat' dir='ltr'><strong>degeret</strong></span> <span class='ocrx_word' id='word_1_87' title='bbox 1439 1422 1634 1475; x_wconf 89' lang='lat' dir='ltr'><strong>anima</strong></span> <span class='ocrx_word' id='word_1_88' title='bbox 1654 1419 2133 1491; x_wconf 85' lang='lat' dir='ltr'><strong>uniuscujusque</strong></span> 
     </span>
    </p>
   </div>
   <div class='ocr_carea' id='block_1_15' title="bbox 459 1509 2129 1583">
    <p class='ocr_par' dir='ltr' id='par_1_15' title="bbox 459 1509 2129 1583">
     <span class='ocr_line' id='line_1_15' title="bbox 459 1509 2129 1583; baseline -0.001 -17"><span class='ocrx_word' id='word_1_89' title='bbox 459 1509 722 1567; x_wconf 87' lang='lat' dir='ltr'><strong>hominis</strong></span> <span class='ocrx_word' id='word_1_90' title='bbox 742 1512 771 1566; x_wconf 73' lang='lat'><strong>7</strong></span> <span class='ocrx_word' id='word_1_91' title='bbox 789 1510 1150 1583; x_wconf 86' lang='lat' dir='ltr'><strong>deduxitque</strong></span> <span class='ocrx_word' id='word_1_92' title='bbox 1172 1526 1301 1565; x_wconf 92' lang='lat' dir='ltr'><strong>eam</strong></span> <span class='ocrx_word' id='word_1_93' title='bbox 1321 1510 1383 1565; x_wconf 88' lang='lat' dir='ltr'><strong>in</strong></span> <span class='ocrx_word' id='word_1_94' title='bbox 1398 1509 1701 1565; x_wconf 86' lang='lat' dir='ltr'><strong>Bethleem</strong></span> <span class='ocrx_word' id='word_1_95' title='bbox 1717 1509 1959 1581; x_wconf 81' lang='lat' dir='ltr'><strong>(Matth.</strong></span> <span class='ocrx_word' id='word_1_96' title='bbox 1974 1526 2036 1580; x_wconf 88' lang='grc' dir='ltr'><strong>ιι,</strong></span> <span class='ocrx_word' id='word_1_97' title='bbox 2051 1509 2129 1580; x_wconf 71' lang='lat'><strong>1).</strong></span> 
     </span>
    </p>
   </div>
   <div class='ocr_carea' id='block_1_16' title="bbox 460 1597 2137 1671">
    <p class='ocr_par' dir='ltr' id='par_1_16' title="bbox 460 1597 2137 1671">
     <span class='ocr_line' id='line_1_16' title="bbox 460 1597 2137 1671; baseline -0.002 -16"><span class='ocrx_word' id='word_1_98' title='bbox 460 1598 594 1656; x_wconf 72' lang='grc' dir='ltr'><strong>,ιω</strong></span> <span class='ocrx_word' id='word_1_99' title='bbox 630 1598 936 1671; x_wconf 89' lang='lat' dir='ltr'><strong>profectus</strong></span> <span class='ocrx_word' id='word_1_100' title='bbox 975 1602 1275 1670; x_wconf 89' lang='lat' dir='ltr'><strong>susceptae</strong></span> <span class='ocrx_word' id='word_1_101' title='bbox 1306 1599 1519 1655; x_wconf 83' lang='lat' dir='ltr'><strong>animae</strong></span> <span class='ocrx_word' id='word_1_102' title='bbox 1548 1598 1942 1671; x_wconf 78' lang='lat' dir='ltr'><strong>significatur,</strong></span> <span class='ocrx_word' id='word_1_103' title='bbox 1975 1597 2137 1669; x_wconf 90' lang='lat' dir='ltr'><strong>quod</strong></span> 
     </span>
    </p>
   </div>
   <div class='ocr_carea' id='block_1_17' title="bbox 461 1686 2138 1760">
    <p class='ocr_par' dir='ltr' id='par_1_17' title="bbox 461 1686 2138 1760">
     <span class='ocr_line' id='line_1_17' title="bbox 461 1686 2138 1760; baseline -0.002 -16"><span class='ocrx_word' id='word_1_104' title='bbox 461 1689 734 1745; x_wconf 86' lang='lat' dir='ltr'><strong>ascendit</strong></span> <span class='ocrx_word' id='word_1_105' title='bbox 770 1689 845 1744; x_wconf 90' lang='lat' dir='ltr'><strong>ad</strong></span> <span class='ocrx_word' id='word_1_106' title='bbox 884 1688 1124 1744; x_wconf 89' lang='lat' dir='ltr'><strong>domum</strong></span> <span class='ocrx_word' id='word_1_107' title='bbox 1158 1688 1352 1760; x_wconf 88' lang='lat' dir='ltr'><strong>panis,</strong></span> <span class='ocrx_word' id='word_1_108' title='bbox 1393 1688 1456 1743; x_wconf 92' lang='lat' dir='ltr'><strong>in</strong></span> <span class='ocrx_word' id='word_1_109' title='bbox 1494 1703 1611 1759; x_wconf 87' lang='lat' dir='ltr'><strong>qua</strong></span> <span class='ocrx_word' id='word_1_110' title='bbox 1648 1686 1865 1742; x_wconf 89' lang='lat' dir='ltr'><strong>famem</strong></span> <span class='ocrx_word' id='word_1_111' title='bbox 1901 1686 2041 1741; x_wconf 79' lang='lat' dir='ltr'><strong>ﬁdei</strong></span> <span class='ocrx_word' id='word_1_112' title='bbox 2078 1689 2138 1742; x_wconf 91' lang='lat' dir='ltr'><strong>et</strong></span> 
     </span>
    </p>
   </div>
   <div class='ocr_carea' id='block_1_18' title="bbox 465 1776 2134 1848">
    <p class='ocr_par' dir='ltr' id='par_1_18' title="bbox 465 1776 2134 1848">
     <span class='ocr_line' id='line_1_18' title="bbox 465 1776 2134 1848; baseline -0.001 -16"><span class='ocrx_word' id='word_1_113' title='bbox 465 1776 836 1832; x_wconf 82' lang='lat' dir='ltr'><strong>sterilitatem</strong></span> <span class='ocrx_word' id='word_1_114' title='bbox 850 1776 1099 1831; x_wconf 89' lang='lat' dir='ltr'><strong>nesciat.</strong></span> <span class='ocrx_word' id='word_1_115' title='bbox 1114 1777 1199 1831; x_wconf 91' lang='lat' dir='ltr'><strong>De</strong></span> <span class='ocrx_word' id='word_1_116' title='bbox 1212 1778 1553 1832; x_wconf 90' lang='lat' dir='ltr'><strong>nostrarum</strong></span> <span class='ocrx_word' id='word_1_117' title='bbox 1571 1776 1899 1830; x_wconf 89' lang='lat' dir='ltr'><strong>animarum</strong></span> <span class='ocrx_word' id='word_1_118' title='bbox 1913 1789 2134 1848; x_wconf 79' lang='lat' dir='ltr'><strong>genere</strong></span> 
     </span>
    </p>
   </div>
   <div class='ocr_carea' id='block_1_19' title="bbox 465 1864 2208 1958">
    <p class='ocr_par' dir='ltr' id='par_1_19' title="bbox 465 1864 2208 1958">
     <span class='ocr_line' id='line_1_19' title="bbox 465 1864 2208 1958; baseline -0.002 -35"><span class='ocrx_word' id='word_1_119' title='bbox 465 1869 524 1923; x_wconf 85' lang='lat' dir='ltr'><strong>et</strong></span> <span class='ocrx_word' id='word_1_120' title='bbox 555 1864 761 1921; x_wconf 87' lang='lat' dir='ltr'><strong>ordine</strong></span> <span class='ocrx_word' id='word_1_121' title='bbox 792 1865 1025 1937; x_wconf 90' lang='lat' dir='ltr'><strong>loquor,</strong></span> <span class='ocrx_word' id='word_1_122' title='bbox 1057 1865 1278 1937; x_wconf 87' lang='lat' dir='ltr'><strong>quibus</strong></span> <span class='ocrx_word' id='word_1_123' title='bbox 1310 1879 1422 1920; x_wconf 92' lang='lat' dir='ltr'><strong>nos</strong></span> <span class='ocrx_word' id='word_1_124' title='bbox 1442 1864 1699 1919; x_wconf 86' lang='lat' dir='ltr'><strong>vivimus</strong></span> <span class='ocrx_word' id='word_1_125' title='bbox 1721 1866 1781 1919; x_wconf 91' lang='lat' dir='ltr'><strong>et</strong></span> <span class='ocrx_word' id='word_1_126' title='bbox 1808 1880 2134 1935; x_wconf 86' lang='lat' dir='ltr'><strong>movemur,</strong></span> <span class='ocrx_word' id='word_1_127' title='bbox 2153 1894 2208 1958; x_wconf 78' lang='grc' dir='ltr'>Β</span> 
     </span>
    </p>
   </div>
   <div class='ocr_carea' id='block_1_20' title="bbox 465 1952 2137 2026">
    <p class='ocr_par' dir='ltr' id='par_1_20' title="bbox 465 1952 2137 2026">
     <span class='ocr_line' id='line_1_20' title="bbox 465 1952 2137 2026; baseline -0.001 -15"><span class='ocrx_word' id='word_1_128' title='bbox 465 1969 587 2011; x_wconf 91' lang='lat' dir='ltr'><strong>non</strong></span> <span class='ocrx_word' id='word_1_129' title='bbox 616 1954 690 2009; x_wconf 91' lang='lat' dir='ltr'><strong>de</strong></span> <span class='ocrx_word' id='word_1_130' title='bbox 719 1953 917 2025; x_wconf 87' lang='lat' dir='ltr'><strong>aliqua</strong></span> <span class='ocrx_word' id='word_1_131' title='bbox 945 1953 1313 2026; x_wconf 86' lang='lat' dir='ltr'><strong>specialiter;</strong></span> <span class='ocrx_word' id='word_1_132' title='bbox 1344 1969 1465 2009; x_wconf 91' lang='lat' dir='ltr'><strong>non</strong></span> <span class='ocrx_word' id='word_1_133' title='bbox 1494 1953 1651 2008; x_wconf 89' lang='lat' dir='ltr'><strong>enim</strong></span> <span class='ocrx_word' id='word_1_134' title='bbox 1679 1953 1750 2009; x_wconf 92' lang='lat' dir='ltr'><strong>de</strong></span> <span class='ocrx_word' id='word_1_135' title='bbox 1779 1952 2137 2024; x_wconf 83' lang='lat' dir='ltr'><strong>proprietate</strong></span> 
     </span>
    </p>
   </div>
   <div class='ocr_carea' id='block_1_21' title="bbox 465 2041 2139 2115">
    <p class='ocr_par' dir='ltr' id='par_1_21' title="bbox 465 2041 2139 2115">
     <span class='ocr_line' id='line_1_21' title="bbox 465 2041 2139 2115; baseline -0.001 -16"><span class='ocrx_word' id='word_1_136' title='bbox 465 2045 526 2099; x_wconf 90' lang='lat' dir='ltr'><strong>et</strong></span> <span class='ocrx_word' id='word_1_137' title='bbox 545 2042 750 2115; x_wconf 90' lang='lat' dir='ltr'><strong>specie</strong></span> <span class='ocrx_word' id='word_1_138' title='bbox 771 2041 1052 2114; x_wconf 77' lang='lat' dir='ltr'><strong>alicujus,</strong></span> <span class='ocrx_word' id='word_1_139' title='bbox 1073 2042 1184 2098; x_wconf 90' lang='lat' dir='ltr'><strong>sed</strong></span> <span class='ocrx_word' id='word_1_140' title='bbox 1204 2043 1277 2098; x_wconf 91' lang='lat' dir='ltr'><strong>de</strong></span> <span class='ocrx_word' id='word_1_141' title='bbox 1297 2056 1540 2115; x_wconf 88' lang='lat' dir='ltr'><strong>genere,</strong></span> <span class='ocrx_word' id='word_1_142' title='bbox 1560 2044 1625 2098; x_wconf 91' lang='lat' dir='ltr'><strong>ut</strong></span> <span class='ocrx_word' id='word_1_143' title='bbox 1646 2041 1788 2114; x_wconf 84' lang='lat' dir='ltr'><strong>dixi,</strong></span> <span class='ocrx_word' id='word_1_144' title='bbox 1811 2042 2139 2098; x_wconf 89' lang='lat' dir='ltr'><strong>animarum</strong></span> 
     </span>
    </p>
   </div>
   <div class='ocr_carea' id='block_1_22' title="bbox 469 2131 1762 2204">
    <p class='ocr_par' dir='ltr' id='par_1_22' title="bbox 469 2131 1762 2204">
     <span class='ocr_line' id='line_1_22' title="bbox 469 2131 1762 2204; baseline -0.002 -16"><span class='ocrx_word' id='word_1_145' title='bbox 469 2131 890 2204; x_wconf 88' lang='lat' dir='ltr'><strong>disputandum</strong></span> <span class='ocrx_word' id='word_1_146' title='bbox 917 2133 1215 2204; x_wconf 88' lang='lat' dir='ltr'><strong>putamus.</strong></span> <span class='ocrx_word' id='word_1_147' title='bbox 1758 2138 1762 2142; x_wconf 73' lang='lat'>‘</span> 
     </span>
    </p>
   </div>
   <div class='ocr_carea' id='block_1_23' title="bbox 537 2220 2136 2294">
    <p class='ocr_par' dir='ltr' id='par_1_23' title="bbox 537 2220 2136 2294">
     <span class='ocr_line' id='line_1_23' title="bbox 537 2220 2136 2294; baseline -0.001 -17"><span class='ocrx_word' id='word_1_148' title='bbox 537 2222 593 2277; x_wconf 82' lang='lat'><strong>3.</strong></span> <span class='ocrx_word' id='word_1_149' title='bbox 634 2221 958 2278; x_wconf 90' lang='lat' dir='ltr'><strong>Descendit</strong></span> <span class='ocrx_word' id='word_1_150' title='bbox 996 2221 1059 2276; x_wconf 92' lang='lat' dir='ltr'><strong>in</strong></span> <span class='ocrx_word' id='word_1_151' title='bbox 1098 2221 1431 2293; x_wconf 60' lang='lat' dir='ltr'><strong>[Egyptum</strong></span> <span class='ocrx_word' id='word_1_152' title='bbox 1469 2220 1746 2277; x_wconf 85' lang='lat' dir='ltr'><strong>Christus</strong></span> <span class='ocrx_word' id='word_1_153' title='bbox 1794 2221 1972 2293; x_wconf 82' lang='lat' dir='ltr'><strong>(Ibid.</strong></span> <span class='ocrx_word' id='word_1_154' title='bbox 2023 2220 2136 2294; x_wconf 78' lang='grc'><strong>14),</strong></span> 
     </span>
    </p>
   </div>
   <div class='ocr_carea' id='block_1_24' title="bbox 466 2310 2139 2385">
    <p class='ocr_par' dir='ltr' id='par_1_24' title="bbox 466 2310 2139 2385">
     <span class='ocr_line' id='line_1_24' title="bbox 466 2310 2139 2385; baseline 0 -19"><span class='ocrx_word' id='word_1_155' title='bbox 466 2311 862 2385; x_wconf 89' lang='lat' dir='ltr'><strong>patrocinium</strong></span> <span class='ocrx_word' id='word_1_156' title='bbox 895 2314 952 2367; x_wconf 88' lang='lat' dir='ltr'><strong>et</strong></span> <span class='ocrx_word' id='word_1_157' title='bbox 979 2311 1221 2366; x_wconf 90' lang='lat' dir='ltr'><strong>ductum</strong></span> <span class='ocrx_word' id='word_1_158' title='bbox 1249 2312 1474 2367; x_wconf 85' lang='lat' dir='ltr'><strong>nostrae</strong></span> <span class='ocrx_word' id='word_1_159' title='bbox 1504 2311 1716 2366; x_wconf 63' lang='lat' dir='ltr'><strong>animas</strong></span> <span class='ocrx_word' id='word_1_160' title='bbox 1746 2312 1970 2381; x_wconf 90' lang='lat' dir='ltr'><strong>ferens,</strong></span> <span class='ocrx_word' id='word_1_161' title='bbox 2002 2310 2139 2366; x_wconf 90' lang='lat' dir='ltr'><strong>inde</strong></span> 
     </span>
    </p>
   </div>
   <div class='ocr_carea' id='block_1_25' title="bbox 466 2398 2138 2472">
    <p class='ocr_par' dir='ltr' id='par_1_25' title="bbox 466 2398 2138 2472">
     <span class='ocr_line' id='line_1_25' title="bbox 466 2398 2138 2472; baseline 0 -18"><span class='ocrx_word' id='word_1_162' title='bbox 466 2399 646 2455; x_wconf 89' lang='lat' dir='ltr'><strong>rediit</strong></span> <span class='ocrx_word' id='word_1_163' title='bbox 681 2400 745 2455; x_wconf 93' lang='lat' dir='ltr'><strong>in</strong></span> <span class='ocrx_word' id='word_1_164' title='bbox 781 2398 1071 2455; x_wconf 64' lang='lat' dir='ltr'><strong>Judaeum.</strong></span> <span class='ocrx_word' id='word_1_165' title='bbox 1113 2398 1247 2454; x_wconf 89' lang='lat' dir='ltr'><strong>Fuit</strong></span> <span class='ocrx_word' id='word_1_166' title='bbox 1283 2398 1344 2453; x_wconf 91' lang='lat' dir='ltr'><strong>in</strong></span> <span class='ocrx_word' id='word_1_167' title='bbox 1384 2399 1624 2454; x_wconf 88' lang='lat' dir='ltr'><strong>deserto</strong></span> <span class='ocrx_word' id='word_1_168' title='bbox 1665 2400 1906 2470; x_wconf 82' lang='lat' dir='ltr'><strong>(Matth.</strong></span> <span class='ocrx_word' id='word_1_169' title='bbox 1949 2416 2029 2469; x_wconf 81' lang='lat' dir='ltr'><strong>rv,</strong></span> <span class='ocrx_word' id='word_1_170' title='bbox 2064 2400 2138 2472; x_wconf 89' lang='grc'>1),</span> 
     </span>
    </p>
   </div>
   <div class='ocr_carea' id='block_1_26' title="bbox 470 2487 2141 2560">
    <p class='ocr_par' dir='ltr' id='par_1_26' title="bbox 470 2487 2141 2560">
     <span class='ocr_line' id='line_1_26' title="bbox 470 2487 2141 2560; baseline 0.001 -17"><span class='ocrx_word' id='word_1_171' title='bbox 470 2488 582 2545; x_wconf 87' lang='lat' dir='ltr'><strong>fuit</strong></span> <span class='ocrx_word' id='word_1_172' title='bbox 609 2489 673 2544; x_wconf 92' lang='lat' dir='ltr'><strong>in</strong></span> <span class='ocrx_word' id='word_1_173' title='bbox 702 2488 1138 2560; x_wconf 89' lang='lat' dir='ltr'><strong>Capharnaum,</strong></span> <span class='ocrx_word' id='word_1_174' title='bbox 1162 2487 1451 2559; x_wconf 81' lang='lat' dir='ltr'><strong>fuitjuxta</strong></span> <span class='ocrx_word' id='word_1_175' title='bbox 1484 2488 1636 2544; x_wconf 88' lang='lat' dir='ltr'><strong>ﬁnes</strong></span> <span class='ocrx_word' id='word_1_176' title='bbox 1666 2489 1949 2560; x_wconf 90' lang='lat' dir='ltr'><strong>Zabulon,</strong></span> <span class='ocrx_word' id='word_1_177' title='bbox 1983 2490 2141 2544; x_wconf 89' lang='lat' dir='ltr'><strong>circa</strong></span> 
     </span>
    </p>
   </div>
   <div class='ocr_carea' id='block_1_27' title="bbox 470 2577 2143 2651">
    <p class='ocr_par' dir='ltr' id='par_1_27' title="bbox 470 2577 2143 2651">
     <span class='ocr_line' id='line_1_27' title="bbox 470 2577 2143 2651; baseline 0.001 -18"><span class='ocrx_word' id='word_1_178' title='bbox 470 2578 785 2650; x_wconf 89' lang='lat' dir='ltr'><strong>maritima,</strong></span> <span class='ocrx_word' id='word_1_179' title='bbox 816 2579 1093 2634; x_wconf 90' lang='lat' dir='ltr'><strong>transivit</strong></span> <span class='ocrx_word' id='word_1_180' title='bbox 1117 2593 1224 2649; x_wconf 91' lang='lat' dir='ltr'><strong>per</strong></span> <span class='ocrx_word' id='word_1_181' title='bbox 1243 2579 1393 2648; x_wconf 89' lang='lat' dir='ltr'><strong>sata,</strong></span> <span class='ocrx_word' id='word_1_182' title='bbox 1421 2577 1532 2633; x_wconf 83' lang='lat' dir='ltr'><strong>fuit</strong></span> <span class='ocrx_word' id='word_1_183' title='bbox 1558 2578 1617 2632; x_wconf 93' lang='lat' dir='ltr'><strong>in</strong></span> <span class='ocrx_word' id='word_1_184' title='bbox 1644 2578 2010 2651; x_wconf 87' lang='lat' dir='ltr'><strong>Bethphage,</strong></span> <span class='ocrx_word' id='word_1_185' title='bbox 2034 2578 2143 2634; x_wconf 85' lang='lat' dir='ltr'><strong>fuit</strong></span> 
     </span>
    </p>
   </div>
   <div class='ocr_carea' id='block_1_28' title="bbox 470 2667 2139 2741">
    <p class='ocr_par' dir='ltr' id='par_1_28' title="bbox 470 2667 2139 2741">
     <span class='ocr_line' id='line_1_28' title="bbox 470 2667 2139 2741; baseline -0.001 -17"><span class='ocrx_word' id='word_1_186' title='bbox 470 2669 535 2724; x_wconf 90' lang='lat' dir='ltr'><strong>in</strong></span> <span class='ocrx_word' id='word_1_187' title='bbox 548 2667 849 2741; x_wconf 69' lang='lat' dir='ltr'><strong>Ephrmm,</strong></span> <span class='ocrx_word' id='word_1_188' title='bbox 864 2668 926 2722; x_wconf 89' lang='lat' dir='ltr'><strong>in</strong></span> <span class='ocrx_word' id='word_1_189' title='bbox 939 2667 1223 2722; x_wconf 88' lang='lat' dir='ltr'><strong>Bethania</strong></span> <span class='ocrx_word' id='word_1_190' title='bbox 1238 2682 1254 2738; x_wconf 90' lang='lat'><strong>;</strong></span> <span class='ocrx_word' id='word_1_191' title='bbox 1270 2667 1407 2722; x_wconf 90' lang='lat' dir='ltr'><strong>inde</strong></span> <span class='ocrx_word' id='word_1_192' title='bbox 1420 2667 1696 2722; x_wconf 87' lang='lat' dir='ltr'><strong>transivit</strong></span> <span class='ocrx_word' id='word_1_193' title='bbox 1707 2669 1766 2722; x_wconf 89' lang='lat' dir='ltr'><strong>in</strong></span> <span class='ocrx_word' id='word_1_194' title='bbox 1776 2668 2139 2739; x_wconf 87' lang='lat' dir='ltr'><strong>paradisum,</strong></span> 
     </span>
    </p>
   </div>
   <div class='ocr_carea' id='block_1_29' title="bbox 471 2755 2136 2829">
    <p class='ocr_par' dir='ltr' id='par_1_29' title="bbox 471 2755 2136 2829">
     <span class='ocr_line' id='line_1_29' title="bbox 471 2755 2136 2829; baseline -0.001 -16"><span class='ocrx_word' id='word_1_195' title='bbox 471 2757 577 2813; x_wconf 90' lang='lat' dir='ltr'><strong>ubi</strong></span> <span class='ocrx_word' id='word_1_196' title='bbox 622 2771 690 2812; x_wconf 90' lang='lat' dir='ltr'><strong>se</strong></span> <span class='ocrx_word' id='word_1_197' title='bbox 738 2756 1091 2827; x_wconf 88' lang='lat' dir='ltr'><strong>capiendum</strong></span> <span class='ocrx_word' id='word_1_198' title='bbox 1127 2755 1306 2827; x_wconf 91' lang='lat' dir='ltr'><strong>dedit,</strong></span> <span class='ocrx_word' id='word_1_199' title='bbox 1338 2771 1560 2827; x_wconf 87' lang='lat' dir='ltr'><strong>passus</strong></span> <span class='ocrx_word' id='word_1_200' title='bbox 1597 2759 1692 2812; x_wconf 89' lang='lat' dir='ltr'><strong>est</strong></span> <span class='ocrx_word' id='word_1_201' title='bbox 1726 2756 1786 2810; x_wconf 93' lang='lat' dir='ltr'><strong>in</strong></span> <span class='ocrx_word' id='word_1_202' title='bbox 1823 2756 2136 2829; x_wconf 90' lang='lat' dir='ltr'><strong>Golgotha.</strong></span> 
     </span>
    </p>
   </div>
   <div class='ocr_carea' id='block_1_30' title="bbox 545 2844 2144 2917">
    <p class='ocr_par' dir='ltr' id='par_1_30' title="bbox 545 2844 2144 2917">
     <span class='ocr_line' id='line_1_30' title="bbox 545 2844 2144 2917; baseline -0.001 -16"><span class='ocrx_word' id='word_1_203' title='bbox 545 2846 603 2902; x_wconf 76' lang='lat'><strong>4.</strong></span> <span class='ocrx_word' id='word_1_204' title='bbox 632 2844 853 2900; x_wconf 87' lang='lat' dir='ltr'><strong>Omnes</strong></span> <span class='ocrx_word' id='word_1_205' title='bbox 883 2845 985 2900; x_wconf 90' lang='lat' dir='ltr'><strong>isti</strong></span> <span class='ocrx_word' id='word_1_206' title='bbox 1012 2859 1341 2916; x_wconf 88' lang='lat' dir='ltr'><strong>processus</strong></span> <span class='ocrx_word' id='word_1_207' title='bbox 1370 2844 1583 2900; x_wconf 87' lang='lat' dir='ltr'><strong>animae</strong></span> <span class='ocrx_word' id='word_1_208' title='bbox 1613 2849 1836 2902; x_wconf 61' lang='lat' dir='ltr'><strong>nostra</strong></span> <span class='ocrx_word' id='word_1_209' title='bbox 1858 2849 2016 2917; x_wconf 91' lang='lat' dir='ltr'><strong>sunt,</strong></span> <span class='ocrx_word' id='word_1_210' title='bbox 2035 2862 2144 2917; x_wconf 90' lang='lat' dir='ltr'><strong>per</strong></span> 
     </span>
    </p>
   </div>
   <div class='ocr_carea' id='block_1_31' title="bbox 476 2933 2139 3009">
    <p class='ocr_par' dir='ltr' id='par_1_31' title="bbox 476 2933 2139 3009">
     <span class='ocr_line' id='line_1_31' title="bbox 476 2933 2139 3009; baseline 0.001 -18"><span class='ocrx_word' id='word_1_211' title='bbox 476 2950 632 3009; x_wconf 92' lang='lat' dir='ltr'><strong>quos</strong></span> <span class='ocrx_word' id='word_1_212' title='bbox 671 2933 989 2990; x_wconf 86' lang='lat' dir='ltr'><strong>exercitata</strong></span> <span class='ocrx_word' id='word_1_213' title='bbox 1028 2933 1281 3007; x_wconf 89' lang='lat' dir='ltr'><strong>gratiam</strong></span> <span class='ocrx_word' id='word_1_214' title='bbox 1315 2935 1430 3005; x_wconf 87' lang='lat' dir='ltr'><strong>piae</strong></span> <span class='ocrx_word' id='word_1_215' title='bbox 1468 2934 1856 2992; x_wconf 88' lang='lat' dir='ltr'><strong>institutionis</strong></span> <span class='ocrx_word' id='word_1_216' title='bbox 1895 2935 2139 2992; x_wconf 87' lang='lat' dir='ltr'><strong>invenit.</strong></span> 
     </span>
    </p>
   </div>
   <div class='ocr_carea' id='block_1_32' title="bbox 472 3022 2143 3096">
    <p class='ocr_par' dir='ltr' id='par_1_32' title="bbox 472 3022 2143 3096">
     <span class='ocr_line' id='line_1_32' title="bbox 472 3022 2143 3096; baseline 0 -16"><span class='ocrx_word' id='word_1_217' title='bbox 472 3025 626 3080; x_wconf 88' lang='lat' dir='ltr'><strong>Nam</strong></span> <span class='ocrx_word' id='word_1_218' title='bbox 656 3026 1044 3096; x_wconf 88' lang='lat' dir='ltr'><strong>posteaquam</strong></span> <span class='ocrx_word' id='word_1_219' title='bbox 1072 3022 1317 3079; x_wconf 87' lang='lat' dir='ltr'><strong>exclusa</strong></span> <span class='ocrx_word' id='word_1_220' title='bbox 1347 3023 1420 3079; x_wconf 91' lang='lat' dir='ltr'><strong>de</strong></span> <span class='ocrx_word' id='word_1_221' title='bbox 1450 3024 1726 3095; x_wconf 86' lang='lat' dir='ltr'><strong>paradiso</strong></span> <span class='ocrx_word' id='word_1_222' title='bbox 1749 3025 2009 3081; x_wconf 89' lang='lat' dir='ltr'><strong>conditio</strong></span> <span class='ocrx_word' id='word_1_223' title='bbox 2038 3024 2143 3080; x_wconf 89' lang='lat' dir='ltr'><strong>hu-</strong></span> 
     </span>
    </p>
   </div>
   <div class='ocr_carea' id='block_1_33' title="bbox 473 3112 2137 3187">
    <p class='ocr_par' dir='ltr' id='par_1_33' title="bbox 473 3112 2137 3187">
     <span class='ocr_line' id='line_1_33' title="bbox 473 3112 2137 3187; baseline -0.001 -17"><span class='ocrx_word' id='word_1_224' title='bbox 473 3129 648 3170; x_wconf 89' lang='lat' dir='ltr'><strong>mana</strong></span> <span class='ocrx_word' id='word_1_225' title='bbox 672 3113 736 3170; x_wconf 91' lang='lat' dir='ltr'><strong>in</strong></span> <span class='ocrx_word' id='word_1_226' title='bbox 753 3113 943 3168; x_wconf 87' lang='lat' dir='ltr'><strong>Adam</strong></span> <span class='ocrx_word' id='word_1_227' title='bbox 963 3115 1020 3169; x_wconf 94' lang='lat' dir='ltr'><strong>et</strong></span> <span class='ocrx_word' id='word_1_228' title='bbox 1043 3112 1186 3185; x_wconf 90' lang='lat' dir='ltr'><strong>Eva,</strong></span> <span class='ocrx_word' id='word_1_229' title='bbox 1214 3113 1277 3168; x_wconf 92' lang='lat' dir='ltr'><strong>in</strong></span> <span class='ocrx_word' id='word_1_230' title='bbox 1309 3114 1619 3169; x_wconf 88' lang='lat' dir='ltr'><strong>castellum</strong></span> <span class='ocrx_word' id='word_1_231' title='bbox 1639 3114 1903 3187; x_wconf 89' lang='lat' dir='ltr'><strong>relegata</strong></span> <span class='ocrx_word' id='word_1_232' title='bbox 1924 3117 2018 3170; x_wconf 92' lang='lat' dir='ltr'><strong>est</strong></span> <span class='ocrx_word' id='word_1_233' title='bbox 2038 3114 2137 3185; x_wconf 85' lang='grc'>(2),</span> 
     </span>
    </p>
   </div>
   <div class='ocr_carea' id='block_1_34' title="bbox 474 3201 2144 3277">
    <p class='ocr_par' dir='ltr' id='par_1_34' title="bbox 474 3201 2144 3277">
     <span class='ocr_line' id='line_1_34' title="bbox 474 3201 2144 3277; baseline -0.001 -19"><span class='ocrx_word' id='word_1_234' title='bbox 474 3203 683 3277; x_wconf 90' lang='lat' dir='ltr'><strong>vagari</strong></span> <span class='ocrx_word' id='word_1_235' title='bbox 714 3204 892 3274; x_wconf 72' lang='lat' dir='ltr'><strong>cmpit</strong></span> <span class='ocrx_word' id='word_1_236' title='bbox 920 3202 1038 3258; x_wconf 89' lang='lat' dir='ltr'><strong>huc</strong></span> <span class='ocrx_word' id='word_1_237' title='bbox 1068 3204 1244 3274; x_wconf 89' lang='lat' dir='ltr'><strong>atque</strong></span> <span class='ocrx_word' id='word_1_238' title='bbox 1272 3201 1432 3272; x_wconf 91' lang='lat' dir='ltr'><strong>illuc,</strong></span> <span class='ocrx_word' id='word_1_239' title='bbox 1466 3204 1798 3259; x_wconf 88' lang='lat' dir='ltr'><strong>errabunda</strong></span> <span class='ocrx_word' id='word_1_240' title='bbox 1826 3202 2144 3259; x_wconf 86' lang='lat' dir='ltr'><strong>circumfe-</strong></span> 
     </span>
    </p>
   </div>
   <div class='ocr_carea' id='block_1_35' title="bbox 473 3257 2225 3366">
    <p class='ocr_par' dir='ltr' id='par_1_35' title="bbox 473 3257 2225 3366">
     <span class='ocr_line' id='line_1_35' title="bbox 473 3257 2225 3366; baseline -0.003 -15"><span class='ocrx_word' id='word_1_241' title='bbox 473 3257 904 3366; x_wconf 45' lang='lat' dir='ltr'><strong>regsvesti‘gia</strong></span> <span class='ocrx_word' id='word_1_242' title='bbox 934 3257 1064 3348; x_wconf 85' lang='lat' dir='ltr'><strong>sine</strong></span> <span class='ocrx_word' id='word_1_243' title='bbox 1093 3257 1215 3347; x_wconf 60' lang='lat' dir='ltr'><strong>ullo</strong></span> <span class='ocrx_word' id='word_1_244' title='bbox 1245 3257 1483 3347; x_wconf 76' lang='lat' dir='ltr'><strong>defectu</strong></span> <span class='ocrx_word' id='word_1_245' title='bbox 1504 3307 1518 3348; x_wconf 87' lang='lat'><strong>:</strong></span> <span class='ocrx_word' id='word_1_246' title='bbox 1560 3257 1670 3348; x_wconf 88' lang='lat' dir='ltr'><strong>sed</strong></span> <span class='ocrx_word' id='word_1_247' title='bbox 1698 3257 1962 3364; x_wconf 81' lang='lat' dir='ltr'><strong>tempore</strong></span> <span class='ocrx_word' id='word_1_248' title='bbox 1988 3257 2147 3348; x_wconf 83' lang='lat' dir='ltr'><strong>com-</strong></span> 
     </span>
    </p>
   </div>
   <div class='ocr_carea' id='block_1_36' title="bbox 473 3381 2145 3456">
    <p class='ocr_par' dir='ltr' id='par_1_36' title="bbox 473 3381 2145 3456">
     <span class='ocr_line' id='line_1_36' title="bbox 473 3381 2145 3456; baseline -0.001 -17"><span class='ocrx_word' id='word_1_249' title='bbox 473 3383 692 3456; x_wconf 87' lang='lat' dir='ltr'><strong>placito</strong></span> <span class='ocrx_word' id='word_1_250' title='bbox 710 3382 829 3438; x_wconf 86' lang='lat' dir='ltr'><strong>sibi</strong></span> <span class='ocrx_word' id='word_1_251' title='bbox 844 3381 1168 3437; x_wconf 87' lang='lat' dir='ltr'><strong>exinanivit</strong></span> <span class='ocrx_word' id='word_1_252' title='bbox 1184 3396 1252 3435; x_wconf 91' lang='lat' dir='ltr'><strong>se</strong></span> <span class='ocrx_word' id='word_1_253' title='bbox 1268 3381 1557 3436; x_wconf 89' lang='lat' dir='ltr'><strong>Dominus</strong></span> <span class='ocrx_word' id='word_1_254' title='bbox 1573 3381 1607 3437; x_wconf 83' lang='lat' dir='ltr'><strong>J</strong></span> <span class='ocrx_word' id='word_1_255' title='bbox 1612 3396 1777 3453; x_wconf 90' lang='lat' dir='ltr'><strong>esus,</strong></span> <span class='ocrx_word' id='word_1_256' title='bbox 1790 3384 1855 3437; x_wconf 92' lang='lat' dir='ltr'><strong>ut</strong></span> <span class='ocrx_word' id='word_1_257' title='bbox 1873 3382 2145 3437; x_wconf 87' lang='lat' dir='ltr'><strong>exsulem</strong></span> 
     </span>
    </p>
   </div>
   <div class='ocr_carea' id='block_1_37' title="bbox 475 3469 2144 3544">
    <p class='ocr_par' dir='ltr' id='par_1_37' title="bbox 475 3469 2144 3544">
     <span class='ocr_line' id='line_1_37' title="bbox 475 3469 2144 3544; baseline -0.001 -16"><span class='ocrx_word' id='word_1_258' title='bbox 475 3474 540 3528; x_wconf 85' lang='lat' dir='ltr'><strong>in</strong></span> <span class='ocrx_word' id='word_1_259' title='bbox 559 3489 628 3528; x_wconf 91' lang='lat' dir='ltr'><strong>se</strong></span> <span class='ocrx_word' id='word_1_260' title='bbox 649 3471 1005 3542; x_wconf 89' lang='lat' dir='ltr'><strong>susciperet,</strong></span> <span class='ocrx_word' id='word_1_261' title='bbox 1031 3472 1089 3526; x_wconf 88' lang='lat' dir='ltr'><strong>et</strong></span> <span class='ocrx_word' id='word_1_262' title='bbox 1106 3469 1295 3525; x_wconf 89' lang='lat' dir='ltr'><strong>veteri</strong></span> <span class='ocrx_word' id='word_1_263' title='bbox 1318 3470 1669 3527; x_wconf 89' lang='lat' dir='ltr'><strong>reformaret</strong></span> <span class='ocrx_word' id='word_1_264' title='bbox 1686 3471 1915 3544; x_wconf 63' lang='lat' dir='ltr'><strong>gratiae.</strong></span> <span class='ocrx_word' id='word_1_265' title='bbox 1942 3470 2144 3543; x_wconf 87' lang='lat' dir='ltr'><strong>Itaque</strong></span> 
     </span>
    </p>
   </div>
   <div class='ocr_carea' id='block_1_38' title="bbox 477 3559 2147 3632">
    <p class='ocr_par' dir='ltr' id='par_1_38' title="bbox 477 3559 2147 3632">
     <span class='ocr_line' id='line_1_38' title="bbox 477 3559 2147 3632; baseline -0.001 -15"><span class='ocrx_word' id='word_1_266' title='bbox 477 3563 776 3617; x_wconf 90' lang='lat' dir='ltr'><strong>inventam</strong></span> <span class='ocrx_word' id='word_1_267' title='bbox 804 3574 1054 3616; x_wconf 88' lang='lat' dir='ltr'><strong>recurso</strong></span> <span class='ocrx_word' id='word_1_268' title='bbox 1084 3559 1355 3615; x_wconf 89' lang='lat' dir='ltr'><strong>anfractu</strong></span> <span class='ocrx_word' id='word_1_269' title='bbox 1384 3559 1462 3632; x_wconf 84' lang='lat'><strong>(8)</strong></span> <span class='ocrx_word' id='word_1_270' title='bbox 1495 3560 1720 3616; x_wconf 91' lang='lat' dir='ltr'><strong>erroris</strong></span> <span class='ocrx_word' id='word_1_271' title='bbox 1749 3560 2053 3617; x_wconf 88' lang='lat' dir='ltr'><strong>revocavit</strong></span> <span class='ocrx_word' id='word_1_272' title='bbox 2071 3561 2147 3616; x_wconf 88' lang='lat' dir='ltr'><strong>ad</strong></span> 
     </span>
    </p>
   </div>
   <div class='ocr_carea' id='block_1_39' title="bbox 478 3649 1699 3726">
    <p class='ocr_par' dir='ltr' id='par_1_39' title="bbox 478 3649 1699 3726">
     <span class='ocr_line' id='line_1_39' title="bbox 478 3649 1699 3726; baseline -0.002 -18"><span class='ocrx_word' id='word_1_273' title='bbox 478 3652 843 3726; x_wconf 90' lang='lat' dir='ltr'><strong>paradisum,</strong></span> <span class='ocrx_word' id='word_1_274' title='bbox 876 3652 942 3706; x_wconf 92' lang='lat' dir='ltr'><strong>ut</strong></span> <span class='ocrx_word' id='word_1_275' title='bbox 961 3649 1274 3722; x_wconf 88' lang='lat' dir='ltr'><strong>Evangelii</strong></span> <span class='ocrx_word' id='word_1_276' title='bbox 1303 3650 1477 3705; x_wconf 90' lang='lat' dir='ltr'><strong>docet</strong></span> <span class='ocrx_word' id='word_1_277' title='bbox 1503 3650 1699 3707; x_wconf 88' lang='lat' dir='ltr'><strong>lectio.</strong></span> 
     </span>
    </p>
   </div>
   <div class='ocr_carea' id='block_1_40' title="bbox 549 3736 2145 3813">
    <p class='ocr_par' dir='ltr' id='par_1_40' title="bbox 549 3736 2145 3813">
     <span class='ocr_line' id='line_1_40' title="bbox 549 3736 2145 3813; baseline -0.001 -16"><span class='ocrx_word' id='word_1_278' title='bbox 549 3742 605 3797; x_wconf 88' lang='grc'><strong>5.</strong></span> <span class='ocrx_word' id='word_1_279' title='bbox 636 3741 754 3796; x_wconf 90' lang='lat' dir='ltr'><strong>Per</strong></span> <span class='ocrx_word' id='word_1_280' title='bbox 783 3742 911 3795; x_wconf 90' lang='lat' dir='ltr'><strong>sata</strong></span> <span class='ocrx_word' id='word_1_281' title='bbox 941 3754 1070 3795; x_wconf 89' lang='lat' dir='ltr'><strong>eam</strong></span> <span class='ocrx_word' id='word_1_282' title='bbox 1100 3739 1286 3811; x_wconf 88' lang='lat' dir='ltr'><strong>duxit,</strong></span> <span class='ocrx_word' id='word_1_283' title='bbox 1319 3741 1382 3794; x_wconf 91' lang='lat' dir='ltr'><strong>ut</strong></span> <span class='ocrx_word' id='word_1_284' title='bbox 1403 3736 1677 3812; x_wconf 89' lang='lat' dir='ltr'><strong>jejunam</strong></span> <span class='ocrx_word' id='word_1_285' title='bbox 1696 3743 1990 3813; x_wconf 89' lang='lat' dir='ltr'><strong>pasceret,</strong></span> <span class='ocrx_word' id='word_1_286' title='bbox 2020 3739 2145 3812; x_wconf 92' lang='lat' dir='ltr'><strong>pri-</strong></span> 
     </span>
    </p>
   </div>
   <div class='ocr_carea' id='block_1_41' title="bbox 478 3828 2148 3905">
    <p class='ocr_par' dir='ltr' id='par_1_41' title="bbox 478 3828 2148 3905">
     <span class='ocr_line' id='line_1_41' title="bbox 478 3828 2148 3905; baseline 0 -18"><span class='ocrx_word' id='word_1_287' title='bbox 478 3846 643 3887; x_wconf 87' lang='lat' dir='ltr'><strong>mum</strong></span> <span class='ocrx_word' id='word_1_288' title='bbox 670 3830 734 3885; x_wconf 92' lang='lat' dir='ltr'><strong>in</strong></span> <span class='ocrx_word' id='word_1_289' title='bbox 764 3829 1023 3900; x_wconf 88' lang='lat' dir='ltr'><strong>deserto,</strong></span> <span class='ocrx_word' id='word_1_290' title='bbox 1058 3828 1271 3885; x_wconf 90' lang='lat' dir='ltr'><strong>deinde</strong></span> <span class='ocrx_word' id='word_1_291' title='bbox 1308 3828 1370 3884; x_wconf 91' lang='lat' dir='ltr'><strong>in</strong></span> <span class='ocrx_word' id='word_1_292' title='bbox 1407 3829 1838 3904; x_wconf 87' lang='lat' dir='ltr'><strong>Capharnaum,</strong></span> <span class='ocrx_word' id='word_1_293' title='bbox 1869 3831 2001 3905; x_wconf 89' lang='lat' dir='ltr'><strong>agri</strong></span> <span class='ocrx_word' id='word_1_294' title='bbox 2028 3847 2148 3887; x_wconf 90' lang='lat' dir='ltr'><strong>non</strong></span> 
     </span>
    </p>
   </div>
   <div class='ocr_carea' id='block_1_42' title="bbox 480 3916 2149 3995">
    <p class='ocr_par' dir='ltr' id='par_1_42' title="bbox 480 3916 2149 3995">
     <span class='ocr_line' id='line_1_42' title="bbox 480 3916 2149 3995; baseline 0 -18"><span class='ocrx_word' id='word_1_295' title='bbox 480 3920 652 3977; x_wconf 88' lang='lat' dir='ltr'><strong>urbis</strong></span> <span class='ocrx_word' id='word_1_296' title='bbox 678 3919 987 3995; x_wconf 3' lang='lat' dir='ltr'><strong>(incolatu:</strong></span> <span class='ocrx_word' id='word_1_297' title='bbox 1026 3917 1240 3973; x_wconf 88' lang='lat' dir='ltr'><strong>deinde</strong></span> <span class='ocrx_word' id='word_1_298' title='bbox 1274 3916 1446 3990; x_wconf 82' lang='lat' dir='ltr'><strong>juxta</strong></span> <span class='ocrx_word' id='word_1_299' title='bbox 1484 3919 1636 3976; x_wconf 83' lang='lat' dir='ltr'><strong>ﬁnes</strong></span> <span class='ocrx_word' id='word_1_300' title='bbox 1674 3921 1956 3993; x_wconf 90' lang='lat' dir='ltr'><strong>Zabulon,</strong></span> <span class='ocrx_word' id='word_1_301' title='bbox 1990 3922 2149 3976; x_wconf 83' lang='lat' dir='ltr'><strong>circa</strong></span> 
     </span>
    </p>
   </div>
   <div class='ocr_carea' id='block_1_43' title="bbox 482 4008 2151 4081">
    <p class='ocr_par' dir='ltr' id='par_1_43' title="bbox 482 4008 2151 4081">
     <span class='ocr_line' id='line_1_43' title="bbox 482 4008 2151 4081; baseline -0.001 -13"><span class='ocrx_word' id='word_1_302' title='bbox 482 4012 772 4069; x_wconf 86' lang='lat' dir='ltr'><strong>nocturna</strong></span> <span class='ocrx_word' id='word_1_303' title='bbox 800 4008 1110 4081; x_wconf 87' lang='lat' dir='ltr'><strong>proﬂuvia,</strong></span> <span class='ocrx_word' id='word_1_304' title='bbox 1132 4008 1193 4062; x_wconf 91' lang='lat' dir='ltr'><strong>id</strong></span> <span class='ocrx_word' id='word_1_305' title='bbox 1214 4010 1325 4079; x_wconf 91' lang='lat' dir='ltr'><strong>est,</strong></span> <span class='ocrx_word' id='word_1_306' title='bbox 1346 4008 1768 4079; x_wconf 86' lang='lat' dir='ltr'><strong>prophetarum</strong></span> <span class='ocrx_word' id='word_1_307' title='bbox 1799 4011 2151 4067; x_wconf 89' lang='lat' dir='ltr'><strong>obscuriora</strong></span> 
     </span>
    </p>
   </div>
   <div class='ocr_carea' id='block_1_44' title="bbox 485 4096 2147 4173">
    <p class='ocr_par' dir='ltr' id='par_1_44' title="bbox 485 4096 2147 4173">
     <span class='ocr_line' id='line_1_44' title="bbox 485 4096 2147 4173; baseline -0.002 -15"><span class='ocrx_word' id='word_1_308' title='bbox 485 4099 829 4173; x_wconf 63' lang='lat' dir='ltr'><strong>enigmata;</strong></span> <span class='ocrx_word' id='word_1_309' title='bbox 850 4099 914 4153; x_wconf 92' lang='lat' dir='ltr'><strong>ut</strong></span> <span class='ocrx_word' id='word_1_310' title='bbox 934 4096 1195 4152; x_wconf 89' lang='lat' dir='ltr'><strong>disceret</strong></span> <span class='ocrx_word' id='word_1_311' title='bbox 1214 4098 1582 4168; x_wconf 64' lang='lat' dir='ltr'><strong>praetendere</strong></span> <span class='ocrx_word' id='word_1_312' title='bbox 1598 4099 1673 4154; x_wconf 92' lang='lat' dir='ltr'><strong>ad</strong></span> <span class='ocrx_word' id='word_1_313' title='bbox 1694 4100 1844 4155; x_wconf 85' lang='lat' dir='ltr'><strong>ﬁnes</strong></span> <span class='ocrx_word' id='word_1_314' title='bbox 1861 4101 2147 4173; x_wconf 89' lang='lat' dir='ltr'><strong>gentium,</strong></span> 
     </span>
    </p>
   </div>
   <div class='ocr_carea' id='block_1_45' title="bbox 483 4186 2149 4267">
    <p class='ocr_par' dir='ltr' id='par_1_45' title="bbox 483 4186 2149 4267">
     <span class='ocr_line' id='line_1_45' title="bbox 483 4186 2149 4267; baseline -0.001 -20"><span class='ocrx_word' id='word_1_315' title='bbox 483 4206 604 4267; x_wconf 90' lang='lat' dir='ltr'><strong>quo</strong></span> <span class='ocrx_word' id='word_1_316' title='bbox 643 4202 852 4247; x_wconf 86' lang='lat' dir='ltr'><strong>omnes</strong></span> <span class='ocrx_word' id='word_1_317' title='bbox 894 4186 1299 4258; x_wconf 88' lang='lat' dir='ltr'><strong>convenirent,</strong></span> <span class='ocrx_word' id='word_1_318' title='bbox 1342 4202 1452 4242; x_wconf 91' lang='lat' dir='ltr'><strong>nec</strong></span> <span class='ocrx_word' id='word_1_319' title='bbox 1490 4187 1723 4245; x_wconf 89' lang='lat' dir='ltr'><strong>timeret</strong></span> <span class='ocrx_word' id='word_1_320' title='bbox 1759 4190 1974 4246; x_wconf 85' lang='lat' dir='ltr'><strong>ﬂuctus</strong></span> <span class='ocrx_word' id='word_1_321' title='bbox 2011 4190 2149 4246; x_wconf 71' lang='lat' dir='ltr'><strong>vitm</strong></span> 
     </span>
    </p>
   </div>
   <div class='ocr_carea' id='block_1_46' title="bbox 488 4328 2150 4403">
    <p class='ocr_par' dir='ltr' id='par_1_46' title="bbox 488 4328 2150 4403">
     <span class='ocr_line' id='line_1_46' title="bbox 488 4328 2150 4403; baseline -0.001 -13"><span class='ocrx_word' id='word_1_322' title='bbox 488 4332 648 4391; x_wconf 84' lang='lat' dir='ltr'><strong>Infra</strong></span> <span class='ocrx_word' id='word_1_323' title='bbox 673 4347 839 4402; x_wconf 90' lang='lat' dir='ltr'><strong>vero,</strong></span> <span class='ocrx_word' id='word_1_324' title='bbox 871 4328 977 4385; x_wconf 91' lang='lat' dir='ltr'><strong>ubi</strong></span> <span class='ocrx_word' id='word_1_325' title='bbox 1006 4328 1233 4403; x_wconf 84' lang='lat' dir='ltr'><strong>eadem,</strong></span> <span class='ocrx_word' id='word_1_326' title='bbox 1258 4352 1280 4378; x_wconf 77' lang='grc' dir='ltr'>α</span> <span class='ocrx_word' id='word_1_327' title='bbox 1309 4329 1535 4387; x_wconf 90' lang='lat' dir='ltr'><strong>leviore</strong></span> <span class='ocrx_word' id='word_1_328' title='bbox 1564 4331 1639 4388; x_wconf 90' lang='lat' dir='ltr'><strong>ab</strong></span> <span class='ocrx_word' id='word_1_329' title='bbox 1661 4347 1883 4403; x_wconf 89' lang='lat' dir='ltr'><strong>errore,</strong></span> <span class='ocrx_word' id='word_1_330' title='bbox 1914 4356 1936 4382; x_wconf 78' lang='grc' dir='ltr'><strong>ι»</strong></span> <span class='ocrx_word' id='word_1_331' title='bbox 1961 4335 2018 4389; x_wconf 92' lang='lat' dir='ltr'><strong>et</strong></span> <span class='ocrx_word' id='word_1_332' title='bbox 2037 4349 2150 4390; x_wconf 92' lang='lat' dir='ltr'><strong>nos</strong></span> 
     </span>
    </p>
   </div>
   <div class='ocr_carea' id='block_1_47' title="bbox 487 4401 2144 4474">
    <p class='ocr_par' dir='ltr' id='par_1_47' title="bbox 487 4401 2144 4474">
     <span class='ocr_line' id='line_1_47' title="bbox 487 4401 2144 4474; baseline -0.001 -12"><span class='ocrx_word' id='word_1_333' title='bbox 487 4422 625 4462; x_wconf 90' lang='lat' dir='ltr'><strong>cum</strong></span> <span class='ocrx_word' id='word_1_334' title='bbox 653 4407 772 4460; x_wconf 90' lang='lat' dir='ltr'><strong>ant.</strong></span> <span class='ocrx_word' id='word_1_335' title='bbox 797 4401 934 4459; x_wconf 87' lang='lat' dir='ltr'><strong>edit.</strong></span> <span class='ocrx_word' id='word_1_336' title='bbox 958 4417 1028 4474; x_wconf 89' lang='lat' dir='ltr'><strong>ac</strong></span> <span class='ocrx_word' id='word_1_337' title='bbox 1050 4401 1351 4474; x_wconf 87' lang='lat' dir='ltr'><strong>plerisque</strong></span> <span class='ocrx_word' id='word_1_338' title='bbox 1375 4418 1546 4474; x_wconf 89' lang='lat' dir='ltr'><strong>mss.,</strong></span> <span class='ocrx_word' id='word_1_339' title='bbox 1575 4403 1836 4461; x_wconf 74' lang='lat' dir='ltr'><strong>«leviore</strong></span> <span class='ocrx_word' id='word_1_340' title='bbox 1858 4401 2093 4473; x_wconf 85' lang='lat' dir='ltr'><strong>errore;</strong></span> <span class='ocrx_word' id='word_1_341' title='bbox 2123 4428 2144 4453; x_wconf 73' lang='grc' dir='ltr'><em>η</em></span> 
     </span>
    </p>
   </div>
   <div class='ocr_carea' id='block_1_48' title="bbox 486 4473 1776 4545">
    <p class='ocr_par' dir='ltr' id='par_1_48' title="bbox 486 4473 1776 4545">
     <span class='ocr_line' id='line_1_48' title="bbox 486 4473 1776 4545; baseline -0.006 -11"><span class='ocrx_word' id='word_1_342' title='bbox 486 4493 639 4533; x_wconf 88' lang='lat' dir='ltr'><strong>mss.</strong></span> <span class='ocrx_word' id='word_1_343' title='bbox 672 4473 941 4532; x_wconf 91' lang='lat' dir='ltr'><strong>nonnulli</strong></span> <span class='ocrx_word' id='word_1_344' title='bbox 972 4473 1209 4544; x_wconf 89' lang='lat' dir='ltr'><strong>habent,</strong></span> <span class='ocrx_word' id='word_1_345' title='bbox 1245 4493 1268 4524; x_wconf 76' lang='grc' dir='ltr'><strong><em>α</em></strong></span> <span class='ocrx_word' id='word_1_346' title='bbox 1301 4473 1569 4545; x_wconf 90' lang='lat' dir='ltr'><strong>levioris,</strong></span> <span class='ocrx_word' id='word_1_347' title='bbox 1603 4478 1715 4531; x_wconf 89' lang='lat' dir='ltr'><strong>etc.</strong></span> <span class='ocrx_word' id='word_1_348' title='bbox 1754 4499 1776 4526; x_wconf 74' lang='grc' dir='ltr'><strong>ι»</strong></span> 
     </span>
    </p>
   </div>
   <div class='ocr_carea' id='block_1_49' title="bbox 559 4545 2150 4633">
    <p class='ocr_par' dir='ltr' id='par_1_49' title="bbox 559 4545 2150 4633">
     <span class='ocr_line' id='line_1_49' title="bbox 559 4545 2150 4633; baseline 0.001 -30"><span class='ocrx_word' id='word_1_349' title='bbox 559 4549 639 4633; x_wconf 70' lang='lat' dir='ltr'><strong>(i)</strong></span> <span class='ocrx_word' id='word_1_350' title='bbox 670 4548 820 4633; x_wconf 70' lang='lat' dir='ltr'><strong>Mss.</strong></span> <span class='ocrx_word' id='word_1_351' title='bbox 854 4545 1097 4616; x_wconf 90' lang='lat' dir='ltr'><strong>aliquot,</strong></span> <span class='ocrx_word' id='word_1_352' title='bbox 1134 4566 1157 4592; x_wconf 78' lang='grc' dir='ltr'><strong><em>α</em></strong></span> <span class='ocrx_word' id='word_1_353' title='bbox 1193 4546 1418 4627; x_wconf 75' lang='lat' dir='ltr'><strong>erroris</strong></span> <span class='ocrx_word' id='word_1_354' title='bbox 1467 4548 1894 4633; x_wconf 73' lang='lat' dir='ltr'><strong>conversione;</strong></span> <span class='ocrx_word' id='word_1_355' title='bbox 1920 4570 1942 4598; x_wconf 75' lang='grc' dir='ltr'><strong><em>υ</em></strong></span> <span class='ocrx_word' id='word_1_356' title='bbox 1979 4549 2150 4604; x_wconf 82' lang='lat' dir='ltr'><strong>Rom.</strong></span> 
     </span>
    </p>
   </div>
   <div class='ocr_carea' id='block_1_50' title="bbox 490 4617 1714 4692">
    <p class='ocr_par' dir='ltr' id='par_1_50' title="bbox 490 4617 1714 4692">
     <span class='ocr_line' id='line_1_50' title="bbox 490 4617 1714 4692; baseline -0.008 -15"><span class='ocrx_word' id='word_1_357' title='bbox 490 4617 655 4692; x_wconf 56' lang='lat' dir='ltr'><strong>editi,</strong></span> <span class='ocrx_word' id='word_1_358' title='bbox 676 4641 723 4692; x_wconf 15' lang='grc' dir='ltr'><strong>καί</strong></span> <span class='ocrx_word' id='word_1_359' title='bbox 750 4619 825 4674; x_wconf 90' lang='lat' dir='ltr'><strong>ab</strong></span> <span class='ocrx_word' id='word_1_360' title='bbox 858 4631 1062 4675; x_wconf 88' lang='lat' dir='ltr'><strong>errore</strong></span> <span class='ocrx_word' id='word_1_361' title='bbox 1092 4617 1507 4692; x_wconf 76' lang='lat' dir='ltr'><strong>conversione,</strong></span> <span class='ocrx_word' id='word_1_362' title='bbox 1541 4622 1652 4673; x_wconf 89' lang='lat' dir='ltr'><strong>etc.</strong></span> <span class='ocrx_word' id='word_1_363' title='bbox 1692 4642 1714 4667; x_wconf 75' lang='grc' dir='ltr'>η</span> 
     </span>
    </p>
   </div>
   <div class='ocr_carea' id='block_1_51' title="bbox 563 4688 2154 4762">
    <p class='ocr_par' dir='ltr' id='par_1_51' title="bbox 563 4688 2154 4762">
     <span class='ocr_line' id='line_1_51' title="bbox 563 4688 2154 4762; baseline -0.001 -16"><span class='ocrx_word' id='word_1_364' title='bbox 563 4688 649 4762; x_wconf 77' lang='grc'><strong>(2)</strong></span> <span class='ocrx_word' id='word_1_365' title='bbox 672 4691 821 4746; x_wconf 88' lang='lat' dir='ltr'><strong>Mss.</strong></span> <span class='ocrx_word' id='word_1_366' title='bbox 853 4704 974 4744; x_wconf 91' lang='lat' dir='ltr'><strong>non</strong></span> <span class='ocrx_word' id='word_1_367' title='bbox 1003 4688 1197 4762; x_wconf 78' lang='lat' dir='ltr'><strong>pauci,</strong></span> <span class='ocrx_word' id='word_1_368' title='bbox 1223 4707 1258 4762; x_wconf 63' lang='grc' dir='ltr'><strong>⁸«ι</strong></span> <span class='ocrx_word' id='word_1_369' title='bbox 1292 4688 1540 4762; x_wconf 89' lang='lat' dir='ltr'><strong>religata</strong></span> <span class='ocrx_word' id='word_1_370' title='bbox 1569 4692 1681 4762; x_wconf 87' lang='lat' dir='ltr'><strong>est.</strong></span> <span class='ocrx_word' id='word_1_371' title='bbox 1721 4714 1744 4740; x_wconf 76' lang='grc' dir='ltr'><strong><em>η</em></strong></span> <span class='ocrx_word' id='word_1_372' title='bbox 1780 4691 2016 4747; x_wconf 83' lang='lat' dir='ltr'><strong>Rursus</strong></span> <span class='ocrx_word' id='word_1_373' title='bbox 2046 4707 2154 4746; x_wconf 87' lang='lat' dir='ltr'><strong>au-</strong></span> 
     </span>
    </p>
   </div>
   <div class='ocr_carea' id='block_1_52' title="bbox 488 4759 2155 4832">
    <p class='ocr_par' dir='ltr' id='par_1_52' title="bbox 488 4759 2155 4832">
     <span class='ocr_line' id='line_1_52' title="bbox 488 4759 2155 4832; baseline -0.001 -14"><span class='ocrx_word' id='word_1_374' title='bbox 488 4759 745 4832; x_wconf 50' lang='lat' dir='ltr'><strong>tem&#39;pro</strong></span> <span class='ocrx_word' id='word_1_375' title='bbox 778 4783 801 4813; x_wconf 71' lang='grc' dir='ltr'><strong><em>κ</em></strong></span> <span class='ocrx_word' id='word_1_376' title='bbox 838 4762 968 4815; x_wconf 89' lang='lat' dir='ltr'><strong>sine</strong></span> <span class='ocrx_word' id='word_1_377' title='bbox 995 4759 1115 4814; x_wconf 91' lang='lat' dir='ltr'><strong>ullo</strong></span> <span class='ocrx_word' id='word_1_378' title='bbox 1146 4759 1449 4831; x_wconf 66' lang='lat' dir='ltr'><strong>delectu,&#39;»</strong></span> <span class='ocrx_word' id='word_1_379' title='bbox 1487 4776 1621 4832; x_wconf 72' lang='lat' dir='ltr'><strong>qum</strong></span> <span class='ocrx_word' id='word_1_380' title='bbox 1649 4761 1824 4818; x_wconf 89' lang='lat' dir='ltr'><strong>lectio</strong></span> <span class='ocrx_word' id='word_1_381' title='bbox 1855 4767 1948 4817; x_wconf 90' lang='lat' dir='ltr'><strong>est</strong></span> <span class='ocrx_word' id='word_1_382' title='bbox 1977 4778 2155 4818; x_wconf 91' lang='lat' dir='ltr'><strong>cunc-</strong></span> 
     </span>
    </p>
   </div>
   <div class='ocr_carea' id='block_1_53' title="bbox 490 4831 2158 4903">
    <p class='ocr_par' dir='ltr' id='par_1_53' title="bbox 490 4831 2158 4903">
     <span class='ocr_line' id='line_1_53' title="bbox 490 4831 2158 4903; baseline -0.001 -15"><span class='ocrx_word' id='word_1_383' title='bbox 490 4831 683 4888; x_wconf 81' lang='lat' dir='ltr'><strong>tarum</strong></span> <span class='ocrx_word' id='word_1_384' title='bbox 713 4833 851 4887; x_wconf 89' lang='lat' dir='ltr'><strong>edit.</strong></span> <span class='ocrx_word' id='word_1_385' title='bbox 885 4848 955 4887; x_wconf 89' lang='lat' dir='ltr'><strong>ac</strong></span> <span class='ocrx_word' id='word_1_386' title='bbox 985 4831 1242 4903; x_wconf 81' lang='lat' dir='ltr'><strong>plurium</strong></span> <span class='ocrx_word' id='word_1_387' title='bbox 1274 4846 1423 4886; x_wconf 90' lang='lat' dir='ltr'><strong>mss.</strong></span> <span class='ocrx_word' id='word_1_388' title='bbox 1455 4831 1523 4885; x_wconf 91' lang='lat' dir='ltr'><strong>in</strong></span> <span class='ocrx_word' id='word_1_389' title='bbox 1554 4833 1910 4903; x_wconf 88' lang='lat' dir='ltr'><strong>quibusdam</strong></span> <span class='ocrx_word' id='word_1_390' title='bbox 1945 4834 2158 4889; x_wconf 90' lang='lat' dir='ltr'><strong>horum</strong></span> 
     </span>
    </p>
   </div>
   <div class='ocr_carea' id='block_1_54' title="bbox 490 4901 2157 5029">
    <p class='ocr_par' dir='ltr' id='par_1_54' title="bbox 490 4901 2157 5029">
     <span class='ocr_line' id='line_1_54' title="bbox 490 4901 2157 5029; baseline 0.001 -71"><span class='ocrx_word' id='word_1_391' title='bbox 490 4904 731 5029; x_wconf 81' lang='lat' dir='ltr'><strong>legitur,</strong></span> <span class='ocrx_word' id='word_1_392' title='bbox 765 4926 787 4951; x_wconf 78' lang='grc' dir='ltr'><strong>«ι</strong></span> <span class='ocrx_word' id='word_1_393' title='bbox 824 4902 953 4958; x_wconf 90' lang='lat' dir='ltr'><strong>sine</strong></span> <span class='ocrx_word' id='word_1_394' title='bbox 984 4901 1104 4957; x_wconf 87' lang='lat' dir='ltr'><strong>ullo</strong></span> <span class='ocrx_word' id='word_1_395' title='bbox 1134 4902 1336 4973; x_wconf 90' lang='lat' dir='ltr'><strong>dilatu,</strong></span> <span class='ocrx_word' id='word_1_396' title='bbox 1377 4926 1398 4951; x_wconf 74' lang='grc' dir='ltr'><strong>η</strong></span> <span class='ocrx_word' id='word_1_397' title='bbox 1430 4903 1493 4957; x_wconf 92' lang='lat' dir='ltr'><strong>in</strong></span> <span class='ocrx_word' id='word_1_398' title='bbox 1530 4901 1736 4974; x_wconf 75' lang='lat' dir='ltr'><strong>paucis</strong></span> <span class='ocrx_word' id='word_1_399' title='bbox 1777 4906 2015 4977; x_wconf 78' lang='lat' dir='ltr'><strong>delicto,</strong></span> <span class='ocrx_word' id='word_1_400' title='bbox 2049 4905 2157 4961; x_wconf 90' lang='lat' dir='ltr'><strong>sed</strong></span> 
     </span>
     <span class='ocr_line' id='line_1_55' title="bbox 494 4989 665 5029; baseline -0.006 0"><span class='ocrx_word' id='word_1_401' title='bbox 494 4991 585 5029; x_wconf 91' lang='lat' dir='ltr'><strong>ma</strong></span> <span class='ocrx_word' id='word_1_402' title='bbox 613 4989 665 5029; x_wconf 93' lang='lat' dir='ltr'><strong>e.</strong></span> 
     </span>
    </p>
   </div>
   <div class='ocr_carea' id='block_1_55' title="bbox 494 4989 665 5030">
    <p class='ocr_par' dir='ltr' id='par_1_55' title="bbox 494 4989 665 5030">
     <span class='ocr_line' id='line_1_56' title="bbox 494 4989 665 5030; baseline -0.012 0"><span class='ocrx_word' id='word_1_403' title='bbox 494 4989 665 5030; x_wconf 81' lang='lat' dir='ltr'><strong>male.</strong></span> 
     </span>
    </p>
   </div>
   <div class='ocr_carea' id='block_1_56' title="bbox 564 5044 2155 5117">
    <p class='ocr_par' dir='ltr' id='par_1_56' title="bbox 564 5044 2155 5117">
     <span class='ocr_line' id='line_1_57' title="bbox 564 5044 2155 5117; baseline 0.002 -17"><span class='ocrx_word' id='word_1_404' title='bbox 564 5045 643 5117; x_wconf 84' lang='lat'><strong>(3)</strong></span> <span class='ocrx_word' id='word_1_405' title='bbox 674 5045 824 5117; x_wconf 13' lang='lat' dir='ltr'><strong>Mess.</strong></span> <span class='ocrx_word' id='word_1_406' title='bbox 868 5044 1108 5117; x_wconf 84' lang='lat' dir='ltr'><strong>aliquot,</strong></span> <span class='ocrx_word' id='word_1_407' title='bbox 1147 5067 1169 5093; x_wconf 78' lang='grc' dir='ltr'>α</span> <span class='ocrx_word' id='word_1_408' title='bbox 1210 5046 1510 5100; x_wconf 89' lang='lat' dir='ltr'><strong>inventam</strong></span> <span class='ocrx_word' id='word_1_409' title='bbox 1546 5061 1821 5117; x_wconf 89' lang='lat' dir='ltr'><strong>recursu,</strong></span> <span class='ocrx_word' id='word_1_410' title='bbox 1867 5048 2155 5115; x_wconf 87' lang='lat' dir='ltr'><strong>anfractu,</strong></span> 
     </span>
    </p>
   </div>
   <div class='ocr_carea' id='block_1_57' title="bbox 494 5089 2154 5187">
    <p class='ocr_par' dir='ltr' id='par_1_57' title="bbox 494 5089 2154 5187">
     <span class='ocr_line' id='line_1_58' title="bbox 494 5089 2154 5187; baseline 0 -13"><span class='ocrx_word' id='word_1_411' title='bbox 494 5089 668 5174; x_wconf 49' lang='grc' dir='ltr'><strong>θιὲίη</strong></span> <span class='ocrx_word' id='word_1_412' title='bbox 722 5089 1055 5187; x_wconf 58' lang='grc' dir='ltr'><strong>Ιιιῑθιιῇθὲιὶε</strong></span> <span class='ocrx_word' id='word_1_413' title='bbox 1094 5089 1236 5172; x_wconf 65' lang='lat' dir='ltr'><strong>vero</strong></span> <span class='ocrx_word' id='word_1_414' title='bbox 1282 5118 1477 5173; x_wconf 88' lang='lat' dir='ltr'><strong>tribus</strong></span> <span class='ocrx_word' id='word_1_415' title='bbox 1519 5119 1769 5174; x_wconf 91' lang='lat' dir='ltr'><strong>vocibus</strong></span> <span class='ocrx_word' id='word_1_416' title='bbox 1806 5089 2154 5175; x_wconf 52' lang='lat' dir='ltr'><strong>homedit:</strong></span> 
     </span>
    </p>
   </div>
   <div class='ocr_carea' id='block_1_58' title="bbox 495 5187 2155 5261">
    <p class='ocr_par' dir='ltr' id='par_1_58' title="bbox 495 5187 2155 5261">
     <span class='ocr_line' id='line_1_59' title="bbox 495 5187 2155 5261; baseline 0.001 -17"><span class='ocrx_word' id='word_1_417' title='bbox 495 5187 624 5245; x_wconf 91' lang='lat' dir='ltr'><strong>sola</strong></span> <span class='ocrx_word' id='word_1_418' title='bbox 653 5188 873 5261; x_wconf 88' lang='lat' dir='ltr'><strong>posuit,</strong></span> <span class='ocrx_word' id='word_1_419' title='bbox 911 5210 933 5235; x_wconf 76' lang='grc' dir='ltr'>α</span> <span class='ocrx_word' id='word_1_420' title='bbox 970 5191 1033 5242; x_wconf 91' lang='lat' dir='ltr'><strong>ut</strong></span> <span class='ocrx_word' id='word_1_421' title='bbox 1062 5188 1436 5260; x_wconf 83' lang='lat' dir='ltr'><strong>Evangelicae</strong></span> <span class='ocrx_word' id='word_1_422' title='bbox 1464 5189 1737 5246; x_wconf 90' lang='lat' dir='ltr'><strong>lectionis</strong></span> <span class='ocrx_word' id='word_1_423' title='bbox 1760 5191 1932 5247; x_wconf 90' lang='lat' dir='ltr'><strong>docet</strong></span> <span class='ocrx_word' id='word_1_424' title='bbox 1951 5207 2155 5247; x_wconf 89' lang='lat' dir='ltr'><strong>asser-</strong></span> 
     </span>
    </p>
   </div>
   <div class='ocr_carea' id='block_1_59' title="bbox 491 5262 658 5318">
    <p class='ocr_par' dir='ltr' id='par_1_59' title="bbox 491 5262 658 5318">
     <span class='ocr_line' id='line_1_60' title="bbox 491 5262 658 5318; baseline 0 -2"><span class='ocrx_word' id='word_1_425' title='bbox 491 5262 595 5318; x_wconf 87' lang='lat' dir='ltr'><strong>tio.</strong></span> <span class='ocrx_word' id='word_1_426' title='bbox 634 5281 658 5310; x_wconf 74' lang='grc' dir='ltr'><strong>ι</strong></span> 
     </span>
    </p>
   </div>
   <div class='ocr_carea' id='block_1_60' title="bbox 589 5330 2066 5404">
    <p class='ocr_par' dir='ltr' id='par_1_60' title="bbox 589 5330 2066 5404">
     <span class='ocr_line' id='line_1_61' title="bbox 589 5330 2066 5404; baseline 0.002 -17"><span class='ocrx_word' id='word_1_427' title='bbox 589 5332 644 5404; x_wconf 78' lang='grc'>4)</span> <span class='ocrx_word' id='word_1_428' title='bbox 674 5331 839 5404; x_wconf 87' lang='lat' dir='ltr'><strong>Belv.</strong></span> <span class='ocrx_word' id='word_1_429' title='bbox 874 5330 1082 5404; x_wconf 84' lang='lat' dir='ltr'><strong>codex,</strong></span> <span class='ocrx_word' id='word_1_430' title='bbox 1120 5353 1142 5379; x_wconf 78' lang='grc' dir='ltr'><strong>ιι</strong></span> <span class='ocrx_word' id='word_1_431' title='bbox 1174 5332 1235 5385; x_wconf 89' lang='lat' dir='ltr'><strong>in</strong></span> <span class='ocrx_word' id='word_1_432' title='bbox 1266 5347 1381 5402; x_wconf 90' lang='lat' dir='ltr'><strong>qua</strong></span> <span class='ocrx_word' id='word_1_433' title='bbox 1412 5331 1667 5402; x_wconf 88' lang='lat' dir='ltr'><strong>Spiritus</strong></span> <span class='ocrx_word' id='word_1_434' title='bbox 1700 5334 2009 5390; x_wconf 87' lang='lat' dir='ltr'><strong>habitaret.</strong></span> <span class='ocrx_word' id='word_1_435' title='bbox 2044 5357 2066 5384; x_wconf 74' lang='grc' dir='ltr'><strong>η</strong></span> 
     </span>
    </p>
   </div>
   <div class='ocr_carea' id='block_1_61' title="bbox 586 5403 2155 5480">
    <p class='ocr_par' dir='ltr' id='par_1_61' title="bbox 586 5403 2155 5480">
     <span class='ocr_line' id='line_1_62' title="bbox 586 5403 2155 5480; baseline 0.003 -22"><span class='ocrx_word' id='word_1_436' title='bbox 586 5405 644 5476; x_wconf 92' lang='grc'><strong>5)</strong></span> <span class='ocrx_word' id='word_1_437' title='bbox 672 5403 1102 5480; x_wconf 61' lang='grc' dir='ltr'><strong>ᾼᾴιιιοιιιιὶιιιιιε</strong></span> <span class='ocrx_word' id='word_1_438' title='bbox 1153 5404 1225 5458; x_wconf 91' lang='lat' dir='ltr'><strong>ad</strong></span> <span class='ocrx_word' id='word_1_439' title='bbox 1265 5403 1365 5458; x_wconf 85' lang='lat' dir='ltr'><strong>lib.</strong></span> <span class='ocrx_word' id='word_1_440' title='bbox 1399 5404 1486 5480; x_wconf 76' lang='lat' dir='ltr'><strong>De</strong></span> <span class='ocrx_word' id='word_1_441' title='bbox 1531 5405 1699 5477; x_wconf 83' lang='lat' dir='ltr'><strong>lapsu</strong></span> <span class='ocrx_word' id='word_1_442' title='bbox 1752 5409 1909 5480; x_wconf 45' lang='lat' dir='ltr'><strong>virgi</strong></span> <span class='ocrx_word' id='word_1_443' title='bbox 1937 5423 2064 5480; x_wconf 85' lang='lat' dir='ltr'><strong>cap.</strong></span> <span class='ocrx_word' id='word_1_444' title='bbox 2101 5408 2155 5480; x_wconf 90' lang='lat'><strong>8,</strong></span> 
     </span>
    </p>
   </div>
   <div class='ocr_carea' id='block_1_62' title="bbox 492 5472 2157 5548">
    <p class='ocr_par' dir='ltr' id='par_1_62' title="bbox 492 5472 2157 5548">
     <span class='ocr_line' id='line_1_63' title="bbox 492 5472 2157 5548; baseline 0.001 -16"><span class='ocrx_word' id='word_1_445' title='bbox 492 5472 656 5548; x_wconf 13' lang='lat' dir='ltr'><strong>nume.</strong></span> <span class='ocrx_word' id='word_1_446' title='bbox 686 5472 1327 5548; x_wconf 15' lang='lat' dir='ltr'><strong>36,i_nonnullosesse</strong></span> <span class='ocrx_word' id='word_1_447' title='bbox 1359 5476 1456 5546; x_wconf 89' lang='lat' dir='ltr'><strong>qui</strong></span> <span class='ocrx_word' id='word_1_448' title='bbox 1502 5472 1637 5531; x_wconf 69' lang='lat' dir='ltr'><strong>cuin</strong></span> <span class='ocrx_word' id='word_1_449' title='bbox 1675 5492 1749 5532; x_wconf 85' lang='lat' dir='ltr'><strong>ex</strong></span> <span class='ocrx_word' id='word_1_450' title='bbox 1788 5472 1992 5532; x_wconf 68' lang='lat' dir='ltr'><strong>verbis</strong></span> <span class='ocrx_word' id='word_1_451' title='bbox 2008 5472 2157 5548; x_wconf 46' lang='lat' dir='ltr'><strong>—qui-&#39;</strong></span> 
     </span>
    </p>
   </div>
   <div class='ocr_carea' id='block_1_63' title="bbox 491 5545 2158 5618">
    <p class='ocr_par' dir='ltr' id='par_1_63' title="bbox 491 5545 2158 5618">
     <span class='ocr_line' id='line_1_64' title="bbox 491 5545 2158 5618; baseline 0.002 -15"><span class='ocrx_word' id='word_1_452' title='bbox 491 5547 747 5603; x_wconf 86' lang='lat' dir='ltr'><strong>busdam</strong></span> <span class='ocrx_word' id='word_1_453' title='bbox 785 5545 905 5600; x_wconf 91' lang='lat' dir='ltr'><strong>illic</strong></span> <span class='ocrx_word' id='word_1_454' title='bbox 954 5547 1235 5616; x_wconf 88' lang='lat' dir='ltr'><strong>exaratis,</strong></span> <span class='ocrx_word' id='word_1_455' title='bbox 1279 5545 1403 5601; x_wconf 90' lang='lat' dir='ltr'><strong>tum</strong></span> <span class='ocrx_word' id='word_1_456' title='bbox 1442 5562 1516 5601; x_wconf 87' lang='lat' dir='ltr'><strong>ex</strong></span> <span class='ocrx_word' id='word_1_457' title='bbox 1558 5548 1671 5602; x_wconf 91' lang='lat' dir='ltr'><strong>hoc</strong></span> <span class='ocrx_word' id='word_1_458' title='bbox 1717 5549 1850 5617; x_wconf 89' lang='lat' dir='ltr'><strong>ipso</strong></span> <span class='ocrx_word' id='word_1_459' title='bbox 1890 5545 2158 5618; x_wconf 65' lang='lat' dir='ltr'><strong>epistolae</strong></span> 
     </span>
    </p>
   </div>
   <div class='ocr_carea' id='block_1_64' title="bbox 492 5618 2157 5692">
    <p class='ocr_par' dir='ltr' id='par_1_64' title="bbox 492 5618 2157 5692">
     <span class='ocr_line' id='line_1_65' title="bbox 492 5618 2157 5692; baseline 0.003 -20"><span class='ocrx_word' id='word_1_460' title='bbox 492 5618 670 5692; x_wconf 83' lang='lat' dir='ltr'><strong>istius</strong></span> <span class='ocrx_word' id='word_1_461' title='bbox 703 5618 859 5689; x_wconf 87' lang='lat' dir='ltr'><strong>loco,</strong></span> <span class='ocrx_word' id='word_1_462' title='bbox 890 5633 1020 5692; x_wconf 82' lang='lat' dir='ltr'><strong>eam</strong></span> <span class='ocrx_word' id='word_1_463' title='bbox 1056 5618 1378 5692; x_wconf 79' lang='lat' dir='ltr'><strong>Ambrosio</strong></span> <span class='ocrx_word' id='word_1_464' title='bbox 1407 5618 1764 5692; x_wconf 68' lang='lat' dir='ltr'><strong>attingerent</strong></span> <span class='ocrx_word' id='word_1_465' title='bbox 1800 5619 2157 5692; x_wconf 84' lang='lat' dir='ltr'><strong>Opinionem,</strong></span> 
     </span>
    </p>
   </div>
   <div class='ocr_carea' id='block_1_65' title="bbox 490 5688 2160 5764">
    <p class='ocr_par' dir='ltr' id='par_1_65' title="bbox 490 5688 2160 5764">
     <span class='ocr_line' id='line_1_66' title="bbox 490 5688 2160 5764; baseline 0.003 -21"><span class='ocrx_word' id='word_1_466' title='bbox 490 5704 627 5764; x_wconf 72' lang='lat' dir='ltr'><strong>qua</strong></span> <span class='ocrx_word' id='word_1_467' title='bbox 646 5690 800 5744; x_wconf 90' lang='lat' dir='ltr'><strong>inter</strong></span> <span class='ocrx_word' id='word_1_468' title='bbox 812 5760 826 5764; x_wconf 90' lang='lat'><strong>_</strong></span> <span class='ocrx_word' id='word_1_469' title='bbox 838 5688 1143 5764; x_wconf 78' lang='lat' dir='ltr'><strong>caelestem</strong></span> <span class='ocrx_word' id='word_1_470' title='bbox 1179 5689 1624 5764; x_wconf 71' lang='lat' dir='ltr'><strong>beatitudinem</strong></span> <span class='ocrx_word' id='word_1_471' title='bbox 1637 5688 1974 5764; x_wconf 75' lang='lat' dir='ltr'><strong>infernique</strong></span> <span class='ocrx_word' id='word_1_472' title='bbox 2012 5688 2160 5764; x_wconf 55' lang='lat' dir='ltr'><strong>sup-&#39;-</strong></span> 
     </span>
    </p>
   </div>
   <div class='ocr_carea' id='block_1_66' title="bbox 487 5758 2163 5840">
    <p class='ocr_par' dir='ltr' id='par_1_66' title="bbox 487 5758 2163 5840">
     <span class='ocr_line' id='line_1_67' title="bbox 487 5758 2163 5840; baseline 0.004 -23"><span class='ocrx_word' id='word_1_473' title='bbox 487 5758 670 5840; x_wconf 71' lang='lat' dir='ltr'><strong>plicia</strong></span> <span class='ocrx_word' id='word_1_474' title='bbox 698 5760 932 5819; x_wconf 85' lang='lat' dir='ltr'><strong>medius</strong></span> <span class='ocrx_word' id='word_1_475' title='bbox 962 5761 1202 5839; x_wconf 81' lang='lat' dir='ltr'><strong>quidam</strong></span> <span class='ocrx_word' id='word_1_476' title='bbox 1230 5762 1422 5819; x_wconf 88' lang='lat' dir='ltr'><strong>status</strong></span> <span class='ocrx_word' id='word_1_477' title='bbox 1462 5758 1536 5815; x_wconf 86' lang='lat' dir='ltr'><strong>ab</strong></span> <span class='ocrx_word' id='word_1_478' title='bbox 1575 5758 2163 5837; x_wconf 41' lang='lat' dir='ltr'><strong>aliquibus—admitte-</strong></span> 
     </span>
    </p>
   </div>
   <div class='ocr_carea' id='block_1_67' title="bbox 2235 619 3835 696">
    <p class='ocr_par' dir='ltr' id='par_1_67' title="bbox 2235 619 3835 696">
     <span class='ocr_line' id='line_1_68' title="bbox 2235 619 3835 696; baseline 0.004 -21"><span class='ocrx_word' id='word_1_479' title='bbox 2235 621 2323 675; x_wconf 90' lang='lat' dir='ltr'><strong>sis</strong></span> <span class='ocrx_word' id='word_1_480' title='bbox 2355 619 2477 691; x_wconf 89' lang='lat' dir='ltr'><strong>(III</strong></span> <span class='ocrx_word' id='word_1_481' title='bbox 2491 620 2638 693; x_wconf 81' lang='lat' dir='ltr'><strong>Reg.</strong></span> <span class='ocrx_word' id='word_1_482' title='bbox 2660 638 2720 691; x_wconf 85' lang='lat' dir='ltr'><strong>x,</strong></span> <span class='ocrx_word' id='word_1_483' title='bbox 2750 620 2861 692; x_wconf 89' lang='grc'>22),</span> <span class='ocrx_word' id='word_1_484' title='bbox 2888 620 3294 694; x_wconf 89' lang='lat' dir='ltr'><strong>intelligibiles</strong></span> <span class='ocrx_word' id='word_1_485' title='bbox 3323 621 3565 693; x_wconf 88' lang='lat' dir='ltr'><strong>scilicet,</strong></span> <span class='ocrx_word' id='word_1_486' title='bbox 3585 639 3703 695; x_wconf 68' lang='lat' dir='ltr'><strong>qum</strong></span> <span class='ocrx_word' id='word_1_487' title='bbox 3724 640 3835 696; x_wconf 87' lang='lat' dir='ltr'><strong>per-</strong></span> 
     </span>
    </p>
   </div>
   <div class='ocr_carea' id='block_1_68' title="bbox 2232 710 3836 784">
    <p class='ocr_par' dir='ltr' id='par_1_68' title="bbox 2232 710 3836 784">
     <span class='ocr_line' id='line_1_69' title="bbox 2232 710 3836 784; baseline 0.004 -20"><span class='ocrx_word' id='word_1_488' title='bbox 2232 714 2473 765; x_wconf 81' lang='lat' dir='ltr'><strong>currunt</strong></span> <span class='ocrx_word' id='word_1_489' title='bbox 2515 725 2697 780; x_wconf 91' lang='lat' dir='ltr'><strong>mare,</strong></span> <span class='ocrx_word' id='word_1_490' title='bbox 2750 713 2808 765; x_wconf 91' lang='lat' dir='ltr'><strong>et</strong></span> <span class='ocrx_word' id='word_1_491' title='bbox 2849 710 2923 764; x_wconf 92' lang='lat' dir='ltr'><strong>ad</strong></span> <span class='ocrx_word' id='word_1_492' title='bbox 2968 710 3171 781; x_wconf 88' lang='lat' dir='ltr'><strong>templi</strong></span> <span class='ocrx_word' id='word_1_493' title='bbox 3220 711 3697 768; x_wconf 87' lang='lat' dir='ltr'><strong>constructionem</strong></span> <span class='ocrx_word' id='word_1_494' title='bbox 3735 716 3836 784; x_wconf 85' lang='lat' dir='ltr'><strong>pias</strong></span> 
     </span>
    </p>
   </div>
   <div class='ocr_carea' id='block_1_69' title="bbox 2234 798 3837 875">
    <p class='ocr_par' dir='ltr' id='par_1_69' title="bbox 2234 798 3837 875">
     <span class='ocr_line' id='line_1_70' title="bbox 2234 798 3837 875; baseline 0.003 -22"><span class='ocrx_word' id='word_1_495' title='bbox 2234 813 2467 854; x_wconf 91' lang='lat' dir='ltr'><strong>merces</strong></span> <span class='ocrx_word' id='word_1_496' title='bbox 2512 799 2825 855; x_wconf 88' lang='lat' dir='ltr'><strong>advehant.</strong></span> <span class='ocrx_word' id='word_1_497' title='bbox 2877 799 2943 853; x_wconf 92' lang='lat' dir='ltr'><strong>In</strong></span> <span class='ocrx_word' id='word_1_498' title='bbox 2980 798 3324 871; x_wconf 84' lang='lat' dir='ltr'><strong>hujusmodi</strong></span> <span class='ocrx_word' id='word_1_499' title='bbox 3362 800 3606 857; x_wconf 89' lang='lat' dir='ltr'><strong>navibus</strong></span> <span class='ocrx_word' id='word_1_500' title='bbox 3646 802 3837 875; x_wconf 80' lang='lat' dir='ltr'><strong>navigat</strong></span> 
     </span>
    </p>
   </div>
   <div class='ocr_carea' id='block_1_70' title="bbox 2234 886 3840 963">
    <p class='ocr_par' dir='ltr' id='par_1_70' title="bbox 2234 886 3840 963">
     <span class='ocr_line' id='line_1_71' title="bbox 2234 886 3840 963; baseline 0.004 -22"><span class='ocrx_word' id='word_1_501' title='bbox 2234 886 2528 957; x_wconf 88' lang='lat' dir='ltr'><strong>Christus,</strong></span> <span class='ocrx_word' id='word_1_502' title='bbox 2565 891 2622 943; x_wconf 91' lang='lat' dir='ltr'><strong>et</strong></span> <span class='ocrx_word' id='word_1_503' title='bbox 2650 888 2709 942; x_wconf 90' lang='lat' dir='ltr'><strong>in</strong></span> <span class='ocrx_word' id='word_1_504' title='bbox 2750 889 2930 960; x_wconf 91' lang='lat' dir='ltr'><strong>puppi</strong></span> <span class='ocrx_word' id='word_1_505' title='bbox 2978 893 3257 960; x_wconf 85' lang='lat' dir='ltr'><strong>tanquam</strong></span> <span class='ocrx_word' id='word_1_506' title='bbox 3301 889 3496 945; x_wconf 89' lang='lat' dir='ltr'><strong>bonus</strong></span> <span class='ocrx_word' id='word_1_507' title='bbox 3535 890 3840 963; x_wconf 80' lang='lat' dir='ltr'><strong>gubernator</strong></span> 
     </span>
    </p>
   </div>
   <div class='ocr_carea' id='block_1_71' title="bbox 2235 976 3845 1049">
    <p class='ocr_par' dir='ltr' id='par_1_71' title="bbox 2235 976 3845 1049">
     <span class='ocr_line' id='line_1_72' title="bbox 2235 976 3845 1049; baseline 0.002 -18"><span class='ocrx_word' id='word_1_508' title='bbox 2235 976 2550 1048; x_wconf 88' lang='lat' dir='ltr'><strong>tranquillo</strong></span> <span class='ocrx_word' id='word_1_509' title='bbox 2583 976 2837 1048; x_wconf 91' lang='lat' dir='ltr'><strong>quiescit</strong></span> <span class='ocrx_word' id='word_1_510' title='bbox 2866 978 3362 1049; x_wconf 52' lang='lat' dir='ltr'><strong>mariﬁcommoto</strong></span> <span class='ocrx_word' id='word_1_511' title='bbox 3396 978 3693 1049; x_wconf 88' lang='lat' dir='ltr'><strong>excitatur,</strong></span> <span class='ocrx_word' id='word_1_512' title='bbox 3722 984 3769 1034; x_wconf 90' lang='lat' dir='ltr'><strong>et</strong></span> <span class='ocrx_word' id='word_1_513' title='bbox 3788 980 3845 1034; x_wconf 90' lang='lat' dir='ltr'><strong>in-</strong></span> 
     </span>
    </p>
   </div>
   <div class='ocr_carea' id='block_1_72' title="bbox 2238 1066 3843 1138">
    <p class='ocr_par' dir='ltr' id='par_1_72' title="bbox 2238 1066 3843 1138">
     <span class='ocr_line' id='line_1_73' title="bbox 2238 1066 3843 1138; baseline 0.004 -20"><span class='ocrx_word' id='word_1_514' title='bbox 2238 1069 2437 1135; x_wconf 92' lang='lat' dir='ltr'><strong>crepat</strong></span> <span class='ocrx_word' id='word_1_515' title='bbox 2491 1069 2723 1136; x_wconf 90' lang='lat' dir='ltr'><strong>ventos,</strong></span> <span class='ocrx_word' id='word_1_516' title='bbox 2783 1070 2847 1121; x_wconf 90' lang='lat' dir='ltr'><strong>ut</strong></span> <span class='ocrx_word' id='word_1_517' title='bbox 2904 1066 3034 1121; x_wconf 90' lang='lat' dir='ltr'><strong>suis</strong></span> <span class='ocrx_word' id='word_1_518' title='bbox 3098 1066 3574 1138; x_wconf 85' lang='lat' dir='ltr'><strong>tranquillitatem</strong></span> <span class='ocrx_word' id='word_1_519' title='bbox 3624 1068 3843 1124; x_wconf 81' lang='lat' dir='ltr'><strong>refundat</strong></span> 
     </span>
    </p>
   </div>
   <div class='ocr_carea' id='block_1_73' title="bbox 2238 1154 3842 1230">
    <p class='ocr_par' dir='ltr' id='par_1_73' title="bbox 2238 1154 3842 1230">
     <span class='ocr_line' id='line_1_74' title="bbox 2238 1154 3842 1230; baseline 0.002 -22"><span class='ocrx_word' id='word_1_520' title='bbox 2238 1154 2480 1225; x_wconf 81' lang='lat' dir='ltr'><strong>(Matth.</strong></span> <span class='ocrx_word' id='word_1_521' title='bbox 2504 1170 2629 1225; x_wconf 76' lang='lat' dir='ltr'><strong>vin,</strong></span> <span class='ocrx_word' id='word_1_522' title='bbox 2663 1154 2776 1225; x_wconf 85' lang='grc'>26).</span> <span class='ocrx_word' id='word_1_523' title='bbox 2799 1155 3128 1211; x_wconf 91' lang='lat' dir='ltr'><strong>Transiens</strong></span> <span class='ocrx_word' id='word_1_524' title='bbox 3147 1172 3382 1229; x_wconf 91' lang='lat' dir='ltr'><strong>quoque</strong></span> <span class='ocrx_word' id='word_1_525' title='bbox 3402 1156 3476 1211; x_wconf 91' lang='lat' dir='ltr'><strong>ad</strong></span> <span class='ocrx_word' id='word_1_526' title='bbox 3498 1160 3710 1230; x_wconf 87' lang='lat' dir='ltr'><strong>gentes,</strong></span> <span class='ocrx_word' id='word_1_527' title='bbox 3729 1157 3842 1212; x_wconf 83' lang='lat' dir='ltr'><strong>hanc</strong></span> 
     </span>
    </p>
   </div>
   <div class='ocr_carea' id='block_1_74' title="bbox 2236 1243 3845 1319">
    <p class='ocr_par' dir='ltr' id='par_1_74' title="bbox 2236 1243 3845 1319">
     <span class='ocr_line' id='line_1_75' title="bbox 2236 1243 3845 1319; baseline 0.003 -22"><span class='ocrx_word' id='word_1_528' title='bbox 2236 1244 2490 1298; x_wconf 88' lang='lat' dir='ltr'><strong>animam</strong></span> <span class='ocrx_word' id='word_1_529' title='bbox 2528 1243 2761 1315; x_wconf 88' lang='lat' dir='ltr'><strong>liberat,</strong></span> <span class='ocrx_word' id='word_1_530' title='bbox 2794 1259 2928 1315; x_wconf 84' lang='lat' dir='ltr'><strong>quae</strong></span> <span class='ocrx_word' id='word_1_531' title='bbox 2966 1244 3125 1319; x_wconf 89' lang='lat' dir='ltr'><strong>legis</strong></span> <span class='ocrx_word' id='word_1_532' title='bbox 3153 1244 3413 1301; x_wconf 89' lang='lat' dir='ltr'><strong>vinculis</strong></span> <span class='ocrx_word' id='word_1_533' title='bbox 3442 1245 3759 1318; x_wconf 83' lang='lat' dir='ltr'><strong>tenebatur;</strong></span> <span class='ocrx_word' id='word_1_534' title='bbox 3792 1261 3845 1302; x_wconf 83' lang='lat' dir='ltr'><strong>ne</strong></span> 
     </span>
    </p>
   </div>
   <div class='ocr_carea' id='block_1_75' title="bbox 2235 1332 3295 1391">
    <p class='ocr_par' dir='ltr' id='par_1_75' title="bbox 2235 1332 3295 1391">
     <span class='ocr_line' id='line_1_76' title="bbox 2235 1332 3295 1391; baseline 0.002 -4"><span class='ocrx_word' id='word_1_535' title='bbox 2235 1332 2517 1388; x_wconf 91' lang='lat' dir='ltr'><strong>transiret</strong></span> <span class='ocrx_word' id='word_1_536' title='bbox 2545 1332 2619 1387; x_wconf 91' lang='lat' dir='ltr'><strong>ad</strong></span> <span class='ocrx_word' id='word_1_537' title='bbox 2645 1332 2945 1388; x_wconf 89' lang='lat' dir='ltr'><strong>nationum</strong></span> <span class='ocrx_word' id='word_1_538' title='bbox 2974 1334 3295 1391; x_wconf 88' lang='lat' dir='ltr'><strong>consortia.</strong></span> 
     </span>
    </p>
   </div>
   <div class='ocr_carea' id='block_1_76' title="bbox 2309 1419 3846 1496">
    <p class='ocr_par' dir='ltr' id='par_1_76' title="bbox 2309 1419 3846 1496">
     <span class='ocr_line' id='line_1_77' title="bbox 2309 1419 3846 1496; baseline 0.002 -20"><span class='ocrx_word' id='word_1_539' title='bbox 2309 1419 2364 1476; x_wconf 89' lang='lat'><strong>6.</strong></span> <span class='ocrx_word' id='word_1_540' title='bbox 2404 1421 2578 1476; x_wconf 80' lang='lat' dir='ltr'><strong>Venit</strong></span> <span class='ocrx_word' id='word_1_541' title='bbox 2624 1421 2686 1476; x_wconf 90' lang='lat' dir='ltr'><strong>in</strong></span> <span class='ocrx_word' id='word_1_542' title='bbox 2732 1421 3076 1477; x_wconf 91' lang='lat' dir='ltr'><strong>Bethaniam</strong></span> <span class='ocrx_word' id='word_1_543' title='bbox 3122 1422 3313 1493; x_wconf 81' lang='lat' dir='ltr'><strong>(Joan.</strong></span> <span class='ocrx_word' id='word_1_544' title='bbox 3362 1439 3447 1495; x_wconf 76' lang='lat' dir='ltr'><strong>xx,</strong></span> <span class='ocrx_word' id='word_1_545' title='bbox 3500 1422 3566 1479; x_wconf 79' lang='lat' dir='ltr'><strong>l7</strong></span> <span class='ocrx_word' id='word_1_546' title='bbox 3618 1421 3768 1496; x_wconf 63' lang='lat' dir='ltr'><strong>seq),</strong></span> <span class='ocrx_word' id='word_1_547' title='bbox 3804 1422 3846 1478; x_wconf 91' lang='lat' dir='ltr'><strong>in</strong></span> 
     </span>
    </p>
   </div>
   <div class='ocr_carea' id='block_1_77' title="bbox 2236 1503 3849 1582">
    <p class='ocr_par' dir='ltr' id='par_1_77' title="bbox 2236 1503 3849 1582">
     <span class='ocr_line' id='line_1_78' title="bbox 2236 1503 3849 1582; baseline 0.001 -17"><span class='ocrx_word' id='word_1_548' title='bbox 2236 1509 2436 1566; x_wconf 88' lang='lat' dir='ltr'><strong>locum</strong></span> <span class='ocrx_word' id='word_1_549' title='bbox 2447 1509 2824 1582; x_wconf 86' lang='lat' dir='ltr'><strong>obeditionis,</strong></span> <span class='ocrx_word' id='word_1_550' title='bbox 2847 1504 2880 1565; x_wconf 89' lang='lat'><strong>1</strong></span> <span class='ocrx_word' id='word_1_551' title='bbox 2895 1503 3041 1567; x_wconf 86' lang='lat'><strong>070</strong></span> <span class='ocrx_word' id='word_1_552' title='bbox 3054 1511 3187 1567; x_wconf 92' lang='lat' dir='ltr'><strong>ideo</strong></span> <span class='ocrx_word' id='word_1_553' title='bbox 3199 1512 3283 1567; x_wconf 91' lang='lat' dir='ltr'><strong>ibi</strong></span> <span class='ocrx_word' id='word_1_554' title='bbox 3293 1516 3566 1567; x_wconf 88' lang='lat' dir='ltr'><strong>mortuus</strong></span> <span class='ocrx_word' id='word_1_555' title='bbox 3581 1512 3849 1567; x_wconf 85' lang='lat' dir='ltr'><strong>suscitatur</strong></span> 
     </span>
    </p>
   </div>
   <div class='ocr_carea' id='block_1_78' title="bbox 2241 1598 3849 1673">
    <p class='ocr_par' dir='ltr' id='par_1_78' title="bbox 2241 1598 3849 1673">
     <span class='ocr_line' id='line_1_79' title="bbox 2241 1598 3849 1673; baseline 0.001 -18"><span class='ocrx_word' id='word_1_556' title='bbox 2241 1614 2376 1655; x_wconf 90' lang='lat' dir='ltr'><strong>cum</strong></span> <span class='ocrx_word' id='word_1_557' title='bbox 2421 1599 2580 1655; x_wconf 88' lang='lat' dir='ltr'><strong>enim</strong></span> <span class='ocrx_word' id='word_1_558' title='bbox 2627 1614 2765 1655; x_wconf 90' lang='lat' dir='ltr'><strong>caro</strong></span> <span class='ocrx_word' id='word_1_559' title='bbox 2811 1598 3048 1655; x_wconf 90' lang='lat' dir='ltr'><strong>subdita</strong></span> <span class='ocrx_word' id='word_1_560' title='bbox 3091 1598 3271 1655; x_wconf 85' lang='lat' dir='ltr'><strong>fuerit</strong></span> <span class='ocrx_word' id='word_1_561' title='bbox 3317 1601 3554 1673; x_wconf 72' lang='lat' dir='ltr'><strong>animm,</strong></span> <span class='ocrx_word' id='word_1_562' title='bbox 3601 1602 3728 1656; x_wconf 85' lang='lat' dir='ltr'><strong>tunc</strong></span> <span class='ocrx_word' id='word_1_563' title='bbox 3755 1599 3849 1673; x_wconf 82' lang='lat' dir='ltr'><strong>jam</strong></span> 
     </span>
    </p>
   </div>
   <div class='ocr_carea' id='block_1_79' title="bbox 2240 1687 3846 1761">
    <p class='ocr_par' dir='ltr' id='par_1_79' title="bbox 2240 1687 3846 1761">
     <span class='ocr_line' id='line_1_80' title="bbox 2240 1687 3846 1761; baseline -0.001 -17"><span class='ocrx_word' id='word_1_564' title='bbox 2240 1704 2360 1744; x_wconf 93' lang='lat' dir='ltr'><strong>non</strong></span> <span class='ocrx_word' id='word_1_565' title='bbox 2387 1687 2562 1760; x_wconf 91' lang='lat' dir='ltr'><strong>quasi</strong></span> <span class='ocrx_word' id='word_1_566' title='bbox 2590 1689 2821 1743; x_wconf 87' lang='lat' dir='ltr'><strong>mortua</strong></span> <span class='ocrx_word' id='word_1_567' title='bbox 2862 1687 3024 1759; x_wconf 85' lang='lat' dir='ltr'><strong>jacet</strong></span> <span class='ocrx_word' id='word_1_568' title='bbox 3067 1688 3129 1743; x_wconf 92' lang='lat' dir='ltr'><strong>in</strong></span> <span class='ocrx_word' id='word_1_569' title='bbox 3160 1688 3440 1761; x_wconf 89' lang='lat' dir='ltr'><strong>sepulcro</strong></span> <span class='ocrx_word' id='word_1_570' title='bbox 3481 1704 3593 1745; x_wconf 90' lang='lat' dir='ltr'><strong>suo</strong></span> <span class='ocrx_word' id='word_1_571' title='bbox 3639 1688 3846 1745; x_wconf 89' lang='lat' dir='ltr'><strong>conditio</strong></span> 
     </span>
    </p>
   </div>
   <div class='ocr_carea' id='block_1_80' title="bbox 2239 1768 3848 1852">
    <p class='ocr_par' dir='ltr' id='par_1_80' title="bbox 2239 1768 3848 1852">
     <span class='ocr_line' id='line_1_81' title="bbox 2239 1768 3848 1852; baseline 0 -20"><span class='ocrx_word' id='word_1_572' title='bbox 2239 1777 2516 1848; x_wconf 89' lang='lat' dir='ltr'><strong>humana,</strong></span> <span class='ocrx_word' id='word_1_573' title='bbox 2566 1776 2676 1832; x_wconf 89' lang='lat' dir='ltr'><strong>sed</strong></span> <span class='ocrx_word' id='word_1_574' title='bbox 2722 1777 3119 1832; x_wconf 91' lang='lat' dir='ltr'><strong>resuscitatur</strong></span> <span class='ocrx_word' id='word_1_575' title='bbox 3169 1792 3281 1849; x_wconf 90' lang='lat' dir='ltr'><strong>per</strong></span> <span class='ocrx_word' id='word_1_576' title='bbox 3334 1768 3588 1852; x_wconf 81' lang='lat' dir='ltr'><strong>gratiam</strong></span> <span class='ocrx_word' id='word_1_577' title='bbox 3640 1775 3848 1832; x_wconf 83' lang='lat' dir='ltr'><strong>Christi:</strong></span> 
     </span>
    </p>
   </div>
   <div class='ocr_carea' id='block_1_81' title="bbox 2238 1864 3848 1937">
    <p class='ocr_par' dir='ltr' id='par_1_81' title="bbox 2238 1864 3848 1937">
     <span class='ocr_line' id='line_1_82' title="bbox 2238 1864 3848 1937; baseline -0.002 -15"><span class='ocrx_word' id='word_1_578' title='bbox 2238 1866 2324 1922; x_wconf 92' lang='lat' dir='ltr'><strong>ibi</strong></span> <span class='ocrx_word' id='word_1_579' title='bbox 2352 1866 2530 1921; x_wconf 90' lang='lat' dir='ltr'><strong>etiam</strong></span> <span class='ocrx_word' id='word_1_580' title='bbox 2561 1880 2629 1920; x_wconf 91' lang='lat' dir='ltr'><strong>se</strong></span> <span class='ocrx_word' id='word_1_581' title='bbox 2644 1881 2753 1937; x_wconf 90' lang='lat' dir='ltr'><strong>pro</strong></span> <span class='ocrx_word' id='word_1_582' title='bbox 2783 1865 2890 1921; x_wconf 90' lang='lat' dir='ltr'><strong>Dei</strong></span> <span class='ocrx_word' id='word_1_583' title='bbox 2910 1866 3148 1922; x_wconf 90' lang='lat' dir='ltr'><strong>nomine</strong></span> <span class='ocrx_word' id='word_1_584' title='bbox 3167 1866 3442 1937; x_wconf 88' lang='lat' dir='ltr'><strong>passioni</strong></span> <span class='ocrx_word' id='word_1_585' title='bbox 3461 1866 3637 1922; x_wconf 88' lang='lat' dir='ltr'><strong>discit</strong></span> <span class='ocrx_word' id='word_1_586' title='bbox 3663 1864 3848 1922; x_wconf 76' lang='lat' dir='ltr'><strong>offerre.</strong></span> 
     </span>
    </p>
   </div>
   <div class='ocr_carea' id='block_1_82' title="bbox 2241 1952 3851 2027">
    <p class='ocr_par' dir='ltr' id='par_1_82' title="bbox 2241 1952 3851 2027">
     <span class='ocr_line' id='line_1_83' title="bbox 2241 1952 3851 2027; baseline -0.001 -16"><span class='ocrx_word' id='word_1_587' title='bbox 2241 1956 2326 2011; x_wconf 92' lang='lat' dir='ltr'><strong>De</strong></span> <span class='ocrx_word' id='word_1_588' title='bbox 2354 1955 2488 2011; x_wconf 91' lang='lat' dir='ltr'><strong>loco</strong></span> <span class='ocrx_word' id='word_1_589' title='bbox 2519 1954 2900 2026; x_wconf 90' lang='lat' dir='ltr'><strong>obeditionis,</strong></span> <span class='ocrx_word' id='word_1_590' title='bbox 2931 1957 2996 2009; x_wconf 91' lang='lat' dir='ltr'><strong>ut</strong></span> <span class='ocrx_word' id='word_1_591' title='bbox 3022 1955 3285 2011; x_wconf 82' lang='lat' dir='ltr'><strong>Joannes</strong></span> <span class='ocrx_word' id='word_1_592' title='bbox 3305 1955 3481 2012; x_wconf 88' lang='lat' dir='ltr'><strong>docet</strong></span> <span class='ocrx_word' id='word_1_593' title='bbox 3500 1955 3673 2027; x_wconf 86' lang='lat' dir='ltr'><strong>(Ibid.</strong></span> <span class='ocrx_word' id='word_1_594' title='bbox 3702 1952 3851 2027; x_wconf 75' lang='lat' dir='ltr'><strong>54),in</strong></span> 
     </span>
    </p>
   </div>
   <div class='ocr_carea' id='block_1_83' title="bbox 2241 2042 3853 2116">
    <p class='ocr_par' dir='ltr' id='par_1_83' title="bbox 2241 2042 3853 2116">
     <span class='ocr_line' id='line_1_84' title="bbox 2241 2042 3853 2116; baseline -0.001 -17"><span class='ocrx_word' id='word_1_595' title='bbox 2241 2043 2521 2116; x_wconf 86' lang='lat' dir='ltr'><strong>Ephraem</strong></span> <span class='ocrx_word' id='word_1_596' title='bbox 2549 2043 2805 2115; x_wconf 89' lang='lat' dir='ltr'><strong>ducitur,</strong></span> <span class='ocrx_word' id='word_1_597' title='bbox 2837 2043 2898 2099; x_wconf 91' lang='lat' dir='ltr'><strong>id</strong></span> <span class='ocrx_word' id='word_1_598' title='bbox 2927 2047 3041 2115; x_wconf 90' lang='lat' dir='ltr'><strong>est,</strong></span> <span class='ocrx_word' id='word_1_599' title='bbox 3067 2044 3141 2098; x_wconf 91' lang='lat' dir='ltr'><strong>ad</strong></span> <span class='ocrx_word' id='word_1_600' title='bbox 3169 2044 3467 2100; x_wconf 90' lang='lat' dir='ltr'><strong>bonorum</strong></span> <span class='ocrx_word' id='word_1_601' title='bbox 3495 2043 3769 2100; x_wconf 84' lang='lat' dir='ltr'><strong>fructuum</strong></span> <span class='ocrx_word' id='word_1_602' title='bbox 3789 2042 3853 2097; x_wconf 76' lang='lat' dir='ltr'><strong>fe-</strong></span> 
     </span>
    </p>
   </div>
   <div class='ocr_carea' id='block_1_84' title="bbox 2244 2131 3851 2203">
    <p class='ocr_par' dir='ltr' id='par_1_84' title="bbox 2244 2131 3851 2203">
     <span class='ocr_line' id='line_1_85' title="bbox 2244 2131 3851 2203; baseline -0.002 -14"><span class='ocrx_word' id='word_1_603' title='bbox 2244 2133 2602 2190; x_wconf 90' lang='lat' dir='ltr'><strong>cunditatem</strong></span> <span class='ocrx_word' id='word_1_604' title='bbox 2617 2147 2630 2187; x_wconf 92' lang='lat'><strong>:</strong></span> <span class='ocrx_word' id='word_1_605' title='bbox 2655 2131 2792 2188; x_wconf 90' lang='lat' dir='ltr'><strong>inde</strong></span> <span class='ocrx_word' id='word_1_606' title='bbox 2805 2132 2863 2186; x_wconf 90' lang='lat' dir='ltr'><strong>in</strong></span> <span class='ocrx_word' id='word_1_607' title='bbox 2875 2132 3220 2188; x_wconf 88' lang='lat' dir='ltr'><strong>Bethaniam</strong></span> <span class='ocrx_word' id='word_1_608' title='bbox 3230 2133 3540 2189; x_wconf 86' lang='lat' dir='ltr'><strong>reducitur</strong></span> <span class='ocrx_word' id='word_1_609' title='bbox 3551 2133 3729 2203; x_wconf 81' lang='lat' dir='ltr'><strong>(Joan.</strong></span> <span class='ocrx_word' id='word_1_610' title='bbox 3742 2132 3851 2201; x_wconf 83' lang='lat' dir='ltr'><strong>xm),</strong></span> 
     </span>
    </p>
   </div>
   <div class='ocr_carea' id='block_1_85' title="bbox 2243 2219 3855 2294">
    <p class='ocr_par' dir='ltr' id='par_1_85' title="bbox 2243 2219 3855 2294">
     <span class='ocr_line' id='line_1_86' title="bbox 2243 2219 3855 2294; baseline -0.001 -18"><span class='ocrx_word' id='word_1_611' title='bbox 2243 2222 2305 2277; x_wconf 93' lang='lat' dir='ltr'><strong>id</strong></span> <span class='ocrx_word' id='word_1_612' title='bbox 2335 2224 2429 2278; x_wconf 91' lang='lat' dir='ltr'><strong>est</strong></span> <span class='ocrx_word' id='word_1_613' title='bbox 2466 2220 2901 2293; x_wconf 86' lang='lat' dir='ltr'><strong>obedientiam;</strong></span> <span class='ocrx_word' id='word_1_614' title='bbox 2947 2221 3135 2277; x_wconf 88' lang='lat' dir='ltr'><strong>semel</strong></span> <span class='ocrx_word' id='word_1_615' title='bbox 3179 2221 3338 2277; x_wconf 90' lang='lat' dir='ltr'><strong>enim</strong></span> <span class='ocrx_word' id='word_1_616' title='bbox 3369 2239 3505 2294; x_wconf 73' lang='lat' dir='ltr'><strong>quae</strong></span> <span class='ocrx_word' id='word_1_617' title='bbox 3544 2222 3655 2294; x_wconf 61' lang='lat' dir='ltr'><strong>piat</strong></span> <span class='ocrx_word' id='word_1_618' title='bbox 3693 2219 3855 2291; x_wconf 79' lang='lat' dir='ltr'><strong>subje-</strong></span> 
     </span>
    </p>
   </div>
   <div class='ocr_carea' id='block_1_86' title="bbox 2248 2309 3856 2384">
    <p class='ocr_par' dir='ltr' id='par_1_86' title="bbox 2248 2309 3856 2384">
     <span class='ocr_line' id='line_1_87' title="bbox 2248 2309 3856 2384; baseline -0.001 -19"><span class='ocrx_word' id='word_1_619' title='bbox 2248 2311 2464 2367; x_wconf 89' lang='lat' dir='ltr'><strong>ctionis</strong></span> <span class='ocrx_word' id='word_1_620' title='bbox 2492 2310 2749 2366; x_wconf 84' lang='lat' dir='ltr'><strong>fructum</strong></span> <span class='ocrx_word' id='word_1_621' title='bbox 2779 2310 3128 2384; x_wconf 85' lang='lat' dir='ltr'><strong>gustaverit,</strong></span> <span class='ocrx_word' id='word_1_622' title='bbox 3159 2326 3409 2367; x_wconf 91' lang='lat' dir='ltr'><strong>servare</strong></span> <span class='ocrx_word' id='word_1_623' title='bbox 3457 2327 3605 2380; x_wconf 89' lang='lat' dir='ltr'><strong>eam,</strong></span> <span class='ocrx_word' id='word_1_624' title='bbox 3643 2314 3697 2366; x_wconf 88' lang='lat' dir='ltr'><strong>et</strong></span> <span class='ocrx_word' id='word_1_625' title='bbox 3738 2309 3787 2364; x_wconf 91' lang='lat' dir='ltr'><strong>in</strong></span> <span class='ocrx_word' id='word_1_626' title='bbox 3809 2323 3856 2364; x_wconf 76' lang='lat'><strong>6|</strong></span> 
     </span>
    </p>
   </div>
   <div class='ocr_carea' id='block_1_87' title="bbox 2246 2400 3429 2473">
    <p class='ocr_par' dir='ltr' id='par_1_87' title="bbox 2246 2400 3429 2473">
     <span class='ocr_line' id='line_1_88' title="bbox 2246 2400 3429 2473; baseline 0.001 -18"><span class='ocrx_word' id='word_1_627' title='bbox 2246 2400 2485 2473; x_wconf 90' lang='lat' dir='ltr'><strong>probari</strong></span> <span class='ocrx_word' id='word_1_628' title='bbox 2514 2400 2738 2471; x_wconf 62' lang='lat' dir='ltr'><strong>sapius</strong></span> <span class='ocrx_word' id='word_1_629' title='bbox 2767 2414 3141 2472; x_wconf 88' lang='lat' dir='ltr'><strong>nequaquam</strong></span> <span class='ocrx_word' id='word_1_630' title='bbox 3167 2402 3429 2456; x_wconf 88' lang='lat' dir='ltr'><strong>recusat.</strong></span> 
     </span>
    </p>
   </div>
   <div class='ocr_carea' id='block_1_88' title="bbox 2317 2486 3857 2561">
    <p class='ocr_par' dir='ltr' id='par_1_88' title="bbox 2317 2486 3857 2561">
     <span class='ocr_line' id='line_1_89' title="bbox 2317 2486 3857 2561; baseline -0.004 -16"><span class='ocrx_word' id='word_1_631' title='bbox 2317 2490 2370 2545; x_wconf 88' lang='lat'><strong>&#39;7.</strong></span> <span class='ocrx_word' id='word_1_632' title='bbox 2407 2489 2577 2545; x_wconf 92' lang='lat' dir='ltr'><strong>Unde</strong></span> <span class='ocrx_word' id='word_1_633' title='bbox 2600 2488 2726 2561; x_wconf 88' lang='lat' dir='ltr'><strong>jam</strong></span> <span class='ocrx_word' id='word_1_634' title='bbox 2752 2488 2998 2560; x_wconf 89' lang='lat' dir='ltr'><strong>probata</strong></span> <span class='ocrx_word' id='word_1_635' title='bbox 3030 2488 3510 2561; x_wconf 75' lang='lat' dir='ltr'><strong>Hierosolymam</strong></span> <span class='ocrx_word' id='word_1_636' title='bbox 3529 2488 3702 2559; x_wconf 91' lang='lat' dir='ltr'><strong>venit,</strong></span> <span class='ocrx_word' id='word_1_637' title='bbox 3723 2486 3857 2560; x_wconf 80' lang='lat' dir='ltr'><strong>digna</strong></span> 
     </span>
    </p>
   </div>
   <div class='ocr_carea' id='block_1_89' title="bbox 2246 2576 3859 2652">
    <p class='ocr_par' dir='ltr' id='par_1_89' title="bbox 2246 2576 3859 2652">
     <span class='ocr_line' id='line_1_90' title="bbox 2246 2576 3859 2652; baseline -0.002 -20"><span class='ocrx_word' id='word_1_638' title='bbox 2246 2594 2381 2652; x_wconf 69' lang='lat' dir='ltr'><strong>qum</strong></span> <span class='ocrx_word' id='word_1_639' title='bbox 2413 2578 2494 2633; x_wconf 90' lang='lat' dir='ltr'><strong>sit</strong></span> <span class='ocrx_word' id='word_1_640' title='bbox 2519 2578 2579 2633; x_wconf 92' lang='lat' dir='ltr'><strong>in</strong></span> <span class='ocrx_word' id='word_1_641' title='bbox 2605 2578 2886 2648; x_wconf 89' lang='lat' dir='ltr'><strong>templum</strong></span> <span class='ocrx_word' id='word_1_642' title='bbox 2916 2578 3043 2649; x_wconf 91' lang='lat' dir='ltr'><strong>Dei,</strong></span> <span class='ocrx_word' id='word_1_643' title='bbox 3074 2578 3136 2633; x_wconf 92' lang='lat' dir='ltr'><strong>in</strong></span> <span class='ocrx_word' id='word_1_644' title='bbox 3165 2594 3282 2650; x_wconf 90' lang='lat' dir='ltr'><strong>qua</strong></span> <span class='ocrx_word' id='word_1_645' title='bbox 3311 2578 3594 2634; x_wconf 89' lang='lat' dir='ltr'><strong>Christus</strong></span> <span class='ocrx_word' id='word_1_646' title='bbox 3621 2576 3859 2633; x_wconf 82' lang='lat' dir='ltr'><strong>habitaret</strong></span> 
     </span>
    </p>
   </div>
   <div class='ocr_carea' id='block_1_90' title="bbox 2247 2666 3859 2740">
    <p class='ocr_par' dir='ltr' id='par_1_90' title="bbox 2247 2666 3859 2740">
     <span class='ocr_line' id='line_1_91' title="bbox 2247 2666 3859 2740; baseline -0.003 -16"><span class='ocrx_word' id='word_1_647' title='bbox 2247 2669 2345 2740; x_wconf 78' lang='lat'><strong>(4).</strong></span> <span class='ocrx_word' id='word_1_648' title='bbox 2380 2667 2646 2739; x_wconf 90' lang='lat' dir='ltr'><strong>Denique</strong></span> <span class='ocrx_word' id='word_1_649' title='bbox 2678 2667 2898 2722; x_wconf 92' lang='lat' dir='ltr'><strong>sedens</strong></span> <span class='ocrx_word' id='word_1_650' title='bbox 2928 2682 3112 2739; x_wconf 89' lang='lat' dir='ltr'><strong>super</strong></span> <span class='ocrx_word' id='word_1_651' title='bbox 3146 2668 3372 2739; x_wconf 91' lang='lat' dir='ltr'><strong>pullum</strong></span> <span class='ocrx_word' id='word_1_652' title='bbox 3406 2670 3596 2724; x_wconf 68' lang='lat' dir='ltr'><strong>asiam</strong></span> <span class='ocrx_word' id='word_1_653' title='bbox 3627 2666 3859 2722; x_wconf 82' lang='lat' dir='ltr'><strong>Dominus</strong></span> 
     </span>
    </p>
   </div>
   <div class='ocr_carea' id='block_1_91' title="bbox 2246 2755 3859 2829">
    <p class='ocr_par' dir='ltr' id='par_1_91' title="bbox 2246 2755 3859 2829">
     <span class='ocr_line' id='line_1_92' title="bbox 2246 2755 3859 2829; baseline -0.003 -16"><span class='ocrx_word' id='word_1_654' title='bbox 2246 2758 2429 2814; x_wconf 82' lang='lat' dir='ltr'><strong>Jesus</strong></span> <span class='ocrx_word' id='word_1_655' title='bbox 2461 2772 2596 2812; x_wconf 91' lang='lat' dir='ltr'><strong>cum</strong></span> <span class='ocrx_word' id='word_1_656' title='bbox 2634 2755 3026 2828; x_wconf 86' lang='lat' dir='ltr'><strong>gratulatione</strong></span> <span class='ocrx_word' id='word_1_657' title='bbox 3055 2759 3113 2811; x_wconf 90' lang='lat' dir='ltr'><strong>et</strong></span> <span class='ocrx_word' id='word_1_658' title='bbox 3151 2756 3371 2829; x_wconf 89' lang='lat' dir='ltr'><strong>gaudio</strong></span> <span class='ocrx_word' id='word_1_659' title='bbox 3405 2755 3726 2814; x_wconf 85' lang='lat' dir='ltr'><strong>innocentis</strong></span> <span class='ocrx_word' id='word_1_660' title='bbox 3753 2767 3859 2810; x_wconf 82' lang='lat' dir='ltr'><strong>sus-</strong></span> 
     </span>
    </p>
   </div>
   <div class='ocr_carea' id='block_1_92' title="bbox 2250 2844 3161 2918">
    <p class='ocr_par' dir='ltr' id='par_1_92' title="bbox 2250 2844 3161 2918">
     <span class='ocr_line' id='line_1_93' title="bbox 2250 2844 3161 2918; baseline -0.001 -17"><span class='ocrx_word' id='word_1_661' title='bbox 2250 2846 2466 2918; x_wconf 89' lang='lat' dir='ltr'><strong>cipitur</strong></span> <span class='ocrx_word' id='word_1_662' title='bbox 2495 2845 2687 2901; x_wconf 59' lang='lat' dir='ltr'><strong>(etatis</strong></span> <span class='ocrx_word' id='word_1_663' title='bbox 2719 2845 2920 2916; x_wconf 81' lang='lat' dir='ltr'><strong>(Ibid.,</strong></span> <span class='ocrx_word' id='word_1_664' title='bbox 2952 2844 3161 2917; x_wconf 81' lang='grc'><strong>14-18).</strong></span> 
     </span>
    </p>
   </div>
   <div class='ocr_carea' id='block_1_93' title="bbox 2318 2933 3859 3005">
    <p class='ocr_par' dir='ltr' id='par_1_93' title="bbox 2318 2933 3859 3005">
     <span class='ocr_line' id='line_1_94' title="bbox 2318 2933 3859 3005; baseline -0.002 -15"><span class='ocrx_word' id='word_1_665' title='bbox 2318 2936 2373 2991; x_wconf 92' lang='lat'><strong>8.</strong></span> <span class='ocrx_word' id='word_1_666' title='bbox 2395 2936 2607 2990; x_wconf 88' lang='lat' dir='ltr'><strong>Postea</strong></span> <span class='ocrx_word' id='word_1_667' title='bbox 2618 2934 2679 2988; x_wconf 91' lang='lat' dir='ltr'><strong>in</strong></span> <span class='ocrx_word' id='word_1_668' title='bbox 2690 2934 2969 3005; x_wconf 89' lang='lat' dir='ltr'><strong>paradiso</strong></span> <span class='ocrx_word' id='word_1_669' title='bbox 2982 2934 3163 2990; x_wconf 90' lang='lat' dir='ltr'><strong>verba</strong></span> <span class='ocrx_word' id='word_1_670' title='bbox 3174 2935 3314 2990; x_wconf 68' lang='lat' dir='ltr'><strong>vitm</strong></span> <span class='ocrx_word' id='word_1_671' title='bbox 3331 2936 3576 2992; x_wconf 64' lang='lat' dir='ltr'><strong>aeterna</strong></span> <span class='ocrx_word' id='word_1_672' title='bbox 3593 2933 3859 3001; x_wconf 86' lang='lat' dir='ltr'><strong>docentur;</strong></span> 
     </span>
    </p>
   </div>
   <div class='ocr_carea' id='block_1_94' title="bbox 2248 3022 3863 3097">
    <p class='ocr_par' dir='ltr' id='par_1_94' title="bbox 2248 3022 3863 3097">
     <span class='ocr_line' id='line_1_95' title="bbox 2248 3022 3863 3097; baseline -0.004 -15"><span class='ocrx_word' id='word_1_673' title='bbox 2248 3025 2406 3082; x_wconf 92' lang='lat' dir='ltr'><strong>unde</strong></span> <span class='ocrx_word' id='word_1_674' title='bbox 2427 3024 2602 3080; x_wconf 89' lang='lat' dir='ltr'><strong>etiam</strong></span> <span class='ocrx_word' id='word_1_675' title='bbox 2619 3022 2905 3079; x_wconf 91' lang='lat' dir='ltr'><strong>Dominus</strong></span> <span class='ocrx_word' id='word_1_676' title='bbox 2928 3038 2995 3078; x_wconf 90' lang='lat' dir='ltr'><strong>se</strong></span> <span class='ocrx_word' id='word_1_677' title='bbox 3011 3024 3284 3095; x_wconf 89' lang='lat' dir='ltr'><strong>promisit</strong></span> <span class='ocrx_word' id='word_1_678' title='bbox 3305 3025 3460 3097; x_wconf 90' lang='lat' dir='ltr'><strong>capi,</strong></span> <span class='ocrx_word' id='word_1_679' title='bbox 3478 3025 3633 3080; x_wconf 86' lang='lat' dir='ltr'><strong>sicut</strong></span> <span class='ocrx_word' id='word_1_680' title='bbox 3651 3023 3863 3080; x_wconf 79' lang='lat' dir='ltr'><strong>Joannes</strong></span> 
     </span>
    </p>
   </div>
   <div class='ocr_carea' id='block_1_95' title="bbox 2250 3110 3864 3187">
    <p class='ocr_par' dir='ltr' id='par_1_95' title="bbox 2250 3110 3864 3187">
     <span class='ocr_line' id='line_1_96' title="bbox 2250 3110 3864 3187; baseline -0.004 -16"><span class='ocrx_word' id='word_1_681' title='bbox 2250 3114 2464 3171; x_wconf 90' lang='lat' dir='ltr'><strong>scribit</strong></span> <span class='ocrx_word' id='word_1_682' title='bbox 2508 3112 2879 3186; x_wconf 87' lang='lat' dir='ltr'><strong>evangelista</strong></span> <span class='ocrx_word' id='word_1_683' title='bbox 2915 3113 3106 3184; x_wconf 82' lang='lat' dir='ltr'><strong>(Joan.</strong></span> <span class='ocrx_word' id='word_1_684' title='bbox 3153 3130 3321 3185; x_wconf 86' lang='lat' dir='ltr'><strong>xvm,</strong></span> <span class='ocrx_word' id='word_1_685' title='bbox 3357 3113 3413 3187; x_wconf 79' lang='grc'><strong>1,</strong></span> <span class='ocrx_word' id='word_1_686' title='bbox 3448 3114 3527 3184; x_wconf 91' lang='lat'><strong>8),</strong></span> <span class='ocrx_word' id='word_1_687' title='bbox 3571 3110 3864 3187; x_wconf 75' lang='lat' dir='ltr'><strong>signiﬁcans</strong></span> 
     </span>
    </p>
   </div>
   <div class='ocr_carea' id='block_1_96' title="bbox 2248 3201 3862 3273">
    <p class='ocr_par' dir='ltr' id='par_1_96' title="bbox 2248 3201 3862 3273">
     <span class='ocr_line' id='line_1_97' title="bbox 2248 3201 3862 3273; baseline -0.005 -13"><span class='ocrx_word' id='word_1_688' title='bbox 2248 3204 2502 3260; x_wconf 91' lang='lat' dir='ltr'><strong>animam</strong></span> <span class='ocrx_word' id='word_1_689' title='bbox 2523 3205 2808 3273; x_wconf 88' lang='lat' dir='ltr'><strong>nostram,</strong></span> <span class='ocrx_word' id='word_1_690' title='bbox 2832 3201 3136 3272; x_wconf 89' lang='lat' dir='ltr'><strong>velpotius</strong></span> <span class='ocrx_word' id='word_1_691' title='bbox 3158 3202 3557 3259; x_wconf 89' lang='lat' dir='ltr'><strong>conditionem</strong></span> <span class='ocrx_word' id='word_1_692' title='bbox 3580 3202 3862 3266; x_wconf 89' lang='lat' dir='ltr'><strong>humanam,</strong></span> 
     </span>
    </p>
   </div>
   <div class='ocr_carea' id='block_1_97' title="bbox 2250 3287 3862 3364">
    <p class='ocr_par' dir='ltr' id='par_1_97' title="bbox 2250 3287 3862 3364">
     <span class='ocr_line' id='line_1_98' title="bbox 2250 3287 3862 3364; baseline -0.005 -16"><span class='ocrx_word' id='word_1_693' title='bbox 2250 3291 2464 3348; x_wconf 90' lang='lat' dir='ltr'><strong>solutis</strong></span> <span class='ocrx_word' id='word_1_694' title='bbox 2477 3292 2702 3347; x_wconf 90' lang='lat' dir='ltr'><strong>erroris</strong></span> <span class='ocrx_word' id='word_1_695' title='bbox 2713 3290 2994 3362; x_wconf 88' lang='lat' dir='ltr'><strong>vinculis,</strong></span> <span class='ocrx_word' id='word_1_696' title='bbox 3009 3306 3080 3347; x_wconf 92' lang='lat' dir='ltr'><strong>eo</strong></span> <span class='ocrx_word' id='word_1_697' title='bbox 3100 3291 3257 3347; x_wconf 93' lang='lat' dir='ltr'><strong>unde</strong></span> <span class='ocrx_word' id='word_1_698' title='bbox 3277 3290 3475 3364; x_wconf 88' lang='lat' dir='ltr'><strong>ejecta</strong></span> <span class='ocrx_word' id='word_1_699' title='bbox 3494 3291 3686 3347; x_wconf 90' lang='lat' dir='ltr'><strong>eratin</strong></span> <span class='ocrx_word' id='word_1_700' title='bbox 3699 3287 3862 3354; x_wconf 75' lang='lat' dir='ltr'><strong>Adam,</strong></span> 
     </span>
    </p>
   </div>
   <div class='ocr_carea' id='block_1_98' title="bbox 2248 3373 3867 3455">
    <p class='ocr_par' dir='ltr' id='par_1_98' title="bbox 2248 3373 3867 3455">
     <span class='ocr_line' id='line_1_99' title="bbox 2248 3373 3867 3455; baseline -0.004 -17"><span class='ocrx_word' id='word_1_701' title='bbox 2248 3397 2358 3455; x_wconf 90' lang='lat' dir='ltr'><strong>per</strong></span> <span class='ocrx_word' id='word_1_702' title='bbox 2384 3380 2688 3436; x_wconf 89' lang='lat' dir='ltr'><strong>Christum</strong></span> <span class='ocrx_word' id='word_1_703' title='bbox 2714 3395 3081 3453; x_wconf 90' lang='lat' dir='ltr'><strong>regressam.</strong></span> <span class='ocrx_word' id='word_1_704' title='bbox 3113 3381 3284 3437; x_wconf 91' lang='lat' dir='ltr'><strong>Unde</strong></span> <span class='ocrx_word' id='word_1_705' title='bbox 3314 3381 3599 3437; x_wconf 90' lang='lat' dir='ltr'><strong>etlatroni</strong></span> <span class='ocrx_word' id='word_1_706' title='bbox 3616 3379 3697 3435; x_wconf 92' lang='lat' dir='ltr'><strong>illi</strong></span> <span class='ocrx_word' id='word_1_707' title='bbox 3723 3373 3867 3433; x_wconf 81' lang='lat' dir='ltr'><strong>conﬂ-</strong></span> 
     </span>
    </p>
   </div>
   <div class='ocr_carea' id='block_1_99' title="bbox 2252 3467 3863 3543">
    <p class='ocr_par' dir='ltr' id='par_1_99' title="bbox 2252 3467 3863 3543">
     <span class='ocr_line' id='line_1_100' title="bbox 2252 3467 3863 3543; baseline -0.006 -15"><span class='ocrx_word' id='word_1_708' title='bbox 2252 3472 2397 3528; x_wconf 90' lang='lat' dir='ltr'><strong>tenti</strong></span> <span class='ocrx_word' id='word_1_709' title='bbox 2439 3470 2692 3526; x_wconf 89' lang='lat' dir='ltr'><strong>dicitur:</strong></span> <span class='ocrx_word' id='word_1_710' title='bbox 2731 3490 2754 3519; x_wconf 73' lang='grc' dir='ltr'><strong><em>α</em></strong></span> <span class='ocrx_word' id='word_1_711' title='bbox 2789 3470 2999 3541; x_wconf 83' lang='lat' dir='ltr'><strong>Amen,</strong></span> <span class='ocrx_word' id='word_1_712' title='bbox 3034 3484 3206 3525; x_wconf 89' lang='lat' dir='ltr'><strong>amen</strong></span> <span class='ocrx_word' id='word_1_713' title='bbox 3252 3470 3389 3526; x_wconf 88' lang='lat' dir='ltr'><strong>dico</strong></span> <span class='ocrx_word' id='word_1_714' title='bbox 3420 3470 3548 3543; x_wconf 90' lang='lat' dir='ltr'><strong>tibi,</strong></span> <span class='ocrx_word' id='word_1_715' title='bbox 3583 3467 3746 3525; x_wconf 90' lang='lat' dir='ltr'><strong>hodie</strong></span> <span class='ocrx_word' id='word_1_716' title='bbox 3769 3477 3863 3520; x_wconf 84' lang='lat' dir='ltr'><strong>me-</strong></span> 
     </span>
    </p>
   </div>
   <div class='ocr_carea' id='block_1_100' title="bbox 2255 3554 3865 3631">
    <p class='ocr_par' dir='ltr' id='par_1_100' title="bbox 2255 3554 3865 3631">
     <span class='ocr_line' id='line_1_101' title="bbox 2255 3554 3865 3631; baseline -0.007 -14"><span class='ocrx_word' id='word_1_717' title='bbox 2255 3577 2389 3617; x_wconf 90' lang='lat' dir='ltr'><strong>cum</strong></span> <span class='ocrx_word' id='word_1_718' title='bbox 2417 3560 2538 3616; x_wconf 91' lang='lat' dir='ltr'><strong>eris</strong></span> <span class='ocrx_word' id='word_1_719' title='bbox 2569 3559 2631 3614; x_wconf 91' lang='lat' dir='ltr'><strong>in</strong></span> <span class='ocrx_word' id='word_1_720' title='bbox 2674 3559 2953 3631; x_wconf 89' lang='lat' dir='ltr'><strong>paradiso</strong></span> <span class='ocrx_word' id='word_1_721' title='bbox 2985 3559 3152 3630; x_wconf 86' lang='lat' dir='ltr'><strong>(Luc.</strong></span> <span class='ocrx_word' id='word_1_722' title='bbox 3182 3576 3352 3630; x_wconf 85' lang='lat' dir='ltr'><strong>xxm,</strong></span> <span class='ocrx_word' id='word_1_723' title='bbox 3386 3558 3502 3630; x_wconf 76' lang='lat'><strong>43).</strong></span> <span class='ocrx_word' id='word_1_724' title='bbox 3540 3581 3563 3608; x_wconf 73' lang='grc' dir='ltr'><strong>ιι</strong></span> <span class='ocrx_word' id='word_1_725' title='bbox 3597 3558 3694 3613; x_wconf 89' lang='lat' dir='ltr'><strong>Ille</strong></span> <span class='ocrx_word' id='word_1_726' title='bbox 3737 3554 3865 3611; x_wconf 82' lang='lat' dir='ltr'><strong>dixe-</strong></span> 
     </span>
    </p>
   </div>
   <div class='ocr_carea' id='block_1_101' title="bbox 2255 3648 3867 3721">
    <p class='ocr_par' dir='ltr' id='par_1_101' title="bbox 2255 3648 3867 3721">
     <span class='ocr_line' id='line_1_102' title="bbox 2255 3648 3867 3721; baseline -0.006 -15"><span class='ocrx_word' id='word_1_727' title='bbox 2255 3654 2372 3706; x_wconf 91' lang='lat' dir='ltr'><strong>rat:</strong></span> <span class='ocrx_word' id='word_1_728' title='bbox 2412 3672 2434 3698; x_wconf 73' lang='grc' dir='ltr'>α</span> <span class='ocrx_word' id='word_1_729' title='bbox 2468 3650 2763 3705; x_wconf 90' lang='lat' dir='ltr'><strong>Memento</strong></span> <span class='ocrx_word' id='word_1_730' title='bbox 2793 3649 2931 3720; x_wconf 89' lang='lat' dir='ltr'><strong>mei,</strong></span> <span class='ocrx_word' id='word_1_731' title='bbox 2955 3663 3091 3704; x_wconf 90' lang='lat' dir='ltr'><strong>cum</strong></span> <span class='ocrx_word' id='word_1_732' title='bbox 3118 3648 3361 3705; x_wconf 87' lang='lat' dir='ltr'><strong>veneris</strong></span> <span class='ocrx_word' id='word_1_733' title='bbox 3381 3648 3447 3704; x_wconf 89' lang='lat' dir='ltr'><strong>in</strong></span> <span class='ocrx_word' id='word_1_734' title='bbox 3476 3662 3720 3721; x_wconf 88' lang='lat' dir='ltr'><strong>regnum</strong></span> <span class='ocrx_word' id='word_1_735' title='bbox 3744 3649 3867 3700; x_wconf 86' lang='lat' dir='ltr'><strong>tuum</strong></span> 
     </span>
    </p>
   </div>
   <div class='ocr_carea' id='block_1_102' title="bbox 2255 3727 3867 3812">
    <p class='ocr_par' dir='ltr' id='par_1_102' title="bbox 2255 3727 3867 3812">
     <span class='ocr_line' id='line_1_103' title="bbox 2255 3727 3867 3812; baseline -0.006 -17"><span class='ocrx_word' id='word_1_736' title='bbox 2255 3739 2439 3812; x_wconf 85' lang='lat' dir='ltr'><strong>(Ibid.</strong></span> <span class='ocrx_word' id='word_1_737' title='bbox 2472 3738 2564 3811; x_wconf 79' lang='grc'>42)</span> <span class='ocrx_word' id='word_1_738' title='bbox 2588 3755 2604 3811; x_wconf 91' lang='lat'><strong>;</strong></span> <span class='ocrx_word' id='word_1_739' title='bbox 2639 3762 2662 3788; x_wconf 74' lang='grc' dir='ltr'><strong>ι»</strong></span> <span class='ocrx_word' id='word_1_740' title='bbox 2692 3737 2967 3793; x_wconf 90' lang='lat' dir='ltr'><strong>Christus</strong></span> <span class='ocrx_word' id='word_1_741' title='bbox 2984 3753 3103 3794; x_wconf 92' lang='lat' dir='ltr'><strong>non</strong></span> <span class='ocrx_word' id='word_1_742' title='bbox 3132 3739 3205 3794; x_wconf 89' lang='lat' dir='ltr'><strong>de</strong></span> <span class='ocrx_word' id='word_1_743' title='bbox 3232 3753 3425 3811; x_wconf 90' lang='lat' dir='ltr'><strong>regno</strong></span> <span class='ocrx_word' id='word_1_744' title='bbox 3455 3735 3768 3809; x_wconf 88' lang='lat' dir='ltr'><strong>respondit,</strong></span> <span class='ocrx_word' id='word_1_745' title='bbox 3788 3727 3867 3787; x_wconf 85' lang='lat' dir='ltr'><strong>sed</strong></span> 
     </span>
    </p>
   </div>
   <div class='ocr_carea' id='block_1_103' title="bbox 2256 3824 3866 3899">
    <p class='ocr_par' dir='ltr' id='par_1_103' title="bbox 2256 3824 3866 3899">
     <span class='ocr_line' id='line_1_104' title="bbox 2256 3824 3866 3899; baseline -0.005 -14"><span class='ocrx_word' id='word_1_746' title='bbox 2256 3830 2330 3885; x_wconf 91' lang='lat' dir='ltr'><strong>ad</strong></span> <span class='ocrx_word' id='word_1_747' title='bbox 2361 3844 2640 3884; x_wconf 89' lang='lat' dir='ltr'><strong>causam:</strong></span> <span class='ocrx_word' id='word_1_748' title='bbox 2692 3848 2716 3879; x_wconf 72' lang='grc' dir='ltr'><strong>α</strong></span> <span class='ocrx_word' id='word_1_749' title='bbox 2766 3827 2956 3883; x_wconf 90' lang='lat' dir='ltr'><strong>Hodie</strong></span> <span class='ocrx_word' id='word_1_750' title='bbox 2999 3843 3232 3884; x_wconf 88' lang='lat' dir='ltr'><strong>mecum</strong></span> <span class='ocrx_word' id='word_1_751' title='bbox 3279 3828 3407 3884; x_wconf 89' lang='lat' dir='ltr'><strong>eris</strong></span> <span class='ocrx_word' id='word_1_752' title='bbox 3455 3828 3517 3883; x_wconf 92' lang='lat' dir='ltr'><strong>in</strong></span> <span class='ocrx_word' id='word_1_753' title='bbox 3558 3824 3824 3899; x_wconf 85' lang='lat' dir='ltr'><strong>paradiso,</strong></span> <span class='ocrx_word' id='word_1_754' title='bbox 3851 3840 3866 3865; x_wconf 77' lang='grc' dir='ltr'><strong>ι</strong></span> 
     </span>
    </p>
   </div>
   <div class='ocr_carea' id='block_1_104' title="bbox 2254 3910 3867 3989">
    <p class='ocr_par' dir='ltr' id='par_1_104' title="bbox 2254 3910 3867 3989">
     <span class='ocr_line' id='line_1_105' title="bbox 2254 3910 3867 3989; baseline -0.007 -14"><span class='ocrx_word' id='word_1_755' title='bbox 2254 3920 2316 3975; x_wconf 91' lang='lat' dir='ltr'><strong>id</strong></span> <span class='ocrx_word' id='word_1_756' title='bbox 2347 3922 2459 3989; x_wconf 88' lang='lat' dir='ltr'><strong>est,</strong></span> <span class='ocrx_word' id='word_1_757' title='bbox 2490 3917 2932 3972; x_wconf 85' lang='lat' dir='ltr'><strong>reformandum</strong></span> <span class='ocrx_word' id='word_1_758' title='bbox 2970 3919 3063 3972; x_wconf 92' lang='lat' dir='ltr'><strong>est</strong></span> <span class='ocrx_word' id='word_1_759' title='bbox 3107 3919 3241 3973; x_wconf 89' lang='lat' dir='ltr'><strong>ante</strong></span> <span class='ocrx_word' id='word_1_760' title='bbox 3276 3916 3437 3989; x_wconf 92' lang='lat' dir='ltr'><strong>quod</strong></span> <span class='ocrx_word' id='word_1_761' title='bbox 3490 3915 3764 3972; x_wconf 89' lang='lat' dir='ltr'><strong>amissum</strong></span> <span class='ocrx_word' id='word_1_762' title='bbox 3786 3910 3867 3979; x_wconf 82' lang='lat' dir='ltr'><strong>est,</strong></span> 
     </span>
    </p>
   </div>
   <div class='ocr_carea' id='block_1_105' title="bbox 2255 4002 3870 4080">
    <p class='ocr_par' dir='ltr' id='par_1_105' title="bbox 2255 4002 3870 4080">
     <span class='ocr_line' id='line_1_106' title="bbox 2255 4002 3870 4080; baseline -0.006 -16"><span class='ocrx_word' id='word_1_763' title='bbox 2255 4012 2465 4080; x_wconf 90' lang='lat' dir='ltr'><strong>postea</strong></span> <span class='ocrx_word' id='word_1_764' title='bbox 2493 4005 2917 4062; x_wconf 84' lang='lat' dir='ltr'><strong>conferendum</strong></span> <span class='ocrx_word' id='word_1_765' title='bbox 2944 4005 3005 4061; x_wconf 92' lang='lat' dir='ltr'><strong>id</strong></span> <span class='ocrx_word' id='word_1_766' title='bbox 3033 4006 3191 4078; x_wconf 92' lang='lat' dir='ltr'><strong>quod</strong></span> <span class='ocrx_word' id='word_1_767' title='bbox 3211 4005 3555 4079; x_wconf 89' lang='lat' dir='ltr'><strong>augendum</strong></span> <span class='ocrx_word' id='word_1_768' title='bbox 3582 4006 3689 4075; x_wconf 88' lang='lat' dir='ltr'><strong>est,</strong></span> <span class='ocrx_word' id='word_1_769' title='bbox 3718 4002 3775 4057; x_wconf 94' lang='lat' dir='ltr'><strong>ut</strong></span> <span class='ocrx_word' id='word_1_770' title='bbox 3794 4011 3870 4070; x_wconf 81' lang='lat' dir='ltr'><strong>per</strong></span> 
     </span>
    </p>
   </div>
   <div class='ocr_carea' id='block_1_106' title="bbox 2256 4095 3871 4171">
    <p class='ocr_par' dir='ltr' id='par_1_106' title="bbox 2256 4095 3871 4171">
     <span class='ocr_line' id='line_1_107' title="bbox 2256 4095 3871 4171; baseline -0.006 -17"><span class='ocrx_word' id='word_1_771' title='bbox 2256 4098 2599 4171; x_wconf 89' lang='lat' dir='ltr'><strong>paradisum</strong></span> <span class='ocrx_word' id='word_1_772' title='bbox 2627 4098 2700 4152; x_wconf 91' lang='lat' dir='ltr'><strong>ad</strong></span> <span class='ocrx_word' id='word_1_773' title='bbox 2729 4112 2982 4169; x_wconf 89' lang='lat' dir='ltr'><strong>regnum</strong></span> <span class='ocrx_word' id='word_1_774' title='bbox 3013 4095 3093 4169; x_wconf 85' lang='lat'><strong>(5)</strong></span> <span class='ocrx_word' id='word_1_775' title='bbox 3119 4097 3525 4170; x_wconf 87' lang='lat' dir='ltr'><strong>perveniatur,</strong></span> <span class='ocrx_word' id='word_1_776' title='bbox 3558 4110 3672 4153; x_wconf 91' lang='lat' dir='ltr'><strong>non</strong></span> <span class='ocrx_word' id='word_1_777' title='bbox 3698 4106 3792 4164; x_wconf 88' lang='lat' dir='ltr'><strong>per</strong></span> <span class='ocrx_word' id='word_1_778' title='bbox 3811 4100 3871 4143; x_wconf 80' lang='lat' dir='ltr'><strong>re-</strong></span> 
     </span>
    </p>
   </div>
   <div class='ocr_carea' id='block_1_107' title="bbox 2258 4187 2934 4261">
    <p class='ocr_par' dir='ltr' id='par_1_107' title="bbox 2258 4187 2934 4261">
     <span class='ocr_line' id='line_1_108' title="bbox 2258 4187 2934 4261; baseline -0.004 -16"><span class='ocrx_word' id='word_1_779' title='bbox 2258 4204 2444 4261; x_wconf 89' lang='lat' dir='ltr'><strong>gnum</strong></span> <span class='ocrx_word' id='word_1_780' title='bbox 2474 4188 2548 4243; x_wconf 92' lang='lat' dir='ltr'><strong>ad</strong></span> <span class='ocrx_word' id='word_1_781' title='bbox 2572 4187 2934 4259; x_wconf 89' lang='lat' dir='ltr'><strong>paradisum.</strong></span> 
     </span>
    </p>
   </div>
   <div class='ocr_carea' id='block_1_108' title="bbox 2259 4318 3870 4403">
    <p class='ocr_par' dir='ltr' id='par_1_108' title="bbox 2259 4318 3870 4403">
     <span class='ocr_line' id='line_1_109' title="bbox 2259 4318 3870 4403; baseline -0.004 -15"><span class='ocrx_word' id='word_1_782' title='bbox 2259 4332 2453 4389; x_wconf 91' lang='lat' dir='ltr'><strong>batur.</strong></span> <span class='ocrx_word' id='word_1_783' title='bbox 2486 4331 2605 4387; x_wconf 89' lang='lat' dir='ltr'><strong>Sed</strong></span> <span class='ocrx_word' id='word_1_784' title='bbox 2631 4332 3028 4403; x_wconf 86' lang='lat' dir='ltr'><strong>praeterquam</strong></span> <span class='ocrx_word' id='word_1_785' title='bbox 3053 4328 3213 4401; x_wconf 89' lang='lat' dir='ltr'><strong>quod</strong></span> <span class='ocrx_word' id='word_1_786' title='bbox 3244 4344 3322 4385; x_wconf 85' lang='lat' dir='ltr'><strong>ex</strong></span> <span class='ocrx_word' id='word_1_787' title='bbox 3339 4328 3522 4403; x_wconf 82' lang='lat' dir='ltr'><strong>citato</strong></span> <span class='ocrx_word' id='word_1_788' title='bbox 3540 4327 3707 4403; x_wconf 83' lang='lat' dir='ltr'><strong>libro,</strong></span> <span class='ocrx_word' id='word_1_789' title='bbox 3733 4318 3870 4403; x_wconf 60' lang='lat' dir='ltr'><strong>eui!!!</strong></span> 
     </span>
    </p>
   </div>
   <div class='ocr_carea' id='block_1_109' title="bbox 2260 4397 3869 4484">
    <p class='ocr_par' dir='ltr' id='par_1_109' title="bbox 2260 4397 3869 4484">
     <span class='ocr_line' id='line_1_110' title="bbox 2260 4397 3869 4484; baseline -0.005 -25"><span class='ocrx_word' id='word_1_790' title='bbox 2260 4407 2469 4484; x_wconf 77' lang='lat' dir='ltr'><strong>auctor</strong></span> <span class='ocrx_word' id='word_1_791' title='bbox 2498 4418 2617 4484; x_wconf 84' lang='lat' dir='ltr'><strong>non</strong></span> <span class='ocrx_word' id='word_1_792' title='bbox 2633 4397 3334 4484; x_wconf 36' lang='lat' dir='ltr'><strong>&quot;pianencemperjtus‘est,</strong></span> <span class='ocrx_word' id='word_1_793' title='bbox 3368 4402 3447 4484; x_wconf 81' lang='lat' dir='ltr'><strong>de_</strong></span> <span class='ocrx_word' id='word_1_794' title='bbox 3480 4397 3869 4484; x_wconf 48' lang='lat' dir='ltr'><strong>Ainbrosii‘lifc</strong></span> 
     </span>
    </p>
   </div>
   <div class='ocr_carea' id='block_1_110' title="bbox 2261 4468 3870 4545">
    <p class='ocr_par' dir='ltr' id='par_1_110' title="bbox 2261 4468 3870 4545">
     <span class='ocr_line' id='line_1_111' title="bbox 2261 4468 3870 4545; baseline -0.007 -16"><span class='ocrx_word' id='word_1_795' title='bbox 2261 4476 2324 4531; x_wconf 92' lang='lat' dir='ltr'><strong>in</strong></span> <span class='ocrx_word' id='word_1_796' title='bbox 2354 4490 2420 4529; x_wconf 88' lang='lat' dir='ltr'><strong>re</strong></span> <span class='ocrx_word' id='word_1_797' title='bbox 2454 4468 2746 4529; x_wconf 76' lang='lat' dir='ltr'><strong>sententia</strong></span> <span class='ocrx_word' id='word_1_798' title='bbox 2775 4472 2921 4529; x_wconf 90' lang='lat' dir='ltr'><strong>nihil</strong></span> <span class='ocrx_word' id='word_1_799' title='bbox 2953 4468 3101 4545; x_wconf 77' lang='lat' dir='ltr'><strong>certi</strong></span> <span class='ocrx_word' id='word_1_800' title='bbox 3131 4468 3333 4545; x_wconf 84' lang='lat' dir='ltr'><strong>colligi</strong></span> <span class='ocrx_word' id='word_1_801' title='bbox 3355 4475 3571 4545; x_wconf 86' lang='lat' dir='ltr'><strong>potest,</strong></span> <span class='ocrx_word' id='word_1_802' title='bbox 3592 4469 3699 4545; x_wconf 86' lang='lat' dir='ltr'><strong>_qu_i</strong></span> <span class='ocrx_word' id='word_1_803' title='bbox 3725 4468 3870 4522; x_wconf 86' lang='lat' dir='ltr'><strong>atten-</strong></span> 
     </span>
    </p>
   </div>
   <div class='ocr_carea' id='block_1_111' title="bbox 2260 4540 3869 4617">
    <p class='ocr_par' dir='ltr' id='par_1_111' title="bbox 2260 4540 3869 4617">
     <span class='ocr_line' id='line_1_112' title="bbox 2260 4540 3869 4617; baseline -0.006 -16"><span class='ocrx_word' id='word_1_804' title='bbox 2260 4547 2381 4602; x_wconf 87' lang='lat' dir='ltr'><strong>tius</strong></span> <span class='ocrx_word' id='word_1_805' title='bbox 2408 4547 2713 4617; x_wconf 90' lang='lat' dir='ltr'><strong>proposita</strong></span> <span class='ocrx_word' id='word_1_806' title='bbox 2742 4544 3016 4616; x_wconf 87' lang='lat' dir='ltr'><strong>ejusdem</strong></span> <span class='ocrx_word' id='word_1_807' title='bbox 3043 4543 3188 4617; x_wconf 80' lang='lat' dir='ltr'><strong>libri</strong></span> <span class='ocrx_word' id='word_1_808' title='bbox 3204 4540 3577 4617; x_wconf 57' lang='lat' dir='ltr'><strong>ac&#39;epistola?</strong></span> <span class='ocrx_word' id='word_1_809' title='bbox 3592 4540 3760 4612; x_wconf 72' lang='lat' dir='ltr'><strong>hujus</strong></span> <span class='ocrx_word' id='word_1_810' title='bbox 3772 4548 3869 4617; x_wconf 51' lang='lat' dir='ltr'><strong>vel:</strong></span> 
     </span>
    </p>
   </div>
   <div class='ocr_carea' id='block_1_112' title="bbox 2180 4603 3871 4695">
    <p class='ocr_par' dir='ltr' id='par_1_112' title="bbox 2180 4603 3871 4695">
     <span class='ocr_line' id='line_1_113' title="bbox 2180 4603 3871 4695; baseline -0.007 -22"><span class='ocrx_word' id='word_1_811' title='bbox 2180 4630 2237 4695; x_wconf 78' lang='grc' dir='ltr'><strong>ι)</strong></span> <span class='ocrx_word' id='word_1_812' title='bbox 2262 4618 2340 4673; x_wconf 92' lang='lat' dir='ltr'><strong>ba</strong></span> <span class='ocrx_word' id='word_1_813' title='bbox 2369 4603 2748 4695; x_wconf 58' lang='lat' dir='ltr'><strong>discesserit,</strong></span> <span class='ocrx_word' id='word_1_814' title='bbox 2775 4603 2859 4695; x_wconf 55' lang='lat' dir='ltr'><strong>ei;</strong></span> <span class='ocrx_word' id='word_1_815' title='bbox 2889 4617 2979 4695; x_wconf 75' lang='lat' dir='ltr'><strong>eis</strong></span> <span class='ocrx_word' id='word_1_816' title='bbox 3008 4629 3129 4695; x_wconf 77' lang='lat' dir='ltr'><strong>non</strong></span> <span class='ocrx_word' id='word_1_817' title='bbox 3159 4603 3482 4695; x_wconf 58' lang='lat' dir='ltr'><strong>difficulter</strong></span> <span class='ocrx_word' id='word_1_818' title='bbox 3497 4603 3729 4695; x_wconf 48' lang='lat' dir='ltr'><strong>sensilia</strong></span> <span class='ocrx_word' id='word_1_819' title='bbox 3746 4603 3871 4695; x_wconf 64' lang='lat' dir='ltr'><strong>eruet</strong></span> 
     </span>
    </p>
   </div>
   <div class='ocr_carea' id='block_1_113' title="bbox 2263 4683 3871 4744">
    <p class='ocr_par' dir='ltr' id='par_1_113' title="bbox 2263 4683 3871 4744">
     <span class='ocr_line' id='line_1_114' title="bbox 2263 4683 3871 4744; baseline -0.007 0"><span class='ocrx_word' id='word_1_820' title='bbox 2263 4683 2743 4744; x_wconf 79' lang='lat' dir='ltr'><strong>commodiorem.</strong></span> <span class='ocrx_word' id='word_1_821' title='bbox 2788 4687 3019 4742; x_wconf 86' lang='lat' dir='ltr'><strong>Etenim</strong></span> <span class='ocrx_word' id='word_1_822' title='bbox 3057 4686 3483 4742; x_wconf 77' lang='lat' dir='ltr'><strong>advertendum</strong></span> <span class='ocrx_word' id='word_1_823' title='bbox 3521 4690 3612 4741; x_wconf 90' lang='lat' dir='ltr'><strong>est</strong></span> <span class='ocrx_word' id='word_1_824' title='bbox 3646 4683 3753 4738; x_wconf 89' lang='lat' dir='ltr'><strong>illic</strong></span> <span class='ocrx_word' id='word_1_825' title='bbox 3776 4689 3871 4732; x_wconf 82' lang='lat' dir='ltr'><strong>ser-</strong></span> 
     </span>
    </p>
   </div>
   <div class='ocr_carea' id='block_1_114' title="bbox 2261 4752 3870 4829">
    <p class='ocr_par' dir='ltr' id='par_1_114' title="bbox 2261 4752 3870 4829">
     <span class='ocr_line' id='line_1_115' title="bbox 2261 4752 3870 4829; baseline -0.009 -13"><span class='ocrx_word' id='word_1_826' title='bbox 2261 4776 2496 4816; x_wconf 89' lang='lat' dir='ltr'><strong>monem</strong></span> <span class='ocrx_word' id='word_1_827' title='bbox 2526 4760 2655 4814; x_wconf 85' lang='lat' dir='ltr'><strong>ﬁeri</strong></span> <span class='ocrx_word' id='word_1_828' title='bbox 2685 4760 2758 4814; x_wconf 91' lang='lat' dir='ltr'><strong>de</strong></span> <span class='ocrx_word' id='word_1_829' title='bbox 2786 4758 2888 4813; x_wconf 90' lang='lat' dir='ltr'><strong>illa</strong></span> <span class='ocrx_word' id='word_1_830' title='bbox 2916 4757 3110 4828; x_wconf 90' lang='lat' dir='ltr'><strong>puella</strong></span> <span class='ocrx_word' id='word_1_831' title='bbox 3140 4773 3295 4829; x_wconf 87' lang='lat' dir='ltr'><strong>quae,</strong></span> <span class='ocrx_word' id='word_1_832' title='bbox 3328 4757 3568 4813; x_wconf 87' lang='lat' dir='ltr'><strong>amissis</strong></span> <span class='ocrx_word' id='word_1_833' title='bbox 3612 4752 3870 4829; x_wconf 77' lang='lat' dir='ltr'><strong>continen-</strong></span> 
     </span>
    </p>
   </div>
   <div class='ocr_carea' id='block_1_115' title="bbox 2263 4826 3868 4903">
    <p class='ocr_par' dir='ltr' id='par_1_115' title="bbox 2263 4826 3868 4903">
     <span class='ocr_line' id='line_1_116' title="bbox 2263 4826 3868 4903; baseline -0.006 -17"><span class='ocrx_word' id='word_1_834' title='bbox 2263 4833 2360 4887; x_wconf 86' lang='lat' dir='ltr'><strong>tiae</strong></span> <span class='ocrx_word' id='word_1_835' title='bbox 2388 4831 2729 4903; x_wconf 86' lang='lat' dir='ltr'><strong>aliquandiu</strong></span> <span class='ocrx_word' id='word_1_836' title='bbox 2759 4826 3012 4903; x_wconf 75' lang='lat' dir='ltr'><strong>servatae</strong></span> <span class='ocrx_word' id='word_1_837' title='bbox 3046 4826 3178 4903; x_wconf 48' lang='lat' dir='ltr'><strong>nec—</strong></span> <span class='ocrx_word' id='word_1_838' title='bbox 3198 4826 3317 4884; x_wconf 85' lang='lat' dir='ltr'><strong>non</strong></span> <span class='ocrx_word' id='word_1_839' title='bbox 3358 4829 3605 4903; x_wconf 80' lang='lat' dir='ltr'><strong>aliorum</strong></span> <span class='ocrx_word' id='word_1_840' title='bbox 3631 4826 3868 4903; x_wconf 67' lang='lat' dir='ltr'><strong>bonorun}</strong></span> 
     </span>
    </p>
   </div>
   <div class='ocr_carea' id='block_1_116' title="bbox 2263 4901 3869 4974">
    <p class='ocr_par' dir='ltr' id='par_1_116' title="bbox 2263 4901 3869 4974">
     <span class='ocr_line' id='line_1_117' title="bbox 2263 4901 3869 4974; baseline -0.008 -15"><span class='ocrx_word' id='word_1_841' title='bbox 2263 4901 2510 4974; x_wconf 82' lang='lat' dir='ltr'><strong>operum</strong></span> <span class='ocrx_word' id='word_1_842' title='bbox 2539 4902 2790 4970; x_wconf 88' lang='lat' dir='ltr'><strong>meritis,</strong></span> <span class='ocrx_word' id='word_1_843' title='bbox 2824 4901 3321 4974; x_wconf 81' lang='lat' dir='ltr'><strong>gravissimorum</strong></span> <span class='ocrx_word' id='word_1_844' title='bbox 3352 4901 3656 4974; x_wconf 81' lang='lat' dir='ltr'><strong>criminum</strong></span> <span class='ocrx_word' id='word_1_845' title='bbox 3684 4902 3869 4972; x_wconf 70' lang='lat' dir='ltr'><strong>veniam</strong></span> 
     </span>
    </p>
   </div>
   <div class='ocr_carea' id='block_1_117' title="bbox 2262 4972 3869 5047">
    <p class='ocr_par' dir='ltr' id='par_1_117' title="bbox 2262 4972 3869 5047">
     <span class='ocr_line' id='line_1_118' title="bbox 2262 4972 3869 5047; baseline -0.007 -17"><span class='ocrx_word' id='word_1_846' title='bbox 2262 4972 2372 5047; x_wconf 85' lang='lat' dir='ltr'><strong>per</strong></span> <span class='ocrx_word' id='word_1_847' title='bbox 2402 4975 2704 5047; x_wconf 22' lang='lat' dir='ltr'><strong>continuee‘</strong></span> <span class='ocrx_word' id='word_1_848' title='bbox 2724 4972 3084 5044; x_wconf 56' lang='lat' dir='ltr'><strong>poenitentia</strong></span> <span class='ocrx_word' id='word_1_849' title='bbox 3124 4972 3361 5047; x_wconf 83' lang='lat' dir='ltr'><strong>labores</strong></span> <span class='ocrx_word' id='word_1_850' title='bbox 3402 4972 3613 5047; x_wconf 90' lang='lat' dir='ltr'><strong>dicitur</strong></span> <span class='ocrx_word' id='word_1_851' title='bbox 3639 4979 3761 5047; x_wconf 79' lang='lat' dir='ltr'><strong>esse</strong></span> <span class='ocrx_word' id='word_1_852' title='bbox 3783 4975 3869 5047; x_wconf 64' lang='lat' dir='ltr'><strong>in}:</strong></span> 
     </span>
    </p>
   </div>
   <div class='ocr_carea' id='block_1_118' title="bbox 2264 5032 3869 5118">
    <p class='ocr_par' dir='ltr' id='par_1_118' title="bbox 2264 5032 3869 5118">
     <span class='ocr_line' id='line_1_119' title="bbox 2264 5032 3869 5118; baseline -0.006 -17"><span class='ocrx_word' id='word_1_853' title='bbox 2264 5032 2597 5118; x_wconf 73' lang='lat' dir='ltr'><strong>petratura:</strong></span> <span class='ocrx_word' id='word_1_854' title='bbox 2648 5032 2931 5118; x_wconf 76' lang='lat' dir='ltr'><strong>hié_vero</strong></span> <span class='ocrx_word' id='word_1_855' title='bbox 2971 5058 3106 5098; x_wconf 90' lang='lat' dir='ltr'><strong>eum</strong></span> <span class='ocrx_word' id='word_1_856' title='bbox 3153 5043 3256 5118; x_wconf 82' lang='lat' dir='ltr'><strong>qui</strong></span> <span class='ocrx_word' id='word_1_857' title='bbox 3301 5046 3521 5097; x_wconf 88' lang='lat' dir='ltr'><strong>tantum</strong></span> <span class='ocrx_word' id='word_1_858' title='bbox 3570 5064 3609 5118; x_wconf 71' lang='grc' dir='ltr'><strong>ιι⁵</strong></span> <span class='ocrx_word' id='word_1_859' title='bbox 3639 5036 3746 5118; x_wconf 67' lang='lat' dir='ltr'><strong>sub</strong></span> <span class='ocrx_word' id='word_1_860' title='bbox 3780 5032 3869 5118; x_wconf 64' lang='lat' dir='ltr'><strong>iqill</strong></span> 
     </span>
    </p>
   </div>
   <div class='ocr_carea' id='block_1_119' title="bbox 2264 5112 3869 5186">
    <p class='ocr_par' dir='ltr' id='par_1_119' title="bbox 2264 5112 3869 5186">
     <span class='ocr_line' id='line_1_120' title="bbox 2264 5112 3869 5186; baseline -0.01 -14"><span class='ocrx_word' id='word_1_861' title='bbox 2264 5112 2474 5173; x_wconf 71' lang='lat' dir='ltr'><strong>inertis</strong></span> <span class='ocrx_word' id='word_1_862' title='bbox 2507 5115 2891 5185; x_wconf 88' lang='lat' dir='ltr'><strong>convertitur,</strong></span> <span class='ocrx_word' id='word_1_863' title='bbox 2930 5137 2953 5165; x_wconf 74' lang='grc' dir='ltr'><strong>ι»</strong></span> <span class='ocrx_word' id='word_1_864' title='bbox 2990 5129 3125 5169; x_wconf 91' lang='lat' dir='ltr'><strong>cum</strong></span> <span class='ocrx_word' id='word_1_865' title='bbox 3154 5112 3255 5170; x_wconf 82' lang='lat' dir='ltr'><strong>illo</strong></span> <span class='ocrx_word' id='word_1_866' title='bbox 3288 5112 3631 5186; x_wconf 80' lang='lat' dir='ltr'><strong>comparari,</strong></span> <span class='ocrx_word' id='word_1_867' title='bbox 3660 5112 3749 5180; x_wconf 86' lang='lat' dir='ltr'><strong>qui</strong></span> <span class='ocrx_word' id='word_1_868' title='bbox 3774 5115 3869 5181; x_wconf 68' lang='lat' dir='ltr'><strong>vir-</strong></span> 
     </span>
    </p>
   </div>
   <div class='ocr_carea' id='block_1_120' title="bbox 2264 5184 3866 5258">
    <p class='ocr_par' dir='ltr' id='par_1_120' title="bbox 2264 5184 3866 5258">
     <span class='ocr_line' id='line_1_121' title="bbox 2264 5184 3866 5258; baseline -0.007 -14"><span class='ocrx_word' id='word_1_869' title='bbox 2264 5193 2454 5244; x_wconf 91' lang='lat' dir='ltr'><strong>tutum</strong></span> <span class='ocrx_word' id='word_1_870' title='bbox 2483 5204 2555 5243; x_wconf 91' lang='lat' dir='ltr'><strong>ac</strong></span> <span class='ocrx_word' id='word_1_871' title='bbox 2587 5188 2818 5258; x_wconf 88' lang='lat' dir='ltr'><strong>piorum</strong></span> <span class='ocrx_word' id='word_1_872' title='bbox 2848 5184 3093 5257; x_wconf 86' lang='lat' dir='ltr'><strong>cperum</strong></span> <span class='ocrx_word' id='word_1_873' title='bbox 3123 5186 3355 5258; x_wconf 89' lang='lat' dir='ltr'><strong>meritis</strong></span> <span class='ocrx_word' id='word_1_874' title='bbox 3390 5184 3722 5258; x_wconf 80' lang='lat' dir='ltr'><strong>cumulatus,</strong></span> <span class='ocrx_word' id='word_1_875' title='bbox 3748 5186 3866 5258; x_wconf 53' lang='lat' dir='ltr'><strong>en“:</strong></span> 
     </span>
    </p>
   </div>
   <div class='ocr_carea' id='block_1_121' title="bbox 2266 5244 3864 5329">
    <p class='ocr_par' dir='ltr' id='par_1_121' title="bbox 2266 5244 3864 5329">
     <span class='ocr_line' id='line_1_122' title="bbox 2266 5244 3864 5329; baseline -0.011 -15"><span class='ocrx_word' id='word_1_876' title='bbox 2266 5261 2362 5315; x_wconf 89' lang='lat' dir='ltr'><strong>vis</strong></span> <span class='ocrx_word' id='word_1_877' title='bbox 2384 5244 2735 5316; x_wconf 72' lang='lat' dir='ltr'><strong>excesserit.</strong></span> <span class='ocrx_word' id='word_1_878' title='bbox 2763 5244 2931 5313; x_wconf 72' lang='lat' dir='ltr'><strong>Unde</strong></span> <span class='ocrx_word' id='word_1_879' title='bbox 2953 5258 3114 5312; x_wconf 90' lang='lat' dir='ltr'><strong>nullo</strong></span> <span class='ocrx_word' id='word_1_880' title='bbox 3130 5257 3372 5329; x_wconf 91' lang='lat' dir='ltr'><strong>negotio</strong></span> <span class='ocrx_word' id='word_1_881' title='bbox 3392 5244 3730 5329; x_wconf 76' lang='lat' dir='ltr'><strong>intelligetur</strong></span> <span class='ocrx_word' id='word_1_882' title='bbox 3744 5244 3864 5329; x_wconf 53' lang='lat' dir='ltr'><strong>illa}?</strong></span> 
     </span>
    </p>
   </div>
   <div class='ocr_carea' id='block_1_122' title="bbox 2261 5312 3866 5404">
    <p class='ocr_par' dir='ltr' id='par_1_122' title="bbox 2261 5312 3866 5404">
     <span class='ocr_line' id='line_1_123' title="bbox 2261 5312 3866 5404; baseline -0.011 -16"><span class='ocrx_word' id='word_1_883' title='bbox 2261 5312 2886 5404; x_wconf 55' lang='lat' dir='ltr'><strong>piéalé&#39;vb&#39;cauoném,</strong></span> <span class='ocrx_word' id='word_1_884' title='bbox 2936 5312 3431 5404; x_wconf 49' lang='lat' dir='ltr'><strong>illamre‘quiem,</strong></span> <span class='ocrx_word' id='word_1_885' title='bbox 3478 5312 3631 5404; x_wconf 59' lang='lat' dir='ltr'><strong>illum</strong></span> <span class='ocrx_word' id='word_1_886' title='bbox 3660 5312 3866 5404; x_wconf 50' lang='lat' dir='ltr'><strong>pareit-</strong></span> 
     </span>
    </p>
   </div>
   <div class='ocr_carea' id='block_1_123' title="bbox 2267 5388 3865 5483">
    <p class='ocr_par' dir='ltr' id='par_1_123' title="bbox 2267 5388 3865 5483">
     <span class='ocr_line' id='line_1_124' title="bbox 2267 5388 3865 5483; baseline 0 0"><span class='ocrx_word' id='word_1_887' title='bbox 2267 5388 2565 5483; x_wconf 43' lang='lat' dir='ltr'><strong>Zwmaquo</strong></span> <span class='ocrx_word' id='word_1_888' title='bbox 2594 5388 3372 5483; x_wconf 39' lang='lat' dir='ltr'><strong>reseraraﬁeiurhodi</strong></span> <span class='ocrx_word' id='word_1_889' title='bbox 3409 5388 3865 5483; x_wconf 60' lang='grc' dir='ltr'><strong>ινφρίίεξιξξὲίἑίξῖ</strong></span> 
     </span>
    </p>
   </div>
   <div class='ocr_carea' id='block_1_124' title="bbox 2266 5466 3864 5543">
    <p class='ocr_par' dir='ltr' id='par_1_124' title="bbox 2266 5466 3864 5543">
     <span class='ocr_line' id='line_1_125' title="bbox 2266 5466 3864 5543; baseline -0.006 -13"><span class='ocrx_word' id='word_1_890' title='bbox 2266 5466 2514 5530; x_wconf 67' lang='grc' dir='ltr'><strong>Ιποέὶιιέ</strong></span> <span class='ocrx_word' id='word_1_891' title='bbox 2543 5466 2842 5543; x_wconf 73' lang='lat' dir='ltr'><strong>promittit,</strong></span> <span class='ocrx_word' id='word_1_892' title='bbox 2874 5471 3021 5526; x_wconf 89' lang='lat' dir='ltr'><strong>nihil</strong></span> <span class='ocrx_word' id='word_1_893' title='bbox 3051 5466 3209 5527; x_wconf 82' lang='lat' dir='ltr'><strong>aliud</strong></span> <span class='ocrx_word' id='word_1_894' title='bbox 3240 5466 3547 5543; x_wconf 52' lang='lat' dir='ltr'><strong>essefnisi</strong></span> <span class='ocrx_word' id='word_1_895' title='bbox 3572 5466 3864 5543; x_wconf 43' lang='lat' dir='ltr'><strong>ultimate“:n</strong></span> 
     </span>
    </p>
   </div>
   <div class='ocr_carea' id='block_1_125' title="bbox 2268 5529 3867 5613">
    <p class='ocr_par' dir='ltr' id='par_1_125' title="bbox 2268 5529 3867 5613">
     <span class='ocr_line' id='line_1_126' title="bbox 2268 5529 3867 5613; baseline -0.013 -12"><span class='ocrx_word' id='word_1_896' title='bbox 2268 5529 2442 5601; x_wconf 87' lang='lat' dir='ltr'><strong>domo</strong></span> <span class='ocrx_word' id='word_1_897' title='bbox 2478 5529 2671 5599; x_wconf 70' lang='lat' dir='ltr'><strong>Patris</strong></span> <span class='ocrx_word' id='word_1_898' title='bbox 2705 5529 3093 5613; x_wconf 74' lang='lat' dir='ltr'><strong>mansionem,</strong></span> <span class='ocrx_word' id='word_1_899' title='bbox 3127 5543 3242 5598; x_wconf 91' lang='lat' dir='ltr'><strong>hoc</strong></span> <span class='ocrx_word' id='word_1_900' title='bbox 3271 5529 3642 5613; x_wconf 10' lang='lat' dir='ltr'><strong>estf&#39;inﬁmum</strong></span> <span class='ocrx_word' id='word_1_901' title='bbox 3668 5529 3867 5613; x_wconf 71' lang='lat' dir='ltr'><strong>hastile-</strong></span> 
     </span>
    </p>
   </div>
   <div class='ocr_carea' id='block_1_126' title="bbox 2268 5607 3863 5689">
    <p class='ocr_par' dir='ltr' id='par_1_126' title="bbox 2268 5607 3863 5689">
     <span class='ocr_line' id='line_1_127' title="bbox 2268 5607 3863 5689; baseline -0.008 -17"><span class='ocrx_word' id='word_1_902' title='bbox 2268 5618 2428 5673; x_wconf 90' lang='lat' dir='ltr'><strong>dinis</strong></span> <span class='ocrx_word' id='word_1_903' title='bbox 2459 5617 2747 5689; x_wconf 87' lang='lat' dir='ltr'><strong>gradum:</strong></span> <span class='ocrx_word' id='word_1_904' title='bbox 2779 5630 3030 5687; x_wconf 90' lang='lat' dir='ltr'><strong>regnum</strong></span> <span class='ocrx_word' id='word_1_905' title='bbox 3059 5607 3203 5689; x_wconf 74' lang='lat' dir='ltr'><strong>vere</strong></span> <span class='ocrx_word' id='word_1_906' title='bbox 3234 5612 3393 5689; x_wconf 82' lang='lat' dir='ltr'><strong>quod</strong></span> <span class='ocrx_word' id='word_1_907' title='bbox 3410 5612 3623 5689; x_wconf 79' lang='lat' dir='ltr'><strong>sanctie</strong></span> <span class='ocrx_word' id='word_1_908' title='bbox 3650 5607 3700 5661; x_wconf 88' lang='lat' dir='ltr'><strong>et</strong></span> <span class='ocrx_word' id='word_1_909' title='bbox 3721 5610 3863 5689; x_wconf 43' lang='lat' dir='ltr'><strong>aget-5:</strong></span> 
     </span>
    </p>
   </div>
   <div class='ocr_carea' id='block_1_127' title="bbox 2266 5678 3864 5754">
    <p class='ocr_par' dir='ltr' id='par_1_127' title="bbox 2266 5678 3864 5754">
     <span class='ocr_line' id='line_1_128' title="bbox 2266 5678 3864 5754; baseline -0.004 -8"><span class='ocrx_word' id='word_1_910' title='bbox 2266 5689 2431 5746; x_wconf 91' lang='lat' dir='ltr'><strong>tolici</strong></span> <span class='ocrx_word' id='word_1_911' title='bbox 2462 5678 2672 5743; x_wconf 53' lang='lat' dir='ltr'><strong>&#39;ineriti</strong></span> <span class='ocrx_word' id='word_1_912' title='bbox 2719 5678 2882 5743; x_wconf 46' lang='lat' dir='ltr'><strong>viris“</strong></span> <span class='ocrx_word' id='word_1_913' title='bbox 2908 5687 3127 5742; x_wconf 89' lang='lat' dir='ltr'><strong>asserit</strong></span> <span class='ocrx_word' id='word_1_914' title='bbox 3166 5678 3539 5754; x_wconf 73' lang='lat' dir='ltr'><strong>destinatum,</strong></span> <span class='ocrx_word' id='word_1_915' title='bbox 3581 5680 3649 5754; x_wconf 71' lang='lat' dir='ltr'><strong>de</strong></span> <span class='ocrx_word' id='word_1_916' title='bbox 3680 5678 3864 5754; x_wconf 52' lang='lat'><strong>8911299</strong></span> 
     </span>
    </p>
   </div>
   <div class='ocr_carea' id='block_1_128' title="bbox 2265 5740 3860 5840">
    <p class='ocr_par' dir='ltr' id='par_1_128' title="bbox 2265 5740 3860 5840">
     <span class='ocr_line' id='line_1_129' title="bbox 2265 5740 3860 5840; baseline -0.016 -18"><span class='ocrx_word' id='word_1_917' title='bbox 2265 5740 2961 5840; x_wconf 55' lang='lat' dir='ltr'><strong>hagiszsisusapice</strong></span> <span class='ocrx_word' id='word_1_918' title='bbox 2990 5740 3464 5838; x_wconf 76' lang='lat' dir='ltr'><strong>intelligendum.</strong></span> <span class='ocrx_word' id='word_1_919' title='bbox 3490 5740 3696 5838; x_wconf 72' lang='grc' dir='ltr'><strong>όριίωθ</strong></span> <span class='ocrx_word' id='word_1_920' title='bbox 3718 5740 3860 5826; x_wconf 47' lang='lat' dir='ltr'><strong>ea:</strong></span> 
     </span>
    </p>
   </div>
  </div>
