4098 6178
329 333 488 399 1297

1477 337 2093 405 EPISTOLARUM
2134 339 2476 405 CLASSIS
2520 342 2599 404 II.

3626 346 3788 412 1298

397 539 453 594 9.
487 535 770 628 Servatur
797 535 1128 628 discipulis,
1162 538 1319 609 quod
1341 539 1474 610 plus
1499 540 1838 597 conferatur
1858 557 2004 614 pro-
2027 544 2410 614 mDominici
2441 548 2709 619 corporis
2739 549 3082 620 passionem
3126 551 3189 607 in
3219 552 3359 625 agni
3405 551 3483 624 (7)
3528 568 3787 628 conspe-

325 626 656 696 laboribus,
682 626 935 696 ideoque
958 626 1276 682 incolatum
1299 629 1590 698 promisit,
1616 647 1869 702 regnum
1893 631 2009 686 dis-

325 717 478 773 tulit.
512 717 711 786 Itaque
742 716 798 768 is
829 716 929 787 qui
977 716 1090 770 sub
1122 718 1242 770 ictu
1291 719 1500 772 mortis
1535 721 1914 789 convertitur,
1951 723 2008 775 et

328 805 644 861 confitetur
689 804 1003 858 Dominum
1054 804 1292 875 Jesum,
1343 810 1640 862 mereatur
1691 809 2007 864 incolatum

325 894 588 966 paradisi
617 908 630 947 :
658 892 761 963 qui
790 908 933 948 vero
964 893 1146 950 multo
1169 898 1302 950 ante
1324 911 1390 950 se
1422 897 1707 966 exercuit,
1740 900 1796 951 et
1812 897 2011 953 Chris-

321 986 385 1038 to
434 981 744 1051 militavit,
786 981 1108 1052 acquisivit
1161 985 1516 1054 populorum
1564 987 1835 1056 animas,
1898 1003 2006 1057 pro

325 1071 567 1130 Christo
599 1085 668 1125 se
701 1069 930 1138 obtulit,
975 1071 1190 1126 habeat
1233 1076 1500 1143 paratum
1530 1075 1846 1145 stipendiis
1878 1077 2008 1130 suis

331 1160 441 1216 Dei
469 1175 742 1232 regnum,
777 1159 955 1231 cujus
977 1176 1044 1216 se
1076 1164 1553 1218 remuneratione
1573 1165 1852 1218 donatum
1872 1181 2012 1236 gau-

324 1251 481 1306 deat.
519 1248 778 1318 Ideoque
826 1247 1002 1303 Petro
1046 1251 1262 1306 dicitur
1295 1267 1306 1306 :
1345 1275 1366 1299 ιι
1421 1252 1550 1307 Tibi
1601 1253 1755 1308 dabo
1805 1253 2007 1308 claves

327 1338 501 1411 regni
531 1337 816 1392 caelorum
865 1336 1105 1408 (Matth.
1148 1356 1249 1394 xv:
1274 1381 1288 1409 ,
1323 1340 1434 1410 19).
1491 1365 1512 1389 ι»
1568 1341 1658 1394 Ex
1698 1343 2008 1397 latrocinio

329 1445 663 1486 conversus
706 1428 974 1501 requiem
1003 1428 1200 1500 habet,
1255 1429 1315 1483 in
1364 1429 1696 1501 apostolatu
1726 1431 2010 1502 probatus

326 1519 558 1590 accepit
587 1520 960 1590 potestatem.

399 1627 489 1681 10.
523 1626 666 1698 Haac
689 1628 784 1698 est
785 1625 1013 1698 _anima
1029 1624 1570 1698 Ev_angelica,ihaec
1593 1629 1686 1682 est
1714 1626 1789 1681 de
1819 1627 2010 1698 genti-

325 1698 464 1768 bus,
485 1698 615 1752 haec
644 1697 764 1751 filia
785 1696 1097 1766 Ecclesiae,
1114 1696 1292 1768 longe
1317 1697 1531 1752 melior
1553 1713 1583 1752 e
1610 1696 2014 1769 cursu,quam

326 1787 429 1843 illa
459 1802 535 1842 ex
564 1786 772 1841 Judaea
803 1784 1093 1857 projecta,
1130 1786 1198 1840 ad
1246 1786 1559 1841 Dominum
1589 1787 1816 1857 Jesum,
1853 1790 1910 1841 et
1938 1786 2012 1840 ad

328 1876 642 1947 superiora
672 1889 740 1930 se
788 1874 966 1929 bonis
1000 1873 1269 1929 consiliis
1301 1877 1356 1929 et
1390 1876 1672 1946 Operibus
1704 1876 2005 1945 attollens,

328 1981 505 2037 quam
535 1965 803 2035 suscepit
853 1963 915 2018 in
958 1962 1252 2035 Golgotha
1281 1962 1577 2018 Christus.
1613 1964 1698 2018 Ibi
1728 1965 1873 2019 Adae
1906 1981 2007 2019 se-

324 2054 598 2126 pulcrum
626 2053 752 2123 (6);
787 2054 850 2106 ut
881 2051 1050 2106 illum
1081 2055 1377 2108 mortuum
1419 2054 1480 2106 in
1529 2068 1638 2108 sua
1682 2069 1859 2109 cruce
1913 2069 2005 2109 re-

324 2143 665 2199 suscitaret.
701 2141 817 2196 Ubi
846 2156 992 2214 ergo
1024 2142 1087 2196 in
1117 2141 1307 2196 Adam
1339 2157 1500 2196 mors
1532 2143 1814 2212 omnium,
1850 2143 1931 2198 ibi
1949 2143 2011 2198 in

326 2231 568 2288 Christo
599 2230 859 2286 omnium
901 2231 1284 2286 resurrectio.
1318 2231 1481 2301 Vale,
1515 2231 1621 2302 ﬁli,
1656 2235 1713 2287 et
1763 2247 1875 2288 nos
1926 2231 2013 2286 di-

330 2321 456 2394 lige
484 2337 500 2392 ;
530 2320 669 2394 quia
698 2335 812 2376 nos
841 2322 899 2375 te
929 2319 1260 2392 diligimus.

735 2462 918 2527 1071
973 2460 1345 2517 EPISTOLA
1386 2461 1617 2517 LXXII.

326 2596 640 2670 Rogabant
669 2595 855 2670 aliqui
882 2612 994 2670 cur
1023 2595 1188 2670 Deus
1221 2610 1349 2670 eum
1382 2596 1443 2670 in
1485 2594 1864 2670 Testamento
1898 2595 2010 2670 Ve-

405 2666 526 2724 t'eri
547 2666 1059 2723 cireum'cisionem
1083 2666 1442 2735 instituerit,
1472 2682 1600 2720 eam
1624 2667 2013 2737 abrogaverit

400 2740 464 2794 in
493 2739 666 2795 Novo
686 2739 714 2793 ?
744 2755 851 2793 cur
882 2739 1061 2794 etiam
1085 2739 1159 2793 de
1191 2737 1294 2791 illa
1319 2737 2006 2809 omninolegemtulerit,

401 2827 528 2866 cum
563 2811 689 2882 ipsa
713 2826 962 2882 puerum
1011 2811 1092 2882 in
1116 2809 1444 2882 discrimen
1490 2808 2012 2882 _add_uceret_?icur

405 2879 641 2937 tandem
671 2879 735 2934 in
767 2897 833 2936 ea
856 2881 1128 2952 corporis
1151 2885 1329 2952 parte
1357 2879 1496 2934 ﬁeri
1531 2880 1832 2935 voluerit?
1863 2881 2010 2952 Pri-

403 2970 556 3008 mum
597 2954 788 3024 igitur
822 2966 882 3006 ut
931 2951 1058 3006 illis
1105 2951 1446 3024 satisfaciat
1499 2953 1598 3023 qui
1629 2958 1864 3024 erantin
1894 2951 2012 3006 [ide

403 3024 606 3095 alieni,
625 3023 881 3095 reponit
913 3023 1426 3095 circumcisionem
1470 3039 1500 3075 a
1523 3023 1900 3093 sapientibus
1927 3024 2011 3076 vi-

402 3097 516 3165 ris,
535 3093 930 3166 plurimisque
945 3093 1178 3166 populis
1202 3100 1540 3166 usurpatam
1563 3110 1716 3158 esse,
1727 3111 1835 3148 nec
1849 3095 2015 3148 dees-

400 3184 468 3223 se
495 3164 789 3221 rationem
822 3164 1165 3220 cur—octavo
1187 3165 1285 3219 die
1307 3164 1745 3219 celebraretur.
1779 3166 2013 3220 Deinde

408 3237 790 3294 Christianos
821 3237 993 3293 docet
1024 3237 1088 3290 in
1121 3236 1223 3290 illa
1254 3237 1488 3307 signum
1521 3236 1712 3291 fuisse
1739 3237 2012 3307 redemp-

2118 636 2270 689 xerit
2297 636 2714 693 immolatione.

2190 725 2242 778 2.
2275 724 2426 790 Quid
2456 741 2600 798 ergo
2620 727 2886 783 dicemus
2917 732 3186 784 secutum
3208 733 3436 801 patrem
3466 732 3787 806 Abraham,

2120 818 2182 867 ut
2213 814 2270 867 id
2304 815 2531 884 primus
2563 817 2918 887 institueret,
2945 819 3101 889 quod
3123 818 3259 890 ejus
3293 835 3412 875 non
3441 826 3794 893 sequeretur

2121 901 2439 958 haereditas
2459 905 2488 959 ?
2518 907 2616 960 aut
2643 921 2759 977 qua
2799 908 3024 962 ratione
3061 908 3569 965 circumciduntur
3595 910 3793 967 infan—

2121 991 2376 1046 tulorum
2407 1009 2656 1065 corpora
2683 1014 2696 1060 ;
2748 999 2806 1050 et
2839 997 2898 1049 in
2942 997 3075 1068 ipso
3107 1001 3241 1053 ortu
3270 999 3345 1068 (8)
3395 999 3796 1071 subjiciuntur

2120 1081 2425 1151 periculis,
2459 1085 2516 1136 et
2564 1083 2678 1139 hoc
2715 1084 2991 1156 imperari
3024 1087 3306 1158 oraculo;
3351 1090 3416 1142 ut
3471 1089 3796 1146 discrimen

2125 1170 2335 1224 salutis
2367 1171 2467 1225 ﬁat
2497 1173 2568 1226 de
2600 1176 2883 1245 mysterio
2913 1176 3248 1248 religionis.
3282 1175 3434 1242 Quid
3466 1177 3579 1233 hoc
3608 1179 3796 1252 signi-

2123 1258 2259 1313 ficat
2279 1262 2307 1314 ‘2
2341 1260 2508 1316 Latet
2539 1263 2695 1317 enim
2731 1280 2912 1319 causa
2941 1267 3090 1336 veri,
3125 1269 3184 1322 et
3214 1267 3471 1338 oportuit
3497 1271 3597 1322 aut
3621 1283 3796 1339 aper-

2126 1352 2184 1402 to
2211 1349 2433 1420 aliquid
2464 1353 2746 1422 mysterio
2779 1354 3128 1426 signiﬁcari,
3181 1358 3279 1412 aut
3306 1371 3426 1412 non
3456 1357 3797 1428 periculoso

2125 1439 2546 1508 mysteriorum
2567 1441 2788 1498 indicio
2817 1445 3103 1499 mandari.

2197 1526 2251 1582 3.
2287 1527 2407 1582 Cur
2425 1545 2570 1586 vero
2592 1531 2832 1604 signum
2855 1533 3218 1589 Testamenti
3239 1534 3424 1590 divini
3445 1534 3505 1590 in
3535 1551 3605 1590 ea
3631 1534 3803 1592 datur

2123 1620 2287 1686 parte
2315 1619 2734 1689 membrorum,
2769 1638 2903 1694 quas
2942 1623 3080 1678 visu
3124 1623 3497 1680 inhonestior
3537 1625 3800 1681 aestima-

2125 1709 2222 1759 tur
2251 1707 2279 1760 ?
2308 1711 2407 1761 aut
2438 1724 2553 1778 qua
2582 1710 2774 1781 gratia
2821 1711 2952 1781 ipse
2988 1715 3263 1782 operator
3309 1714 3579 1784 corporis
3610 1713 3804 1770 nostri

2124 1793 2183 1848 in
2214 1795 2346 1865 ipso
2378 1800 2601 1852 nostrae
2633 1800 3038 1870 generationis
3070 1802 3316 1856 exordio
3335 1803 3681 1858 circumcidi
3697 1818 3801 1859 vo-

2124 1883 2231 1938 luit
2259 1899 2410 1956 Opus
2441 1902 2638 1955 suum,
2672 1891 2729 1941 et
2758 1889 3089 1960 vulnerari,
3125 1893 3182 1944 et
3213 1891 3530 1961 cruentari,
3565 1893 3626 1946 et
3657 1891 3802 1946 abs-

2126 1973 2243 2027 cidi
2273 1978 2520 2044 partem,
2553 1992 2729 2046 quam
2771 1977 2934 2032 velut
2977 1979 3404 2049 necessariam,
3456 1980 3560 2051 qui
3609 1981 3804 2036 omnia

2126 2063 2422 2133 disposuit
2456 2065 2742 2133 ordinate,
2780 2082 2913 2120 cum
2961 2067 3196 2122 caeteris
3241 2069 3527 2123 membris
3575 2069 3802 2124 facien-

2127 2152 2258 2205 dam
2287 2153 2549 2222 putavit?
2593 2157 2710 2208 Aut
2757 2156 2914 2209 enim
2956 2159 3177 2225 praeter
3221 2159 3490 2212 naturam
3533 2160 3628 2212 est
3672 2158 3804 2214 hinc

2125 2240 2316 2311 portio
2353 2241 2623 2311 corporis
2654 2244 2864 2312 nostri,
2898 2246 2955 2298 et
2983 2259 3102 2298 non
3134 2246 3392 2315 oportuit
3419 2245 3644 2301 habere
3666 2263 3796 2301 om-

2127 2345 2236 2384 nes
2269 2330 2562 2399 homines,
2599 2333 2756 2402 quod
2788 2335 2952 2387 esset
2982 2336 3201 2403 praeter
3220 2337 3489 2389 naturam
3521 2350 3534 2391 :
3570 2338 3669 2390 aut
3697 2351 3797 2392 se-

2127 2419 2384 2474 cundum
2415 2424 2682 2476 naturam
2717 2423 2826 2486 cst,
2864 2425 2920 2475 ct
2949 2438 3068 2476 non
3088 2423 3283 2478 decuit.
3303 2425 3610 2494 amputari,
3645 2426 3804 2496 quod

2127 2510 2454 2564 secundum
2479 2514 2701 2564 naturae
2722 2510 3146 2580 perfectionem
3165 2515 3427 2567 creatum
3451 2513 3602 2568 foret
3630 2530 3644 2584 ;
3669 2530 3805 2570 cum

2125 2601 2460 2671 praesertim
2494 2599 2671 2654 alieni
2700 2615 2732 2653 a
2778 2601 3045 2671 portione
3097 2601 3328 2656 Domini
3359 2602 3465 2657 Dei
3497 2604 3710 2672 nostri,
3742 2603 3804 2660 id

2124 2690 2423 2759 praecipue
2457 2689 2707 2744 irridere
2738 2690 2897 2744 soliti
2928 2691 3067 2746 sint.
3101 2691 3324 2746 Deinde
3355 2708 3488 2748 cum
3518 2693 3799 2763 proposi-

2123 2782 2248 2832 tum
2306 2779 2384 2833 sit
2432 2779 2574 2848 Deo,
2623 2781 2685 2833 ut
2734 2778 3076 2850 frequenter
3119 2779 3248 2850 ipse
3302 2781 3654 2836 testificatus
3685 2786 3798 2850 est,

2125 2870 2330 2940 plures
2354 2869 2426 2923 ad
2450 2884 2639 2922 sacrae
2664 2869 3102 2923 observantiam
3123 2885 3452 2940 provocare
3466 2871 3800 2944 religionis,

2125 2961 2342 3030 quanto
2394 2961 2588 3030 magis
2640 2958 3062 3029 invitarentur,
3114 2959 3168 3013 si
3217 2975 3334 3014 non
3386 2961 3581 3025 1072
3621 2960 3802 3032 aliqui

2128 3047 2608 3102 circumcisionis
2639 3046 2833 3117 ipsius
2878 3049 2977 3100 aut
3023 3046 3310 3117 periculo,
3357 3051 3456 3103 aut
3484 3048 3801 3120 opprobrio

2126 3138 2574 3193 revocarentur.

2196 3228 2250 3281 4.
2285 3227 2446 3299 Ergo
2478 3231 2538 3280 ut
2585 3226 2658 3279 ad
2707 3224 2898 3296 prima
2947 3225 3294 3294 redeamus,
3348 3227 3404 3279 et
3434 3227 3808 3296 propositum

403 3309 604 3389 tignis,
641 3325 714 3389 ac
730 3309 999 3389 proinde
1015 3307 1116 3389 ubi
1132 3297 1394 3389 preti'IZm
1418 3307 1596 3389 hqjus
1618 3308 1868 3389 solutum
1893 3297 2004 3376 est,
2051 3297 2101 3360 Ο
2125 3297 2557 3389 persequamur
2573 3315 2858 3389 ordinem,
2894 3314 3127 3389 de‘ipsa
3150 3314 3626 3389 circumcisionis
3659 3332 3800 3386 qua-

399 3381 562 3436 illam
593 3378 791 3435 emitti
808 3379 936 3450 jam
960 3378 1262 3451 debuisse.
1299 3378 1436 3432 Tum
1469 3379 1790 3434 haereticos
1819 3378 2011 3451 legem

404 3454 478 3509 de
500 3451 804 3506 fundendo
827 3451 1116 3522 sanguine
1141 3449 1572 3522 calumniantes
1593 3451 1855 3504 ostendit
1870 3449 2007 3521 pas-

401 3525 626 3579 sionem
659 3523 896 3577 Domini
927 3520 1107 3576 simul
1135 3521 1439 3575 damnare.
1473 3520 1628 3574 Hinc
1651 3537 1753 3576 eos
1780 3520 2012 3576 refellit

401 3596 500 3668 qui
519 3593 663 3649 ﬁdei
684 3594 1196 3668 circumcisionem
1221 3593 1488 3668 obfuisse
1510 3593 2007 3668 criminabantur,

409 3664 564 3722 sicut
597 3669 657 3720 et
687 3664 826 3719 illos
857 3665 954 3735 qui
978 3671 1213 3735 partem
1238 3664 1524 3734 corporis,
1562 3680 1686 3735 quae
1716 3665 2010 3718 naturalis

405 3742 591 3805 esset,
624 3735 1060 3805 argutabantur
1092 3751 1203 3789 non
1237 3750 1372 3788 esse
1418 3735 1824 3789 recidendam.
1859 3736 2010 3789 Pos-

403 3816 594 3889 tremq
640 3805 919 3889 pluribus
968 3806 1307 3889 deleeeulta
1363 3805 1840 3889 Christianorum
1885 3807 2006 3889 cirf

403 3877 762 3936 cumcisione
809 3878 1148 3949 disputatis,
1195 3893 1298 3932 eos
1343 3877 1418 3932 ad
1458 3882 1768 3932 externam
1791 3877 2009 3950 probat

403 3968 516 4007 non
547 3949 831 4022 obligari.

786 4075 1129 4129 Auenosms
1160 4073 1547 4128 CONSTANTIO.

401 4201 452 4256 1.
489 4200 621 4256 Non
653 4199 974 4256 mediocris
1010 4200 1333 4270 plerosque
1364 4201 1562 4254 movet
1592 4201 1868 4271 quaestio,
1895 4215 2010 4270 qua

328 4307 512 4346 causa
543 4289 924 4344 circumcisio
947 4293 1003 4344 et
1025 4289 1258 4344 Veteris
1279 4289 1641 4344 Testamenti
1661 4290 2008 4345 auctoritate

327 4379 504 4452 quasi
535 4379 695 4435 utilis
729 4380 1072 4450 imperetur,
1092 4381 1150 4434 et
1167 4379 1700 4433 NoviTestamenti
1721 4379 2008 4451 magiste-

329 4471 421 4524 rio
441 4469 612 4537 quasi
646 4468 872 4522 inutilis
906 4469 1249 4538 repudietur
1267 4469 1540 4539 (Act.xv,
1565 4467 1685 4538 10);
1710 4484 1842 4522 cum
1864 4485 2011 4538 prae-

333 4554 544 4610 sertim
574 4555 874 4609 Abraham
909 4557 1137 4626 primus
1180 4557 1484 4612 oraculum
1531 4557 2007 4612 circumcisionis

2147 3390 2282 3442 itate
2315 3385 2629 3442 dicendum
2658 3387 2909 3440 videtur.
2957 3385 3146 3457 Cujus
3191 3386 3427 3456 gemina
3456 3386 3630 3441 debet
3659 3385 3799 3443 esse

2126 3478 2417 3547 defensio,
2451 3477 2588 3548 quia
2620 3476 2839 3546 duplex
2871 3475 2975 3528 'est
3021 3475 3324 3530 accusatio
3358 3491 3370 3530 :
3403 3491 3520 3531 una
3551 3492 3683 3547 quae
3714 3477 3798 3530 ir-

2124 3571 2371 3640 rogatur
2401 3583 2433 3619 a
2467 3565 2811 3638 gentilibus,
2843 3565 3024 3619 altera
3053 3581 3186 3635 quia
3217 3566 3290 3619 ab
3322 3565 3416 3635 iis,
3456 3566 3556 3636 qui
3586 3567 3657 3620 de
3687 3581 3797 3638 po-

2123 3657 2262 3728 pulo
2294 3657 2399 3711 Dei
2433 3660 2590 3723 sunt,
2613 3654 2960 3709 aestimatur.
2987 3653 3408 3708 Vehementior
3428 3657 3624 3708 autem
3653 3671 3798 3728 gen-

2125 3747 2332 3813 tilium,
2370 3745 2472 3817 qui
2492 3744 2656 3798 viros
2688 3743 3143 3798 circumcisione
3175 3743 3446 3815 signatos
3482 3745 3656 3798 etiam
3687 3761 3796 3816 op-

2123 3836 2364 3907 probrio
2414 3838 2471 3890 et
2527 3832 2802 3888 illusione
2854 3834 3072 3905 dignos
3122 3833 3482 3888 arbitrantur
3526 3833 3624 3904 (9).
3677 3833 3796 3889 Sed

2123 3927 2298 3982 etiam
2327 3926 2595 3995 ipsorum
2641 3923 3072 3994 sapientissimi
3101 3922 3319 3994 quique
3359 3923 3438 3976 ita
3486 3923 3794 3978 circumci-

2123 4017 2354 4070 sionem
2385 4013 2731 4085 approbant,
2768 4016 2831 4067 ut
2870 4012 3094 4068 electos
3145 4027 3292 4067 suos
3346 4027 3489 4084 erga
3539 4029 3794 4086 cognos-

2124 4105 2308 4160 cenda
2338 4107 2394 4160 et
2425 4102 2778 4159 celebranda
2807 4102 3089 4174 mysteria
3138 4102 3650 4160 circumcidendos
3688 4119 3792 4174 pu-

2122 4199 2263 4250 tent.

2193 4286 2246 4339 5.
2279 4283 2545 4354 Denique
2583 4280 2872 4354 Egyptii,
2908 4281 3010 4352 qui
3055 4283 3111 4335 et
3140 4281 3504 4353 geometriae,
3541 4282 3598 4335 et
3628 4280 3791 4336 colli-

2121 4376 2336 4448 gendis
2373 4373 2638 4428 siderum
2681 4371 2960 4425 cursibus
2991 4387 3233 4442 operam
3275 4370 3583 4424 intendunt
3622 4385 3791 4424 suam

2122 4466 2232 4534 (10)
2265 4464 2507 4534 impium
2532 4461 2799 4533 judicent
2839 4460 3227 4527 sacerdotem,
3278 4459 3379 4530 qui
3420 4473 3791 4529 nequaquam

2120 4555 2333 4609 habeat
2361 4550 2839 4606 circumcisionis
2871 4549 3128 4620 insigne.
3164 4549 3313 4602 Nam
3345 4562 3538 4618 neque
3569 4547 3787 4619 magici

335 4643 708 4701 celebrandae
739 4645 1052 4714 acceperit.
1088 4645 1260 4710 (Gen.
1295 4663 1437 4714 xvn,
1458 4643 1680 4717 tO),qui
1709 4647 1866 4702 diem
1888 4647 2006 4701 Do-
2041 4667 2092 4728 ο
2121 4644 2400 4698 carminis
2438 4639 2934 4711 sapientiam,nec
2948 4636 3350 4710 geometriam,
3383 4652 3494 4691 nec
3525 4639 3790 4692 astrono-

330 4733 476 4789 mini
497 4733 644 4788 Jesu
662 4732 828 4800 vidit,
850 4736 906 4786 et
941 4735 1192 4804 gavisus
1233 4736 1325 4788 est
1341 4735 1531 4802 (Joan.
1565 4753 1688 4804 vui,
1709 4736 1819 4804 56).
1841 4735 2006 4802 Quod

326 4824 532 4895 utique
563 4823 624 4878 in
662 4821 920 4877 evidenti
951 4825 1061 4892 est,
1097 4822 1234 4893 quia
1284 4837 1401 4876 non
1433 4824 1862 4895 corporalibus,
1899 4826 2006 4880 sed

330 4911 705 4984 spiritalibus
737 4911 892 4984 legis
925 4911 1142 4966 divinae
1175 4911 1528 4979 intenderit;
1563 4915 1620 4967 et
1648 4913 1782 4968 ideo
1803 4929 2004 4969 veram

330 5039 459 5092 ait:
497 5059 518 5086 ι
575 5036 689 5091 Per
731 5036 1070 5107 paradisum
1116 5037 1189 5090 ad
1243 5052 1493 5108 regnum
1551 5038 1930 5108 pervenitur;
1977 5062 1997 5085 »ι

329 5109 467 5180 quia
499 5109 664 5179 prius
695 5112 867 5180 estut
889 5109 1024 5178 quis
1042 5108 1442 5178 admissorum
1464 5110 1695 5163 veniam
1721 5109 1999 5178 obtineat,

329 5179 502 5252 quam
550 5183 613 5252 ut
668 5179 974 5252 thronum_
1005 5184 1300 5252 mereatur
1359 5181 1786 5234 sublimiorem.
1842 5181 2001 5235 Idem

330 5250 574 5324 quoque
596 5251 764 5322 leges
794 5250 897 5324 lib.
935 5250 1020 5304 De
1067 5251 1184 5304 [ide
1216 5267 1469 5324 resurr.
1497 5253 1568 5305 de
1610 5268 1726 5321 quo
1755 5267 1865 5306 nos
1898 5253 1998 5306 ibi.

399 5322 484 5392 (6f
529 5323 637 5376 Hic
689 5322 947 5376 materiae
1012 5337 1139 5375 sua)
1196 5322 1552 5376 Ambrosius
1614 5324 2002 5377 Hebraeorum

330 5394 718 5466 quorumdam
752 5397 808 5447 et
830 5393 1087 5466 aliorum
1111 5397 1374 5466 veterum
1405 5395 2000 5466 Opinionemaccom-

332 5465 548 5534 modat,
583 5467 653 5519 de
685 5480 798 5535 qua
829 5465 930 5518 lib.
966 5483 1001 5518 x
1037 5466 1097 5517 in
1129 5465 1362 5534 Lucam,
1396 5481 1556 5518 num.
1591 5465 1713 5530 Mt,
1747 5465 2002 5519 idemlo-

331 5537 548 5608 quitur,
571 5537 646 5590 ad
677 5552 854 5607 quem
903 5536 1098 5591 locum
1135 5553 1166 5589 a
1197 5537 1372 5590 nobis
1417 5537 1592 5590 etiam
1639 5536 1859 5604 aliquid
1891 5537 2000 5590 ob-

338 5613 638 5664 servatum
669 5611 780 5662 est.

403 5678 482 5748 (’7)
515 5679 683 5734 Rom.
717 5678 878 5748 edit.,
907 5701 928 5724 «
964 5678 1024 5732 in
1054 5677 1256 5733 arietis
1281 5694 1294 5747 ;
1325 5701 1345 5725 »
1369 5677 1499 5732 aliae
1523 5679 1578 5731 et
1603 5677 1796 5731 cuncti
1823 5693 1996 5744 mss.,

339 5773 361 5796 ει
404 5747 468 5804 in
502 5750 660 5822 agni.
709 5774 729 5798 »
773 5749 889 5806 Sed
944 5765 1052 5820 per
1108 5766 1329 5822 agnum
1377 5750 1532 5822 aries
1589 5747 1997 5822 significatur,

329 5825 394 5878 ut
428 5822 490 5878 in
545 5821 736 5880 Exodi
789 5839 916 5894 cap.
979 5821 1169 5894 xxxu,
1214 5825 1271 5878 et
1317 5821 1614 5893 superiori
1659 5821 1832 5893 epist.
1892 5836 1999 5892 per

2120 4735 2298 4789 miam
2325 4731 2596 4803 judicent
2622 4729 2741 4782 vim
2774 4744 2940 4781 suam
2961 4726 3071 4795 (11)
3095 4725 3360 4781 obtinere
3382 4725 3512 4780 sine
3543 4725 3790 4781 circum-

2123 4822 2371 4879 cisionis
2405 4818 2737 4892 signaculo.
2772 4816 2842 4870 Et
2872 4816 3005 4870 ideo
3028 4818 3091 4870 ut
3119 4815 3472 4885 impetrandi
3501 4815 3620 4869 vim
3641 4831 3788 4886 ope-

2122 4912 2334 4967 rationi
2365 4909 2679 4964 adhibeant
2708 4922 2856 4976 suae,
2888 4905 3308 4976 pugnationem
3336 4905 3649 4976 quamdam
3677 4921 3786 4960 va-

2119 5036 2364 5090 vitulum
2394 5034 2507 5088 hos
2537 5033 2666 5086 sive
2697 5034 2924 5085 taurus.

2191 5110 2268 5173 (8)
2301 5107 2447 5160 Mss.
2484 5103 2770 5171 nonnulli,
2809 5124 2830 5150 α
2865 5106 2922 5157 et
2949 5103 3009 5156 in
3040 5101 3170 5172 ipso
3199 5103 3352 5156 actu.
3393 5121 3416 5152 ι

2189 5178 2264 5248 (9)
2293 5177 2534 5232 Judaaos
2567 5179 2805 5244 propter
2837 5175 3176 5228 abscissum
3198 5173 3552 5244 praeputium
3579 5189 3612 5227 a
3641 5187 3782 5248 pro-

2115 5243 2270 5304 fanis
2300 5265 2407 5319 per
2444 5243 2760 5301 ludibrium
2809 5250 3029 5319 curtos,
3076 5243 3344 5315 verpos,’
3382 5260 3449 5298 ac
3498 5243 3780 5299 recutilos

2113 5318 2393 5391 appellari
2428 5319 2635 5372 solitos
2665 5318 3183 5388 deprehendimus.

2186 5384 2294 5458 (10)
2329 5393 2408 5445 Ita
2438 5394 2553 5444 vet.
2590 5384 2827 5444 editfac
2857 5406 3005 5443 mss.
3040 5404 3223 5458 prope
3271 5387 3343 5441 ad
3375 5401 3553 5440 unum
3589 5384 3775 5458 :Aedit.

2116 5453 2310 5517 autem
2345 5465 2512 5517 Rom.
2552 5483 2572 5509 α
2610 5477 2847 5532 operam
2896 5453 3474 5532 impenduntsuam.
3514 5476 3552 5532 _:
3586 5453 3779 5532 Caete-

2115 5551 2247 5588 rum
2279 5535 2350 5588 de
2380 5533 2585 5604 peritia
2619 5526 3034 5604 [Egyptiorum
3055 5531 3114 5583 in
3137 5527 3563 5604 mathematicis
3592 5526 3776 5580 disci-

2113 5607 2290 5678 plinis
2323 5598 2442 5678 non
2475 5605 2659 5678 semel
2690 5598 2830 5658 alibi
2860 5603 3119 5673 loquitur
3147 5598 3526 5678 ambrosius.

2184 5677 2298 5748 (11)
2329 5677 2456 5731 Vet.
2490 5677 2626 5732 edit.
2681 5681 2736 5730 et
2782 5671 3248 5748 mss—nonnulli,
3287 5691 3308 5715 α
3343 5671 3500 5723 viam
3522 5684 3711 5726 suam.
3751 5694 3772 5719 η

2116 5742 2287 5805 Hom.
2320 5749 2457 5805 edit.
2492 5765 2560 5804 ac
2590 5748 2790 5818 plures
2822 5761 2994 5815 mss.,
3032 5765 3053 5792 ι
3089 5742 3209 5796 vim
3240 5756 3428 5796 suam.
3467 5764 3488 5790 »
