4098 6178
410 317 566 382 1299

1829 339 1894 405 S.
1930 340 2059 404 AM

2185 341 2372 408 ΟΞΠ.
3671 371 3812 438 13m

397 517 521 576 tum
571 535 820 579 suorum
867 525 1344 588 circumcisionis
1391 548 1608 590 arcano
1651 535 2066 594 celebrandam
2099 521 2156 586 Α
2183 543 2321 614 ritu,
2357 561 2546 603 sacrae
2584 551 2879 624 praecepta
2921 557 3312 626 sequerentur
3349 557 3660 634 religionis.
3710 565 3813 624 Sed

399 609 758 667 existimant.

463 701 518 754 6.
553 701 904 771 Repertmus
937 710 1130 762 autem
1153 709 1211 764 in
1240 709 1488 766 historia
1517 717 1788 770 veterum
1817 731 1935 772 non
1967 732 2063 774 so-

391 786 514 844 lum
543 789 866 863 {Egyptios
897 793 1030 865 (12),
1064 797 1170 852 sed
1221 801 1394 854 etiam
1426 798 1796 874 ZEthiopum,
1832 811 1888 860 et
1917 810 2060 862 Ara-

390 877 552 948 bum,
573 882 630 935 et
646 881 992 938 Phoenicum
1015 885 1246 958 aliquos
1269 889 1726 948 circumcisione
1749 908 1894 966 erga
1914 909 2060 952 suos

389 981 558 1023 usos.
593 967 662 1024 Et
694 969 844 1026 hanc
866 976 1069 1042 putant
1099 990 1165 1030 se
1193 973 1386 1032 adhuc
1409 981 1728 1048 probandae
1752 984 1906 1037 viam
1935 1000 2061 1040 ser.

385 1071 530 1112 vare
560 1059 852 1130 rationis;
912 1077 982 1118 eo
1032 1063 1190 1134 quod
1238 1067 1332 1120 sui
1383 1070 1654 1139 corporis
1694 1071 1971 1140 primitiis
2002 1076 2060 1129 et

387 1147 700 1220 sanguinis
731 1149 962 1220 initiati,
997 1153 1248 1210 insidias
1272 1155 1626 1229 daemonum,
1660 1176 1810 1231 quas
1841 1159 1925 1216 illi
1949 1179 2056 1234 ge-

381 1235 510 1291 neri
537 1240 744 1294 nostro
795 1241 1138 1312 moliuntur,
1195 1245 1429 1318 exiguae
1469 1249 1656 1318 partis
1693 1249 2058 1307 arbitrentur

382 1325 941 1384 consecrationibus
973 1331 1405 1405 destruendas;
1438 1338 1500 1390 ut
1528 1337 1626 1408 qui
1657 1338 1840 1393 totius
1870 1339 2055 1394 homi-

381 1413 476 1468 nis
509 1414 686 1470 saluti
728 1417 994 1474 nituntur
1039 1437 1277 1492 nocere,
1328 1424 1614 1480 inﬁrmari
1656 1428 2056 1498 operationem

381 1517 552 1558 suam
603 1507 811 1576 putent
869 1507 1348 1569 circumcisionis
1397 1529 1588 1570 sacrae
1633 1515 1729 1570 vel
1777 1513 1930 1590 lege,
1961 1516 2056 1574 vel

2181 634 2316 703 quia
2345 637 2595 704 pretium
2627 651 2732 709 pro
2766 641 3042 698 omnibus
3073 644 3328 701 solutum
3361 653 3472 717 est,
3496 653 3812 724 psteaquam

2178 736 2398 790 passus
2429 728 2520 780 est
2547 725 2820 784 Christus
2845 730 3150 804 Dominus,
3171 734 3292 805 jam
3324 752 3444 792 non
3475 754 3619 808 opus
3648 748 3748 812 est,
3763 750 3817 800 ut

2176 811 2394 866 viritim
2427 816 2678 886 sanguis
2723 819 3097 891 singulorum
3137 825 3589 883 circumcisione
3629 811 3818 886 funda-

2176 901 2304 969 tur;
2337 917 2470 956 cum
2503 903 2560 957 in
2591 908 2884 976 sanguine
2930 907 3148 965 Christi
3197 913 3574 970 circumcisio
3601 918 3818 974 univer-

2175 1003 2376 1044 sorum
2407 989 2700 1046 celebrata
2732 995 2830 1065 sit,
2863 1000 2920 1052 et
2949 998 3008 1052 in
3039 997 3197 1055 illius
3230 1015 3410 1056 cruce
3433 1016 3636 1059 omnes
3665 1006 3818 1064 simul

2175 1079 2445 1134 crucifixi
2475 1081 2666 1136 simus
2700 1099 2832 1138 cum
2879 1099 2970 1156 eo,
3023 1091 3080 1142 et
3108 1091 3446 1162 consepulti
3477 1093 3535 1147 in
3566 1093 3692 1165 ejus
3736 1111 3820 1152 se-

2173 1168 2401 1238 pulcro,
2440 1171 2816 1242 complantati
2847 1173 3218 1233 similitudini
3249 1181 3461 1236 mortis
3492 1181 3644 1253 ejus,
3665 1187 3724 1238 ut
3749 1186 3821 1240 ul-

2172 1259 2260 1310 tra
2295 1273 2412 1312 non
2441 1260 2776 1318 serviamus
2825 1269 3068 1334 peccato
3102 1280 3114 1322 :
3155 1289 3178 1315 α
3231 1267 3344 1333 Qui
3375 1271 3536 1324 enim
3581 1275 3820 1330 mortuus

2172 1348 2283 1414 est,
2313 1345 2681 1418 justificatus
2713 1355 2804 1406 est
2833 1368 2866 1406 a
2895 1357 3138 1423 peccato
3168 1355 3359 1424 (Rom.
3394 1375 3476 1427 vr,
3508 1359 3584 1428 ’7).
3623 1381 3644 1410 ι

2243 1435 2329 1490 10.
2365 1435 2532 1523 Quod
2560 1439 2613 1492 si
2644 1441 2800 1510 quis,
2835 1444 2896 1496 ut
2925 1443 3188 1502 Marcion
3217 1449 3274 1501 et
3303 1445 3669 1505 Manichacus
3700 1450 3818 1523 (14),

2181 1521 2736 1610 reprehendendum
2778 1529 2884 1585 Dei
2901 1534 3064 1602 putat
3079 1536 3554 1608 essejudicium,
3593 1539 3719 1610 quia
3746 1521 3823 1596 vel

381 1593 610 1662 specie.
642 1593 918 1652 Arbitror
947 1599 1102 1654 enim
1126 1601 1282 1671 quod
1317 1601 1375 1657 in
1399 1605 1764 1674 praeteritum
1794 1605 1923 1675 ipse
1945 1607 2058 1662 ἀω-
2174 1593 2479 1670 oraculum
2525 1615 2599 1672 de
2651 1618 3111 1677 circumcisione
3156 1593 3518 1681 celebranda
3564 1628 3822 1685 edendum

376 1693 616 1737 menum
651 1685 934 1756 princeps
983 1703 1230 1744 cessare
1279 1706 1424 1746 suas
1471 1696 1631 1748 artes
1673 1709 1818 1765 erga
1862 1695 2056 1750 noxiae
2174 1704 2401 1774 putavit
2431 1720 2592 1776 esse,
2628 1705 2722 1761 vel
2753 1707 2948 1781 legem
2972 1727 3086 1782 qua
3107 1715 3426 1786 sanguinis
3456 1715 3664 1772 effusio
3683 1734 3822 1774 man-

380 1771 744 1840 operationis
777 1773 1050 1832 effectum
1093 1779 1501 1848 aestimaverit,
1536 1782 1590 1834 si
1623 1783 1675 1836 ei
1707 1796 1925 1838 nocere
1957 1800 2062 1840 (το-
2090 1784 2143 1848 Β
2175 1771 2380 1864 datur;
2421 1807 2674 1851 necesse
2723 1799 2816 1852 est
2857 1801 2919 1853 ut
2966 1800 3018 1854 is
3065 1802 3238 1856 etiam
3279 1803 3597 1860 Dominum
3643 1805 3820 1863 Jesum

381 1862 648 1930 naretur,
679 1877 857 1932 quem
877 1863 1192 1936 signaculo
1223 1867 1704 1925 circumcisionis
1735 1887 1926 1927 sacrae
1959 1873 2062 1926 ini'
2175 1862 2726 1953 reprehendendum
2757 1884 3092 1959 arbitretur,
3127 1891 3228 1962 qui
3257 1907 3379 1947 non
3411 1893 3708 1966 exiguum,
3735 1897 3823 1951 sed

380 1945 588 2003 tiatum
618 1949 980 2022 adverteret,
1013 1957 1111 2009 aut
1139 1956 1195 2010 ei
1227 1957 1326 2027 qui
1367 1957 1672 2013 videretur
1701 1960 1760 2014 in
1789 1957 1904 2016 hoc
1935 1961 2058 2016 sal-
2176 1945 2427 2027 multum
2476 1975 2832 2046 sanguinem
2879 1991 2988 2048 pro
3035 1945 3218 2050 hilng
3736 1945 3822 2040 ξιξ-

381 2038 501 2092 tem
529 2053 773 2095 munere
804 2040 926 2114 legi
956 2043 1173 2100 divinae
1205 2043 1638 2116 obtemperare.
2177 2061 2532 2133 demptione,
2565 2038 2623 2118 et
2654 2038 2948 2137 hodieque
2980 2081 3091 2123 nos
3115 2038 3378 2125 'fundere
3403 2069 3578 2146 jubet
3604 2038 3820 2144 sangui-

447 2144 501 2199 Ἶ.
536 2145 668 2200 Jam
699 2147 798 2218 qui
833 2149 1208 2221 singulorum
1239 2151 1642 2209 membrorum
1677 2156 1874 2211 ofﬁcia
1919 2157 2058 2212 dili-
2177 2166 2312 2205 nem
2351 2155 2620 2206 nostrum
2662 2169 2768 2224 pro
2814 2157 2974 2210 tanto
3021 2156 3338 2229 religionis
3388 2162 3719 2233 certamine,
3747 2162 3824 2217 di-

378 2237 595 2305 genter
646 2237 944 2309 expendit,
971 2255 1089 2294 non
1111 2241 1364 2296 otiosam
1387 2259 1628 2298 causam
1650 2244 1709 2298 in
1739 2245 1849 2300 hac
1881 2262 2059 2302 mem-
2179 2255 2361 2295 cens:
2401 2263 2422 2288 α
2456 2239 2566 2306 QUi
2599 2241 2724 2297 vult
2753 2259 2846 2298 ms
2877 2245 3071 2316 sequi,
3104 2245 3268 2302 tollat
3299 2264 3542 2304 crucem
3574 2266 3749 2321 suam,
3777 2255 3822 2307 et

379 2319 476 2377 bri
507 2323 693 2396 hujus
721 2327 1093 2396 portiuncula
1127 2330 1424 2388 aestimare
1455 2333 1690 2404 poterit,
1725 2351 1838 2406 qua
1873 2336 2058 2391 ratio-
2178 2333 2463 2400 sequatur
2498 2346 2590 2386 me
2621 2329 2860 2392 (Matth.
2893 2350 3015 2404 XVI,
3052 2331 3164 2406 94).
3202 2359 3224 2384 η
3277 2334 3342 2392 Si
3387 2341 3583 2394 autem
3625 2319 3821 2412 nequa-

381 2426 458 2466 ne
498 2428 617 2468 non
667 2414 861 2470 solum
909 2417 1370 2476 circumcidatur
1411 2437 1578 2492 puer,
1631 2436 1840 2479 verum
1885 2425 2058 2480 etiam
2177 2435 2354 2490 quam
2380 2419 2544 2490 justi!
2574 2420 3022 2493 sst'accusalio,
3044 2439 3180 2480 cum
3199 2420 3423 2498 aliquis
3453 2430 3634 2483 totum
3661 2445 3722 2485 se
3736 2446 3822 2500 pro

381 2503 594 2558 octavo
625 2503 1083 2562 circumcidatur
1131 2507 1226 2564 die
1269 2507 1442 2580 (Gen.
1473 2527 1616 2581 xvn,
1651 2511 1742 2584 19)
1775 2528 1788 2567 :
1823 2515 2057 2584 quando

2183 2508 2390 2578 pietate
2421 2506 2739 2580 oﬂ'erat,fet
2769 2507 2936 2566 multi
2985 2513 3305 2586 sanguinis
3339 2531 3407 2571 se
3439 2515 3675 2572 mundet
3701 2515 3823 2572 etfu-

379 2589 588 2661 incipit
615 2596 803 2648 mater
829 2595 1101 2667 pignoris
1130 2599 1250 2653 nati
1295 2599 1354 2653 in
1385 2601 1680 2673 sanguine
1711 2617 1850 2657 esse
1883 2617 2055 2674 puro,
2179 2597 2378 2668 sione;
2436 2599 2730 2669 quomodo
2779 2599 2975 2672 legem
3019 2617 3348 2672 possumus
3395 2606 3818 2678 reprehendere,

383 2695 518 2758 qum
549 2685 684 2737 ante
713 2685 984 2740 octavum
1015 2685 1172 2742 diem
1202 2687 1392 2742 fertur
1417 2688 1478 2744 in
1497 2691 1790 2763 sanguine
1810 2691 2059 2746 immun-
2179 2687 2382 2760 exigui
2413 2688 2630 2743 stillam
2667 2689 3006 2762 exigentem
3035 2693 3377 2765 sanguinis,
3412 2711 3546 2751 cum
3575 2695 3822 2766 praedice-

381 2747 460 2822 (i6
493 2769 724 2824 sedere.
764 2770 908 2827 Haec
941 2773 1259 2829 adversum
1288 2791 1394 2832 eos
1425 2777 1580 2833 dicta
1611 2747 1750 2848 sint,
1771 2780 1870 2852 qui
1901 2780 2062 2835 nulla
2177 2792 2313 2832 mus
2348 2777 2660 2832 Dominum
2695 2779 2901 2834 Jesum
2933 2779 3101 2835 multi
3133 2781 3491 2840 efusionem
3521 2785 3820 2858 sanguinis,

384 2856 562 2912 nobis
592 2861 813 2914 unitate
843 2861 980 2916 fidei
1009 2863 1352 2936 sociantur;
1392 2871 1448 2922 et
1493 2862 1627 2923 ideo
1656 2871 1934 2940 tanquam
1961 2867 2060 2924 ad-
2179 2869 2236 2921 et
2264 2865 2444 2920 totius
2475 2867 2745 2938 corporis
2769 2871 3016 2924 mortem
3047 2869 3486 2942 imperantem?

393 2961 638 3002 versum
668 2948 1032 3007 dissidentes
1063 2952 1365 3010 difﬁcilior
1395 2956 1732 3028 disputandi
1761 2958 1952 3014 locus.
2252 2971 2339 3030 11,
2403 2973 2529 3028 Nec
2571 2973 2768 3044 ipsum
2825 2975 3304 3033 circumcisionis
3367 2979 3728 3052 signaculum
3779 2983 3826 3036 et

462 3054 516 3109 8.
573 3054 954 3128 Responsum
1001 3063 1196 3117 autem
1228 3061 1344 3118 sibi
1393 3062 1742 3137 hujusmodi
1787 3065 2060 3137 habeant,
2097 3053 2149 3117 C
2180 3062 2416 3169 spe't‘z‘iss
2448 3061 2790 3169 fel‘ia‘batur,
2823 3066 3227 3169 quepop‘ulus
3275 3068 3384 3169 Dei
3413 3069 3574 3169 velut
3602 3068 3823 3169 quodatn

391 3143 494 3215 qui
524 3145 773 3202 credunt
804 3147 863 3203 in
912 3149 1224 3206 Dominum
1257 3151 1485 3224 Jesum,
1520 3155 1677 3227 quod
1709 3155 1932 3211 nudare
1962 3173 2065 3213 no-
2181 3149 2382 3223 sigillo
2413 3151 2688 3223 signatus
2716 3154 2989 3224 corporis
3009 3195 3024 3224 ,
3073 3155 3534 3214 discernebatur
3559 3174 3590 3213 a
3619 3158 3822 3214 ceteris

389 3231 633 3304 luimus,
667 3251 801 3291 cum
831 3237 1148 3296 adversum
1181 3241 1492 3314 opiniones
1524 3243 1832 3316 gentilium
1855 3245 2065 3316 dispu-
2182 3241 2541 3296 nationibus.
2589 3241 2762 3296 Nunc
2809 3246 3002 3298 autem
3047 3242 3271 3300 Christi
3311 3247 3573 3304 donatus
3617 3248 3822 3305 nomine

392 3323 674 3380 taremus.
693 3325 846 3382 Nam
885 3328 938 3383 si
970 3329 1255 3402 redempti
1287 3346 1496 3388 sumus
1525 3348 1642 3388 non
1673 3333 2066 3406 corruptibili-
2183 3330 2424 3403 signum
2455 3331 2723 3402 corporis
2741 3346 3112 3404 nequaquam
3133 3335 3403 3408 requirit,
3429 3337 3528 3411 qui
3555 3353 3824 3410 praeroga-

390 3411 510 3468 bus
539 3417 786 3488 argento
817 3421 872 3472 et
903 3433 1068 3489 auro,
1106 3419 1214 3476 sed
1244 3422 1507 3492 pretioso
1539 3423 1832 3495 sanguine
1861 3423 2066 3478 Domi-
2183 3419 2361 3474 tivam
2405 3419 2622 3476 divinae
2674 3422 2889 3476 meruit
2931 3425 3417 3494 nuncupationis.
3468 3425 3616 3492 Quid
3659 3429 3826 3481 autem

393 3503 450 3526 ..2
485 3504 672 3526 ---ιέξ
717 3505 846 3526 1--”
883 3506 956 3526 ne,
1008 3509 1100 3526 -,n-
1125 3509 1178 3526 (1
1214 3510 1314 3526 n,.
1469 3511 1528 3526 an
1583 3511 1660 3526 an\
1913 3514 1948 3526 ,ο
2189 3509 2241 3526 -1,
2271 3525 2305 3526 κν
2384 3509 2419 3526 1,
2469 3525 2495 3526 η
2546 3525 2551 3526 ,
2577 3510 2588 3521 ο
2652 3525 2657 3526 ,
2785 3513 2825 3526 ιν
2946 3511 2957 3522 ο
3002 3513 3015 3526 ι
3060 3513 3073 3526 Δ
3256 3513 3292 3526 μ
3391 3513 3444 3526 οι
3505 3515 3520 3526 ι
3566 3514 3582 3526 ι
3657 3515 3668 3526 ο
3809 3513 3822 3526 ι

393 3503 453 3558 ni
483 3504 674 3560 nostri
704 3505 852 3562 Jesu
882 3506 1103 3564 Christi
1120 3509 1178 3582 (Ι
1201 3510 1372 3566 Patr.
1397 3527 1438 3581 ι,
1463 3511 1550 3581 18,
1577 3511 1705 3584 19),
1730 3529 1846 3586 quo
1869 3514 2071 3586 utique
2182 3509 2508 3564 absurdum
2538 3510 2590 3564 si
2633 3513 2874 3580 propter
2903 3511 3176 3580 pietatem
3216 3513 3448 3585 aliquid
3487 3514 3702 3572 doloris
3745 3513 3823 3569 vel

397 3592 594 3658 1073
626 3595 939 3668 vendente,
975 3600 1092 3655 nisi
1121 3616 1191 3655 eo
1223 3601 1321 3672 qui
1354 3604 1627 3658 nostrum
1650 3601 1776 3674 jam
1806 3601 1920 3674 (13)
1939 3619 2074 3675 pec-
2181 3597 2655 3706 laborisinferri‘
2676 3597 3005 3706 Videbatur,
3026 3617 3142 3706 quo
3163 3601 3300 3672 plus
3323 3603 3564 3706 devotio
3594 3603 3825 3706 perohaec

395 3691 636 3747 catricis
658 3690 1071 3751 successionis
1099 3705 1217 3745 nare
1240 3691 1559 3762 quaesitum
1592 3691 1904 3747 servitium
1927 3709 2066 3764 pos-
2181 3687 2499 3744 certamina
2530 3687 2920 3760 probaretur?
2951 3689 3270 3745 Pulchrum
3299 3693 3480 3748 etiam
3510 3695 3569 3748 ut
3596 3693 3666 3748 ab
3693 3691 3821 3764 ipsis

395 3780 630 3836 sidebet
663 3796 675 3836 :
712 3781 841 3836 sine
863 3779 1043 3835 dubio
1073 3779 1203 3850 ipse
1233 3779 1536 3853 ﬂagitabat
1548 3781 1822 3852 pretium,
1843 3784 1906 3836 ut
1938 3798 2065 3838 ser-

394 3871 538 3927 vitio
581 3872 866 3936 exueret,
917 3884 1071 3941 quos
1125 3868 1362 3925 tenebat
1410 3869 1753 3926 obstrictos.
1801 3870 2063 3926 Pretium

397 3963 593 4016 autem
627 3961 851 4014 nostrae
880 3957 1253 4014 liberationis
1274 3959 1398 4013 erat
1427 3959 1676 4030 sanguis
1707 3959 1938 4014 Domini
1968 3960 2064 4016 Je-

394 4065 490 4120 su,
523 4047 680 4120 quod
709 4047 1058 4103 necessario
1092 4046 1443 4103 solvendum
1473 4051 1598 4102 erat
1618 4047 1672 4102 ei
1689 4047 1783 4102 cui
1805 4049 2065 4120 peccatis

393 4137 622 4195 nostris
649 4137 870 4192 venditi
901 4152 1161 4192 eramus.

464 4245 518 4302 9.
553 4245 754 4302 Donec
783 4244 966 4318 igitur
995 4243 1107 4299 hoc
1134 4241 1386 4315 pretium
1417 4258 1524 4315 pro
1556 4243 1834 4300 omnibus
1867 4244 2067 4302 solve-

2178 3779 2314 3833 vilae
2342 3777 2718 3833 incunabulis
2753 3778 2989 3849 insigne
3029 3779 3341 3852 religionis
3376 3782 3751 3851 adolesceret,
3771 3783 3820 3834 et

2177 3867 2424 3938 puderet
2468 3883 2946 3940 unumquemque
2979 3870 3170 3924 tetatis
3205 3871 3603 3941 provectioris
3633 3870 3720 3926 vel
3744 3869 3818 3924 la-

2177 3957 2328 4027 bori,
2360 3955 2453 4012 vel
2485 3956 2675 4013 dolori
2717 3957 2948 4028 cedere,
2983 3974 3234 4030 quorum
3281 3962 3598 4034 utrumque
3646 3963 3818 4015 tenera

2178 4045 2422 4101 infantia
2441 4046 2708 4102 vicisset.

2253 4153 2340 4208 12.
2373 4153 2490 4209 Sed
2515 4153 2640 4226 jam
2668 4153 2784 4209 levi
2815 4154 3292 4213 circumcisionis
3325 4157 3530 4216 dolore
3552 4173 3662 4213 non
3690 4170 3817 4227 opus

2181 4245 2274 4298 est
2302 4243 2636 4298 Christiano
2655 4241 2893 4316 populo,
2913 4245 3035 4316 qui,
3066 4248 3314 4301 mortem
3334 4247 3566 4303 Domini
3595 4246 3816 4300 circum-

393 4337 558 4393 retur
577 4335 940 4405 hominibus,
965 4334 1124 4406 quod
1138 4332 1425 4389 Dominici
1442 4332 1756 4406 sanguinis
1778 4333 2066 4391 etfusione
2095 4323 2153 4388 D
2183 4332 2406 4404 ferens,
2437 4348 2546 4404 per
2575 4336 2868 4388 momenta
2899 4334 3136 4406 singula
3167 4334 3344 4391 fronti
3368 4337 3619 4408 propriae
3637 4332 3816 4389 mortis

392 4441 502 4498 pro
529 4425 794 4481 omnium
823 4423 932 4478 fuit
971 4421 1323 4478 solvendum
1348 4422 1746 4492 absolutione,
1779 4438 1928 4494 opus
1957 4424 2067 4480 fuit

393 4515 772 4588 singulorum
821 4513 1135 4586 sanguine,
1193 4512 1292 4584 qui
1341 4511 1476 4585 lege
1517 4514 1575 4568 et
1615 4512 2064 4568 consuetudinis

465 4657 578 4737 (12)
609 4656 779 4737 Apud
809 4655 1517 4737 @gyptio‘snnonnsolum
1554 4670 1786 4737 mares,
1836 4655 1945 4736 sed
1980 4656 2062 4710 fc-

391 4726 584 4784 minas
617 4726 792 4784 etiam
822 4726 1163 4783 circumcidi
1196 4726 1404 4781 solitas
1437 4743 1512 4798 ex
1549 4727 2062 4798 testimonioquo-

392 4800 661 4880 rumdam
690 4799 1146 4880 refertﬁsa‘nctuos
1195 4798 1431 4880 doctor,
1455 4797 1571 4880 libr
1610 4815 1646 4852 ιι
1691 4797 2057 4880 ΠοηΑΙξῂαΙι.

392 4885 522 4942 cap.
547 4869 635 4942 11,
660 4886 820 4924 num.
835 4869 923 4924 78.
941 4870 1023 4923 De
1038 4869 1158 4924 illis
1173 4885 1314 4924 vero
1331 4869 1685 4942 cantet-isque
1698 4869 2057 4942 nationibus,

391 4958 425 4996 a
456 4940 675 5014 quibus
706 4945 1048 5010 usurpatam
1067 4941 1584 5023 circumcisionem
1607 4941 1761 5022 idem
1784 4940 1897 4995 hoc
1919 4957 2059 4994 nar-

390 5017 500 5080 rat,
537 5012 768 5068 consuli
797 5011 1384 5084 possuntjosephus
1405 5012 1732 5084 Antquib.
1753 5027 1938 5082 1,cap.
1968 5010 2054 5084 13,

877 5051 1050 5066 ιτυιιμυ
1082 5051 1938 5081 ννυυγιιυυιιυνιἹοιιυοιὐ“γο
1973 5051 2054 5080 ιν,

390 5029 500 5080 rat,
537 5029 768 5068 consuu
797 5029 1050 5081 possunt
1081 5029 1384 5082 dosepnus
1405 5029 1732 5084 anuqdm.
1753 5029 1938 5082 1,cap.
1968 5029 2054 5080 ω,

389 5088 448 5140 et
477 5084 580 5139 lib.
614 5100 737 5153 vm,
771 5099 898 5154 cap.
929 5082 962 5137 4
989 5098 1004 5152 ;
1036 5082 1400 5154 Epiphanius
1430 5083 1651 5138 hwresi
1669 5083 1758 5152 30,
1782 5083 2055 5154 num.730,

389 5125 448 5212 δῖ
1023 5125 1108 5224 3,r
1127 5125 1228 5209 urbi
1274 5155 1428 5237 inter
1455 5154 1606 5237 alios
1625 5125 1915 5237 auctores.
1941 5125 2058 5236 Cy:

385 5226 660 5300 prianum
691 5227 847 5300 citat,
881 5226 988 5281 sed
1019 5242 1293 5282 sermone
1324 5226 1513 5300 eidem
1539 5226 2058 5300 Patriinantiquis

387 5297 912 5378 ejus‘editionibus
941 5314 1250 5378 perperam
1283 5297 1558 5378 attribute
1588 5297 1892 5378 deceptus.

459 5372 572 5448 (13)
633 5371 872 5448 Amerb_.
926 5368 981 5425 et
1033 5370 1200 5448 item.
1243 5368 1380 5422 edit.
1433 5384 1566 5448 crum
1610 5368 1816 5437 paucis
1869 5382 2054 5448 mss.,

391 5463 413 5490 α
474 5438 562 5498 ὐἱ
590 5448 796 5498 nostro
840 5441 986 5514 jam.
1043 5464 1064 5488 »ι
1115 5440 1286 5494 Erae.
1338 5455 1407 5492 ac
1453 5438 1586 5493 Gill.
1619 5454 1771 5520 .cum
1811 5438 2057 5519 reliquis

391 5458 542 5569 cog”
571 5536 593 5563 α
630 5516 733 5569 aui
764 5518 1032 5568 nostrum
1055 5511 1201 5569 jam.
1239 5532 1260 5558 ι
1297 5509 1667 5564 Observabns
1701 5512 1892 5562 autem
1927 5509 2056 5562 Obl-

385 5518 542 5583 cod.,
571 5536 593 5563 α
630 5518 733 5586 qui
764 5518 1032 5568 nostrum
1055 5518 1201 5582 jam.
1239 5532 1260 5558 ι
1297 5518 1667 5592 Observabis
1701 5518 1892 5590 autem
1927 5518 2056 5562 obi-

384 5587 478 5638 ter
508 5585 604 5639 his
634 5585 840 5656 paucis
872 5583 1076 5656 verbis
1109 5582 1267 5635 clare
1295 5596 1633 5651 primigenii
1657 5584 1880 5650 peccati
1912 5595 2057 5634 suc-

383 5654 723 5732 ceaaiaaém
757 5654 1106 5732 insinuari;
1155 5724 1165 5732 .
1272 5726 1281 5732 .
1325 5721 1336 5732 .
1644 5721 1698 5732 ..

455 5723 569 5794 (14)
597 5725 872 5803 Cum‘isti
905 5724 1189 5803 haeretici,
1227 5726 1288 5803 u_t
1313 5721 1446 5803 jam.
1485 5721 1736 5803 a‘nohis
1771 5721 2054 5803 observa-

385 5798 508 5850 tum
540 5799 654 5866 est,
685 5797 870 5851 totum
902 5795 1126 5870 antiqui
1157 5794 1402 5851 fmderis
1431 5794 1888 5850 instrumentum
1917 5794 2054 5864 reji-

2181 4425 2579 4493 contemptum
2607 4421 2884 4476 inscribit
2924 4423 3058 4495 (15),
3109 4427 3308 4496 utpote
3343 4425 3537 4490 1074
3565 4424 3661 4497 qui
3688 4421 3816 4478 sciat

2181 4511 2310 4566 sine
2345 4525 2519 4566 cruce
2551 4511 2785 4566 Domini
2814 4510 3062 4567 salutem
3095 4528 3162 4568 se
3208 4513 3428 4572 habere
3475 4530 3589 4570 non
3633 4524 3812 4585 posse.

2179 4656 2398 4733 cerent,
2433 4653 2549 4733 imo
2594 4653 2768 4733 etiam
2819 4653 3001 4708 Deum
3043 4654 3198 4733 legis
3227 4659 3560 4733 auctorem,
3604 4654 3812 4733 utﬁu—

2223 4724 2456 4806 us‘tinus
2479 4725 2580 4778 lib.
2606 4724 2693 4806 Qe
2723 4725 2939 4806 Ιιιυζοε.
2975 4724 3282 4806 cap."|,_de
3316 4724 3650 4806 Manichazis
3673 4724 3810 4806 testi-

2223 4740 2456 4779 usnnus
2479 4740 2580 4778 nn.
2607 4740 2693 4778 ue
2723 4740 2939 4778 nmres.
2975 4741 3104 4795 cap.
3129 4740 3176 4793 ιι,
3211 4740 3282 4782 (ie
3316 4740 3650 4783 n-lanicnans
3673 4740 3808 4779 lesu-

2175 4740 2404 4862 ἔσθων,
2437 4811 2555 4850 non
2606 4796 2788 4849 Deum
2821 4795 3062 4870 bonum,
3107 4799 3214 4853 scd
3265 4815 3444 4854 unum
3474 4815 3505 4855 e
3535 4795 3808 4870 princihus

2174 4867 2553 4922 tenebrarum
2601 4882 2739 4920 esse
2797 4868 3135 4936 crederent,
3192 4866 3566 4935 consequens
3612 4869 3723 4922 erat
3761 4866 3809 4916 ut

2176 4938 3188 5012 circumcisionemproscriberent,
3215 4945 3412 5012 utpote
3443 4942 3498 4994 in
3529 4940 3654 5010 lege
3675 4939 3807 4989 vete-

2175 5011 2223 5063 ri
2257 5009 2651 5090 constitutam:
2684 5007 2798 5090 Sed
2831 5025 2962 5064 cum
2997 5007 3409 5090 haereticorum
3439 5007 3804 5090 sitsicessus

2175 5095 2381 5135 omnes
2415 5097 2580 5136 sanae
2610 5079 2896 5162 doctrinae
2919 5083 3228 5162 oppositos
3259 5099 3496 5162 semper
3524 5081 3684 5162 tueri,
3706 5090 3803 5130 non

2173 5151 2436 5218 defuere,
2469 5153 2568 5222 qui
2601 5151 2967 5232 retinendam
2999 5151 3180 5232 etiam
3196 5155 3317 5232 sub
3349 5151 3658 5232 Evangelia
3687 5162 3802 5232 cm:

2174 5223 2362 5277 nalem
2396 5215 2546 5294 hanc
2563 5223 3020 5292 ampulationem
3039 5225 3467 5294 proﬁterentur.
3486 5215 3801 5294 llujusmodi

2175 5293 2366 5348 fuisse
2397 5288 2702 5348 Ebionitas
2733 5310 2800 5347 ac
2831 5288 3319 5364 Symmachianos
3357 5288 3800 5364 litterismanda-

2173 5368 2309 5419 runt
2340 5364 2705 5437 Epiphanius
2730 5359 2946 5418 haeresi
2970 5366 3058 5433 30,
3087 5368 3453 5437 Augustinus
3474 5365 3570 5420 lib.
3597 5359 3800 5437 09110}:

2175 5453 2296 5517 res.
2333 5429 2468 5506 cap:
2493 5435 2525 5491 9
2557 5439 2612 5490 et
2642 5437 2917 5517 10Llib._x
2951 5429 3161 5517 contra
3177 5429 3464 5517 :Crescon.
3485 5451 3614 5517 ‘cap.

2174 5507 2275 5580 lib.
2308 5505 2418 5560 xxxi
2451 5514 2656 5562 contra
2701 5508 2912 5562 Faust.
2967 5524 3094 5578 cap.
3140 5507 3228 5580 18,
3286 5507 3616 5565 l’hilastrius
3650 5505 3796 5570 atque

2173 5578 2291 5632 alii.

2243 5649 2356 5718 (15)
2390 5649 2606 5702 Eodem
2640 5665 2824 5704 sensu
2858 5650 2957 5704 lib.
3011 5651 3098 5706 De
3131 5651 3252 5707 ﬁde
3284 5665 3534 5717 resurr.,
3565 5669 3586 5693 α
3634 5641 3788 5696 Molle

2172 5719 2307 5790 ejus
2339 5720 2912 5796 signamm'Linquit,
2949 5726 3193 5796 mortem
3217 5723 3350 5796 ejus
3368 5723 3589 5778 orantes
3603 5724 3786 5796 annuu-

2170 5779 2552 5862 tiuamusfete.
2595 5815 2616 5840 ι»
2653 5779 3050 5853 Τεγῐὶιιιίἒιηιλε
3080 5779 3272 5851 etiam"
3294 5795 3380 5852 De
3413 5803 3608 5851 corona
3635 5779 3778 5842 milit.
