4098 6178
353 320 510 387 1301

1529 317 2141 383 EPISTOLARUM
2186 318 2527 384 CLASSIS
2570 322 2620 387 Ι.

3653 333 3811 398 1302

356 525 503 591 Quis
536 524 692 579 enim
722 538 833 578 acu
879 526 1076 577 utatur
1125 522 1196 577 ad
1244 520 1652 592 prwliandum,
1710 535 1845 575 cum
1896 520 2030 575 telis
2058 523 2109 585 Α
2146 519 2366 576 debuit.
2391 521 2507 577 Sed
2528 522 2658 594 ipse
2680 528 2886 581 auctor
2925 530 3149 584 natura;
3190 545 3308 585 non
3338 531 3539 603 utique
3571 547 3814 604 genera.

357 613 690 669 instructus
726 612 802 666 sit
834 611 1266 666 validioribus?

431 703 519 760 13.
546 704 675 758 Jam
708 701 850 755 illud
884 702 1081 774 quivis
1116 699 1287 754 facile
1337 697 1725 753 refellendum
1756 697 2026 769 advertit,

358 796 494 867 quia
527 791 897 863 pr0positum
929 794 1020 845 est
1068 788 1386 860 plerosque
1417 789 1685 860 potuisse
1736 787 1808 841 ad
1839 802 2028 843 sacrm

358 881 669 954 religionis
694 879 1007 950 provocari
1030 878 1403 949 obsequium,
1431 878 1545 934 nisi
1572 881 1776 932 essent
1805 876 2027 932 doloris

357 971 572 1040 timori,
598 968 693 1024 vel
715 966 939 1024 laboris
984 969 1246 1022 contuitu
1286 967 1567 1022 revocati.
1596 965 1664 1024 Et
1698 967 1885 1037 potuit
1914 966 2026 1020 hoc

354 1068 581 1117 terrere
622 1059 931 1132 majorem,
957 1055 1114 1131 quod
1156 1054 1427 1111 infantuli
1462 1054 1733 1129 plerique
1766 1054 2026 1110 sustine-

356 1152 495 1206 bant
518 1151 648 1204 sine
672 1144 938 1219 periculo
960 1149 988 1201 τ
1017 1142 1163 1203 Esto
1192 1149 1388 1200 tamen
1419 1143 1651 1216 aliquos
1705 1143 2026 1198 infantulos

356 1240 721 1307 Judaeorum,
757 1252 890 1291 eum
922 1232 1186 1290 dolorem
1218 1234 1556 1289 circumcisi
1605 1232 1876 1305 corporis
1906 1233 2027 1304 pla-

354 1343 567 1401 gaeqno
591 1325 876 1381 ferventis
900 1324 1199 1379 sustinere
1223 1339 1341 1379 non
1373 1323 1690 1394 potuerint,
1713 1321 2024 1376 defunctos

351 1417 577 1472 fuisse:
612 1414 719 1469 sed
744 1414 855 1468 hoc
888 1428 997 1467 nec
1028 1416 1280 1467 caeteros
1305 1409 1639 1466 deterrebat
1662 1411 2021 1480 provectiori

355 1510 523 1562 aetate
555 1505 857 1572 robustos,
891 1505 947 1557 et
974 1496 1436 1557 laudabiliorem
1469 1498 1721 1555 faciebat
1743 1514 1897 1569 eum,
1924 1499 2023 1570 qui

353 1594 668 1667 prmceptis
702 1592 1007 1647 obedisset
1039 1588 1411 1645 coelestibus.

428 1683 513 1739 14.
537 1676 704 1751 Quod
727 1682 778 1736 si
803 1682 915 1736 hoc
940 1681 999 1735 in
1034 1681 1252 1752 exiguo
1277 1679 1480 1735 dolore
1504 1671 1866 1733 arbitrantur
1880 1692 2019 1731 con-

355 1773 642 1830 fessionis
673 1772 865 1827 fuisse
895 1768 1289 1838 obstaculum,
1323 1767 1464 1840 quid
1495 1767 1567 1821 de
1622 1766 1898 1836 martyrio
1931 1766 2023 1820 di-

355 1863 542 1918 cunt?
573 1859 724 1915 Nam
756 1860 807 1913 si
858 1858 1299 1929 reprehendunt
1349 1856 1828 1910 circumcisionis
1862 1855 2023 1909 dolo-

352 1968 500 2019 rem,
540 1948 976 2020 reprehendant
998 1950 1054 2001 et
1093 1949 1414 2021 martyrum
1447 1948 1718 2014 mortem,
1744 1959 1850 2015 per
1871 1960 2023 2015 quos

354 2040 667 2107 cumulata,
693 2052 810 2093 non
842 2038 1062 2091 minuta
1091 2035 1304 2112 religio
1338 2038 1447 2089 est.
1482 2031 1543 2089 In
1577 2037 1798 2088 tantum
1829 2036 2023 2087 autem

353 2132 524 2185 abest
574 2129 859 2184 nocuisse
909 2124 1046 2180 fidei
1094 2123 1570 2179 circumcisionis
1617 2123 1906 2190 dolorem,
1962 2123 2025 2175 ut

352 2214 818 2292 probabiliorem
848 2215 1023 2270 fidem
1054 2214 1227 2268 faciat
1257 2209 1458 2282 dolor;
1493 2212 1685 2289 major
1708 2212 1865 2266 enim
1886 2210 2022 2265 fidei

354 2311 564 2381 gratia,
600 2307 652 2362 si
683 2306 818 2378 quis
866 2319 973 2375 pro
1020 2301 1310 2383 religione
1343 2303 1680 2357 contemnat
1713 2296 1979 2355 dolorem
2007 2314 2018 2354 :

353 2402 410 2454 et
441 2399 537 2452 hic
568 2396 762 2468 magis
812 2393 989 2448 habet
1035 2391 1346 2465 praemium
1392 2405 1567 2463 quam
1616 2388 1715 2444 ille
1757 2389 1854 2460 qui
1890 2389 2022 2443 ideo

354 2487 618 2542 dolorem
667 2481 851 2539 voluit
884 2481 1360 2537 circumcisionis
1408 2472 1611 2534 subire
1651 2483 1713 2533 ut
1744 2476 2024 2550 gloriare-

352 2579 449 2631 tur
477 2577 536 2629 in
562 2572 718 2646 lege,
756 2576 812 2628 et
841 2569 1075 2626 laudem
1106 2585 1179 2625 ex
1230 2565 1571 2624 hominibus
1620 2568 1812 2640 magis
1845 2581 2022 2639 quam

353 2665 476 2721 Deo
510 2665 823 2736 quaereret.

426 2755 512 2808 15.
537 2752 805 2824 Oportuit
845 2750 1026 2822 igitur
1048 2748 1565 2804 circumcisionem
1607 2762 1681 2801 ex
1705 2747 1867 2816 parte
1891 2744 2019 2800 fieri

355 2845 487 2897 ante
518 2841 652 2913 ejus
693 2842 1028 2907 adventum,
1078 2838 1178 2911 qui
1207 2841 1392 2893 totum
1443 2836 1893 2893 circumcideret
1923 2834 2023 2889 ho-

354 2934 609 3001 minem;
646 2946 722 2986 ex
750 2932 913 3002 parte
946 2930 1102 2983 enim
1134 2926 1334 2982 debuit
1374 2942 1731 2981 assuescere
1762 2926 2020 2979 humana

356 3021 635 3090 conditio,
663 3017 1157 3092 quemadmodum
1181 3019 1236 3073 in
1261 3016 1338 3087 id,
1366 3013 1521 3088 quod
1555 3016 1879 3087 perfectum
1904 3016 2016 3082 est,

356 3112 716 3167 crederetur.
761 3108 824 3165 Si
862 3111 1057 3163 autem
1098 3108 1355 3178 oportuit
1404 3103 1769 3173 circumcidi,
1813 3105 1872 3157 in
1906 3119 2021 3174 qua

353 3201 549 3273 magis
571 3202 737 3271 parte
777 3196 1176 3253 membrorum
1216 3196 1473 3267 Oportuit
1502 3194 2019 3249 circumcisionem

2142 609 2286 664 tioni
2321 609 2646 666 obsecutus
2689 618 2799 683 est,
2834 616 2934 687 qui
2984 617 3055 671 de
3087 634 3173 687 se,
3231 635 3362 673 cum
3397 625 3559 676 esset
3590 623 3650 676 in
3682 639 3812 679 cor-

2142 714 2289 769 pore
2341 701 2716 768 constitutus,
2771 706 3024 772 praebuit
3062 709 3488 781 magisterium,
3527 704 3720 767 1075
3756 719 3814 770 et

2144 788 2410 843 hortatus
2458 792 2550 842 est
2594 790 2924 862 discipulos
2973 795 3046 848 ad
3093 797 3510 868 integritatem,
3566 800 3808 859 dicens:

2149 900 2168 923 «ι
2191 876 2670 949 Suntspadones,
2689 883 2788 951 qui
2804 897 2869 937 se
2884 887 3546 958 castraveruntpropter
3562 906 3813 961 regnum

2143 966 2467 1038 coelorum;
2516 968 2617 1039 qui
2662 974 2857 1039 potest
2910 988 3141 1043 capere,
3194 976 3385 1047 capiat
3415 978 3653 1046 (Matth.
3687 998 3810 1037 XIX.

2142 1055 2251 1124 13).
2282 1080 2302 1104 .

2213 1145 2298 1200 t7.
2336 1144 2481 1201 Cum
2520 1148 2595 1202 sit
2618 1152 2810 1204 autem
2848 1147 3023 1206 homo
3057 1156 3421 1224 compositus
3458 1172 3532 1212 ex
3564 1160 3814 1230 corpore

2140 1236 2196 1287 et
2213 1234 2422 1301 anima,
2455 1234 2620 1300 [satis
2659 1242 2749 1292 est
2781 1240 2936 1294 enim
2973 1241 3206 1296 interim
3249 1244 3359 1299 hoc
3393 1246 3611 1318 dicere,
3645 1253 3700 1303 et
3732 1250 3814 1304 si-

2139 1319 2261 1377 lere
2284 1322 2356 1379 de
2377 1325 2587 1396 spiritu
2611 1326 2768 1401 (16),]
2787 1345 2903 1383 non
2928 1334 3021 1384 est
3053 1331 3110 1385 in
3135 1336 3384 1405 utroque
3409 1335 3563 1390 idem
3599 1353 3813 1393 secun-

2140 1411 2276 1466 dum
2328 1417 2636 1470 naturam:
2691 1416 2797 1471 sed
2830 1420 2987 1489 quod
3022 1425 3114 1474 est
3162 1423 3492 1478 secundum
3543 1427 3814 1496 corporis

2140 1506 2427 1571 naturam,
2462 1503 2518 1557 id
2553 1509 2756 1559 contra
2788 1511 3053 1562 naturam
3105 1513 3196 1563 cst
3242 1513 3497 1584 animae;
3549 1519 3606 1570 et
3654 1517 3815 1587 quod

2141 1591 2468 1646 secundum
2501 1596 2768 1648 naturam
2808 1601 2901 1651 est
2930 1598 3162 1669 animae,
3215 1600 3271 1654 id
3305 1605 3508 1657 contra
3542 1609 3813 1661 naturam

2139 1683 2230 1733 est
2287 1682 2556 1751 corporis
2616 1683 2768 1753 (1'7);
2823 1690 2885 1739 ut
2938 1686 2992 1739 si
3039 1688 3229 1742 dicam
3275 1691 3430 1761 quod
3483 1695 3816 1749 secundum

2136 1771 2401 1822 naturam
2438 1775 2530 1823 est
2553 1771 2797 1839 visibili,
2844 1774 2900 1827 id
2929 1778 3131 1829 contra
3157 1781 3422 1832 naturam
3448 1785 3538 1834 est
3569 1783 3624 1836 ei
3653 1784 3813 1853 quod

2135 1873 2250 1911 non
2300 1855 2571 1927 videtur;
2622 1863 2679 1913 et
2726 1862 2884 1931 quod
2934 1865 3264 1919 secundum
3311 1872 3578 1923 naturam
3612 1874 3704 1924 est
3736 1872 3811 1943 ei,

2135 1942 2291 2017 quod
2323 1963 2440 2001 non
2471 1948 2722 2015 videtur,
2768 1950 2827 2003 id
2871 1956 3075 2006 contra
3126 1957 3419 2026 naturam.’
3439 1962 3531 2012 est
3561 1942 3841 2016 visibili..

2136 2035 2296 2090 Nihil
2328 2052 2474 2108 ergo
2525 2037 2919 2109 incongruum
2968 2041 3025 2094 in
3059 2042 3400 2099 hominibus
3449 2047 3554 2101 Dei
3589 2049 3722 2119 (18),
3759 2050 3815 2104 si

2135 2125 2274 2178 ﬁant
2302 2126 2495 2196 aliqua
2529 2130 2732 2180 contra
2768 2131 3033 2183 naturam
3076 2133 3348 2202 corporis
3396 2150 3530 2206 quae
3563 2136 3681 2191 sint
3714 2153 3812 2192 se-

2135 2214 2392 2267 cundum
2420 2215 2634 2269 animas
2666 2219 2962 2271 naturam.

2207 2302 2292 2357 18.
2324 2302 2435 2367 Qui
2465 2308 2661 2358 autem
2711 2305 2913 2359 dicunt
2962 2309 3240 2378 quoniam
3273 2309 3475 2381 plures
3528 2314 3811 2369 credidis-

2134 2396 2286 2461 sent,
2322 2392 2372 2446 si
2405 2393 2782 2447 circumcisio
2814 2410 2931 2448 non
2966 2396 3201 2465 fuisset,
3238 2399 3277 2452 ii
3310 2399 3425 2454 sibi
3448 2417 3807 2472 responsum

2135 2481 2246 2535 hoc
2278 2480 2549 2551 habeant,
2598 2483 2872 2553 quoniam
2924 2484 3126 2554 plures
3174 2488 3506 2559 crederent,
3560 2493 3615 2545 si
3645 2509 3806 2547 mar-

2132 2572 2280 2641 tyria
2313 2586 2429 2625 non
2478 2571 2925 2628 fuissentzlsed
2961 2578 3339 2645 praestantior
3387 2582 3479 2633 est
3525 2579 3804 2638 fortitudo

2134 2676 2476 2731 paucorum,
2511 2676 2684 2732 quam
2730 2662 3007 2718 remissio
3057 2665 3464 2735 plurimorum.
3508 2668 3671 2725 Sicut
3704 2688 3806 2726 au-

2134 2751 2249 2803 tem
2282 2748 2531 2819 plurima
2568 2749 2985 2821 baptismatum
3019 2770 3239 2825 genera
3291 2758 3607 2825 praemissa
3642 2764 3800 2830 sunt,

2135 2839 2292 2910 quia,
2331 2841 2671 2893 secuturum
2714 2844 2840 2895 erat
2870 2858 3075 2896 verum
3105 2844 3247 2899 illud
3282 2862 3461 2900 unum
3494 2848 3554 2901 in
3586 2849 3803 2917 spiritu

2134 2931 2190 2982 et
2221 2944 2370 2999 aqua
2403 2931 2835 2983 sacramentum
2887 2928 3279 3001 baptismatis,
3331 2952 3446 3006 quo
3496 2939 3657 2991 totus
3702 2954 3803 2991 re-

2134 3017 2374 3071 dimitur
2420 3017 2635 3072 homo:
2690 3018 2767 3071 ita
2814 3017 3203 3089 plurimorum
3237 3023 3619 3079 circumcisio
3651 3043 3803 3096 prte-

2133 3107 2412 3160 mittenda
2436 3106 2711 3176 fuit(19);
2761 3108 2898 3178 quia
2947 3115 3225 3164 secutura
3257 3117 3381 3168 erat
3412 3114 3790 3170 circumcisio

2134 3195 2456 3250 Dominicze
2505 3197 2827 3265 passionis,
2876 3213 3051 3268 quam
3102 3200 3341 3269 pertulit
3398 3202 3580 3255 Jesus
3626 3206 3799 3275 quasi

517 3253 692 3361 qdam
717 3253 783 3341 in
831 3303 900 3342 ea
930 3300 1062 3359 quae
1113 3253 1469 3358 quibusdam
1499 3282 1735 3339 videtur
1765 3283 2019 3337 inhone-
2051 3253 2105 3322 Ο
2132 3285 2341 3356 Agnus
2367 3253 2574 3354 Dei,iit
2597 3253 2826 3339 tolleret
2843 3253 3082 3356 peccata
3103 3253 3690 3363 inundiv(Joani,—991):

354 3380 549 3435 stior?
586 3399 608 3427 ι
647 3377 722 3432 Ut
752 3377 826 3431 iis
887 3388 1021 3448 qnae
1077 3377 1425 3447 putarentur
1471 3367 1826 3446 ignobiliora
1880 3385 2019 3426 esse

355 3467 620 3524 membra
635 3466 903 3537 corporis
920 3466 1127 3536 nostri,
1148 3465 1517 3520 honestatem
1533 3462 2021 3518 abundantiorem

357 3557 827 3613 circumdarent:
880 3558 937 3610 et
980 3572 1112 3627 quae
1146 3554 1456 3608 inhonesta
1489 3557 1628 3607 sunt
1656 3556 1881 3619 nostra,
1917 3550 2021 3605 ho-

354 3649 642 3700 nestatem
664 3644 1150 3699 abundantiorem
1190 3642 1478 3697 haberent
1513 3642 1569 3713 (I
1585 3640 1967 3708 Cor.xn,25).
1994 3664 2015 3686 η

357 3735 472 3789 Ubi
494 3735 650 3789 enim
673 3733 865 3805 magis
888 3732 982 3787 vir
1000 3732 1314 3805 sanguinis
1338 3732 1431 3786 sui
1469 3728 1772 3786 admoneri
1795 3729 2017 3796 debuit,

359 3840 532 3896 quam
558 3824 616 3879 in
639 3839 707 3878 ea
743 3826 906 3895 parte
928 3838 1065 3895 quoe
1086 3822 1483 3878 ministerium
1512 3821 1700 3875 errori
1734 3819 2021 3874 exhibet?

429 3914 515 3969 16.
552 3914 725 3970 Nune
754 3916 989 3983 tempus
1038 3914 1149 3980 est,
1182 3914 1245 3966 ut
1293 3916 1350 3966 et
1380 3908 1499 3965 illis
1551 3908 2020 3981 respondeamus

359 4005 457 4075 qui
490 4003 710 4072 dicunt,
744 4002 797 4057 si
842 4018 910 4057 ea
959 4016 1096 4071 pars
1147 4001 1415 4071 corporis
1454 3999 1645 4055 nostri
1692 3997 2021 4053 secundum

356 4095 621 4146 naturam
642 4096 753 4162 est,
779 4105 1149 4163 nequaquam
1168 4105 1294 4144 eam
1319 4088 1604 4161 amputari
1640 4088 1978 4159 oportuisse
2004 4101 2016 4141 :

356 4182 407 4235 si
429 4197 545 4235 non
581 4185 673 4236 est
696 4180 1023 4236 secundum
1055 4182 1343 4248 naturam,
1380 4192 1497 4234 non
1529 4178 1812 4233 debuisse
1844 4176 2020 4230 simul

358 4271 545 4325 nasci.
577 4270 687 4336 Qui
719 4270 995 4341 quoniam
1028 4274 1142 4324 tam
1192 4268 1390 4341 arguti
1420 4272 1577 4337 sunt,
1627 4270 1684 4322 et
1731 4265 1847 4337 ipsi
1880 4264 2024 4319 mihi

358 4360 774 4429 respondeant,
811 4362 1005 4413 utrum
1038 4359 1368 4413 secundum
1409 4361 1676 4412 naturam
1709 4353 2021 4409 successio

358 4448 612 4501 humana
643 4448 740 4514 sit,
762 4464 894 4518 quae
926 4447 1409 4520 generationibus
1441 4445 1747 4502 adolescit.
1784 4460 1855 4497 an
1890 4458 2026 4497 con-

359 4535 783 4604 trafnaturam.
834 4536 894 4589 Si
946 4537 1100 4590 enim
1152 4538 1478 4591 secundum
1528 4539 1815 4601 naturam,
1876 4550 2023 4586 nun-

2203 3372 2291 3428 t9.
2328 3374 2471 3428 Haec
2509 3372 2640 3428 ideo
2671 3375 3046 3445 scripsimus,
3080 3382 3144 3431 ut
3174 3379 3628 3435 ostenderemus
3660 3382 3807 3453 quia.

2132 3466 2190 3518 et
2220 3463 2420 3517 debuit
2459 3464 2731 3534 praemitti
2782 3465 3178 3535 circumcisio,
3216 3484 3350 3539 quae
3395 3467 3542 3524 foris
3592 3474 3701 3537 est,
3738 3473 3800 3525 ut

2133 3557 2189 3608 et
2237 3568 2304 3607 ea
2354 3552 2477 3623 jam
2528 3556 2663 3623 post
2706 3555 3018 3609 adventum
3070 3556 3300 3611 Domini
3344 3558 3481 3630 jure
3528 3560 3799 3615 videatur

2134 3642 2399 3697 exclusa.
2435 3642 2605 3696 Nunc
2644 3646 2837 3697 autem
2883 3646 3259 3701 circumcisio
3298 3640 3396 3701 cst
3428 3650 3793 3720 necessaria,

2133 3748 2266 3803 quae
2296 3732 2353 3785 in
2386 3732 2614 3786 occulto
2637 3735 2748 3800 est,
2790 3732 2942 3787 sicut
2982 3734 3230 3789 Judaeus
3262 3738 3659 3808 praestantior,
3694 3740 3797 3810 qui

2133 3822 2191 3875 in
2224 3817 2477 3888 occulto,
2530 3820 2589 3874 in
2622 3822 2853 3891 spiritu,
2902 3839 3021 3878 non
3068 3824 3301 3895 littera;
3353 3829 3632 3898 quoniam
3665 3845 3799 3883 cum

2133 3912 2253 3964 sint
2282 3910 2340 3963 in
2387 3926 2506 3964 uno
2558 3910 2794 3966 homine
2834 3912 2950 3967 duo
2995 3914 3289 3983 homines,
3343 3917 3414 3971 de
3463 3918 3682 3989 quibus
3713 3918 3799 3973 di-

2134 4004 2290 4053 ctum
2322 4002 2449 4053 est:
2512 4021 2534 4046 α
2582 3999 2649 4052 Et
2678 4001 2730 4053 si
2778 4002 2831 4053 is
2865 4003 2965 4073 qui
3018 4002 3163 4057 foris
3214 4008 3325 4074 est,
3380 4006 3556 4062 homo
3587 4011 3794 4063 noster

2135 4089 2531 4159 corrumpitur
2558 4089 2885 4144 secundum
2935 4092 3230 4147 desideria
3279 4096 3522 4166 erroris,
3556 4098 3663 4152 sed
3698 4099 3800 4169 qui

2132 4179 2292 4233 intus
2314 4181 2425 4248 est,
2450 4183 2768 4233 renovatur
2784 4179 2856 4235 de
2879 4180 2971 4235 die
2996 4182 3052 4235 in
3075 4183 3228 4238 diem
3250 4184 3334 4252 (II
3356 4185 3491 4240 Cor.
3516 4203 3595 4255 iv,
3619 4186 3706 4255 16)
3728 4202 3741 4241 :
3771 4206 3795 4236 ι

2133 4271 2189 4321 et
2237 4267 2408 4322 alibi:
2463 4287 2485 4316 ι
2534 4266 2926 4323 Condelector
2972 4271 3130 4325 enim
3177 4273 3296 4343 legi
3330 4274 3431 4327 Dei
3468 4274 3799 4328 secundum

2134 4357 2470 4411 interiorem
2511 4356 2807 4411 hominem
2844 4358 3030 4426 (Rom.
3066 4377 3165 4429 vu,
3208 4362 3337 4429 2'2);
3376 4382 3397 4410 ι»
3433 4362 3677 4415 interior
3709 4364 3801 4415 est

2134 4446 2308 4501 homo
2333 4450 2555 4513 noster,
2583 4446 2683 4516 qui
2705 4447 2884 4500 estad
2918 4448 3233 4517 imaginem
3259 4453 3313 4502 et
3353 4449 3801 4504 similitudinem

2134 4536 2237 4590 Dei
2269 4536 2459 4590 factus
2492 4535 2658 4595 (Gen.
2692 4552 2729 4605 ι,
2772 4536 2846 4604 9),
2883 4537 3142 4590 exterior
3185 4537 3286 4607 qui
3339 4537 3629 4607 figuratus
3663 4554 3694 4593 θ
3725 4539 3801 4593 li-

358 4639 536 4695 quam
567 4623 748 4695 igitur
795 4623 1230 4679 intermitteuda
1264 4628 1392 4680 est:
1439 4630 1495 4679 et
1543 4624 1837 4696 quomodo
1867 4623 2021 4676 inte-
2059 4620 2227 4682 Dmo
2269 4624 2443 4695 (Gen.
2497 4642 2555 4692 ιι,
2608 4623 2683 4692 7).
2728 4624 2834 4678 Sic
2883 4624 3138 4695 denique
3183 4628 3239 4679 et
3282 4625 3340 4679 in
3387 4626 3606 4681 Genesi
3650 4628 3800 4683 duas

360 4713 548 4785 gritas
579 4712 862 4782 virorum,
911 4713 1224 4791 virginitas
1269 4714 1615 4783 puellarum,
1667 4714 2023 4767 abstinentia

360 4802 692 4871 viduarum,
718 4802 1074 4856 continentia
1099 4802 1419 4873 conjugum
1442 4803 1863 4872 praedicatum?
1888 4801 2025 4855 Nal-

358 4891 480 4946 lum
509 4907 655 4964 ergo
705 4890 966 4945 studium
997 4891 1333 4962 quaerendae
1384 4891 1793 4945 successionis
1823 4890 2022 4945 feriari

358 5052 484 5105 cap.
504 5036 558 5103 3,
580 5036 731 5091 hanc
753 5034 965 5089 frontis
993 5034 1324 5089 muniendae
1347 5050 1633 5105 expressa
1658 5034 1855 5089 crucis
1880 5034 2022 5089 ima-

360 5109 497 5178 gine
547 5107 916 5178 religionem,
947 5122 1143 5178 quam
1180 5122 1263 5178 ex
1312 5106 1651 5175 Apostolica
1712 5106 2023 5161 traditione

359 5175 636 5233 manasse
666 5175 859 5246 docet,
893 5175 963 5230 ad
988 5175 1269 5247 singulos
1318 5192 1587 5248 quosque
1638 5180 1805 5231 actus
1856 5183 2024 5233 aetate

362 5265 471 5304 sua
504 5250 693 5304 iterati
754 5248 1146 5303 consuevisse
1179 5252 1384 5302 auctor
1416 5255 1526 5301 est.
1562 5248 1684 5312 Qua
1718 5249 1789 5301 de
1820 5265 1883 5302 re
1933 5251 2025 5302 adi

362 5322 660 5392 similiter.
694 5321 963 5392 Hieron._
989 5320 1183 5392 epist.
1211 5318 1301 5387 2'2,
1339 5319 1414 5374 ad
1462 5320 1743 5374 Eustoch.
1772 5338 1790 5383 ;
1824 5320 2022 5392 Cyrill.

362 5392 598 5447 Hicros.
633 5390 871 5447 Catech.
908 5390 993 5453 13,
1029 5394 1083 5444 et
1114 5391 1284 5445 alios.

430 5463 543 5532 (16)
572 5486 592 5509 ιι
623 5463 708 5517 Ex
731 5465 923 5517 anima
948 5466 1003 5517 et
1023 5478 1270 5530 corpore
1295 5465 1637 5517 constamus
1661 5464 1715 5516 et
1738 5462 1970 5531 spiritu,
2002 5481 2024 5509 ι

362 5534 551 5603 inquit
592 5539 836 5588 sanctus
860 5534 1068 5587 doctor
1099 5534 1197 5587 lib.
1225 5551 1262 5586 ιι
1296 5533 1382 5587 De
1417 5533 1563 5587 Cain
1598 5540 1655 5586 et
1688 5532 1860 5603 Abel,
1900 5548 2026 5600 cap.

359 5603 413 5671 ‘2,
448 5602 621 5658 ’num.
675 5604 727 5658 6.
778 5604 964 5670 Quam
1016 5604 1253 5671 quidem
1313 5606 1570 5658 hominis
1628 5602 2030 5658 definitionem

369 5675 595 5746 passim
625 5676 779 5749 apud
810 5690 943 5731 eum
975 5675 1282 5731 advertere
1313 5678 1421 5730 est.

2132 4714 2239 4768 tibi
2268 4717 2569 4767 creaturas
2601 4713 2857 4767 hominis
2878 4714 3153 4784 ostendit,
3181 4714 3505 4769 secundum
3539 4720 3801 4772 creatum

2136 4802 2431 4858 hominem
2464 4802 2835 4873 significans.

2205 4891 2294 4946 20.
2329 4891 2492 4946 Sicut
2523 4907 2667 4963 ergo
2708 4891 2824 4945 duo
2876 4890 3167 4963 homines,
3211 4893 3289 4948 ita
3318 4896 3374 4949 et
3404 4895 3639 4967 gemina
3672 4912 3807 4953 con-

2206 5032 2318 5103 (1Ἲ)
2352 5034 2519 5087 Rom.
2555 5034 2715 5103 edit.,
2749 5056 2795 5108 _¢
2831 5051 2965 5108 non,
2999 5037 3092 5089 est
3125 5036 3357 5108 utrique
3394 5038 3550 5093 idem
3579 5055 3801 5095 secun-

2136 5106 2273 5159 dum
2306 5108 2569 5179 naturam
2597 5122 2609 5169 ;
2663 5106 2783 5179 sed
2816 5106 2971 5177 quod
3005 5109 3097 5161 est
3142 5106 3474 5179 corpori....
3507 5112 3567 5165 id
3597 5115 3800 5166 contra

2136 5180 2401 5231 naturam
2433 5178 2524 5228 est
2554 5177 2808 5246 corpori.
2848 5200 2868 5225 »

2208 5247 2319 5316 (18)
2349 5247 2609 5322 ί-ἱῖιῐὶιιιιι)
2669 5248 2804 5300 edit.
2867 5249 3079 5322 Paris,
3118 5272 3139 5301 α
3196 5251 3254 5305 in
3288 5252 3574 5322 operibus
3606 5252 3732 5307 Dei.
3774 5276 3795 5300 η

2136 5318 2283 5372 Sunt
2306 5318 2477 5372 etiam
2501 5318 2695 5389 aliqua
2718 5322 2836 5372 toto
2877 5319 2986 5373 hoe
3027 5337 3272 5377 numero
3296 5318 3510 5377 mutata
3538 5324 3592 5377 in
3628 5325 3797 5377 Rom.

2137 5390 2297 5453 edit.,
2331 5389 2435 5443 sed
2469 5406 2601 5459 qum
2632 5390 2808 5443 alium
2842 5406 3086 5445 sensum
3122 5395 3355 5448 minime
3391 5395 3688 5447 inducant.

2207 5461 2317 5527 (19)
2372 5459 2585 5513 Eadem
2635 5462 2770 5514 edit.
2805 5462 3019 5527 l’aris.,
3069 5484 3091 5512 α
3144 5465 3517 5517 circumcisio
3550 5469 3800 5531 praeter-

2138 5532 2417 5603 mittenda
2448 5531 2591 5603 fuit.
2619 5554 2640 5578 »
2686 5531 2755 5584 Et
2786 5532 2956 5587 infra.
2995 5554 3016 5579 α
3054 5533 3253 5587 debuit
3282 5534 3650 5603 praetermitti
3680 5535 3800 5590 cir-

2140 5602 2444 5656 cumcism.
2486 5623 2507 5654 ι
2545 5602 2831 5657 Neutrum
2863 5603 3189 5659 commode.
