4098 6178
393 257 550 324 1303

1836 256 1902 326 S.
1948 261 2388 327 AMBROSII.

3650 274 3787 341 I304

392 461 654 519 versatio
694 463 821 519 est:
855 478 972 519 una
1013 463 1316 520 interioris
1355 463 1633 535 hominis,
1686 463 1869 521 altera
1898 466 2060 520 exte-
2087 449 2286 521 Item
2305 467 2398 521 est
2413 464 2546 537 iste,
2570 465 2687 522 nisi
2708 465 2810 539 qui
2844 466 3021 523 dixit:
3058 489 3082 516 α
3116 466 3249 523 Non
3295 466 3434 524 veni
3472 468 3656 544 legem
3681 473 3790 530 sol-

394 552 595 608 rioris.
655 552 727 608 Et
782 552 1019 625 quidem
1073 553 1345 626 plerique
1400 556 1568 611 actus
1615 554 1916 609 interioris
1946 553 2061 608 ho-

394 643 573 700 minis
633 643 984 712 perveniunt
1026 643 1100 698 ad
1148 644 1503 699 exteriorem
1559 643 1859 699 hominem
1917 658 2057 715 que-

394 733 771 788 madmodum
820 732 1166 788 castimonia
1194 733 1495 788 interioris
1547 733 1805 788 hominis
1847 732 2062 788 transit

396 824 570 879 etiam
600 822 673 877 ad
702 822 1032 877 castitatem
1062 822 1351 893 corporis.
1383 823 1495 888 Qui
1524 822 1679 877 enim
1709 822 2061 877 adulterium

397 913 596 968 cordis
625 912 879 984 ignorat,
914 911 1071 966 idem
1100 912 1302 984 utique
1348 912 1543 967 nescit
1586 911 1854 982 corporis
1886 911 2056 966 adul-

393 1003 646 1057 terium:
707 1017 827 1056 non
873 1004 1068 1056 tamen
1116 1001 1292 1056 etiam
1335 1000 1480 1056 illud
1528 1004 1620 1056 est
1653 1016 2053 1072 consequens,

394 1092 458 1145 ut
486 1090 585 1162 qui
616 1106 735 1145 non
783 1090 1135 1145 adulteravit
1176 1106 1446 1162 corpore,
1479 1106 1599 1146 non
1639 1091 2060 1146 adulteraverit

396 1180 571 1235 etiam
602 1180 799 1250 corde,
833 1179 1163 1234 secundum
1191 1179 1374 1235 illud:
1414 1202 1436 1229 α
1471 1178 1756 1246 Quoniam
1777 1180 1879 1251 qui
1897 1179 2061 1235 vide-

393 1269 469 1324 rit
497 1269 804 1324 mulierem
835 1268 909 1322 ad
954 1268 1497 1339 concupiscendum
1544 1284 1693 1340 eam,
1724 1268 1867 1341 {jam
1897 1269 2060 1324 adul-

393 1358 605 1414 teravit
633 1373 762 1412 eam
789 1359 848 1412 in
881 1358 1060 1413 corde
1092 1373 1202 1413 suo
1233 1358 1472 1429 (Matth.
1495 1375 1555 1429 v,
1579 1358 1691 1429 28).
1725 1381 1747 1408 »ι
1774 1359 1925 1413 Nam
1946 1358 2060 1414 etsi

394 1448 587 1503 adhuc
617 1462 736 1502 non
785 1447 863 1501 sit
910 1447 1142 1503 adulter
1185 1449 1458 1519 corporis
1504 1447 1640 1519 (20),
1691 1451 1890 1503 tamen
1932 1447 2061 1520 jam

393 1536 606 1592 affectu
656 1536 883 1592 adulter
928 1539 1039 1592 est.
1099 1536 1259 1609 Ergo
1302 1540 1395 1593 est
1449 1537 1751 1593 interioris
1800 1537 2058 1594 hominis

394 1626 808 1683 circumcisio:
843 1641 977 1680 nam
1022 1627 1125 1697 qui
1155 1626 1615 1696 circumciditur,
1653 1618 1845 1682 1076
1876 1627 2059 1682 totius

393 1716 591 1771 carnis
613 1714 929 1771 illecebras
950 1718 1248 1787 tamquam
1277 1716 1633 1786 praeputium
1675 1715 1856 1786 exuit,
1891 1718 1955 1771 ut
1982 1717 2061 1772 sit

390 1805 452 1859 in
486 1806 717 1876 spiritu,
749 1821 868 1861 non
898 1806 960 1860 in
992 1819 1190 1874 carne,
1227 1807 1285 1859 et
1333 1804 1548 1875 spiritu
1577 1805 1891 1861 mortiﬁcet
1938 1822 2062 1862 cor-
2081 1835 2139 1902 Β

392 1894 558 1966 poris
588 1894 685 1949 sui
714 1896 903 1949 actus.

465 1984 553 2038 21.
586 1983 659 2038 Et
687 1983 817 2038 haec
849 1986 960 2053 est,
995 1999 1129 2054 qum
1178 1983 1239 2037 in
1268 1982 1500 2038 occulto
1529 1986 1623 2039 est
1654 1984 2056 2057 circumcisio,

394 2072 549 2127 sicut
569 2071 868 2127 Abraham
899 2074 1033 2127 ante
1050 2072 1111 2127 in
1130 2072 1420 2144 praeputio
1445 2076 1588 2143 erat,
1632 2076 1841 2145 postea
1863 2074 2057 2130 factus

395 2164 489 2216 est
534 2161 596 2215 in
638 2160 1097 2215 circumcisione
1145 2160 1335 2231 (Rom.
1384 2179 1463 2232 ιν,
1506 2159 1616 2232 11).
1669 2162 1767 2218 Sic
1812 2163 2061 2219 interior

392 2250 570 2306 homo
621 2252 845 2320 noster,
897 2249 1132 2321 quando
1182 2253 1276 2306 est
1318 2251 1380 2306 in
1425 2266 1624 2323 carne,
1673 2255 1950 2325 tanquam
1999 2254 2061 2309 in

393 2339 688 2411 praeputio
711 2342 803 2394 est
828 2354 840 2394 :
876 2339 1110 2410 quando
1143 2342 1338 2395 autem
1358 2340 1485 2412 jam
1508 2357 1626 2397 non
1656 2344 1749 2398 est
1775 2342 1838 2397 in
1858 2359 2057 2414 carne,

395 2429 505 2495 sed
522 2429 584 2483 in
606 2429 840 2500 spiritu,
864 2428 1067 2500 incipit
1098 2432 1265 2485 esset
1291 2430 1351 2484 in
1373 2431 1849 2503 circumcisione,
1865 2449 1982 2487 non
2001 2433 2062 2488 in

395 2518 705 2589 prmputio.
756 2517 921 2573 Sicut
970 2521 1165 2574 autem
1196 2520 1296 2591 qui
1337 2520 1797 2592 circumciditur,
1832 2538 1947 2576 non
1976 2524 2063 2578 to-

395 2611 514 2662 tam
536 2623 774 2663 carnem
795 2608 976 2677 exuit,
1023 2609 1131 2664 sed
1170 2608 1364 2664 solum
1394 2610 1766 2680 praeputium,
1797 2611 1902 2666 ubi
1931 2628 2063 2667 cor-

396 2697 623 2768 ruptela
645 2696 1026 2769 frequentior,
1053 2698 1130 2753 ita
1151 2699 1252 2770 qui
1271 2699 1333 2753 in
1354 2699 1585 2754 occulto
1600 2700 2059 2773 circumciditur,

399 2802 638 2841 carnem
658 2786 819 2841 illam
848 2787 1029 2857 exuit,
1069 2787 1140 2842 de
1173 2803 1288 2859 qua
1315 2789 1603 2860 scriptum
1632 2794 1761 2845 est:
1800 2812 1821 2837 α
1858 2789 2064 2846 Omnis

400 2890 538 2955 caro
559 2876 782 2945 fenum,
815 2878 872 2931 et
893 2876 1086 2932 omnis
1109 2877 1301 2950 gloria
1320 2876 1454 2949 ejus
1486 2880 1549 2933 ut
1576 2878 1688 2934 ﬂos
1721 2878 1862 2935 feni.
1895 2879 2066 2935 Aruit

398 2965 622 3037 fenum,
646 2969 702 3021 et
723 2966 835 3021 ﬂos
857 2964 994 3038 ejus
1024 2967 1276 3023 decidit:
1313 2967 1564 3023 verbum
1607 2972 1804 3024 autem
1833 2969 2065 3024 Domini

397 3057 596 3111 manet
640 3056 701 3111 in
747 3059 1033 3112 aeternum
1081 3056 1221 3129 (Isa.
1271 3075 1365 3128 XL,
1398 3056 1450 3128 6,
1500 3059 1575 3129 '7).
1613 3078 1636 3109 ι
1686 3059 1757 3114 Et
1803 3060 2070 3115 remanet

402 3160 561 3215 caro,
612 3162 746 3217 quae
791 3147 1015 3201 videbit
1074 3147 1332 3202 salutare
1378 3148 1524 3217 Dei;
1574 3148 1730 3204 sicut
1777 3149 2065 3220 scriptum

403 3238 527 3290 est:
568 3257 590 3285 α
616 3236 689 3290 Et
705 3236 929 3291 videbit
966 3237 1160 3292 omnis
1192 3252 1330 3293 caro
1369 3238 1627 3293 salutare
1658 3238 1762 3292 Dei
1790 3237 1954 3309 (Luc.
1979 3255 2062 3309 ιιι,

401 3322 478 3396 6).
504 3344 531 3376 »
555 3324 699 3391 Quae
723 3326 801 3381 sit
822 3326 937 3380 ista
978 3342 1136 3397 caro,
1162 3329 1379 3383 munda
1415 3343 1614 3398 aures,
1636 3331 1702 3382 ut
1739 3327 2060 3400 intelligas.

471 3414 561 3468 22.
587 3414 748 3469 Talis
771 3429 916 3487 ergo
939 3415 1115 3471 debet
1134 3431 1273 3470 esse
1305 3417 1366 3470 in
1403 3416 1635 3471 occulto
1667 3416 2063 3487 circumcisio,

402 3505 467 3558 ut
486 3503 705 3557 nullam
727 3502 940 3558 habeat
961 3505 1475 3575 comparationem,
1496 3522 1630 3560 cum
1651 3522 1738 3576 ea,
1763 3522 1897 3578 quae
1919 3506 2068 3561 foris

404 3595 517 3662 est,
552 3591 1029 3648 circumcisione.
1064 3593 1137 3649 Et
1164 3594 1296 3649 ideo
1327 3595 1429 3666 qui
1470 3595 1532 3650 in
1565 3595 1794 3650 occulto
1824 3595 2071 3651 Judaeus

404 3684 517 3752 est,
542 3682 673 3753 ipse
693 3685 939 3752 praestat
963 3699 977 3754 ;
1010 3683 1111 3755 qui
1140 3686 1235 3739 est
1262 3700 1298 3739 a
1326 3684 1497 3753 Juda,
1534 3684 1713 3759 cujus
1736 3701 1948 3740 manus
1980 3701 2076 3740 su-

404 3786 513 3843 pra
534 3772 828 3827 cervicem
851 3772 1224 3829 inimicorum
1246 3773 1381 3847 ejus
1396 3816 1410 3844 ,
1425 3775 1525 3847 qui
1539 3776 1834 3831 recubans
1848 3774 2075 3846 requie-

404 3860 489 3915 vit
509 3864 573 3916 ut
588 3863 701 3932 leo,
727 3864 783 3917 et
804 3865 867 3918 ut
889 3863 1120 3919 catulus
1142 3864 1356 3933 leonis,
1383 3881 1559 3936 quem
1579 3866 1818 3921 laudant
1856 3864 2073 3920 fratres

406 3948 542 4022 ejus
591 3950 765 4021 (Gen.
815 3969 976 4021 xmx,
1027 3953 1079 4023 8,
1110 3953 1186 4023 9).
1240 3953 1331 4008 Ab
1363 3953 1477 4009 hoc
1526 3954 1678 4010 Juda
1709 3971 1827 4011 non
1871 3953 2071 4013 deficit

402 4040 684 4112 princeps
708 4058 723 4111 ;
757 4042 896 4114 quia
917 4057 1115 4098 sermo
1146 4043 1199 4115 ej
1211 4060 1278 4098 us
1301 4043 1604 4114 principes
1642 4045 1802 4117 facit,
1830 4049 1930 4119 qui
1953 4066 2072 4106 non

405 4128 804 4201 subjiciantur
834 4130 1136 4186 illecebris
1167 4132 1582 4203 saecularibus,
1616 4135 1674 4188 et
1704 4137 2072 4207 captiventur

403 4216 806 4290 voluptatibus
853 4220 1029 4275 istius
1059 4221 1283 4275 mundi.
1333 4220 1405 4276 Et
1447 4222 1586 4292 quia
1630 4223 1763 4294 ipse
1793 4225 1979 4281 Judas
2012 4228 2073 4283 in

404 4307 559 4364 hanc
587 4310 1032 4381 generationem
1073 4310 1256 4381 venit,
1307 4311 1441 4366 ideo
1471 4311 1709 4382 plurimi
1736 4314 1839 4385 qui
1865 4319 2072 4385 postea

395 4400 673 4472 generati
704 4402 863 4470 sunt,
897 4399 1298 4470 praeferuntur
1326 4401 1438 4470 (21)
1465 4417 1479 4471 ;
1521 4403 1584 4456 ut
1610 4401 1890 4459 virtutum
1918 4407 2074 4476 prin-

405 4490 601 4559 cipatu
621 4490 934 4562 gaudeant.
962 4488 1301 4545 Habeamus
1322 4491 1517 4562 itaque
1555 4491 2071 4550 circumcisionem

403 4578 466 4634 in
486 4579 738 4651 occulto,
765 4579 902 4634 etin
924 4579 1155 4634 occulto
1176 4579 1469 4650 Judaeum,
1493 4581 1594 4651 qui
1630 4583 1723 4635 est
1743 4581 2027 4651 spiritalis
2057 4569 2144 4655 ;D
2182 4575 2442 4632 dentur?
2487 4576 2587 4632 Sic
2636 4576 2824 4631 habes
2883 4575 3139 4646 denique
3165 4591 3178 4630 :
3219 4597 3239 4623 α

405 4669 690 4738 spiritalis
731 4671 944 4738 autem,
971 4671 1171 4740 utpote
1205 4670 1508 4741 princeps,
1537 4668 1823 4740 dijudicat
1853 4673 2068 4740 omnia,

404 4756 535 4828 ipse
566 4759 760 4812 autem
788 4774 821 4811 a
852 4759 1085 4814 nemine
1116 4757 1477 4830 dijudicatur
1504 4758 1557 4830 (Ι
1589 4758 1723 4814 Cor.
1756 4776 1818 4829 ιι,
1852 4760 1960 4831 15).

474 4847 563 4901 23.
596 4846 811 4901 Debuit
859 4864 1006 4919 ergo
1050 4848 1206 4920 legis
1258 4849 1530 4903 mandata
1576 4849 1927 4921 praescripto
1958 4851 2071 4922 (22)

405 4936 805 5006 circumcisio,
839 4953 971 5008 quae
1021 4953 1097 4992 ex
1134 4941 1299 5008 parte
1330 4940 1473 5008 erat,
1523 4924 1786 5010 cessare,
1829 4942 2070 5010 postea-

403 5041 580 5098 quam
607 5025 773 5080 venit
801 5026 904 5097 qui
935 5026 1452 5081 circumcisionem
1502 5027 1724 5083 faceret
1751 5030 1935 5084 totius
1966 5030 2071 5084 ho~

400 5114 602 5185 minis,
637 5116 694 5169 et
724 5113 996 5184 impleret
1026 5114 1542 5172 circumcisionem
1572 5117 1749 5190 legis.
1792 5117 1940 5183 Quis
1969 5134 2070 5174 au-

471 5258 582 5328 (20)
613 5256 790 5327 Edit.,
829 5278 851 5308 α
888 5273 1007 5312 non
1038 5257 1117 5312 sit
1142 5257 1373 5313 adulter
1405 5274 1678 5329 corpore.
1718 5283 1738 5308 υ

471 5330 582 5401 (21)
606 5331 685 5384 Ita
709 5331 880 5402 Rom.
911 5329 1048 5402 edit.
1076 5333 1300 5402 etgmss.
1325 5330 1576 5402 aliquot:
1621 5334 1737 5386 vet.
1786 5334 1981 5386 autem
2010 5335 2068 5387 et

397 5418 545 5457 mss.
566 5400 857 5472 nonnulli,
886 5424 906 5448 α
931 5401 1062 5457 ideo
1104 5400 1406 5472 plurimi...
1426 5400 1764 5472 'proﬁciunt
1794 5408 1855 5457 ut
1882 5404 2064 5458 virtu-

394 5477 552 5544 tem;
587 5477 718 5529 caet.
753 5443 909 5541 cod.,
969 5496 990 5520 α
1052 5443 1185 5528 ίάιὲο
1236 5443 1577 5544 plurimis...
1608 5473 1938 5545 praefertur,
1979 5479 2059 5545 ut,

395 5548 568 5625 stem
603 5545 800 5625 {linus
831 5544 1159 5625 commode,
1326 5618 1335 5625 _
1616 5544 1623 5545 ί
1675 5616 1697 5625 ο
1811 5615 1821 5625 _

466 5616 578 5686 (22)
608 5616 828 5674 Omnes
878 5616 1015 5673 edit.
1067 5632 1137 5672 ac
1168 5618 1339 5688 pauci
1385 5632 1560 5686 mss.,
1617 5639 1637 5663 α
1675 5616 1861 5687 Legis
1893 5632 2062 5671 man-

2167 569 2328 623 vere,
2365 554 2474 609 sed
2500 554 2746 626 implere
2768 556 3006 627 (Matth.
3042 572 3099 625 v,
3134 556 3270 628 ‘11)?
3305 577 3328 607 ι

2238 643 2327 699 24.
2361 642 2706 716 Quanquam
2745 644 2801 699 si
2835 644 3151 718 diligenter
3193 645 3488 717 intendas,
3537 651 3591 703 et
3616 648 3706 704 illa
3729 650 3794 706 sit

2169 733 2337 803 ratio,
2361 748 2537 805 quam
2555 732 2684 805 jam
2713 748 2955 789 cessare
2990 734 3257 789 debuerit
3278 736 3550 806 praeputii
3570 738 3794 793 circum-

2172 821 2360 891 cisio;
2410 823 2546 894 quia
2593 823 2895 894 plenitudo
2942 823 3207 896 gentium
3252 824 3435 878 venit.
3485 824 3615 881 Non
3665 827 3797 886 enim

2170 911 2451 983 gentibus
2473 911 2846 967 circumcisio
2868 912 3136 968 mandata
3159 917 3270 984 est,
3294 912 3408 968 sed
3428 915 3635 971 semini
3645 916 3801 972 Abra-

2169 999 2336 1068 ham;
2380 1001 2470 1055 sic
2487 1000 2643 1055 enim
2672 1001 2860 1058 habes
2882 1001 2943 1056 in
2972 1001 3162 1072 primo
3193 1002 3437 1058 oraculo
3473 1018 3487 1058 :
3533 1022 3556 1053 ι
3588 1002 3657 1058 Et
3678 1004 3800 1061 dixit

2168 1088 2331 1143 Deus
2352 1089 2426 1144 ad
2461 1090 2762 1145 Abraham
2786 1106 2799 1146 :
2833 1091 2922 1146 Tu
2944 1092 3136 1146 autem
3166 1091 3608 1147 Testamentum
3632 1109 3801 1149 meum

2166 1177 2542 1247 observabis,
2568 1179 2651 1250 [tu
2672 1181 2729 1235 et
2751 1194 2957 1236 semen
2974 1183 3138 1236 tuum
3173 1184 3309 1252 post
3339 1183 3399 1235 te
3428 1181 3489 1234 in
3515 1182 3802 1255 progenies

2168 1281 2392 1322 eorum.
2425 1266 2497 1322 Et
2524 1267 2637 1323 hoc
2666 1272 2759 1323 est
2788 1269 3229 1324 Testamentum
3260 1285 3482 1339 meum,
3532 1271 3685 1341 quod
3711 1272 3802 1327 ob-

2171 1356 2445 1411 servabis
2461 1356 2614 1412 inter
2637 1372 2729 1412 me
2753 1360 2809 1413 et
2830 1373 2964 1429 vos,
3005 1362 3063 1413 et
3095 1373 3301 1413 semen
3330 1363 3499 1413 tuum
3528 1361 3659 1430 post
3682 1362 3731 1415 te
3755 1361 3803 1416 in

2167 1446 2489 1519 progenies
2547 1461 2772 1502 eorum.
2823 1446 3281 1503 Circumciditur
3336 1450 3608 1504 vestrum
3659 1464 3804 1508 omne

2168 1534 2581 1606 masculinum,
2605 1538 2663 1603 et
2683 1536 3122 1593 circumcidetis
3154 1552 3399 1593 carnem
3437 1538 3703 1609 praeputii
3726 1554 3805 1595 ve-

2169 1624 2297 1694 stri,
2337 1626 2395 1679 et
2429 1626 2541 1680 erit
2566 1625 2628 1680 in
2679 1626 2857 1698 signo
2888 1626 3251 1682 Testamenti
3287 1626 3450 1682 inter
3477 1642 3571 1683 me
3617 1631 3671 1683 et
3694 1642 3803 1684 vos.

2167 1710 2371 1769 Infans
2394 1718 2524 1770 octo
2543 1715 2774 1770 dierum
2796 1715 3255 1771 circumsidetur
3274 1715 3475 1781 vobis,
3508 1731 3675 1772 omne
3702 1731 3805 1771 ma-

2169 1801 2467 1858 sculinum
2493 1803 2553 1858 in
2580 1804 2902 1877 progenies
2930 1808 3188 1861 vestras.
3223 1804 3599 1862 Vernaculus
3626 1805 3804 1862 domus

2168 1896 2285 1948 tuas
2313 1896 2372 1948 et
2398 1893 2649 1964 pecunia
2678 1896 2912 1965 emptus
2952 1894 3025 1950 ab
3076 1894 3237 1950 omni
3265 1894 3390 1950 filio
3440 1894 3698 1964 alterius,
3726 1896 3807 1967 qui

2169 1996 2288 2035 non
2319 1985 2412 2036 est
2438 1997 2515 2037 ex
2543 1982 2771 2038 semine
2801 1985 2924 2054 tuo,
2958 1983 3417 2040 circumcisione
3450 1983 3805 2040 circumcide-

2166 2072 2295 2125 tur:
2335 2073 2392 2126 et
2422 2072 2534 2126 erit
2555 2072 2997 2128 Testamentum
3043 2088 3240 2129 meum
3279 2073 3398 2145 (23)
3427 2073 3490 2129 in
3521 2088 3691 2129 carne
3719 2088 3805 2129 ve-

2170 2162 2313 2230 stra,
2345 2160 2406 2215 in
2436 2160 2880 2216 Testamentum
2911 2164 3222 2217 aeternum.
3256 2161 3332 2216 Et
3381 2161 3805 2218 incircumcisus

2168 2249 2474 2304 masculus
2504 2249 2602 2321 qui
2634 2265 2754 2306 non
2803 2250 3243 2306 circumciderit
3287 2266 3533 2306 carnem
3568 2250 3808 2322 pmputii

2168 2338 2263 2392 sui
2324 2343 2531 2393 octava
2588 2339 2705 2411 die,
2740 2331 2930 2395 1077
2963 2339 3465 2394 exterminabitur
3506 2339 3692 2394 anima
3728 2339 3807 2395 illa

2172 2426 2243 2482 de
2265 2428 2649 2499 generatione
2661 2427 2760 2482 illa
2781 2443 2796 2499 ;
2829 2427 2966 2500 quia
2981 2428 3433 2484 Testamentum
3448 2444 3643 2484 meum
3652 2431 3811 2484 trans-

2167 2531 2426 2589 gressus
2454 2519 2548 2573 est
2593 2517 2768 2573 (Gen.
2801 2534 2945 2584 xvn,
2976 2516 3146 2587 9-14).
3189 2540 3210 2565 η
3263 2517 3567 2573 Ηθὶπωιιε
3600 2517 3805 2590 quidem

2171 2608 2423 2678 negatur
2452 2604 2675 2661 habere
2704 2606 2793 2674 de:
2817 2609 3023 2661 octavo
3055 2606 3170 2676 die,
3222 2605 3383 2661 sicut
3415 2606 3625 2679 Aquila
3651 2606 3808 2681 signi-

2171 2693 2307 2749 ficat
2335 2695 2467 2766 (24).
2502 2694 2620 2750 Sed
2648 2711 2766 2751 non
2787 2694 2848 2749 in
2879 2694 3093 2766 Aquila
3140 2695 3338 2750 omnis
3369 2695 3700 2765 auctoritas,
3727 2694 3809 2767 qui

2175 2783 2349 2854 quasi
2377 2784 2625 2841 Judaeus
2653 2785 2713 2838 in
2744 2784 2935 2840 littera
2976 2785 3278 2856 praeteriit,
3306 2800 3423 2841 nec
3450 2784 3646 2857 posuit
3672 2785 3783 2840 octa

2165 2888 2306 2927 vum
2335 2873 2511 2929 diem.

2246 2962 2335 3017 25.
2375 2963 2611 3018 Interim
2643 2965 2701 3019 et
2728 2965 3002 3019 octavum
3030 2963 3205 3034 diem,
3238 2967 3295 3019 et
3343 2964 3408 3018 in
3438 2963 3612 3037 signo
3641 2963 3805 3017 datam

2175 3053 2689 3109 circumcisionem
2708 3053 2924 3109 audisti
2948 3071 2959 3109 :
2996 3053 3239 3126 signum
3260 3056 3464 3108 autem
3483 3054 3570 3109 rei
3585 3050 3806 3123 majoris

2174 3141 2456 3197 indicium
2487 3146 2598 3213 est,
2649 3143 2933 3199 indicium
2964 3144 3229 3199 veritatis
3277 3141 3499 3198 futura
3541 3145 3597 3198 et
3641 3142 3808 3197 datum

2177 3231 2614 3287 Testamentum
2644 3233 2900 3288 Abrahae
2948 3234 3005 3288 et
3034 3231 3250 3287 semini
3298 3231 3463 3304 ejus,
3498 3231 3591 3287 cui
3619 3231 3808 3285 dictum

2178 3323 2303 3376 est:
2338 3342 2368 3370 ι
2397 3321 2463 3376 In
2492 3322 2660 3376 Isaac
2702 3323 2813 3378 erit
2844 3337 3051 3377 semen
3101 3325 3267 3377 tuum
3295 3321 3481 3392 (Gen.
3509 3338 3627 3387 xxx,
3660 3318 3755 3390 12).
3785 3336 3805 3368 ο

2179 3408 2339 3482 Ergo
2362 3411 2882 3466 circumcidilicuit
2902 3412 3194 3479 Judmum,
3208 3410 3305 3466 vel
3321 3411 3486 3467 domi
3498 3409 3627 3483 ejus
3642 3411 3811 3463 natum

2180 3499 2275 3553 vel
2298 3501 2549 3571 pecunia
2574 3499 2710 3572 ejus
2740 3504 3021 3572 emptum.
3055 3500 3192 3556 Non
3216 3515 3546 3572 possumus
3574 3497 3810 3554 derivare

2180 3588 2293 3644 hoc
2319 3590 2393 3645 ad
2421 3590 2834 3664 alienigenam,
2868 3594 2968 3646 aut
2994 3590 3384 3662 proselytum,
3412 3590 3529 3645 nisi
3541 3588 3743 3644 fuerint
3764 3586 3812 3640 in

2181 3678 2355 3735 domo
2368 3680 2625 3735 Abrahaa
2637 3682 2776 3751 nati,
2791 3685 2889 3736 aut
2906 3681 3153 3752 pecunia
3169 3680 3222 3751 ej
3231 3695 3303 3734 us
3316 3679 3519 3751 empti,
3534 3677 3625 3734 vel
3654 3675 3809 3731 semi-

2180 3769 2276 3823 nis
2297 3768 2453 3841 ejus.
2480 3769 2745 3842 Denique
2765 3769 2911 3825 nihil
2945 3769 3094 3825 dixit
3127 3770 3199 3825 de
3229 3767 3573 3841 proselytis,
3605 3766 3670 3821 de
3697 3764 3809 3836 qui-

2178 3858 2295 3913 bus
2345 3860 2579 3930 quando
2626 3858 2813 3915 voluit
2867 3858 3088 3929 dicere,
3144 3858 3472 3915 nominavit
3518 3872 3639 3927 eos,
3678 3854 3809 3910 sicut

2180 3946 2408 4003 habes:
2445 3972 2467 3996 α
2503 3948 2575 4003 Et
2602 3949 2840 4005 locutus
2871 3951 2965 4005 est
3010 3949 3302 4005 Dominus
3354 3950 3430 4004 ad
3462 3948 3713 4019 Moysen,
3740 3942 3807 3998 di-

2181 4052 2364 4093 cens:
2417 4038 2690 4110 Loquere
2742 4037 2815 4094 ad
2864 4040 3084 4109 Aaron,
3119 4041 3176 4094 et
3203 4038 3277 4093 ad
3306 4037 3467 4093 ﬁlios
3497 4036 3645 4109 ejus,
3675 4036 3726 4090 et
3750 4029 3809 4085 ad

2180 4141 2388 4182 omnes
2419 4127 2574 4183 filios
2605 4127 2810 4197 Israel,
2845 4131 2902 4182 et
2933 4128 3097 4183 dices
3129 4127 3203 4182 ad
3231 4143 3377 4183 eos:
3426 4127 3630 4194 Homo,
3662 4123 3808 4178 homo

2181 4231 2214 4269 a
2264 4215 2403 4270 filiis
2448 4217 2652 4287 Israel,
2707 4221 2764 4273 et
2810 4233 2842 4271 a
2886 4216 3225 4289 proselytis,
3276 4216 3379 4288 qui
3425 4217 3563 4271 sunt
3590 4207 3807 4284 appositi

2181 4306 2377 4377 vobis,
2411 4308 2748 4379 quicunque
2782 4307 2988 4363 fecerit
3019 4306 3433 4362 holocaustum
3459 4303 3807 4377 (Lemnum

2182 4394 2293 4466 18).
2320 4420 2343 4446 ι»
2371 4397 2486 4452 Ubi
2503 4412 2647 4469 ergo
2670 4396 3118 4467 comprehendit
3143 4410 3270 4465 eos,
3295 4395 3379 4449 ibi
3409 4395 3504 4450 lex
3522 4407 3624 4448 eos
3644 4389 3805 4445 tenet:

2184 4487 2286 4541 ubi
2314 4487 2553 4541 oraculo
2579 4502 2699 4542 non
2723 4486 3158 4558 significantur,
3183 4485 3476 4556 quomodo
3495 4478 3729 4551 astringi
3743 4474 3811 4529 vi-

3294 4574 3400 4629 Dic
3454 4572 3589 4628 ﬁliis
3637 4570 3805 4624 Aaron

2180 4666 2400 4736 (Lavit.
2434 4683 2577 4736 xvu,
2610 4665 2688 4735 2),
2751 4687 2772 4713 υ
2809 4664 3043 4736 quando
3094 4664 3167 4718 de
3215 4662 3622 4718 sacerdotibus
3666 4653 3798 4711 dicit.

2182 4755 2405 4825 Habes,
2441 4755 2675 4827 quando
2705 4758 2762 4810 et
2793 4754 2864 4809 de
2894 4753 3120 4809 Levitis
3152 4753 3309 4807 dicit.

2253 4845 2342 4902 26.
2368 4845 2528 4918 Ergo
2552 4844 2923 4900 omnifariam
2961 4843 3146 4898 claret
3184 4842 3358 4897 etiam
3390 4838 3697 4896 secundum
3721 4832 3799 4887 lit-

2180 4938 2365 4990 teram
2384 4934 2559 5007 legis,
2585 4948 2921 5005 quanquam
2958 4932 3057 4987 lex
3085 4931 3377 5002 spiritalis
3401 4931 3495 4999 sit,
3526 4930 3582 4982 et
3611 4935 3799 4979 secun-

2182 5025 2319 5080 dum
2337 5025 2529 5095 ipsam
2547 5027 2740 5079 tamen
2759 5022 3013 5077 litteram
3027 5022 3099 5076 ad
3117 5007 3794 5076 circumcisionemteneri

2180 5129 2298 5170 non
2319 5114 2588 5184 potuisse
2610 5112 2913 5167 nationum
2933 5110 3219 5183 populos:
3257 5110 3364 5165 sed
3383 5108 3565 5180 ipsam
3591 5105 3799 5159 circum

2177 5257 2310 5312 dato
2341 5254 2731 5327 praescripta;
2768 5275 2791 5305 ι
2826 5253 3038 5327 reliqui
3069 5269 3217 5327 mss).
3253 5255 3316 5307 ut
3345 5254 3403 5307 in
3436 5249 3706 5307 contextu.

2247 5325 2359 5398 (23)
2394 5328 2563 5382 Rom.
2598 5326 2736 5398 edit.
2771 5325 2917 5395 sola,
2958 5346 2979 5372 «
3034 5329 3090 5398 et
3121 5325 3235 5398 erit
3281 5328 3510 5398 pactum
3553 5328 3788 5398 malum:

2247 5381 2563 5469 Quam
2602 5381 3003 5469 familiare'sit
3043 5381 3567 5469 Ambros-io‘varias
3595 5381 3789 5469 Aquilii

2173 5464 2460 5527 lectiones
2479 5471 2540 5524 in
2562 5470 2821 5524 medium
2850 5468 3139 5538 proferre,
3173 5470 3295 5521 tum
3327 5464 3569 5533 aliunde,
3597 5464 3704 5515 tum
3728 5467 3787 5507 6X

2173 5542 2397 5599 Psalmi
2427 5558 2606 5598 cxvm
2639 5540 3032 5611 expositione,
3064 5538 3262 5613 quivis
3293 5538 3583 5611 agnoscat.
