4098 6178
171 314 303 381 1305

175 515 420 571 cisionem
449 515 509 569 in
540 513 716 586 signo
747 514 958 583 fuisse,
993 515 1179 570 donec
1210 515 1510 587 plenitudo
1539 518 1802 590 gentium
1831 499 1890 562 Α

173 605 394 674 intraret,
428 608 485 659 et
517 604 603 658 sic
637 603 828 659 omnis
861 604 1047 659 Israel
1078 604 1284 661 salvus
1321 605 1506 675 ﬁeret,
1544 608 1800 662 circum-

173 692 311 748 cisus
338 693 529 764 corde,
561 708 678 748 non
709 694 924 766 exigua
951 694 1202 749 membri
1233 695 1408 750 unius
1430 700 1614 764 parte.
1641 696 1799 769 Ergo

170 781 296 836 satis
321 785 371 836 et
389 785 670 837 excusata
700 799 731 836 a
763 780 958 853 nobis,
993 787 1050 838 et
1070 783 1313 839 exclusa
1346 789 1438 840 est
1459 785 1800 841 Judaeorum

167 887 378 926 manens
407 871 700 943 hodieque
729 873 1126 929 circumcisio.

227 961 303 1016 2'1.
339 959 498 1025 Quod
521 964 715 1016 autem
736 963 1188 1032 reprehensioni
1208 979 1336 1018 eam
1359 963 1561 1019 dicunt
1583 953 1794 1033 fuisse,

166 1050 249 1105 vel
275 1065 396 1104 esse
427 1051 727 1122 gentibus,
761 1052 1017 1123 primum
1056 1068 1171 1108 non
1219 1052 1437 1108 habent
1471 1054 1797 1123 reprehen-

162 1139 287 1194 dere
311 1139 436 1208 ipsi,
471 1137 566 1194 vel
597 1139 876 1210 irridere,
920 1142 1076 1213 quod
1107 1142 1204 1196 alii
1235 1147 1544 1198 consortes
1578 1143 1798 1198 faciunt

163 1227 251 1282 sui
276 1227 394 1298 (25).
446 1227 590 1284 Esto
620 1231 843 1299 tamen,
877 1229 1056 1285 fuerit
1085 1230 1242 1302 quod
1271 1231 1584 1286 irriderent
1607 1251 1622 1299 ;
1657 1232 1797 1304 quid

160 1316 263 1371 hoc
280 1332 377 1371 nos
388 1331 628 1372 movere
649 1318 842 1387 debet,
867 1319 1144 1390 eumipsa
1157 1337 1304 1375 crux
1324 1321 1795 1377 DominiJudmis

159 1406 494 1476 scandalum,
519 1405 746 1462 Graecis
770 1409 1032 1479 stultitia,
1067 1410 1240 1465 nobis
1262 1416 1455 1466 autem
1477 1412 1667 1466 virtus
1691 1411 1796 1466 Dei

157 1495 249 1564 sit,
278 1497 436 1567 atque
468 1495 752 1566 sapientia
783 1497 839 1566 (I
867 1496 1002 1553 Cor.
1036 1515 1075 1567 ι,
1108 1500 1197 1569 25,
1231 1499 1355 1570 24)?
1403 1499 1474 1554 Et
1514 1501 1643 1570 ipse
1675 1501 1796 1556 Do-

154 1585 332 1638 minus
370 1585 580 1640 dixerit
614 1602 625 1640 :
684 1607 706 1634 u
753 1584 862 1652 Qui
911 1603 1004 1642 me
1053 1588 1343 1644 confusus
1383 1589 1560 1644 fuerit
1597 1605 1795 1645 coram

153 1672 490 1744 hominibus,
514 1675 840 1730 confundar
860 1679 916 1731 et
945 1693 1057 1749 ego
1080 1678 1193 1748 (26)
1224 1694 1358 1733 eum
1389 1695 1586 1734 coram
1618 1675 1792 1734 Patre

151 1778 274 1818 meo
315 1763 408 1834 qui
457 1768 550 1819 est
596 1765 656 1818 in
696 1766 866 1820 cwlis
897 1765 1071 1836 (Luc.
1103 1783 1173 1836 ix,
1207 1767 1338 1839 26)?
1373 1790 1396 1818 ι
1432 1769 1654 1824 docens
1683 1785 1795 1824 nos

150 1852 243 1921 iis,
265 1868 384 1923 quae
406 1853 671 1908 ridentur
693 1856 764 1909 ab
787 1855 1147 1926 hominibus,
1174 1872 1290 1913 non
1311 1859 1792 1930 commovendos,

147 1940 202 1997 si
230 1957 331 2016 qua
354 1958 458 2014 pro
490 1943 799 2016 religionis
828 1945 1116 2016 obsequio
1148 1946 1513 2004 deferuntur.

632 2067 1001 2126 EPISTOLA
1029 2071 1289 2127 LXXIII.

144 2191 540 2266 Interroganti
567 2209 675 2249 cur
699 2193 819 2249 lata
848 2197 931 2250 sit
959 2195 1079 2266 lex,
1114 2213 1241 2252 cum
1265 2212 1391 2253 eam
1413 2197 1627 2254 obesse
1642 2197 1796 2254 Pau-

213 2263 300 2320 lus
316 2263 558 2340 indicet,
581 2267 981 2340 respondetur
999 2263 1268 2324 inutilem
1293 2285 1418 2324 eam
1441 2269 1719 2340 futuram,
1743 2271 1800 2325 si

213 2337 514 2410 naturalis,
548 2354 672 2410 quae
686 2337 1054 2394 inscribitur
1073 2341 1356 2396 cordibus
1378 2343 1620 2408 nostris,
1655 2337 1715 2396 et
1735 2343 1798 2396 in

213 2407 534 2480 infantibus
559 2407 1053 2480 deprehenditur,
1078 2419 1322 2467 servata
1354 2418 1556 2467 esset:
1581 2413 1692 2466 liae
1712 2429 1800 2468 so-

210 2479 341 2542 luta,
377 2479 538 2534 illam
569 2479 758 2535 fuisse
799 2484 1230 2550 necessariam,
1266 2490 1326 2538 ut
1357 2485 1796 2539 excusationem

215 2550 441 2628 tplleret
455 2559 760 2628 peccatum
776 2553 1238 2628 manifestando,
1265 2555 1415 2628 quod
1429 2556 1796 2627 postmodum

214 2621 438 2678 Christi
455 2621 661 2697 gratia
691 2624 985 2680 sublatum
1015 2631 1128 2682 est.

643 2751 984 2806 Auanosius
1022 2751 1278 2809 Inmane.

206 2873 256 2930 1.
298 2876 560 2931 Decursa
607 2877 860 2933 lectione
907 2878 1203 2951 Apostoli,
1246 2895 1363 2935 non
1394 2879 1796 2952 perfunctorie

130 2969 326 3021 motus
357 2982 455 3037 es;
488 2967 626 3038 quia
655 2969 870 3023 audisti
902 2968 1076 3024 hodie
1118 2969 1372 3025 lectum:
1431 2993 1452 3017 α
1486 2970 1611 3026 Lex
1641 2971 1796 3026 enim

124 3057 282 3111 iram
310 3061 586 3128 Operatur
619 3073 630 3112 :
667 3057 769 3112 ubi
801 3061 996 3113 autem
1016 3075 1133 3114 non
1163 3063 1254 3114 est
1283 3059 1399 3130 lex,
1433 3076 1541 3115 nec
1571 3077 1796 3133 praeva-

123 3147 335 3201 ricatio
365 3146 554 3216 (Rom.
587 3163 666 3216 iv,
700 3148 776 3217 5).
817 3172 840 3196 »
875 3148 1043 3203 Unde
1081 3151 1136 3203 et
1177 3149 1606 3204 consulendum
1637 3150 1796 3204 arbi-

121 3239 321 3290 tratus
370 3251 438 3290 es
481 3253 590 3292 cur
632 3237 748 3292 lata
795 3239 873 3293 sit
916 3239 1040 3310 lex,
1078 3237 1132 3294 si
1163 3238 1307 3293 nihil
1338 3239 1450 3309 (‘27)
1481 3240 1795 3309 proderat;

123 3325 328 3390 1078
359 3325 475 3381 imo
505 3328 740 3398 eberat,
773 3344 906 3400 quae
937 3332 1289 3399 operaretur
1316 3329 1708 3400 iracundiam,
1742 3335 1799 3384 et
1831 3321 1882 3384 C

113 3425 678 3495 praevaricationem
707 3427 1124 3484 introduceret.

196 3514 253 3570 2.
296 3513 368 3568 Et
417 3515 651 3586 quidem
702 3519 1030 3572 secundum
1073 3517 1600 3591 interrogationem
1640 3520 1800 3574 tuam

110 3607 358 3658 certum
386 3607 480 3659 est
509 3620 626 3659 non
654 3606 846 3661 fuisse
867 3607 1063 3679 legem
1083 3608 1510 3678 necessariam,
1539 3625 1672 3679 quae
1693 3624 1800 3679 per

107 3694 374 3765 Moysen
405 3694 537 3749 data
567 3697 678 3750 est.
722 3695 874 3750 Nam
904 3697 958 3751 si
989 3696 1312 3752 naturalem
1342 3697 1538 3770 legem
1560 3741 1574 3769 ,
1624 3713 1800 3769 quam

107 3784 290 3839 Deus
321 3787 557 3842 creator
587 3784 799 3840 infudit
828 3785 1202 3858 singulorum
1223 3787 1589 3857 pectoribus,
1614 3787 1798 3842 homi-

103 3889 231 3928 nes
278 3889 531 3930 servare
577 3874 945 3945 potuissent,
993 3891 1109 3930 non
1155 3876 1348 3931 fuerat
1386 3892 1537 3947 opus
1565 3893 1636 3932 ea
1665 3876 1799 3950 lege

102 3979 293 4035 qua,
348 3963 412 4019 in
457 3964 676 4019 tabulis
723 3964 944 4035 scripta
971 3965 1243 4036 lapideis,
1277 3965 1598 4036 implicavit
1626 3970 1800 4037 atque

97 4053 434 4108 innodavit
448 4054 643 4127 magis
665 4053 906 4109 humani
927 4053 1167 4126 generis
1185 4055 1602 4123 infimitatem,
1625 4071 1801 4126 quam

94 4142 460 4214 elaqueavit
482 4148 657 4216 atque
687 4143 962 4200 absolvit.
1001 4143 1156 4199 Esse
1189 4148 1382 4199 autem
1409 4145 1604 4216 legem
1634 4147 1799 4199 natu-

90 4232 307 4290 ralem
339 4234 402 4288 in
434 4234 716 4288 cordibus
748 4235 976 4288 nostris
1021 4234 1196 4289 etiam
1227 4233 1550 4304 Apostolus
1594 4234 1796 4302 docet,

89 4322 214 4392 qui
249 4323 504 4394 scripsit
532 4324 668 4394 quia
697 4324 1048 4397 plerumque
1082 4347 1104 4372 «
1133 4329 1190 4380 et
1211 4327 1422 4396 gentes
1453 4322 1800 4378 naturaliter

83 4427 198 4480 ea,
239 4428 384 4483 quae
417 4413 572 4484 legis
606 4418 764 4484 sunt,
797 4415 1051 4485 faciunt;
1084 4418 1141 4469 et
1169 4430 1303 4469 cum
1332 4413 1528 4486 legem
1559 4429 1677 4468 non
1706 4412 1795 4468 le-

85 4502 348 4574 gerint,
387 4516 540 4570 opus
572 4505 762 4556 tamen
785 4503 940 4576 legis
974 4503 1260 4574 scriptum
1291 4503 1507 4558 habent
1527 4503 1585 4558 in
1605 4502 1793 4557 cordi-

75 4593 224 4646 bus
263 4589 408 4644 suis
439 4588 626 4659 (Rom.
659 4607 719 4658 ιι,
755 4591 864 4660 14),
913 4616 935 4640 ι)

1285 288 1904 382 EPISTOLARUM
1947 316 2288 381 CLASSIS
2329 319 2410 384 II.

1829 1989 1882 2051 Β

3433 319 3593 390 4306

1919 534 2166 575 examen
2213 521 2478 590 venient,
2525 537 2659 594 qum
2704 523 3061 595 putabantur
3088 523 3295 581 latere.
3325 523 3588 592 Quorum

1918 611 2112 664 tamen
2159 611 2444 682 proditio,
2495 612 2863 669 occultorum
2903 614 3165 683 scilicet,
3215 630 3586 686 nequaquam

1917 702 2186 768 noceret,
2221 701 2275 754 si
2305 699 2401 756 lex
2430 703 2714 757 naturalis
2746 703 2972 758 inesset
3001 704 3342 774 pectoribus
3375 704 3586 760 huma-

1916 787 2049 843 nis:
2103 790 2194 842 est
2223 790 2376 844 enim
2411 796 2614 845 sancta
2653 792 2780 846 sine
2811 794 3110 864 versutia,
3164 793 3294 850 sine
3337 793 3582 866 fraude,

1918 892 2172 932 consors
2198 877 2469 950 justitize,
2503 895 2719 951 expers
2751 881 3098 953 iniquitatis.

1985 1002 2039 1057 4.
2074 1003 2338 1075 Denique
2371 1004 2812 1077 interrogemus
2843 1006 3167 1077 infantiam,
3200 1008 3508 1065 videamus
3531 1009 3587 1066 si

1916 1091 2074 1162 quod
2105 1092 2167 1146 in
2196 1108 2263 1147 ea
2293 1093 2517 1149 crimen
2548 1095 2858 1165 reperitur,
2907 1097 2960 1150 si
3003 1095 3278 1168 avaritia,
3311 1097 3582 1170 ambitio,

1916 1180 2110 1250 dolus,
2136 1181 2384 1252 saevitia,
2412 1183 2745 1240 insolentia.
2780 1185 2940 1241 Nihil
2964 1201 3139 1241 suum
3167 1187 3349 1258 novit,
3383 1187 3583 1243 nullos

1915 1268 2177 1325 honores
2227 1271 2345 1326 sibi
2388 1277 2663 1346 arrogat,
2711 1275 2993 1344 praeferre
3025 1291 3092 1330 se
3124 1275 3292 1332 alteri
3319 1276 3581 1348 ignorat,

1915 1358 2185 1414 fraudem
2207 1361 2416 1431 nescit,
2439 1361 2742 1418 vindicare
2763 1379 2902 1419 sese
2925 1379 3034 1420 nec
3051 1365 3195 1434 vult,
3227 1381 3336 1420 nec
3367 1367 3581 1435 potest.

1913 1447 2232 1504 Insolentia
2261 1450 2404 1520 quid
2435 1451 2514 1505 sit
2541 1468 2688 1523 puro
2729 1469 2796 1509 ac
2843 1453 3096 1524 simplici
3139 1454 3344 1527 nequit
3390 1455 3582 1512 animo

1915 1537 2439 1608 comprehendere.

1983 1662 2037 1717 5.
2079 1661 2265 1718 Solvit
2292 1663 2444 1719 hanc
2472 1664 2667 1738 legem
2696 1667 2902 1739 Adam,
2935 1669 3037 1740 qui
3065 1668 3249 1724 voluit
3279 1667 3395 1724 sibi
3417 1683 3581 1726 arro-

1913 1766 2057 1823 gare
2087 1752 2245 1823 quod
2275 1768 2391 1808 non
2424 1759 2752 1827 acceperat,
2785 1760 2848 1811 ut
2879 1761 3042 1813 esset
3073 1759 3228 1814 sicut
3267 1764 3500 1813 creator
3527 1761 3586 1814 et

1917 1840 2185 1896 conditor
2214 1856 2391 1912 suus,
2430 1843 2520 1898 sic
2558 1846 2622 1898 ut
2650 1844 2914 1900 divinum
2943 1845 3230 1902 honorem
3262 1846 3583 1903 affectarat.

1916 1929 2116 2001 Itaque
2136 1946 2246 2001 per
2263 1931 2724 1989 inobedientiam
2745 1933 3030 1990 offensam
3059 1937 3237 1991 traxit
3265 1939 3323 1992 et
3352 1938 3584 2007 culpam

1915 2019 2120 2074 incidit
2141 2035 2214 2074 ex
2233 2019 2568 2077 insolentia.
2591 2023 2702 2088 Qui
2732 2023 2787 2078 si
2815 2039 2931 2079 non
2964 2024 3229 2096 rupisset
3251 2025 3584 2096 imperium,

1917 2112 1975 2164 et
1991 2109 2275 2165 obediens
2297 2110 2515 2166 fuisset
2533 2113 2824 2168 mandatis
2846 2113 3213 2183 coelestibus,
3237 2115 3585 2187 praerogati-

1915 2213 2050 2252 vam
2078 2201 2305 2254 naturae
2335 2203 2508 2271 atque
2526 2201 2806 2274 ingenita
2827 2203 2942 2257 sibi
2961 2203 3310 2258 innocentia:
3333 2201 3583 2258 haeredi-

1915 2287 2030 2342 bus
2060 2289 2324 2359 propriis
2345 2293 2741 2345 reservasset.
2767 2291 2926 2364 Ergo
2949 2291 3088 2363 quia
3115 2308 3222 2362 per
3241 2292 3584 2349 inobedien-

1915 2378 2055 2432 tiam
2103 2379 2498 2450 praerogativa
2544 2380 2831 2434 naturalis
2878 2379 3032 2452 legis
3084 2387 3361 2452 corrupta
3408 2386 3583 2455 atque

1916 2467 2173 2522 interlita
2202 2472 2314 2538 est,
2348 2469 2480 2524 ideo
2513 2469 2799 2539 scriptum
2844 2468 3001 2541 legis
3051 2470 3449 2526 existimatum
3489 2475 3585 2528 est

1917 2557 2352 2623 necessarium;
2376 2560 2440 2611 ut
2459 2557 2555 2612 vel
2577 2561 2802 2630 partem
2824 2558 3086 2628 haberet,
3111 2559 3212 2631 qui
3234 2561 3581 2617 universum

1916 2646 2226 2701 amiserat:
2261 2650 2318 2701 et
2348 2647 2443 2702 cui
2462 2647 2720 2717 perierat
2739 2649 2895 2720 quod
2915 2649 3216 2705 nascendo
3237 2664 3582 2720 assumpse-

1918 2738 2040 2804 rat,
2101 2735 2385 2791 discendo
2435 2736 2645 2791 saltem
2696 2741 3089 2810 cognosceret
3133 2742 3191 2794 et
3235 2739 3582 2797 custodiret.

1918 2823 2103 2880 Simul
2153 2825 2292 2896 quia
2335 2841 2518 2881 causa
2563 2826 2914 2899 dejectionis
2958 2827 3093 2900 ejus
3130 2827 3409 2898 superbia
3444 2827 3584 2900 fuit,

1917 2914 2198 2984 superbia
2213 2917 2407 2970 autem
2429 2918 2554 2971 orta
2574 2919 2667 2972 est
2686 2931 2759 2972 ex
2787 2918 3184 2990 praerogativa
3205 2918 3583 2984 innocentiae;

1918 3004 2117 3059 debuit
2147 3019 2216 3059 ea
2245 3005 2341 3059 lex
2373 3005 2516 3060 ferri
2549 3022 2681 3077 qum
2713 3006 3013 3062 subditum
3034 3007 3156 3062 Deo
3177 3010 3233 3062 et
3251 3005 3588 3078 subjectum

1917 3093 2212 3149 redderet.
2285 3094 2434 3148 Nam
2481 3095 2612 3150 sine
2662 3096 2796 3168 lege
2843 3099 3151 3166 peceatum
3208 3096 3588 3152 nesciebatur

1919 3181 2129 3253 (Rom,
2161 3200 2261 3252 vn,
2293 3184 2369 3253 '7),
2403 3185 2460 3239 et
2488 3185 2682 3240 minor
2711 3188 2836 3239 erat
2866 3186 3066 3256 culpa,
3111 3185 3214 3240 ubi
3243 3189 3368 3240 erat
3397 3185 3587 3257 culpa:

1919 3272 2272 3344 ignorantia.
2320 3273 2488 3328 Unde
2521 3276 2578 3328 et
2607 3273 2892 3328 Dominus
2925 3273 3002 3328 ait
3035 3288 3047 3328 :
3089 3296 3112 3322 α
3145 3274 3207 3330 Si
3236 3289 3354 3328 non
3380 3274 3587 3329 venis-

1919 3378 2068 3433 sem,
2101 3365 2157 3417 et
2185 3362 2420 3418 locutus
2450 3378 2568 3418 non
2599 3363 2850 3418 fuissem
2878 3364 2974 3434 iis,
3008 3365 3315 3434 peccatum
3344 3378 3462 3418 non
3484 3364 3586 3418 ha-

1917 3453 2128 3507 berent
2161 3470 2173 3506 :
2225 3469 2381 3507 nunc
2421 3455 2616 3508 autem
2645 3453 3089 3509 excusationem
3117 3467 3238 3509 non
3265 3453 3482 3509 habent
3513 3452 3587 3510 de

1918 3545 2158 3612 peccato
2191 3541 2381 3612 (Joan.
2416 3560 2514 3612 xv,
2545 3541 2658 3613 22).
2705 3566 2726 3591 ιι

1989 3668 2044 3723 6.
2087 3668 2231 3723 Lata
2261 3671 2354 3724 est
2385 3683 2530 3740 ergo
2567 3668 2691 3738 lex,
2742 3667 2995 3738 primum
3037 3669 3100 3724 ut
3145 3669 3589 3725 excusationem

1919 3757 2171 3828 tolleret,
2205 3774 2276 3814 ne
2308 3758 2444 3830 quis
2475 3758 2734 3812 diceret:
2788 3757 3102 3812 Peccatum
3139 3757 3398 3827 nescivi;
3451 3758 3588 3830 quia

1919 3848 2334 3919 praescriptum
2365 3863 2482 3902 non
2505 3849 2630 3903 erat
2658 3846 2799 3918 quid
2821 3863 3116 3902 caverem.
3148 3848 3339 3922 1079
3365 3847 3590 3904 Deinde

1918 3951 1981 4002 ut
2021 3963 2226 4002 omnes
2277 3946 2552 4002 subditos
2595 3947 2818 4001 faceret
2851 3946 2975 4002 Deo
3005 3945 3306 4018 agnitione
3335 3947 3583 4017 peccati.

1918 4036 2136 4091 Omnes
2186 4039 2379 4091 autem
2429 4036 2701 4091 subditos
2750 4037 2890 4092 fecit
2931 4036 3120 4106 (Rom.
3162 4053 3248 4106 in,
3292 4036 3402 4106 19),
3453 4035 3591 4108 quia

1918 4141 2035 4181 non
2065 4125 2258 4180 solum
2287 4125 2517 4181 Judaeis
2550 4126 2683 4181 data
2713 4129 2824 4195 est,
2859 4126 2965 4180 sed
2990 4126 3162 4181 etiam
3182 4130 3392 4198 gentes
3413 4141 3588 4181 voca-

1917 4215 2033 4281 vit;
2066 4215 2351 4286 proselyti
2383 4215 2538 4269 enim
2561 4231 2634 4270 ex
2651 4216 2929 4287 gentibus
2953 4215 3359 4270 sociabantur.
3382 4215 3589 4286 Neque

1917 4320 2064 4361 vero
2094 4307 2378 4377 exceptus
2408 4305 2595 4359 videri
2618 4307 2828 4375 potest,
2853 4305 2954 4376 qui
2978 4308 3222 4359 vocatus
3245 4303 3458 4369 defuit;
3492 4304 3591 4359 lex

1918 4398 2073 4450 enim
2104 4410 2256 4466 quos
2287 4395 2524 4449 vocavit
2544 4396 2601 4448 et
2622 4393 2905 4465 alligavit.
2940 4393 3371 4449 Universorum
3392 4392 3590 4463 itaque

1917 4485 2089 4555 culpa
2118 4487 2357 4555 operata
2375 4486 2468 4539 est
2489 4483 2624 4554 subj
2633 4484 2941 4553 ectionem,
2977 4481 3274 4553 subjectio
3296 4480 3587 4536 humilita-

1913 4575 2050 4642 tem,
2087 4573 2386 4627 humilitas
2418 4571 2833 4627 obedientiam.
2876 4571 3077 4642 Itaque
3121 4570 3258 4641 quia
3305 4569 3588 4638 superbia

170 4679 235 4734 3.
285 4677 379 4732 Ea
410 4658 594 4750 igitur
624 4677 719 4732 lex
754 4658 869 4732 non
911 4680 1216 4749 scribitur,
1269 4681 1376 4737 sed
1419 4681 1748 4737 innascitur
1779 4698 1791 4736 :
1827 4663 1881 4724 D
1917 4663 2146 4733 culpam
2180 4663 2570 4732 contraxerat,
2604 4678 2634 4716 e
2667 4659 2959 4715 contrario
2992 4660 3163 4750 culpa
3177 4658 3586 4750 _obedientiam

72 4783 215 4824 nec
253 4768 463 4840 aliqua
491 4768 819 4838 percipitur
847 4767 1119 4838 lectione,
1157 4770 1262 4823 sed
1293 4770 1523 4839 profluo
1544 4771 1797 4841 quodam

73 4863 349 4913 natura;
403 4857 562 4913 fonte
611 4858 670 4911 in
716 4857 971 4930 singulis
1018 4858 1382 4927 exprimitur,
1429 4864 1485 4913 et
1523 4859 1797 4913 humanis

72 4947 386 5018 ingeniis
418 4947 708 5002 hauritur.
732 4946 915 5012 Quam
934 4947 1247 5002 debuimus
1269 4947 1364 5003 vel
1387 4947 1798 5020 futurijudieii

71 5040 272 5090 metu
299 5051 574 5106 servare,
601 5036 776 5108 cujus
799 5037 972 5092 testis
995 5037 1358 5092 conscientia
1379 5041 1579 5093 nostra
1602 5038 1797 5094 tacitis

71 5125 589 5197 cogitationibus
608 5125 761 5195 apud
778 5125 964 5181 Deum
986 5126 1116 5195 ipsa
1139 5142 1204 5180 se
1227 5126 1438 5197 prodit,
1464 5126 1682 5197 quibus
1705 5128 1798 5183 vel

71 5214 516 5288 redarguitur
547 5215 915 5285 improbitas,
951 5215 1042 5271 vel
1074 5215 1410 5270 defenditur
1443 5216 1795 5273 innocentia.

69 5305 320 5374 Itaque
357 5321 494 5359 cum
525 5320 763 5374 semper
783 5307 973 5375 pateat
1004 5305 1273 5376 Domino,
1305 5309 1428 5360 tum
1457 5305 1710 5361 maxime
1739 5306 1799 5360 in

65 5394 190 5449 die
225 5392 462 5465 judicii
480 5394 988 5465 manifestabitur;
1021 5395 1252 5465 quando
1271 5394 1501 5450 occulta
1519 5394 1722 5450 cordis
1739 5395 1799 5448 in

156 5536 300 5605 (25)
346 5535 613 5610 Gentiles
646 5536 778 5610 illes
809 5537 1111 5610 intelligit,
1163 5539 1325 5610 apud
1348 5553 1500 5610 quos
1541 5538 1799 5592 circum-

61 5609 414 5734 cisionetm
445 5609 505 5664 in
534 5624 646 5663 usu
677 5609 868 5664 fuisse
901 5607 1083 5682 supra
1114 5607 1272 5665 num.
1297 5607 1329 5664 5
1361 5607 1417 5665 et
1445 5609 1480 5664 6
1510 5623 1798 5664 memora-

59 5686 216 5737 tum
255 5695 340 5734 es
379 5720 393 5734 .

145 5751 300 5822 (26)
347 5750 616 5819 Quatuor
645 5767 817 5826 mss.,
849 5776 868 5804 αι
894 5752 1006 5822 Qui
1034 5769 1128 5814 me
1159 5753 1594 5812 confessus.....
1621 5754 1799 5813 conti-

1915 4753 2241 4824 generavit.
2277 4751 2445 4808 Unde
2476 4752 2571 4806 lex
2599 4750 2842 4820 scripta,
2877 4764 3011 4819 quae
3040 4747 3354 4802 videbatur
3374 4762 3584 4817 super-

1916 4842 2052 4910 ﬂua,
2085 4842 2236 4895 facta
2266 4845 2358 4896 est
2387 4838 2733 4895 necessaria
2763 4841 2825 4892 ut
2852 4839 3160 4908 peceatum
3190 4839 3434 4909 peccato
3466 4836 3587 4892 sol-

1915 4934 2099 4987 veret.

1985 5038 2039 5093 'l.
2082 5037 2196 5093 Sed
2230 5052 2302 5092 ne
2331 5051 2546 5092 rursus
2580 5036 2794 5108 aliquis
2817 5035 3206 5106 deterreatur,
3240 5035 3299 5090 et
3318 5032 3474 5089 dicat
3500 5033 3587 5090 in-

1917 5131 2279 5183 crementum
2309 5127 2535 5199 peccati
2577 5127 2792 5181 factum
2823 5141 2962 5182 esse
2993 5140 3100 5195 per
3127 5124 3355 5197 lngem,
3403 5126 3461 5180 et
3496 5123 3586 5179 le-

1917 5234 2054 5290 gem
2085 5233 2202 5272 non
2234 5217 2427 5271 solum
2456 5233 2574 5271 non
2604 5215 2936 5287 profuisse,
2975 5215 3082 5270 sed
3112 5215 3286 5270 etiam
3318 5213 3588 5270 obfuisse

1917 5307 2264 5372 arbitretur;
2299 5305 2475 5360 habet
2503 5321 2618 5376 quo
2650 5305 2831 5360 solari
2862 5321 3031 5359 suam
3070 5305 3263 5375 possit
3295 5301 3586 5356 sollicitu-

1917 5397 2134 5468 dinem,
2167 5395 2305 5469 quia
2339 5419 2361 5444 «
2397 5397 2509 5452 etsi
2539 5411 2648 5468 per
2675 5395 2871 5468 legem
2908 5392 3412 5467 superabundavit
3438 5405 3581 5461 pec-

1919 5538 2090 5618 ιθξρε
2115 5543 2182 5618 et
2202 5555 2334 5618 ego.
2374 5563 2395 5588 η
2433 5540 2602 5618 ῌειιιά
2635 5539 2925 5618 appqsite.
3133 5603 3165 5618 η
3278 5603 3310 5618 η
3392 5601 3437 5618 ,Α

2141 5601 2392 5739 (tiodices
2436 5612 2592 5668 Prat.
2640 5601 2730 5667 εἶδ’
2757 5610 2943 5677 Gem.,
2995 5623 3101 5663 cur
3129 5603 3208 5660 ita
3239 5603 3345 5671 sit,
3391 5601 3486 5657 lex
3532 5601 3585 5655 si

1921 5699 1978 5737 ni
2003 5701 2040 5737 ιι
2073 5725 2085 5753 ,
2119 5697 2150 5738 e
2179 5699 2230 5738 c.
2280 5707 2300 5731 Ιι
