4098 6178
569 319 778 385 1307-

2045 328 2110 391 S.
2157 327 2600 395 AMBROSII.

3813 349 3922 416 1308

578 523 806 620 catum,
819 525 1352 620 superabundavit
1399 529 1455 583 et
1500 529 1686 600 gratia
1731 527 1918 600 (Rom.
1954 546 2010 600 v,
2056 528 2168 600 20).
2215 549 2238 580 ι
2263 511 2318 582 Ᾰ
2359 531 2792 590 eonveniuntur
2819 533 2952 606 (51),
2999 535 3057 591 et
3083 551 3158 592 ex
3187 537 3466 608 operibus
3500 537 3643 614 legis
3668 558 3810 601 nemo
3830 548 3922 620 jus-

576 611 726 678 Quid
755 612 834 668 sit
866 613 996 685 hoc,
1022 614 1444 688 intelligamus.

646 718 700 774 8.
743 718 1252 792 Superabundavit
1283 728 1584 795 peccatum
1608 741 1713 796 per
1733 726 1946 799 legem,
1980 727 2117 798 quia
2138 741 2244 798 per

577 809 774 881 legem
823 812 1043 882 agnitio
1073 813 1298 883 peccati
1342 813 1528 882 (Rom.
1564 831 1664 884 vn,
1697 815 1773 886 Ἴ),
1807 818 1863 870 et
1893 817 2068 886 coepit
2100 814 2242 870 mihi

576 899 794 954 obesse
826 901 982 956 seire
1016 901 1093 970 id,
1128 902 1284 973 quod
1316 917 1424 974 per
1452 903 1843 959 inﬁrmitatem
1892 905 2077 959 vitare
2127 921 2244 960 non

573 1003 848 1059 possem;
881 990 950 1044 ad
966 991 1290 1046 cavendum
1313 992 1467 1047 enim
1490 993 1731 1064 prodest
1752 995 2106 1064 praescisse:
2134 993 2242 1048 sed

578 1078 634 1134 si
665 1093 874 1133 cavere
904 1094 1022 1134 non
1060 1095 1290 1152 queam,
1325 1083 1514 1137 obfuit
1534 1099 1737 1137 nosse.
1763 1083 1953 1138 Versa
1983 1099 2128 1155 ergo
2149 1085 2244 1138 lex

579 1166 639 1222 in
669 1167 1048 1238 contrarium,
1075 1174 1266 1224 tamen
1294 1172 1424 1242 ipso
1449 1173 1676 1242 peccati
1707 1173 2069 1228 incremento
2093 1173 2244 1227 facta

581 1260 673 1310 est
703 1256 848 1311 mihi
879 1255 1073 1330 utilis;
1120 1260 1256 1330 quia
1289 1261 1628 1316 humiliatus
1661 1277 1813 1317 sum.
1869 1261 2038 1317 Unde
2067 1265 2122 1316 et
2152 1261 2244 1316 di-

580 1344 664 1398 xit
693 1344 880 1400 David
903 1362 915 1400 :
957 1369 978 1396 α
1005 1347 1232 1402 Bonum
1262 1353 1354 1404 est
1382 1351 1544 1419 mihi,
1571 1350 1726 1422 quod
1751 1349 2092 1406 humiliatus
2111 1367 2246 1405 sum

580 1432 768 1503 (Psal.
803 1449 1000 1506 cxvm,
1033 1437 1144 1508 71).
1181 1463 1203 1487 η
1250 1439 1624 1496 Humiliando
1675 1445 1868 1496 autem
1915 1456 2038 1509 me,
2092 1441 2246 1495 solvi

581 1523 880 1578 vinculum
912 1527 1136 1582 erroris
1169 1529 1522 1600 superioris,
1558 1545 1674 1601 quo
1705 1529 1892 1585 Adam
1912 1535 1968 1586 et
2000 1529 2122 1585 Eva
2145 1547 2246 1585 ne-

580 1619 829 1670 xuerant
857 1614 971 1686 (28)
1001 1632 1232 1673 omnem
1263 1619 1519 1690 prepriae
1553 1619 1769 1674 seriem
1811 1619 2242 1674 successionis.

581 1702 750 1759 Unde
781 1709 836 1758 et
869 1704 1154 1760 Dominus
1185 1707 1358 1778 quasi
1387 1707 1672 1762 obediens
1704 1709 1892 1763 venitf
1943 1711 2006 1762 ut
2033 1709 2243 1763 inobe-

581 1791 817 1847 dientiae
849 1796 904 1847 et
936 1796 1442 1864 praevaricationis
1476 1796 1745 1851 humanas
1767 1798 2018 1868 laqueus
2049 1799 2242 1852 solve-

2352 621 2636 692 titlcatur;
2671 623 2728 677 id
2758 628 2869 692 est,
2905 625 3039 697 quia
3069 641 3176 698 per
3205 628 3397 700 legem
3427 631 3712 700 peccatum
3737 650 3920 707 cognos.

2355 712 2525 782 citur,
2573 713 2680 768 sed
2727 713 2899 784 culpa
2941 730 3060 770 non
3101 717 3416 787 relaxatur,
3451 718 3736 776 videbatur
3752 721 3829 778 lex
3850 743 3919 782 no.

2356 800 2577 868 cuisse,
2611 817 2744 871 qum
2779 817 2986 858 omnes
3017 803 3244 860 fecerat
3273 810 3630 876 peccatores.

2427 889 2512 944 11.
2555 889 2667 944 Sed
2691 891 2940 946 veniens
2965 892 3250 947 Dominus
3273 895 3476 963 Jesus,
3508 900 3780 966 peccatum
3792 905 3918 958 omni-

2353 969 2490 1039 bus,
2523 970 2680 1040 quod
2711 985 2882 1026 nemo
2905 975 3133 1042 poterat
3163 973 3438 1043 evadere,
3463 976 3704 1046 donavit,
3725 983 3770 1033 et
3796 982 3921 1037 chim-

2357 1059 2647 1131 graphum
2676 1063 2945 1115 nostrum
2977 1063 3073 1116 sui
3119 1063 3434 1134 sanguinis
3467 1064 3732 1122 effusione
3759 1067 3918 1126 delevit.

2356 1148 2606 1218 (Coless.
2645 1165 2706 1218 ιι,
2739 1148 2848 1218 14).
2895 1150 3022 1205 Hoc
3053 1155 3144 1206 est
3173 1151 3328 1223 quod
3363 1153 3479 1208 ait:
3514 1152 3919 1225 Superabundavit

2353 1241 2659 1307 peccatum
2688 1252 2794 1308 per
2822 1237 3015 1311 legem
3040 1255 3052 1294 :
3090 1241 3593 1311 superabundavit
3621 1247 3785 1299 autem
3802 1249 3918 1319 gratia

2354 1341 2462 1396 per
2489 1325 2698 1380 Jesum
2729 1326 2916 1395 (Rom.
2949 1345 3006 1395 v,
3039 1329 3150 1398 20);
3185 1331 3319 1401 quia
3343 1334 3649 1404 postquam
3672 1336 3919 1389 totusmun-

2355 1413 2468 1468 dus
2517 1415 2796 1470 subditus
2846 1417 3039 1472 factus
3083 1421 3204 1485 est,
3255 1420 3438 1473 totius
3489 1420 3680 1474 mundi
3709 1427 3918 1492 peccatum

2355 1503 2626 1574 abstulit,
2679 1505 2834 1560 sicut
2877 1505 3228 1562 testiﬁcatus
3287 1510 3383 1562 est
3429 1505 3706 1578 Joannes,
3749 1509 3917 1566 dicens:

2361 1615 2382 1640 α
2417 1591 2572 1674 Ecce
2603 1610 2796 1666 agnus
2829 1594 2967 1664 Dei,
3008 1611 3148 1650 ecce
3177 1597 3275 1668 qui
3307 1594 3462 1651 tollit
3491 1600 3772 1668 peccatum
3793 1600 3920 1654 mundi

2355 1681 2544 1750 (Joan.
2569 1699 2608 1751 ι,
2649 1683 2762 1752 29).
2801 1703 2823 1732 ι
2859 1683 2929 1736 Et
2951 1684 3082 1738 ideo
3115 1699 3286 1740 nemo
3309 1685 3603 1758 glorietur
3629 1687 3684 1741 in
3709 1688 3919 1758 operibus,

2355 1773 2489 1842 quia
2507 1787 2680 1826 nemo
2698 1771 2870 1826 factis
2891 1773 3022 1827 suis
3045 1771 3428 1844 justiticatur:
3453 1774 3559 1829 sed
3575 1774 3839 1848 quijustus
3854 1781 3920 1839 est.

580 1883 763 1935 retur.
828 1859 1025 1953 Itaque
1075 1883 1229 1938 sicut
1283 1900 1388 1954 per
1436 1859 1889 1940 inobedientiam
1937 1890 2244 1956 peccatum
2277 1893 2328 1956 Β
2357 1860 2630 1956 ἐφΨίΠω
2663 1859 2858 1956 habet}
2891 1862 3496 1956 ‘1“ia_1_’_°“1"*‘°““m
3517 1863 3833 1956 Ῑυξίίπθδῖιῗδ

580 1969 836 2039 intravit,
869 1971 947 2024 ita
970 1987 1075 2041 per
1105 1972 1492 2028 obedientiam
1516 1979 1820 2046 peccatum
1845 1977 2101 2030 solutum
2133 1979 2242 2030 est.

584 2057 754 2113 Unde
783 2062 838 2113 et
869 2059 1190 2129 Apostolus
1213 2062 1290 2116 ait
1322 2078 1333 2116 :
1371 2085 1393 2109 «
1417 2062 1561 2136 Quia
1586 2064 1738 2119 sicut
1771 2064 2242 2136 porinobedien-

577 2145 718 2202 tiam
747 2148 923 2203 unius
955 2149 1210 2221 hominis
1240 2156 1586 2221 peceatores
1619 2154 1920 2208 constituti
1951 2159 2087 2210 sunt
2119 2155 2244 2224 plu-

581 2236 744 2303 rimi;
791 2237 869 2292 ita
917 2242 975 2294 et
1019 2255 1125 2309 per
1173 2239 1562 2296 obedientiam
1605 2244 1780 2297 unius
1813 2243 2069 2298 hominis
2091 2243 2246 2315 justi

581 2327 1014 2383 constituentur
1043 2327 1205 2384 multi
1238 2331 1450 2401 (Rom,
1482 2349 1538 2401 v,
1572 2331 1701 2402 19).,
1729 2355 1750 2381 ο

649 2433 704 2489 9.
747 2434 946 2490 Habes
970 2435 1150 2508 igitur
1173 2453 1374 2506 unum,
1405 2439 1542 2509 quia
1573 2439 1666 2494 lex
1697 2445 1753 2494 et
1783 2441 2086 2510 superﬂua
2117 2440 2244 2510 fuit,

583 2527 640 2578 et
671 2522 821 2578 facta
843 2528 935 2579 est
957 2540 1070 2580 non
1096 2527 1426 2596 superﬂua:
1462 2529 1758 2598 superﬂua
1778 2529 1836 2581 in
1860 2544 1949 2596 eo,
1971 2529 2106 2600 quia
2129 2543 2246 2584 non

579 2613 795 2670 fuisset
816 2615 1180 2683 necessaria,
1201 2614 1256 2669 si
1277 2614 1430 2670 illam
1451 2614 1640 2689 legem
1656 2617 1982 2672 naturalem
2003 2633 2246 2673 servare

577 2703 987 2772 potuissemus
1013 2719 1025 2758 :
1052 2703 1158 2758 sed
1177 2704 1313 2774 quia
1337 2720 1452 2759 non
1475 2705 1869 2776 servavimus,
1896 2707 2009 2760 ista
2026 2705 2120 2760 lex
2144 2723 2248 2776 per

582 2790 828 2860 Moysen
847 2793 1191 2847 necessaria
1214 2793 1364 2848 facta
1386 2800 1506 2858 est;
1533 2797 1594 2848 ut
1612 2795 1853 2850 doceret
1867 2811 1956 2850 me
1975 2795 2250 2850 obedien-

580 2879 748 2948 tiam,
797 2884 854 2936 et
895 2879 1168 2952 laqueum
1217 2882 1380 2938 illum
1427 2880 1686 2939 solveret
1736 2884 2246 2954 prmvaricationis

580 2967 759 3039 Adaa,
805 2969 905 3041 qui
953 2970 1202 3043 laqueus
1260 2975 1441 3028 totam
1497 2973 1768 3028 astrinxit
1825 2974 2246 3030 lmereclitatem.

579 3055 776 3114 Crevit
807 3059 1044 3131 quidem
1073 3058 1244 3132 culpa
1264 3077 1370 3133 per
1385 3058 1598 3134 legem,
1621 3061 1726 3118 sed
1749 3066 1806 3118 et
1835 3063 2024 3134 culpae
2047 3067 2250 3118 auctor

581 3148 862 3218 superbia
901 3150 1092 3205 soluta
1135 3155 1255 3221 est,
1309 3151 1484 3222 idque
1513 3151 1654 3207 mihi
1684 3150 1931 3223 profuit;
1968 3152 2248 3222 superbia

580 3238 734 3294 enim
768 3238 998 3311 culpam
1029 3241 1269 3310 invenit,
1303 3241 1474 3312 culpa
1503 3246 1697 3296 autem
1729 3243 1978 3313 gratiam
2012 3242 2172 3297 fecit.

651 3345 738 3401 10.
779 3347 1000 3418 Accipe
1047 3345 1224 3402 aliud.
1274 3348 1408 3403 Non
1464 3348 1574 3403 fuit
1613 3349 1960 3404 necessaria
2007 3349 2102 3403 lex
2144 3364 2251 3419 per

579 3435 843 3508 Moysen.
869 3436 1134 3508 Denique
1156 3436 1510 3491 subintravit
1527 3436 1702 3506 (Ibid.
1722 3436 1815 3509 20)
1835 3454 1846 3492 :
1873 3437 2027 3509 quod
2048 3437 2248 3509 utique

577 3540 694 3580 non
717 3525 1101 3596 ordinarium,
1133 3526 1240 3582 sed
1263 3525 1422 3582 velut
1450 3526 1732 3582 furtivum
1765 3527 1876 3598 (29)
1909 3527 2249 3598 signiﬁcare

581 3615 813 3670 videtur
840 3616 1178 3686 introitum;
1217 3632 1285 3672 eo
1310 3615 1466 3688 quod
1489 3617 1544 3670 in
1567 3616 1760 3672 locum
1789 3617 2074 3672 naturalis
2095 3616 2250 3688 legis

579 3706 909 3762 intraverit.
934 3705 1135 3778 Itaque
1158 3707 1211 3760 si
1234 3707 1332 3761 illa
1351 3723 1527 3762 suum
1550 3709 1858 3762 servasset
1878 3705 2094 3775 locum,
2119 3705 2248 3759 haec

577 3795 674 3850 lex
705 3795 924 3866 scripta
954 3811 1325 3868 nequaquam
1356 3799 1519 3851 esset
1555 3796 1832 3868 ingressa
1860 3811 1872 3850 :
1913 3796 2106 3859 1080
2139 3795 2247 3850 sed

579 3874 716 3946 quia
748 3874 906 3929 illam
937 3876 1130 3948 legem
1163 3876 1499 3931 excluserat
1527 3876 1964 3947 praevaricatio,
2016 3892 2083 3929 ac
2113 3892 2247 3947 pro-

570 3963 894 4034 pemodum
915 3964 1253 4019 aboleverat
1273 3964 1614 4034 pectoribus
1633 3965 1928 4034 humanis,
1963 3965 2249 4036 regnabat

584 4051 863 4124 superbia
896 4053 1030 4124 (30),
1054 4052 1569 4125 inobedientiaque
1593 4068 1730 4108 sese
1753 4054 2091 4122 dilluderat;
2115 4053 2248 4108 ideo

585 4142 884 4198 successit
912 4143 1053 4212 ista,
1094 4145 1158 4196 ut
1185 4157 1296 4196 nos
1327 4143 1550 4212 scripto
1585 4143 1954 4209 conveniret,
1993 4145 2050 4196 ct
2077 4158 2248 4198 omne

583 4248 654 4288 os
685 4229 1042 4300 Obstrueret,
1075 4235 1138 4286 ut
1167 4234 1350 4286 totum
1382 4230 1662 4285 mundum
1698 4231 1917 4286 faceret
1949 4231 2070 4285 Deo
2102 4231 2251 4286 sub-

583 4321 769 4377 ditum
811 4321 998 4393 (Rom.
1032 4338 1112 4389 in,
1161 4320 1269 4390 19).
1316 4320 1599 4376 Subditus
1642 4323 1838 4374 autem
1885 4320 2139 4375 mundus
2180 4336 2250 4376 eo

578 4427 688 4486 per
703 4412 898 4485 legem
921 4411 1111 4466 factus
1127 4413 1237 4477 est,
1263 4409 1398 4482 quia
1416 4425 1488 4464 ex
1508 4409 1856 4480 praescripto
1872 4409 2024 4481 legis
2044 4424 2250 4464 omnes

652 4540 766 4612 (28)
809 4538 935 4593 Vet.
985 4539 1124 4593 edit.
1175 4552 1244 4612 ac
1281 4551 1430 4592 mss.
1481 4536 1726 4612 aliquot,
1772 4559 1794 4584 κ
1830 4551 1946 4612 quo
1981 4535 2165 4590 Adam
2196 4537 2253 4590 et

582 4611 706 4668 Eva
755 4615 1056 4666 exuerant.
1113 4635 1134 4657 ιι

583 4688 859 4738 xuerant.
893 4682 1185 4737 therum
1217 4681 1440 4750 peccati
1472 4679 1784 4750 originalis
1826 4680 1898 4733 ab
1939 4678 2162 4731 Adamo
2194 4679 2252 4732 in

585 4769 818 4826 omnem
840 4752 974 4826 ejus
992 4753 1379 4826 prepaginem
1394 4750 1815 4826 derivatiotam
1839 4751 1995 4804 clare
2017 4753 2252 4826 tamque

585 4821 1233 4890 distincte'explicatu'r
1278 4824 1337 4877 in
1394 4823 1504 4876 hac
1553 4821 1830 4893 epistola,
1883 4826 1944 4876 ut
2001 4835 2130 4874 eam
2179 4822 2253 4876 ab

586 4895 921 4966 Augustino
951 4893 1522 4966 lectamgnont‘uisse
1557 4892 1985 4966 intelligamus,
2021 4893 2254 4966 quando

587 4963 861 5091 1(:jti'sdem
892 4965 1290 5021 testimonium
1315 4965 1373 5020 in
1403 4963 2070 5040 Pelagianos'nusquam
2089 4963 2256 5020 adhi-

632 5051 663 5090 e
694 5077 708 5090 .

632 5040 708 5090 et.

659 5106 773 5178 (29)
802 5106 896 5178 lta
929 5107 1098 5162 Rom.
1131 5107 1268 5163 edit.
1323 5125 1390 5164 ac
1437 5108 1640 5178 plures
1669 5124 1840 5173 mss.;
1892 5109 2006 5161 vet.
2058 5112 2253 5164 autem

590 5179 727 5235 edit.
760 5177 814 5232 ei
845 5178 1080 5248 quidam
1111 5195 1283 5245 mss.,
1323 5203 1345 5229 ι‹
1378 5177 1484 5236 sed
1517 5182 1674 5235 velut
1707 5179 2030 5234 fortuitum.
2079 5201 2100 5224 ιι

659 5250 772 5320 (30)
811 5249 1028 5304 Omnes
1059 5249 1196 5304 edit.
1233 5254 1289 5305 et
1319 5268 1466 5306 mss.
1500 5252 1791 5318 nonnulli,
1833 5271 1854 5300 ι
1895 5249 2253 5320 aboleverat,

587 5321 930 5395 pectoribus
961 5321 1156 5395 (Rom.
1181 5321 1341 5395 edit,
1377 5324 1439 5376 in
1460 5323 1828 5394 pectoribus)
1851 5322 2134 5395 humanis
2165 5338 2254 5378 re-

591 5392 809 5466 gnabat
858 5392 1167 5463 superbia;
1219 5393 1430 5466 reliqui
1460 5392 1616 5449 inss.
1651 5396 1748 5465 qui
1786 5394 1958 5466 etiam
1983 5395 2255 5466 melioris

589 5463 776 5535 notae,
821 5469 882 5520 ut
913 5465 972 5518 in
1000 5467 1182 5518 textu.
1215 5463 1501 5520 Continuo
1533 5463 1684 5518 vero
1709 5469 1860 5535 post,
1894 5465 1996 5519 ubi
2034 5467 2258 5522 eaedem

594 5537 732 5591 edit.
786 5553 853 5590 ac
909 5537 1112 5606 plures
1161 5551 1332 5602 mss.,
1396 5557 1418 5582 «ί
1469 5535 2014 5606 inobedientiaque,
2067 5561 2088 5585 η
2141 5538 2258 5592 duo

592 5623 740 5680 mss.
777 5609 998 5680 legunt,
1037 5627 1060 5656 α
1094 5606 1508 5662 inobedientiaa
1538 5623 1700 5679 quia;
1742 5631 1763 5654 η
1797 5607 2057 5676 totidem,
2096 5629 2118 5660 ι
2156 5624 2262 5680 per

595 5678 1054 5750 inobedientiam
1083 5693 1238 5750 quae.
1285 5702 1325 5750 ηΔ
1527 5678 1564 5750 εί
1601 5713 1667 5750 ,Αἱ

665 5693 1054 5733 obedientiam
1127 5694 1238 5735 uae.
1285 5702 1306 5726 »
1527 5711 1546 5750 ε
1601 5713 1667 5750 η,

665 5747 779 5818 (31)
821 5751 990 5806 Item.
1043 5693 1180 5806 edit.
1231 5736 1388 5822 sola,
1431 5773 1453 5799 «
1497 5764 1705 5808 omnes
1735 5749 2186 5808 convincuntur.
2232 5774 2254 5800 υ

2283 3246 2336 3311 C

2356 1949 2534 2004 Fides
2567 1965 2710 2021 ergo
2751 1954 2846 2004 est
2879 1966 3012 2021 quae
3043 1951 3250 2006 liberat
3271 1967 3382 2022 per
3403 1953 3738 2024 sanguinem
3757 1952 3921 2017 Christi;

2355 2038 2492 2109 quia
2521 2038 2731 2093 beatus
2765 2037 2862 2094 ille
2895 2039 2992 2094 cui
3021 2043 3330 2112 peccatum
3368 2041 3693 2110 remittitur,
3737 2045 3782 2095 et
3816 2042 3919 2095 venia

2355 2126 2608 2181 donatur
2635 2127 2820 2196 (Rom.
2854 2145 2932 2198 ιν,
2965 2129 3040 2198 Ἷ).
3077 2125 3238 2200 Vale,
3272 2127 3378 2200 illi,
3413 2132 3470 2184 et
3500 2144 3610 2184 nos
3638 2127 3814 2204 dilige;
3841 2130 3920 2202 quia

2355 2230 2466 2270 nos
2497 2219 2554 2270 te
2585 2212 2910 2288 diligimus.

2782 2305 3151 2361 EPISTOLA
3190 2307 3440 2363 LXXIV
3481 2296 3610 2378 (26).

2359 2412 2522 2478 Quod
2548 2413 2718 2469 multi
2749 2413 2958 2483 legem,
2997 2420 3191 2486 utpote
3221 2432 3392 2486 quam
3431 2415 3594 2471 Deus
3629 2415 3916 2473 condidisset.

2427 2433 2519 2470 1οη
2548 2433 2714 2469 mum
2749 2433 2958 2483 legem,
2997 2433 3055 2468 ιιι
3097 2433 3191 2470 οιθ
3221 2433 3392 2486 quam
3431 2433 3594 2471 116118
3629 2433 3916 2473 οοηαισιεείιι,

2427 2487 2722 2564 negabant
2752 2433 3151 2564 {firmandam
3176 2505 3192 2540 .-
3223 2492 3327 2564 aut
3369 2488 3603 2564 ex_ejus
3633 2486 3918 2564 abrogatiogg

2429 2563 2733 2628 utrumque
2763 2557 3194 2612 Testamentum
3215 2559 3426 2614 eodem
3446 2557 3569 2613 Deo
3585 2572 3689 2613 non
3703 2571 3811 2612 esse
3825 2557 3920 2610 colli-

2424 2628 2661 2700 gebant,
2692 2628 2755 2683 id
2775 2628 2930 2683 Solvi
2945 2644 3024 2683 ex
3043 2628 3145 2682 illo
3173 2629 3450 2700 Apostoli
3464 2649 3481 2683 :
3512 2630 3633 2683 Lex
3651 2629 3920 2700 paedagogus

2427 2699 2631 2754 noster
2651 2700 2778 2778 fuit,
2805 2704 2940 2778 βίοις
2967 2715 3077 2778 non
3101 2699 3256 2778 enim
3279 2701 3406 2755 nisi
3421 2701 3627 2778 pueris
3639 2699 3922 2778 paedagogue

2428 2771 2736 2845 necessari
2741 2787 2854 2835 um;
2872 2770 3102 2845 _Judazis
3113 2772 3300 2845 igitur
3315 2770 3589 2845 tanquam
3607 2770 3924 2845 inﬁrmispasi:

2427 2847 2542 2897 tam
2554 2842 2766 2914 legem,
2785 2841 2880 2910 cui
2886 2855 2952 2895 us
2957 2837 3293 2914 prwcéptaii
3297 2837 3622 2914 inperfecta
3636 2837 3848 2914 (uetant,
3859 2837 3924 2914 sed

2421 2910 2822 2985 perfecturum
2838 2910 3192 2985 prainuntié.
3234 2910 3586 2968 Pro'stremo
3607 2913 3700 2985 ubi
3722 2911 3871 2967 obiter
3891 2910 3925 2961 in

2425 2982 2742 3060 avaritiam
2761 2982 3119 3060 disputatum
3141 2990 3252 3060 est,
3277 2985 3599 3060 suly’icitur
3617 2982 3687 3039 ad
3707 2990 3924 3060 uti-unique

2435 3051 2885 3127 Testamentum,
2915 3055 3064 3127 quod
3078 3067 3194 3127 per
3203 3051 3278 3110 bo
3287 3051 3420 3110 vein
3433 3062 3494 3111 et
3507 3060 3720 3110 asinum
3731 3053 3792 3108 ab
3807 3051 3925 3106 Esaia

2425 3125 2798 3198 designatur,
2830 3123 3272 3198 suscipiendum
3303 3127 3659 3182 exhortatio.

2800 3232 3141 3288 Aunnosms
3173 3231 3418 3290 lanugo
3447 3234 3581 3304 (32).

2425 3340 2476 3394 1.
2519 3339 2783 3410 Audisti,
2835 3338 2945 3410 illi,
2995 3338 3170 3396 hodie
3215 3339 3438 3396 lectum
3479 3340 3590 3412 (33)
3634 3339 3689 3394 in
3727 3333 3924 3408 Apostolo

2353 3429 2490 3501 quia
2525 3451 2545 3476 α
2583 3430 2709 3484 Lex
2738 3429 3108 3502 paedagogus
3131 3433 3343 3486 noster
3365 3431 3556 3486 fuitin
3583 3427 3810 3496 Christo,
3827 3427 3870 3478 ut
3887 3436 3927 3474 ex
3996 3489 3997 3496 γ

2353 3518 2467 3573 ﬁde
2495 3517 2896 3590 justifieemur
2923 3517 3142 3589 (Galat.
3179 3536 3260 3588 ιη,
3294 3518 3412 3590 24).
3449 3543 3470 3568 ιι
3522 3519 3642 3586 Quo
3685 3531 3784 3572 uno
3814 3513 3926 3567 abso-

2351 3607 2507 3662 lutas
2537 3607 2797 3662 arbitror
2826 3608 3225 3679 quaestiones,
3265 3624 3400 3680 quae
3443 3604 3744 3680 plerosque
3767 3611 3924 3658 merere

2352 3700 2737 3751 consuerunt.
2791 3695 2938 3751 Sunt
2979 3696 3136 3750 enim
3184 3697 3285 3768 qui
3334 3697 3570 3753 dicant:
3627 3695 3756 3750 Cum
3798 3691 3921 3760 legem

2355 3785 2514 3840 Deus
2547 3785 2739 3856 Moysi
2770 3785 3015 3854 dederit,
3045 3785 3187 3858 quid
3210 3802 3413 3841 causa:
3446 3790 3539 3842 est
3569 3790 3626 3840 ut
3652 3783 3874 3855 pleraque
3893 3775 3926 3827 in
3993 3799 3995 3858 λ

2355 3874 2488 3946 lege
2504 3874 2641 3944 sint,
2659 3890 2792 3946 quea
2809 3889 2916 3944 per
2925 3873 3314 3948 Evangelium
3325 3875 3456 3946 jam
3468 3875 3700 3930 vacuata
3714 3863 3925 3924 videntur?

2355 3963 2426 4018 Et
2459 3963 2752 4035 quomodo
2783 3979 2941 4019 unus
2977 3965 3291 4036 utriusque
3334 3966 3602 4021 conditor
3641 3952 3924 4018 Testamenli,

2357 4069 2489 4108 cum
2520 4053 2578 4107 id
2619 4053 2778 4125 quod
2809 4053 3025 4109 licebat
3052 4053 3111 4108 in
3144 4053 3306 4128 lege,
3348 4071 3460 4126 per
3487 4048 3830 4125 Evangelium
3851 4057 3922 4097 cm-

2355 4143 2508 4214 perit
2537 4158 2652 4198 non
2686 4143 2864 4198 licere
2891 4160 2902 4198 :
2936 4148 2999 4198 ut
3019 4146 3111 4198 est
3132 4144 3511 4199 circumcisio
3533 4137 3833 4212 corporalis,
3846 4143 3922 4202 qua
3991 4191 3993 4196 ,

2358 4231 2494 4288 licet
2527 4234 2860 4287 etiamtunc
2881 4233 3058 4306 signo
3081 4233 3213 4287 data
3241 4234 3319 4288 sit
3349 4233 3485 4304 (34),
3524 4236 3584 4286 ut
3611 4220 3920 4285 circumcisio—

2355 4321 2452 4376 nis
2483 4322 2771 4392 spiritalis
2800 4323 3022 4377 veritas
3053 4325 3380 4385 teneretur;
3429 4327 3617 4377 tamen
3654 4333 3753 4390 qua
3776 4312 3922 4367 ratione
3991 4309 3993 4392 ἦ

2356 4411 2452 4466 vel
2474 4411 2533 4464 in
2556 4412 2689 4482 ipso
2711 4411 2887 4484 signo
2903 4411 3052 4466 fuit?
3072 4411 3193 4467 Cur
3208 4411 3320 4466 ista
3341 4409 3655 4467 diversitas
3671 4401 3918 4462 (estimatur.

2429 4536 2542 4604 (32)
2582 4535 2665 4590 Ita
2697 4539 2812 4592 vet.
2839 4535 2978 4592 edit.
3003 4539 3058 4590 et
3081 4537 3274 4591 cuncti
3297 4553 3471 4605 mss.,
3492 4547 3726 4606 quorum
3743 4515 3922 4606 nonnulli

1191 4590 1366 4664 Rom.
1395 4611 1452 4662 et
1481 4590 1758 4662 alii‘ms's.
1793 4590 2098 4673 melius,...
2143 4622 2250 4660 ne-
2279 4605 2333 4668 D
2358 4590 2536 4662 etiam
2579 4590 2858 4662 addunt:
2899 4590 3181 4662 «Sermo
3213 4590 3402 4662 sancti
3437 4590 3730 4673 Kr‘nbrosii
3763 4597 3819 4673 at}
3847 4590 3921 4673 ΡΨ

2356 4677 2511 4750 bam,
2550 4703 2572 4727 η
2607 4695 2740 4750 qum
2771 4679 3080 4750 inscriptio
3113 4680 3173 4733 in
3202 4678 3372 4733 libris
3404 4672 3766 4750 sermonariis
3787 4662 3919 4750 Curti-3

2357 4743 2517 4823 Big.,
2551 4743 2748 4826 Germ.
2781 4755 2839 4826 et.
2869 4743 3020 4820 Ful.,
3054 4749 3116 4826 in
3143 4749 3647 4826 quibuseamdem
3675 4743 3920 4826 ἱᾳγθιξὶξιξὲξ

2359 4806 2691 4897 epistolam,
2727 4821 2855 4897 εοΙέ
2877 4806 3189 4897 ξορόι-ῑωιτ.
3212 4823 3287 4897 ᾼι
3314 4820 3452 4897 eam
3487 4822 3646 4897 Βοῖη·
3669 4806 3920 4897 eidem-1‘19}?

2360 4872 3000 4969 33551536925655};
3026 4872 3460 4969 2.";._.'..1,.1o'sias
3487 4872 3920 4969 sesama:

2361 4951 2736 5024 inlentianofn
2775 4963 3028 5019 Dubium
3059 4966 3252 5018 autem
3293 4951 3922 5034 nongest'quin'Qlef‘Df’P:

2361 5018 2844 5095 tianumrrideirco
2866 5035 3243 5090 substituerit
3273 5049 3378 5104 pro
3411 5018 3657 5104 Irenaeo,
3686 5018 3915 5104 quia-lifts

2363 5091 2795 5179 iit-sequentem
2826 5104 3136 5179 epistolam
3159 5105 3237 5179 ad
3255 5091 3523 5179 eumdem
3552 5091 3773 5179 scriptas
3789 5091 3917 5179 ξμξῇ

2365 5164 2790 5252 essequentis
2839 5164 3004 5252 initio
3055 5177 3432 5252 manifestum
3479 5175 3555 5230 iit.
3603 5164 3916 5252 V'erutntatfff

2365 5235 2498 5308 cum
2544 5235 2604 5304 in
2653 5249 2840 5304 utrius
2891 5249 3276 5318 inscriptione
3321 5247 3520 5318 vitium
3562 5239 3807 5318 resideat,

2364 5296 2498 5380 ῖὲιίἷ
2513 5296 3298 5392 οὶῷθῖὶὶξέιεὲίῖἵρὸὲἒἷιζ’θ
3332 5296 3686 5372 asseram.
3713 5296 3821 5362 edit.
3843 5296 3914 5348 du-

2367 5397 2561 5450 ximus
2594 5408 2710 5446 non
2744 5407 2881 5446 esse
2911 5391 3326 5445 recedendum.
3821 5439 3846 5450 ,,
3875 5431 3898 5450 ,ς

2437 5437 2561 5536 ea)”
2589 5437 3419 5536 ἇόἱὶ,ῖᾷιῖἀῖζέὁῆἇῖζῦἑὲηι.
3443 5463 3496 5514 et
3524 5452 3660 5522 Ful.,
3691 5471 3709 5499 ι
3733 5437 3912 5501 Audis“:

2367 5534 2566 5604 frater,
2601 5534 2775 5589 hodie
2806 5534 3042 5602 lectum,
3075 5535 3186 5588 etc.
3232 5555 3255 5580 ν
3353 5603 3358 5604 γ
3529 5599 3544 5604 _
3588 5600 3594 5604 Δ
3692 5592 3719 5604 η
3768 5575 3868 5604 μὴ,

2438 5584 2774 5698 aulaeis
2785 5584 3911 5698 3931;995:539.iiaPtflimpfff'.L’ffili

2369 5657 2671 5734 cuni-cisio
2685 5657 2970 5748 spiritalis
3000 5657 3430 5748 ignigipsosigﬁ’o
3471 5671 3584 5726 fuit.
3628 5657 3733 5720 Cur
3749 5657 3832 5711 ista

2369 5750 2628 5807 versitas
2659 5745 3030 5806 aestimatur?
3059 5745 3306 5816 Deinde,
3328 5745 3452 5802 etc.
3495 5766 3514 5790 -
