4098 6178
166 354 315 425 1309

1282 355 1892 420 EPISTOLARUM
1937 354 2279 420 CLASSIS
2323 357 2371 419 Ι.

3460 354 3618 421 1310

140 564 218 618 .ut
252 564 383 616 tunc
415 558 763 615 circumcidi
794 552 983 631 pietas
1016 557 1376 627 crederetur,
1425 574 1582 612 nunc
1625 548 1809 612 1081
1853 540 1903 602 Α
1940 555 2120 610 batur
2148 555 2366 610 auferri
2406 573 2417 613 :
2454 555 2559 611 sed
2595 559 2657 611 ut
2688 556 3088 627 adverterent,
3139 557 3241 629 qui
3271 560 3493 629 partem
3523 558 3620 614 sui

163 651 424 721 impietas
448 648 798 720 judicetur?
842 646 1064 704 Deinde
1094 646 1335 703 Sabbati
1364 647 1517 701 diem
1548 647 1819 702 feriatum

159 755 290 796 esse
337 738 552 794 debere
607 737 1043 793 observabatur
1091 752 1166 794 ex
1202 737 1366 809 lege;
1401 738 1476 791 ita
1508 739 1569 791 ut
1601 737 1654 790 si
1683 737 1818 808 quis

157 845 303 883 onus
318 826 552 899 aliquod
575 828 873 900 lignorum
894 830 1212 899 portasset,
1245 828 1455 883 mortis
1483 826 1651 882 ﬁeret
1672 841 1815 881 reus

156 918 344 987 (Nam.
376 933 476 986 xv,
510 917 642 985 35)?
689 931 845 972 nunc
894 921 1088 972 autem
1120 915 1276 971 diem
1304 916 1503 986 ipsum
1534 919 1590 971 et
1619 915 1815 971 oneri-

152 1006 266 1061 bus
310 1004 656 1075 subeundis,
704 1010 761 1061 et
807 1006 1064 1078 negotiis
1115 1006 1407 1061 obeundis
1454 1005 1584 1060 sine
1644 1019 1820 1075 pinna

155 1095 510 1150 advertimus
558 1094 846 1165 deputari.
898 1094 970 1150 Et
1014 1093 1300 1167 pleraque
1353 1097 1650 1165 praecepta
1681 1095 1821 1149 sunt

158 1184 328 1257 legis,
365 1200 497 1256 quae
526 1185 810 1255 praesenti
840 1186 1103 1255 tempore
1137 1200 1380 1239 cessare
1410 1184 1702 1240 videntur.

228 1274 278 1329 2.
317 1271 468 1338 Quid
499 1289 648 1345 ergo
680 1289 879 1329 causae
910 1274 990 1329 sit
1019 1274 1470 1330 consideremus
1493 1289 1507 1344 ;
1530 1289 1646 1329 non
1667 1273 1825 1328 enim

156 1362 339 1418 otiose
372 1362 516 1417 dixit
544 1359 870 1432 Apostolus
902 1363 1038 1434 quia
1072 1385 1093 1411 ιι
1130 1362 1255 1417 Lex
1284 1361 1652 1435 pmdagogus
1684 1375 1823 1417 nos-

157 1454 249 1506 ter
290 1451 392 1505 fuit
439 1453 501 1506 in
548 1450 788 1506 Christo
835 1450 1052 1521 (Galat.
1089 1448 1316 1521 111,24).
1368 1472 1390 1501 ι
1445 1450 1822 1523 Ρωάθςοςυε

152 1540 325 1612 cujus
346 1543 455 1610 est,
492 1538 855 1610 maturioris,
891 1556 965 1595 an
990 1538 1388 1595 adolescentis
1419 1540 1573 1611 (35)?
1608 1538 1824 1611 Utique

159 1633 260 1685 aut
286 1627 708 1700 adolescentis,
740 1635 839 1686 aut
869 1630 1058 1701 pueri,
1092 1628 1205 1684 hoc
1229 1632 1321 1685 est
1342 1629 1531 1685 aetatis
1555 1627 1823 1682 inﬁrmae.

164 1718 519 1791 Pedagogus
554 1720 729 1785 enim,
767 1719 922 1774 sicut
952 1720 1126 1774 etiam
1173 1718 1578 1789 interpretatio
1626 1716 1833 1771 Latina

161 1807 354 1875 liabet,
389 1808 599 1863 doctor
626 1811 719 1863 est
746 1808 915 1879 pueri
950 1826 962 1863 :
998 1809 1099 1880 qui
1129 1809 1331 1880 utique
1360 1807 1474 1879 (36)
1522 1807 1832 1877 imperfec-

1945 646 2214 715 corporis
2246 645 2646 717 amputabant,
2681 648 2861 702 multo
2890 649 3083 718 magis
3112 647 3461 718 amputanda
3483 662 3615 719 pec-

1939 736 2088 802 cata,
2128 736 2488 791 recidendos
2521 751 2646 804 eos,
2683 740 2781 808 qui
2814 737 3022 792 delicta
3044 737 3350 805 suadeant,
3382 737 3617 791 etiamsi

1940 824 2191 894 quadam
2224 828 2444 880 unitate
2478 828 2747 898 corporis
2782 828 3297 895 connecterentur,
3333 827 3489 881 sicut
3505 825 3614 881 ha-

1939 911 2050 966 bes
2082 914 2369 984 scriptum
2402 932 2413 969 :
2456 938 2476 963 α
2513 915 2575 970 Si
2605 917 2845 971 dextera
2879 932 3089 970 manus
3119 918 3217 970 tua
3249 915 3611 970 scandalizat

1941 1005 2021 1065 te,
2055 1002 2341 1059 abscinde
2373 1019 2521 1075 eam,
2557 1009 2612 1060 et
2642 1005 2869 1077 projice
2901 1006 3009 1060 abs
3042 1009 3129 1072 te;
3179 1005 3418 1076 expedit
3459 1005 3617 1059 enim

1941 1076 2047 1146 tibi
2091 1095 2153 1146 ut
2198 1096 2399 1164 pereat
2449 1111 2628 1149 unum
2676 1076 3077 1150 membrorum
3126 1098 3390 1165 tuorum,
3438 1110 3617 1167 quam

1939 1184 2125 1235 totum
2160 1185 2191 1247 1
2208 1184 2353 1249 082
2388 1198 2605 1254 corpus
2622 1187 2785 1239 tuum
2807 1187 2898 1239 eat
2919 1185 2976 1238 in
3001 1185 3333 1257 gehennam
3364 1185 3605 1253 (Matth.

1940 1286 1999 1340 v,
2032 1270 2142 1341 30).
2183 1292 2205 1321 ι
2257 1271 2416 1345 Ergo
2462 1275 2615 1329 sicut
2662 1275 2884 1345 pueris,
2938 1276 3016 1328 ita
3059 1274 3287 1329 Judaeis
3335 1273 3607 1328 mandata

1944 1362 2085 1414 sunt
2123 1376 2240 1417 non
2289 1362 2459 1432 plena
2503 1369 2817 1434 praecepta,
2868 1363 2977 1420 sed
3024 1379 3098 1419 ex
3126 1367 3312 1434 parte,
3362 1367 3419 1418 et
3449 1362 3611 1419 velut

1943 1464 2120 1504 unam
2150 1451 2399 1506 membri
2428 1453 2520 1508 sui
2571 1456 2793 1524 partem
2842 1454 3118 1509 mundam
3167 1468 3409 1508 servare
3454 1469 3612 1523 prae-

1945 1539 2099 1609 cepti
2129 1543 2286 1609 sunt,
2322 1542 2422 1612 qui
2452 1545 2634 1597 totum
2679 1559 2897 1614 corpus
2941 1559 3117 1599 suum
3164 1543 3448 1598 mundum
3492 1558 3616 1597 ser-

1945 1642 2086 1683 vare
2115 1631 2403 1698 poterant.

2014 1719 2067 1771 5.
2109 1716 2351 1773 Sabbati
2378 1735 2612 1791 quoque
2644 1721 2824 1777 ferias
2857 1738 2975 1778 uno
3006 1722 3100 1777 die
3132 1723 3191 1779 in
3236 1722 3606 1778 hebdomade

1947 1802 2250 1862 celebrare
2277 1807 2438 1879 jussi
2470 1814 2609 1865 sunt
2635 1810 2853 1881 (Exod.
2886 1828 3049 1881 xxxi,
3085 1811 3193 1880 15),
3223 1814 3287 1866 ut
3314 1811 3460 1866 nulli
3477 1825 3612 1867 one-

151 1881 237 1952 ιω
283 1898 440 1952 aetati
492 1913 613 1952 non
658 1900 855 1967 potest
895 1898 1158 1968 perfecta
1198 1895 1480 1952 adhibere
1511 1898 1828 1967 praecepta,
1863 1912 1915 1980 Β
1946 1895 1997 1949 ri
2041 1895 2457 1967 subderentur,
2507 1900 2606 1970 qui
2650 1899 2964 1955 mundanis
3011 1899 3294 1970 operibus
3351 1900 3612 1955 absoluti

174 2003 306 2058 quae
335 1987 632 2042 sustinere
663 2002 781 2042 non
811 1992 1004 2059 queat.
1059 1986 1323 2059 Denique
1352 2002 1459 2057 per
1487 1986 1834 2057 prophetam

160 2076 318 2132 Deus
346 2075 501 2148 legis
532 2077 649 2132 ait:
690 2099 712 2124 α
752 2075 915 2131 Dab‘o
946 2071 1121 2131 vobis
1163 2079 1459 2148 praecepta
1508 2092 1626 2131 non
1674 2076 1832 2130 bona

156 2165 425 2235 (Ezech;
444 2180 548 2235 xx,
602 2165 713 2236 25),
771 2186 794 2217 »
842 2165 955 2221 hoc
986 2169 1097 2235 est,
1151 2181 1269 2222 non
1320 2166 1621 2237 perfecta;
1673 2165 1833 2236 quod

155 2254 311 2310 enim
338 2253 578 2324 bonum,
613 2254 815 2326 utique
845 2253 1193 2324 perfectum.
1221 2252 1383 2308 Idem
1423 2258 1620 2309 autem
1670 2253 1831 2308 Deus

154 2342 478 2416 Evangelia
504 2341 857 2414 perfectiora
880 2343 1173 2413 servavit;
1197 2342 1491 2415 siquidem
1514 2344 1621 2398 ait:
1649 2363 1671 2393 ι
1699 2343 1832 2397 Non

152 2432 288 2488 veni
316 2432 509 2505 legem
538 2432 796 2501 solvere,
830 2429 939 2487 sed
980 2431 1227 2503 implere
1275 2433 1515 2503 (Matth.
1547 2448 1605 2500 v,
1642 2429 1752 2502 l7).
1799 2452 1822 2482 ι

225 2522 276 2576 3.
314 2520 453 2587 Quae
483 2522 667 2594 igitur
696 2523 872 2577 istius
904 2536 1084 2577 causa
1114 2519 1430 2591 distantias,
1464 2521 1584 2576 nisi
1614 2521 1821 2575 huma-

152 2628 233 2667 na
281 2611 579 2666 varietas?
624 2611 861 2667 Sciebat
910 2611 1075 2666 durae
1117 2609 1372 2666 cervicis
1403 2609 1684 2682 populum
1716 2610 1826 2668 Ju-

153 2701 436 2766 daeorum,
469 2700 643 2772 lapsu
671 2698 969 2772 mobilem,
1003 2698 1305 2770 humilem,
1339 2700 1606 2772 perﬁdia)
1638 2715 1828 2772 prom-

147 2791 397 2861 ptiorem
427 2790 561 2865 (37),
596 2791 697 2862 qui
728 2806 870 2845 aure
900 2789 1130 2846 audiret
1158 2794 1215 2845 et
1246 2807 1363 2846 non
1393 2790 1645 2859 audiret,
1679 2804 1821 2844 ocu-

150 2879 232 2934 lis
258 2879 506 2949 videret,
540 2882 597 2934 et
624 2892 743 2935 non
773 2877 1022 2951 videret,
1074 2877 1307 2936 lubrico
1338 2877 1593 2952 quodam
1626 2878 1823 2933 infan-

151 2969 252 3024 tiae
297 2968 488 3025 levem
541 2973 598 3023 et
645 2968 1049 3025 immemorem
1093 2972 1571 3041 praeceptorum;
1605 2971 1660 3023 et
1691 2969 1822 3024 ideo

148 3060 345 3131 legem
375 3062 652 3130 tanquam
682 3058 1079 3132 paedagogum
1108 3057 1308 3114 mobili
1340 3057 1534 3131 plebis
1582 3059 1823 3131 ingenio

146 3153 211 3204 et
239 3150 413 3204 menti
446 3147 715 3203 adhibuit
740 3148 1012 3217 inﬁrmae,
1047 3148 1296 3221 ipsaque
1329 3148 1485 3221 legis
1526 3152 1824 3221 praecepta

147 3239 514 3339 moderatus,
547 3236 707 3294 aliud
736 3236 859 3339 legi
887 3237 1092 3309 voluit,
1127 3236 1285 3294 aliud
1316 3236 1602 3339 intelligi;
1632 3240 1695 3293 ut
1725 3239 1819 3292 in-
1851 3266 1904 3339 c

150 3329 383 3399 sipiens
414 3328 626 3383 saltem
656 3327 813 3399 quod
844 3324 1091 3400 legeret,
1130 3326 1478 3398 custodiret,
1514 3331 1571 3383 et
1598 3343 1631 3381 a
1660 3344 1822 3398 prae-

147 3419 375 3489 scripto
403 3418 615 3473 litterae
646 3432 765 3473 non
794 3417 1099 3474 recederet
1134 3433 1147 3473 :
1180 3418 1424 3489 sapiens
1464 3414 1822 3489 intelligeret

138 3507 364 3563 divinae
394 3507 608 3562 mentis
638 3506 1010 3575 sententiam,
1061 3524 1238 3580 quam
1266 3506 1460 3562 littera
1491 3523 1610 3563 non
1642 3523 1820 3562 reso-

144 3600 318 3654 naret
348 3614 358 3652 :
394 3596 741 3668 imprudens
772 3599 1046 3652 servaret
1083 3593 1240 3670 legis
1290 3598 1621 3668 imperium,
1674 3613 1819 3667 pru-

142 3686 302 3742 dens
331 3686 697 3759 mysterium.
732 3683 868 3742 ldeo
897 3685 995 3741 lex
1027 3688 1403 3743 severitatem
1436 3684 1615 3759 gladii
1645 3684 1823 3741 habet

139 3778 425 3847 tanquam
456 3777 827 3849 paedagogus
858 3776 1135 3832 baculum
1161 3793 1175 3846 ;
1210 3780 1274 3830 ut
1303 3774 1666 3846 imperfectis
1698 3774 1819 3846 ple-

141 3866 247 3921 bis
279 3865 673 3921 infirmitatem
702 3881 896 3937 poenis
922 3864 1132 3921 saltem
1155 3864 1594 3920 denuntiatione
1627 3863 1820 3919 deter-

140 3957 279 4010 reat
309 3970 320 4009 :
357 3954 746 4027 Evangelium
776 3958 971 4011 autem
1003 3953 1431 4027 indulgentiam
1458 3953 1655 4024 habet,
1699 3969 1817 4027 quo

138 4046 392 4117 peccata
424 4045 735 4101 donantur.

222 4134 278 4191 4.
319 4135 461 4191 Jure
506 4151 651 4209 ergo
694 4137 776 4190 ait
818 4133 1061 4203 Paulus,
1116 4134 1253 4206 quia
1288 4133 1536 4189 «littera
1586 4132 1821 4202 occidit,

138 4224 402 4295 spiritus
450 4228 644 4282 autem
690 4225 950 4280 viviﬁcat
992 4221 1079 4293 (II
1106 4223 1241 4280 Cor.
1277 4240 1360 4294 in,
1396 4223 1471 4295 6).
1531 4247 1553 4271 ιι
1605 4223 1826 4277 Littera

136 4315 338 4386 igitur
357 4313 722 4370 circumcidit
735 4314 846 4386 (38)
865 4314 1141 4387 exiguam
1168 4314 1438 4385 corporis
1457 4313 1785 4384 portionem
1808 4329 1820 4367 :

140 4404 405 4475 spiritus
436 4402 779 4475 intelligens
826 4404 1346 4460 circumcisidnem
1393 4403 1574 4458 totius
1612 4403 1825 4457 animae

134 4493 543 4562 corporisque
566 4494 852 4563 custodit;
885 4497 965 4561 ut,
986 4494 1306 4564 superﬂuis
1326 4492 1639 4564 amputatis
1660 4490 1823 4563 (quid

131 4582 309 4638 enim
345 4582 458 4634 tam
486 4581 871 4651 superﬂuum,
906 4599 1083 4653 quam
1111 4582 1375 4637 avaritiae
1406 4581 1566 4651 vitia,
1622 4580 1824 4635 libidi-

133 4671 369 4739 nisque
418 4670 680 4739 peccata,
733 4685 865 4739 quin
923 4672 1129 4724 natura
1182 4685 1300 4724 non
1358 4670 1600 4736 habuit,
1654 4669 1826 4740 culpa

127 4757 473 4830 quaesivit),
494 4758 839 4811 castimonia
864 4761 1150 4827 teneatur,
1185 4757 1500 4829 frugalitas
1518 4757 1817 4829 diligatur.

129 4849 403 4920 Signum
444 4846 627 4919 igitur
659 4847 1037 4902 circumcisio
1071 4844 1433 4918 corporalis:
1465 4847 1685 4900 veritas
1717 4861 1825 4901 au-

132 4940 266 4991 tem
301 4935 679 4991 circumcisio
712 4934 995 5007 spiritalis
1029 4939 1120 4991 est
1155 4953 1165 4991 :
1202 4934 1298 4990 illa
1330 4933 1658 4991 membrum
1703 4949 1822 4989 am-

128 5027 335 5096 putat,
364 5025 480 5079 ista
512 5028 835 5095 peccatum.
872 5024 1030 5079 Nihil
1064 5024 1476 5095 imperfectum
1508 5024 1566 5078 in
1585 5024 1823 5078 homine

134 5117 358 5168 natura
410 5115 732 5186 generavit,
782 5129 892 5169 nec
942 5117 1219 5186 tanquam
1258 5114 1625 5185 superfluum
1649 5112 1824 5185 jube-

212 5292 337 5366 (35)
380 5292 527 5366 Mss.
581 5292 822 5363 aliquot,
878 5316 899 5366 ᾳ
954 5293 1129 5366 cujus
1171 5295 1312 5349 est?
1359 5293 1717 5363 Maturioris,
1752 5310 1826 5348 an

127 5364 573 5431 adolescentis,
609 5369 705 5418 aut
736 5365 922 5433 pueri.
960 5386 986 5413 »

213 5436 339 5503 (36)
366 5435 660 5560 tNonnulli
692 5452 862 5507 mss.,
903 5460 925 5483 «ι
961 5436 1170 5491 ductor
1198 5439 1290 5492 est
1331 5436 1518 5508 pueri,
1572 5437 1667 5491 eui
1716 5437 1826 5491 uti-

213 5522 286 5560 |e.
327 5522 359 5560 e
391 5522 441 5560 ο.
481 5530 502 5553 η

179 5522 286 5571 ue,
327 5522 441 5561 etc.
481 5530 502 5553 η

127 5524 544 5646 ῳὲᾐῗιῗὲᾱῖι.
602 5579 743 5643 vet.,
810 5600 831 5627 α
893 5578 1123 5648 lapsum
1183 5579 1499 5645 humilem,
1560 5578 1823 5648 perfidiae

123 5649 609 5719 promptiorem;
650 5673 672 5696 η
709 5650 901 5719 ltom.,
941 5672 962 5696 α
1000 5650 1309 5717 lascivum,
1345 5649 1642 5719 mobilem,
1686 5665 1821 5719 per-

122 5719 800 5793 tidiaepromptiorem;
838 5743 858 5767 ιι
897 5736 1044 5776 mss.
1079 5737 1313 5793 quoque
1347 5719 1614 5793 nonnulli
1656 5720 1823 5775 omit-

117 5795 273 5847 tunt
309 5790 612 5863 humilem,
646 5792 883 5864 quidam
912 5790 1388 5851 etiam—mobilem
1415 5813 1430 5847 :
1452 5790 1665 5865 reliqui
1684 5807 1823 5847 vero

1848 4634 1903 4696 D

1947 1988 2167 2042 utinam
2212 2004 2301 2043 810
2345 1987 2670 2059 abiissent;
2721 1993 2783 2044 ut
2820 1990 2880 2044 in
2912 1987 3053 2044 illud
3084 1992 3432 2061 perpetuum
3463 1991 3614 2045 futu-

1944 2092 2144 2132 rorum
2174 2076 2493 2132 Sabbatum
2525 2074 2884 2133 saeculorum
2911 2079 3069 2133 nulla
3101 2094 3306 2133 secum
3337 2079 3610 2151 gravium

1944 2166 2228 2221 veherent
2259 2182 2439 2221 onera
2469 2167 2837 2222 delictorum.
2873 2167 2989 2223 Sed
3021 2169 3158 2239 quia
3177 2167 3482 2222 lubricum
3512 2182 3611 2236 po-

1942 2253 2144 2326 pulum
2190 2256 2350 2311 Deus
2407 2259 2669 2326 noverat,
2730 2260 2955 2327 partem
3014 2256 3440 2311 infirmioribus
3486 2256 3605 2312 diei

1941 2346 2119 2401 unius
2150 2342 2565 2401 observatione
2594 2345 2983 2417 prwscripsit,
3019 2343 3441 2416 plenitudinem
3480 2345 3608 2401 for-

1938 2435 2193 2490 tioribus
2224 2436 2555 2491 reservavit
2585 2452 2597 2489 :
2634 2434 2951 2508 Synagoga
2980 2434 3133 2489 diem
3163 2434 3461 2503 observat,
3496 2434 3605 2490 Ec-

1940 2522 2125 2578 clesia
2172 2524 2682 2579 immortalitatem.
2746 2522 2811 2578 ln
2856 2522 2989 2597 lege
3036 2523 3218 2596 igitur
3262 2524 3476 2596 portio,
3540 2524 3598 2581 in

1938 2611 2263 2685 Evangelio
2295 2612 2581 2683 perfectio
2611 2616 2722 2668 est.

2005 2702 2059 2757 6.
2104 2702 2365 2773 Populus
2395 2702 2737 2758 Judmorum
2771 2702 2932 2774 ligna
2969 2704 3204 2774 portare
3254 2703 3604 2775 prohibetur

1935 2791 2133 2862 (Num.
2170 2809 2268 2861 xv,
2300 2791 2510 2861 31-36),
2545 2791 2656 2847 hoc
2686 2794 2797 2861 est,
2842 2788 2937 2847 illa
2984 2808 3117 2864 qua:
3169 2797 3601 2849 consumuntur

1936 2880 2229 2936 incendio.
2266 2879 2545 2937 Umbram
2577 2884 2751 2946 tenet,
2786 2882 2886 2953 qui
2937 2879 3125 2937 solem
3170 2882 3410 2954 refugit.
3464 2882 3593 2939 Tibi

1937 2968 2029 3026 sol
2055 2970 2303 3042 justitiie
2334 2967 2600 3026 umbram
2618 2970 3034 3041 impedimento
3056 2986 3195 3026 esse
3216 2987 3336 3026 non
3356 2988 3599 3044 passus,

1936 3065 2200 3131 apertum
2231 3062 2437 3132 gratiae
2468 3076 2595 3115 suae
2624 3057 2821 3116 lumen
2853 3059 3172 3115 infundens
3205 3061 3319 3115 ait:
3359 3082 3381 3110 ι
3417 3060 3600 3130 Vade,

1936 3154 1994 3205 et
2035 3150 2245 3205 amodo
2294 3148 2428 3204 vide
2476 3144 2550 3205 ne
2591 3165 2807 3220 pecces
2854 3145 3043 3219 (Joan.
3095 3166 3218 3219 vni,
3253 3148 3363 3218 11).
3403 3173 3426 3198 ι
3459 3150 3601 3215 ,Tibi

1938 3240 2143 3294 aeterni
2192 3238 2353 3294 illius
2400 3237 2549 3293 solis
2591 3239 2847 3294 imitator
2894 3238 3017 3293 ait:
3056 3260 3078 3285 ι
3113 3238 3176 3293 Si
3217 3239 3353 3309 quis
3405 3241 3601 3293 autem

1936 3328 2505 3400 superaediiicaverit
2534 3343 2715 3398 super
2743 3325 3185 3382 fundamentum
3233 3342 3461 3397 aurum,
3503 3342 3602 3382 ar-

1936 3421 2197 3491 gentum,
2229 3417 2457 3489 lapides
2491 3417 2811 3488 pretiosos,
2836 3416 3015 3490 ligna,
3040 3416 3261 3486 fenum,
3288 3416 3600 3488 stipulam;

1935 3506 2411 3578 uniuscujusque
2462 3522 2611 3576 Opus
2656 3504 3031 3561 manifestum
3081 3506 3210 3560 erit.
3257 3505 3397 3559 Dies
3446 3505 3604 3561 enim

1936 3596 2166 3652 Domini
2200 3595 2614 3666 manifestabit,
2645 3596 2920 3666 quoniam
2952 3595 3011 3649 in
3041 3595 3179 3667 igne
3220 3594 3597 3651 revelabitur.

1934 3684 2005 3739 Et
2035 3684 2509 3756 uniuscujusque
2543 3699 2692 3753 opus
2725 3680 2895 3756 quale
2929 3683 3025 3751 sit,
3060 3683 3217 3756 ignis
3247 3683 3520 3755 probabit
3548 3684 3606 3753 (1

1939 3773 2074 3829 Cor.
2108 3791 2190 3842 in,
2225 3771 2311 3842 12,
2348 3772 2455 3843 13),
2492 3796 2513 3821 η
2568 3772 2640 3827 Et
2686 3772 2817 3827 ideo
2867 3770 3011 3826 illud
3052 3772 3601 3843 superaediiicemus

1937 3880 2117 3934 supra
2147 3862 2447 3918 Christum
2479 3858 2775 3930 (Christus
2809 3862 2964 3916 enim
3013 3864 3281 3917 nostrum
3328 3865 3420 3918 est
3465 3862 3603 3918 fun-

1937 3951 2295 4022 damentum)
2353 3952 2510 4023 quod
2567 3968 2686 4006 non
2737 3954 3038 4021 exuratur,
3086 3951 3194 4007 sed
3241 3950 3600 4008 melioretur.

1938 4043 2164 4096 Aurum
2197 4040 2539 4096 melioratur
2564 4041 2726 4114 igne,
2758 4039 3099 4096 melioratur
3130 4045 3461 4114 argentum.

2007 4131 2061 4185 '7.
2103 4130 2338 4185 Audisti
2366 4146 2575 4185 aurum
2606 4133 2663 4185 et
2691 4134 3022 4203 argentum,
3056 4134 3227 4202 putas
3260 4131 3372 4186 hoc
3418 4134 3603 4186 mate-

1936 4219 2101 4290 riale,
2153 4235 2523 4291 congregare
2572 4218 2928 4275 desideras:
2975 4220 3080 4274 sed
3130 4220 3287 4275 ludis
3339 4235 3599 4291 operam.

1938 4309 2067 4364 Hoc
2095 4325 2302 4364 aurum
2334 4313 2390 4365 et
2419 4313 2729 4382 argentum
2761 4325 2911 4364 onus
2943 4306 3138 4379 habet,
3184 4308 3439 4363 fructum
3483 4324 3602 4365 non

1936 4398 2132 4454 habet.
2165 4398 2328 4454 Onus
2360 4397 2683 4470 quaerentis
2714 4400 2809 4452 est
2839 4400 3113 4468 sumptus
3144 4396 3424 4452 haeredis.
3473 4396 3603 4451 Hoc

1937 4504 2144 4543 aurum
2175 4491 2232 4543 et
2259 4490 2568 4561 argentum
2592 4502 2744 4542 onus
2766 4480 2960 4557 habet,
2987 4485 3242 4541 fructum
3263 4501 3381 4540 non
3402 4485 3599 4541 habet.

1936 4577 2100 4633 Onus
2131 4577 2453 4650 quwrentis
2487 4580 2579 4631 est
2610 4577 2881 4647 sumptus
2922 4574 3201 4629 hmredis.
3238 4573 3365 4629 Hoc
3393 4589 3603 4629 aurum

1939 4668 2094 4723 sicut
2136 4667 2364 4739 lignum
2414 4666 2699 4735 exuritur,
2751 4679 2869 4719 non
2911 4666 3288 4733 perpetuatur
3322 4679 3333 4717 :
3368 4663 3480 4717 hoc
3510 4678 3603 4718 ar-

1940 4761 2181 4827 gentum
2214 4758 2272 4810 in
2302 4755 2396 4809 die
2424 4754 2525 4809 illo
2556 4754 2969 4808 detrimentum
3002 4752 3136 4806 vitae
3166 4754 3283 4806 tute
3302 4793 3316 4821 ,
3346 4752 3475 4820 fnon
3508 4752 3601 4808 lu-

1943 4861 2104 4899 crum
2152 4845 2373 4918 alieret.
2423 4843 2595 4897 Aliud
2644 4857 2871 4911 aurum,
2921 4839 3078 4895 aliud
3126 4844 3437 4912 argentum
3482 4843 3600 4897 ate

1942 4935 2244 5005 quaeritur,
2270 4934 2384 4989 hoc
2404 4934 2515 5002 est,
2542 4946 2761 4986 sensus
2790 4929 3004 4998 bonus,
3039 4929 3284 4985 verbum
3317 4930 3600 5001 optimum

1941 5021 2076 5093 (39),
2111 5024 2181 5077 de
2214 5022 2431 5094 quibus
2461 5020 2601 5076 dicit
2634 5021 2793 5075 Deus
2823 5019 2958 5090 quia
2989 5016 3085 5073 dat
3123 5034 3269 5074 vasa
3318 5035 3495 5075 aurea
3544 5023 3603 5075 et

1941 5115 2184 5184 argente
2217 5112 2427 5181 (Prov.
2460 5126 2646 5179 xxvu,
2678 5107 2789 5179 21).
2828 5108 2971 5164 Haec
3003 5111 3142 5163 sunt
3174 5124 3420 5165 munera
3449 5109 3555 5164 Dei
3586 5126 3597 5163 :

1942 5294 2003 5347 ut
2033 5293 2090 5346 in
2122 5294 2420 5361 contextu,
2453 5289 2569 5345 nisi
2601 5287 2757 5361 quod
2788 5304 2893 5359 pro
2919 5286 3192 5360 perfide
3221 5288 3281 5342 in
3301 5285 3600 5359 aliquibus

1940 5364 2157 5434 legitur
2183 5363 2472 5434 perfidia,
2493 5377 2609 5434 non
2644 5360 2792 5414 malo
2825 5376 3030 5434 sensu.

2010 5426 2122 5503 (38)
2160 5426 2378 5489 Omnes
2411 5426 2546 5506 edit.
2580 5449 2646 5486 ac
2678 5432 2847 5506 pauci
2879 5447 3109 5506 mss.,_u
3147 5429 3374 5506 Littera
3422 5426 3603 5506 igitur

1939 5499 2193 5630 occidit];
2229 5530 2250 5553 υ
2288 5505 2500 5576 reliqui
2530 5504 2588 5558 in
2614 5499 2835 5576 quibus
2868 5506 2924 5557 et
2952 5499 3446 5572 probatissimi,...
3480 5499 3598 5550 cir-

1939 5579 2149 5630 cumcir
2167 5579 2235 5630 it.

1936 5594 2235 5635 οιιιηοιαιῑ.

2009 5648 2122 5717 (39)
2166 5650 2333 5703 Rom.
2387 5647 2524 5701 edit.
2580 5646 2757 5717 sola,“
2784 5666 2805 5693 α
2840 5641 3419 5717 verbum_opt_imui_n_.
3455 5637 3600 5717 Haec

1938 5708 2076 5774 sunt
2106 5708 2346 5773 munera
2378 5717 2503 5788 Dei,
2538 5716 2609 5772 de
2641 5708 2859 5789 quibus
2899 5713 3040 5769 dicit
3085 5708 3266 5765 David
3303 5724 3315 5764 ε
3351 5708 3599 5783 Eloquia

1938 5791 2191 5861 Domini,
2225 5794 2335 5846 etc.
2375 5813 2396 5837 η
