4098 6178
168 338 334 406 1313

1333 333 1950 402 EPISTOLARUM
1991 329 2334 402 CLASSIS
2376 331 2461 398 II.

3465 337 3625 406 1314

247 543 301 598 4.
333 540 487 597 Sunt
517 540 692 596 etiam
745 538 1021 595 haeredes
1051 539 1306 610 parvuli,
1357 539 1458 611 qui
1501 538 1644 593 nihil
1676 537 1846 594 diffe-
1873 519 1934 582 Α
1959 555 2094 596 sum
2125 539 2198 595 ad
2225 537 2647 595 immolandum
2678 538 2819 609 (Isa.
2851 557 2972 611 Lm,
3005 540 3081 612 ’7)-
3110 559 3134 592 ι
3169 539 3339 597 Unde
3370 543 3428 598 et
3455 542 3629 600 Joan-

172 636 314 687 runt
346 647 378 685 a
410 630 677 698 servulo,
734 630 1011 700 quoniam
1060 629 1172 683 sub
1206 629 1584 683 curatoribus
1618 631 1756 683 sunt
1792 631 1850 682 et

175 721 484 776 actoribus
534 720 648 789 (45)
682 718 897 782 (Galat.
947 735 1028 789 1v,
1075 717 1126 787 1,
1161 718 1216 788 2)
1253 734 1265 773 :
1306 741 1328 764 α
1381 718 1485 786 Ita,
1535 718 1743 788 inquit,
1793 719 1850 771 et

173 826 293 866 nos
327 824 568 863 eramus
597 808 790 862 Judaei
815 808 926 861 sub
960 807 1268 862 clementis
1291 808 1488 861 mundi
1512 806 1696 878 hujus
1728 821 1850 860 scr—

174 901 435 954 vientes.
471 899 796 967 Postquam
845 913 988 951 vero
1019 897 1178 951 venit
1208 897 1506 966 plenitudo
1536 896 1846 967 temporis,

174 993 234 1044 et
271 987 551 1043 Christus
582 987 818 1041 advenit
847 985 1026 1056 (Ibid.
1060 985 1146 1056 8),
1176 985 1299 1057 jam
1329 1002 1446 1041 non
1480 1002 1690 1041 sumus
1723 1001 1850 1039 scr-

174 1079 262 1147 vi,
296 1077 403 1132 sed
436 1075 628 1145 liberi,
664 1075 717 1129 si
749 1075 1066 1130 credamus
1097 1075 1156 1129 in
1186 1074 1508 1129 Christum.
1552 1074 1714 1146 Ergo
1745 1073 1852 1128 de-

174 1167 264 1222 dit
314 1166 436 1220 illis
487 1165 748 1234 speciem
798 1163 1164 1219 haereditatis
1212 1163 1345 1236 (46),
1398 1165 1852 1234 possessionem

181 1255 450 1328 negavit.
499 1253 734 1308 Habent
765 1269 979 1309 nomen
1010 1253 1301 1323 haeredis,
1352 1269 1530 1309 usum
1576 1268 1694 1308 non
1743 1251 1852 1305 ha-

173 1346 359 1413 bent;
404 1343 542 1414 quia
589 1343 744 1397 sicut
791 1341 1025 1413 parvuli
1058 1342 1336 1398 haeredes
1385 1357 1600 1397 nomen
1631 1342 1852 1396 nudum

177 1433 575 1502 haereditatis,
617 1447 736 1487 non
785 1430 1195 1486 auctoritatem
1241 1435 1555 1503 usurpant,
1600 1429 1854 1502 jubendi

175 1521 285 1595 jus
313 1526 370 1578 et
399 1521 602 1577 utendi
641 1537 757 1576 non
789 1521 1043 1587 habent;
1096 1521 1234 1592 quia
1263 1521 1690 1591 plenitudinem
1724 1535 1851 1575 suae

179 1613 376 1669 aetatis
409 1612 778 1682 exspectant,
809 1613 873 1666 ut
902 1626 936 1665 a
967 1610 1346 1666 curatoribus
1377 1609 1724 1665 liberentur.

254 1739 308 1793 5.
329 1736 493 1794 Sicut
509 1751 656 1809 ergo
677 1736 931 1806 parvuli,
955 1736 1035 1791 ita
1055 1739 1112 1791 et
1130 1735 1325 1790 Judaei
1367 1734 1480 1790 sub
1516 1734 1852 1807 paedagogo

190 1831 353 1882 sunt.
387 1827 515 1882 Lex
542 1825 944 1898 praedagogus
975 1828 1068 1880 est
1098 1842 1110 1880 :
1149 1824 1516 1896 paedagogus
1557 1824 1630 1878 ad
1667 1823 1851 1896 magi-

183 1919 378 1972 strum
409 1915 597 1981 ducit;
633 1915 922 1986 magister
959 1916 1168 1969 noster
1206 1913 1375 1970 solus
1398 1916 1491 1968 est
1523 1912 1801 1967 Christus
1837 1927 1850 1966 :

192 2027 217 2055 ι
256 2005 452 2059 Nolite
483 2005 687 2058 dicere
702 2002 876 2058 vobis
897 2003 1197 2058 dominum
1226 2005 1282 2058 et
1302 2001 1688 2074 magistrum)
1720 1999 1858 2071 quia

1956 647 2066 686 nes
2100 630 2178 685 ait
2211 647 2223 684 :
2264 651 2285 680 or
2321 629 2475 683 Ecce
2506 645 2698 701 agnus
2731 629 2867 702 Dei,
2900 642 3038 686 ecce
3067 630 3168 704 qui
3215 630 3366 686 tollit
3410 647 3625 702 pecca-

1955 725 2078 776 tum
2108 719 2310 773 mundi
2340 718 2526 789 (Joan.
2560 735 2597 786 ι,
2633 719 2741 789 ‘20).
2778 739 2800 769 ι

2025 810 2080 864 '7.
2113 809 2272 880 Ergo
2322 807 2569 863 Judaeus
2619 807 2820 862 haeres
2865 809 2922 862 in
2953 808 3166 879 littera,
3219 826 3335 865 non
3379 811 3622 882 spiritu,

1958 903 2235 970 tanquam
2277 897 2562 968 parvulus
2609 900 2701 952 est
2752 898 2864 952 sub
2898 899 3272 954 curatoribus
3321 903 3378 955 et
3407 901 3626 955 actori-

1956 986 2325 1060 busg(Galat.
2359 1003 2439 1054 iv,
2473 986 2526 1055 2)
2554 1003 2564 1040 :
2601 986 2980 1041 Christianus
3011 992 3223 1058 autem,
3254 989 3355 1060 qni
3384 989 3629 1058 plenitu-

1957 1079 2155 1132 dinem
2184 1076 2470 1147 temporis
2493 1076 2756 1147 agnovit,
2801 1091 2914 1146 qua
2944 1076 3219 1131 Christus
3241 1077 3478 1132 advenit
3499 1078 3626 1133 fac-

1959 1170 2056 1222 tus
2089 1181 2164 1220 ex
2195 1165 2464 1232 muliere,
2491 1165 2684 1219 factus
2707 1165 2820 1219 sub
2842 1164 3005 1237 lege;
3030 1169 3093 1220 ut
3133 1181 3338 1221 omnes
3375 1167 3474 1238 qui
3513 1167 3626 1223 sub

1958 1255 2094 1328 lege
2127 1259 2312 1326 erant,
2364 1255 2683 1310 redimeret
2726 1271 2737 1309 :
2774 1253 3182 1325 Christianus,
3230 1256 3488 1328 inquam,
3521 1272 3629 1327 per

1960 1345 2242 1400 unitatem
2291 1343 2448 1415 fidei,
2495 1347 2552 1399 et
2597 1343 2958 1416 agnitionem
3004 1343 3137 1398 Filii
3186 1345 3292 1400 Dei
3340 1345 3400 1400 in
3428 1346 3626 1400 virum

1960 1434 2310 1506 perfectum,
2344 1433 2404 1488 in
2448 1449 2789 1488 mensuram
2820 1433 3008 1488 aetatis
3051 1434 3324 1506 exsurgit
3371 1433 3627 1504 plenitu-

1959 1524 2118 1578 dinis
2148 1522 2372 1578 Christi
2420 1521 2669 1594 (Ephes.
2702 1539 2781 1592 ιν,
2818 1521 2928 1594 13).
2962 1522 3127 1593 Vale,
3163 1522 3264 1594 illi,
3307 1525 3363 1579 et
3394 1538 3504 1579 nos
3536 1522 3628 1579 di-

1959 1612 2108 1685 lige;
2141 1613 2276 1685 quia
2306 1627 2418 1667 nos
2449 1616 2505 1666 te
2535 1612 2858 1682 diligimus.

2456 1699 2825 1754 EPISTOLA
2865 1700 3126 1755 LXXVI.

1961 1791 2224 1862 Rogatus
2243 1788 2318 1844 ab
2335 1788 2569 1868 Iasus-:0
2582 1788 2944 1868 Aqsnosius,
2962 1787 3227 1868 epistotag
3239 1787 3316 1844 ad
3323 1787 3588 1868 Ephesio
3599 1802 3641 1849 ε

2033 1858 2314 1932 summam
2345 1859 2611 1932 exhibet.
2647 1858 2879 1932 Scribit
2907 1858 3097 1930 igitur
3124 1859 3251 1932 illic
3280 1858 3454 1932 nobis
3477 1877 3631 1932 pro-

2031 1933 2176 2004 poni
2197 1931 2497 1986 coelestem
2523 1929 2964 2004 haereditatem,
2981 1936 3040 1984 et
3058 1929 3198 2004 solii
3208 1929 3634 2004 caelestis—eon-

2039 2001 2287 2059 sortium
2327 2019 2454 2057 cum
2507 2001 2769 2070 Christo,
2813 2017 2930 2072 per
2959 2017 3126 2072 quem
3157 2003 3220 2056 in
3248 2002 3620 2070 libertatem,

188 2093 470 2150 dominus
519 2097 576 2147 et
635 2093 924 2164 magister
967 2095 1172 2146 vester
1217 2107 1376 2146 unus
1410 2072 1525 2145 Vest
1581 2089 1858 2145 Christus

2041 2090 2252 2164 s‘u'mus‘
2270 2072 2530 2128 asserti:
2555 2072 2729 2164 linem
2768 2072 3083 2164 vero‘lide’i
3111 2073 3488 2164 charitatem,
3507 2091 3632 2164 'qua

185 2183 430 2251 (Matth.
464 2199 632 2252 xxm,
667 2181 776 2253 10).
833 2203 856 2229 ιι
906 2181 1284 2252 Ρωάοεοειιε
1330 2179 1598 2248 timetur,
1631 2177 1860 2248 magis-

181 2274 281 2328 ter
309 2273 467 2326 viam
492 2270 704 2325 salutis
741 2270 998 2325 ostendit
1017 2269 1151 2341 (4'7).
1177 2269 1382 2323 Timor
1405 2283 1549 2340 ergo
1589 2267 1662 2322 ad
1683 2267 1859 2321 liber-

187 2364 371 2417 tatem
391 2360 681 2430 perducit,
705 2359 953 2414 libertas
982 2359 1056 2412 ad
1089 2358 1285 2426 ﬁdem,
1319 2357 1468 2412 fides
1502 2357 1574 2410 ad
1604 2354 1862 2410 charita-

189 2453 312 2506 tem
355 2466 368 2506 :
402 2449 663 2504 charitas
695 2449 945 2520 acquirit
975 2447 1370 2518 adeptionem,
1403 2445 1638 2516 adoptio
1665 2445 1864 2499 haere-

193 2539 458 2594 ditatem.
483 2537 641 2610 Ergo
674 2538 776 2592 ubi
803 2537 975 2608 fides,
1000 2537 1082 2591 ibi
1111 2536 1391 2605 libertas;
1443 2551 1661 2590 servus
1709 2533 1867 2588 enim

194 2629 314 2683 sub
341 2632 520 2697 metu,
562 2626 716 2682 liber
753 2643 828 2681 ex
858 2626 993 2681 ﬁde.
1027 2624 1130 2680 Ille
1180 2625 1294 2680 sub
1341 2625 1555 2693 littera,
1609 2623 1721 2678 iste
1753 2621 1866 2677 sub

195 2717 390 2791 gratia
421 2734 433 2772 :
468 2717 566 2772 ille
598 2715 656 2769 in
692 2715 999 2784 servitute,
1023 2715 1137 2770 iste
1170 2713 1230 2770 in
1261 2714 1492 2784 spiritu.
1528 2713 1643 2768 Ubi
1674 2714 1868 2767 autem

199 2829 225 2855 ιι
267 2806 518 2877 spiritus
566 2805 819 2872 Domini,
870 2804 951 2860 ibi
980 2803 1224 2858 libertas
1275 2802 1353 2873 (ΙΙ
1381 2802 1517 2858 Cor.
1549 2818 1634 2872 ιιι,
1683 2801 1792 2872 1Ἳ).
1840 2823 1862 2850 ι»

195 2894 264 2952 Si
312 2896 495 2968 igitur
542 2893 644 2950 ubi
675 2892 845 2964 fides,
896 2893 976 2948 ibi
1008 2892 1284 2958 libertas;
1318 2891 1420 2948 ubi
1468 2891 1737 2961 libertas,
1787 2889 1870 2945 ibi

190 2985 425 3057 gratia;
458 2983 559 3038 ubi
609 2983 821 3054 gratia,
858 2981 943 3037 ibi
989 2981 1341 3047 haereditas;
1374 2980 1623 3036 Judaeus
1675 2982 1870 3034 autem

199 3073 419 3141 littera,
451 3088 570 3128 non
602 3071 834 3142 spiritu,
868 3073 928 3125 in
959 3071 1248 3126 servitute
1271 3072 1392 3140 est;
1417 3069 1520 3141 qui
1546 3084 1664 3124 non
1695 3069 1872 3123 habet

197 3161 402 3232 ﬁdem,
438 3177 553 3216 non
593 3161 770 3216 habet
817 3161 1065 3231 spiritus
1107 3160 1458 3214 libertatem.
1511 3159 1627 3214 Ubi
1676 3161 1871 3212 autem

197 3250 363 3308 nulla
393 3251 661 3319 libertas,
707 3248 866 3304 nulla
913 3249 1136 3322 gratia;
1166 3247 1268 3304 ubi
1300 3247 1460 3302 nulla
1501 3247 1679 3319 gatia,
1713 3245 1874 3302 nulla

205 3339 475 3411 adoptio;
506 3339 609 3394 ubi
640 3338 800 3394 nulla
830 3339 1084 3412 adoptio,
1117 3337 1277 3393 nulla
1309 3336 1642 3392 successio.

273 3464 329 3534 6,
366 3464 668 3535 Tanquam
699 3463 922 3519 clausis
973 3477 1120 3536 ergo
1169 3460 1408 3531 tabulis,
1445 3461 1634 3516 cernit
1666 3460 1871 3526 1085

203 3555 614 3610 haereditatem
643 3553 756 3622 (48)
775 3595 789 3622 ,
826 3567 944 3608 non
971 3551 1269 3622 possidet;
1323 3552 1730 3606 auctoritatem
1756 3565 1876 3605 non

2045 2146 2290 2201 Christo
2353 2144 2792 2212 connectimur,
2843 2143 3119 2208 ostendi;
3178 2143 3396 2198 nullam
3459 2143 3636 2200 aliam

2042 2216 2348 2288 epistolam
2393 2213 2988 2288 plurihus‘refertam
3020 2230 3155 2268 esse
3193 2215 3636 2288 benedictioni-

2040 2284 2173 2359 bus,
2228 2302 2370 2359 quas
2394 2284 2743 2357 singulatim
2792 2284 3188 2357 breviterque
3231 2286 3634 2360 prosequitur.

2353 2376 2699 2429 Ausaosws
2733 2374 2971 2430 lanugo
3003 2374 3254 2429 salutem

2041 2467 2094 2522 1.
2123 2464 2467 2536 Poposcisti
2485 2465 2541 2518 et
2571 2478 2861 2517 summam
2885 2461 3152 2532 epistolae
3181 2479 3316 2536 quis
3344 2463 3419 2520 ad
3445 2462 3639 2536 Ephe-

1971 2557 2097 2612 sios
2129 2555 2350 2624 scripta
2378 2557 2489 2621 est,
2532 2553 2974 2607 inculcaremus
2998 2552 3125 2624 tibi,
3160 2569 3294 2624 quis
3326 2553 3642 2610 obscurior
3723 2623 3736 2628 __

1968 2646 2226 2714 videtur,
2279 2643 2398 2698 nisi
2444 2641 2580 2712 ejus
2621 2641 3034 2697 distinctiones
3079 2643 3369 2716 colligas,
3421 2644 3640 2715 quibus

1969 2732 2448 2806 persuadendum
2470 2732 2697 2802 putavit
2725 2731 3049 2801 Apostolus
3081 2731 3154 2786 de
3187 2732 3294 2787 Dei
3323 2747 3512 2806 regno
3544 2747 3643 2789 no-

1969 2824 2068 2880 bis
2099 2839 2218 2879 non
2249 2820 2686 2891 desperandum
2715 2819 2962 2892 (Ephes.
2995 2837 3034 2890 ι,
3066 2819 3101 2875 4
3133 2822 3304 2894 seq.).

2045 2913 2099 2968 2.
2129 2911 2452 2983 Proposuit
2481 2911 2676 2981 itaque
2714 2910 2988 2980 primum,
3040 2911 3198 2982 quod
3247 2909 3426 2966 bonis
3453 2909 3644 2966 maxi-

1973 3019 2134 3058 mum
2165 3001 2320 3056 solet
2347 3015 2488 3056 esse
2537 2999 2611 3054 ad
2642 2999 2842 3054 studia
2871 2999 3112 3054 virtutis
3140 2999 3256 3071 (49)
3295 3000 3646 3056 incitamen-

1973 3095 2117 3161 tum,
2167 3090 2547 3161 praemiorum
2597 3103 2785 3159 spem,
2818 3093 2875 3144 et
2903 3088 3338 3158 promissorum
3381 3089 3646 3145 coelesti-

1975 3197 2074 3236 um
2105 3179 2528 3248 haereditatem,
2563 3193 2695 3250 quae
2725 3178 2786 3232 in
2815 3178 3096 3248 passione
3117 3177 3340 3234 Christi
3367 3182 3427 3234 et
3452 3193 3649 3234 resur-

1978 3269 2207 3326 rctione
2236 3267 2858 3338 appropinquaverint.

2053 3359 2106 3415 2.
2139 3359 2285 3414 Dein
2297 3358 2370 3412 de
2402 3356 2660 3427 subjecit
2681 3371 2798 3412 non
2823 3355 3016 3412 solum
3039 3355 3099 3412 in
3129 3355 3472 3427 paradisum
3501 3354 3653 3412 redi-

1982 3452 2106 3506 tum
2153 3448 2328 3504 nobis
2373 3447 2760 3503 reformatum
2807 3461 2948 3501 esse
2993 3462 3101 3518 per
3146 3445 3449 3502 Christum
3493 3463 3505 3502 :
3543 3445 3654 3502 sed

1983 3539 2160 3595 etiam
2190 3536 2456 3592 caelestis
2480 3536 2616 3593 solii
2639 3536 2922 3592 honorem
2942 3551 3051 3606 per
3068 3536 3436 3591 consortium
3457 3535 3656 3592 Chris-

204 3643 388 3699 habet
408 3643 702 3698 lectionis.
729 3642 880 3696 Nam
911 3641 1206 3712 quomodo
1231 3641 1400 3696 dicit:
1432 3664 1453 3687 α
1478 3641 1656 3695 Pater
1674 3643 1879 3694 noster
1907 3630 1959 3693 C
1983 3628 2027 3683 εί
2057 3625 2327 3697 corporis
2360 3625 2526 3680 cami
2555 3623 2692 3679 huic
2737 3640 2875 3680 θεεθ
2906 3625 3304 3694 impertitum;
3351 3627 3416 3679 ιιι
3445 3624 3518 3679 άθ
3549 3639 3652 3679 88-

202 3733 448 3806 (Matth.
480 3749 562 3802 γι,
593 3730 670 3802 9),
711 3753 734 3780 η
768 3731 870 3802 qui
897 3746 1108 3785 verum
1139 3730 1246 3784 Dei
1277 3729 1491 3785 Filium
1521 3732 1729 3800 negat,
1770 3743 1879 3799 per

203 3837 383 3895 quem
403 3821 714 3892 adoptivus
737 3819 1064 3891 acquiritur
1084 3821 1112 3874 ?
1133 3817 1437 3883 Quomodo
1459 3821 1878 3873 testamentum

211 3915 532 3983 nuncUpat,
566 3910 668 3982 qui
696 3912 944 3964 mortem
974 3911 1293 3964 testatores
1323 3908 1549 3979 negat?
1575 3906 1878 3973 Quomodo

203 4001 541 4056 libertatem
569 4001 840 4070 usurpat,
873 3998 973 4070 qui
1010 4001 1188 4071 negat
1225 3997 1598 4070 sanguinem,
1633 4011 1750 4068 quo
1780 4010 1878 4051 re—

210 4089 487 4161 demptus
509 4091 602 4145 est
621 4089 651 4142 ?
681 4088 792 4143 Hic
823 4088 978 4143 enim
1007 4089 1102 4142 est
1138 4090 1363 4142 nostra
1391 4087 1645 4157 pretium
1697 4086 1879 4141 liber-

208 4180 374 4250 tatis,
426 4179 582 4234 sicut
621 4177 839 4232 Petrus
869 4175 1010 4232 dicit
1042 4190 1054 4230 :
1097 4197 1119 4226 α
1156 4174 1460 4248 Sanguine
1488 4176 1750 4246 pretioso
1781 4189 1882 4230 re-

211 4268 432 4339 dempti
463 4268 614 4323 estis
645 4266 702 4338 (I
723 4265 896 4322 Petr.
929 4283 968 4336 ι,
1005 4265 1116 4337 19),
1147 4288 1169 4314 ι)
1203 4281 1322 4321 ιιοιι
1354 4265 1492 4337 agni
1521 4265 1745 4335 utique,
1773 4262 1883 4319 sed

207 4356 348 4429 ejus
406 4357 506 4429 qui
561 4355 1014 4412 mansuetudine
1070 4359 1127 4411 et
1184 4355 1542 4423 humilitate,
1604 4357 1883 4425 tanquam

210 4461 408 4519 agnus
443 4446 699 4514 advenit,
725 4448 782 4500 et
809 4448 995 4501 totum
1024 4445 1306 4499 mundum
1335 4459 1451 4499 una
1485 4443 1577 4498 sui
1612 4443 1884 4514 corporis

208 4534 409 4592 hostia
426 4532 722 4605 liberavit,
747 4532 903 4588 sicut
923 4535 1053 4604 ipse
1076 4534 1156 4589 ait
1179 4547 1192 4590 :
1222 4555 1243 4582 α
1272 4533 1438 4588 Sicut
1459 4548 1651 4606 agnus
1670 4532 1884 4587 ductus

287 4676 401 4748 (45)
451 4672 618 4748 Mss.‘
650 4672 934 4748 nonnulli,
991 4694 1013 4725 ι
1043 4677 1116 4748 et
1152 4674 1534 4748 auctoribus;
1591 4698 1613 4723 ι»
1647 4673 1886 4747 quidam

214 4745 414 4819 etiam,
453 4771 474 4796 α
510 4751 566 4802 et
596 4745 946 4819 factoribus.
985 4745 1559 4819 {Minusapposite

293 4815 408 4892 (46)
468 4820 637 4875 Rom.
700 4817 838 4874 edit.
865 4858 880 4888 ,
935 4839 957 4865 ιι
1002 4816 1160 4871 dedit
1201 4817 1317 4871 illis
1359 4832 1526 4886 spem
1566 4815 1886 4872 haeredita-

215 4893 319 4949 tis.
357 4915 379 4940 ιι

293 4963 405 5033 (4Ἳ)
437 4960 719 5017 Nonnulli
765 4975 940 5033 mss,
973 4958 1260 5032 Magister
1307 4957 1568 5028 instruit,
1599 4959 1889 5030 magister

218 5031 391 5090 viam
410 5035 621 5088 salutis
650 5031 926 5087 ostendit.
964 5055 986 5080 n

295 5107 407 5176 (48)
438 5106 706 5159 Nannius
738 5104 798 5156 in
820 5103 948 5157 haec
969 5102 1156 5176 verba
1183 5102 1271 5157 sic
1301 5101 1614 5176 adnotabat
1646 5117 1661 5176 :_
1699 5120 1722 5151 α
1756 5100 1888 5176 Ger-

1985 3715 2273 3772 cendendi
2303 3714 2700 3785 possibilitate
2722 3713 2852 3784 jam
2894 3728 3013 3769 non
3043 3713 3310 3783 dubites,
3361 3713 3466 3785 qui
3515 3727 3654 3769 con-

1987 3806 2169 3862 sortia
2199 3808 2300 3860 tua
2329 3803 2390 3858 in
2420 3817 2600 3858 carne
2629 3801 2851 3858 Christi
2877 3817 3066 3876 regno
3087 3801 3317 3858 caelesti
3348 3801 3656 3858 adhaerere

1987 3909 2346 3968 cognoscas,
2395 3908 2504 3964 per
2535 3891 2889 3965 sanguinem
2926 3891 3062 3962 ejus
3111 3891 3658 3947 reconciliationem

1986 3985 2201 4040 factam
2229 3981 2490 4038 omnium
2520 3997 2655 4053 quae
2686 3981 2780 4036 vel
2810 3982 2871 4036 in
2901 3985 3080 4050 terra,
3113 3977 3208 4036 vel
3239 3981 3299 4035 in
3329 3980 3482 4036 cmlo
3517 3983 3657 4035 sunt

1988 4075 2112 4146 (qui
2158 4073 2290 4128 ideo
2340 4071 2669 4142 descendit,
2703 4074 2766 4126 ut
2796 4070 3068 4142 impleret
3097 4071 3343 4140 omnia),
3380 4085 3489 4141 per
3522 4068 3658 4141 ejus

1987 4162 2314 4236 apostolos,
2347 4161 2690 4232 prophetas,
2744 4160 3122 4230 sacerdotes,
3155 4159 3659 4215 conﬁrmationem

1989 4253 2432 4320 universorum,
2485 4254 2543 4305 et
2573 4250 3099 4323 congregationem
3137 4249 3400 4322 gentium
3433 4264 3446 4303 :
3482 4247 3659 4302 finem

1990 4346 2185 4398 autem
2215 4341 2329 4413 (50)
2362 4340 2491 4410 spei
2522 4344 2728 4395 nostre
2756 4336 3106 4393 charitatem
3135 4338 3350 4408 ipsius,
3383 4340 3446 4392 ut
3473 4351 3655 4408 auge-

1992 4449 2161 4487 amur
2180 4433 2240 4486 in
2271 4432 2403 4500 ipso
2425 4445 2536 4500 per
2557 4429 2780 4494 omnia;
2806 4428 2944 4500 quia
2959 4427 3089 4498 ipse
3111 4431 3204 4482 est
3227 4429 3402 4497 caput
3423 4424 3658 4479 univer-

1993 4537 2217 4591 sorum,
2242 4521 2314 4575 ad
2336 4535 2512 4591 quem
2524 4532 2731 4574 omnes
2754 4516 3083 4573 secundum
3103 4529 3442 4570 mensuram
3463 4528 3663 4585 opera-

1994 4665 2302 4722 audientes
2365 4678 2482 4718 non
2549 4658 2804 4732 audiant,
2873 4662 2931 4715 et
2995 4657 3266 4713 videntes
3331 4671 3451 4712 non
3519 4670 3655 4712 cer-

1996 4741 2155 4794 nant.
2194 4758 2216 4786 ι

2068 4809 2179 4878 (49)
2213 4808 2404 4878 Long.
2441 4803 2596 4873 cod.,
2633 4825 2654 4853 ι
2690 4800 3082 4878 adjustitiam
3111 4798 3370 4878 virtutis,
3405 4801 3578 4878 etc.)

2069 4871 2184 4950 (50)
2233 4871 2404 4931 Eras.
2441 4882 2498 4931 et
2528 4871 2658 4945 seq.
2693 4871 2877 4950 edit.,_
2909 4896 2931 4921 «ι
2967 4873 3068 4944 qui
3099 4872 3249 4950 _i_deo
3282 4871 3569 4950 ascendit,
3600 4873 3665 4950 ut

1999 4943 2396 5020 captivitatem
2426 4943 2691 5020 nostram
2719 4943 3015 5020 averteret
3050 4961 3062 4998 :
3096 4943 3550 5020 ideqascendit,
3601 4947 3667 4998 ut

1998 5015 2497 5093 impleret_omnia
2527 5033 2635 5089 per
2685 5016 3058 5093 apostolos...
3092 5015 3357 5093 gentium
3388 5029 3666 5093 consum-

1999 5087 2208 5148 maret.
2262 5091 2465 5145 Finem
2513 5087 2738 5160 autem;
2794 5111 2816 5138 ι
2860 5089 3057 5157 Rom.,
3106 5087 3134 5134 ὶι
3161 5087 3401 5160 _omnia,
3455 5090 3513 5142 et
3559 5100 3667 5156 per

220 5158 372 5234 nere
391 5158 800 5231 [haereditatem
831 5180 924 5229 est
952 5174 1113 5248 adire
1146 5173 1585 5248 haereditatem;
1600 5172 1700 5248 sic
1731 5172 1886 5248 enim
1917 5186 1971 5248 ι)
2001 5163 2372 5248 apostolos...
2397 5158 3148 5248 genti‘umconsummaret.‘
3161 5158 3367 5248 Finem
3385 5161 3576 5248 apt‘em
3593 5175 3662 5248 ;‘»

219 5249 813 5320 vulgopraaceptum
849 5263 860 5300 :
915 5245 1027 5320 sed
1044 5261 1128 5320 rex
1174 5245 1525 5320 fragmentis
1567 5244 1798 5320 Ulpiani
1832 5247 1888 5320 et

222 5336 302 5376 ex
331 5316 470 5374 cod.—
495 5316 716 5373 Theo'd.
749 5321 958 5387 quarto
990 5317 1076 5371 tit.
1109 5334 1126 5369 ι
1158 5319 1339 5370 cretio
1374 5316 1426 5369 id
1460 5316 1741 5385 temporis
1772 5319 1884 5384 est,

220 5391 382 5463 quod
412 5391 582 5463 datur
603 5388 1107 5463 haerediliberum
1129 5387 1202 5463 ad_
1223 5387 1603 5463 cernendum,
1640 5387 1754 5463 hoc
1773 5388 1885 5463 est,

223 5457 698 5530 consultandum,
733 5460 948 5514 velitne
993 5459 1154 5513 adire
1187 5459 1608 5530 haereditatem.
1642 5457 1759 5530 sed
1795 5457 1890 5510 hic

228 5548 481 5589 cernere
545 5528 951 5587 haereditatem
1007 5530 1163 5584 idem
1217 5534 1308 5584 est
1365 5529 1522 5600 quod
1581 5528 1888 5600 aspicere,

224 5619 571 5676 quanquam,
614 5619 745 5676 non;
779 5604 997 5672 statim,
1049 5601 1151 5673 qui
1197 5598 1433 5676 aspicit,
1497 5599 1686 5676 cernit
1733 5598 1892 5676 :ille

223 5669 382 5734 enim
407 5669 603 5731 cernit
650 5674 750 5745 qui
793 5689 920 5729 rem
963 5669 1292 5745 agnoscit,—
1315 5669 1424 5727 nec
1469 5671 1668 5745 minus
1698 5669 1893 5745 animo

226 5763 404 5828 quam
447 5747 584 5805 visu
609 5740 960 5823 perlustrat,
991 5740 1056 5803 ut
1085 5759 1162 5804 ex
1189 5740 1292 5803 illo
1328 5742 1674 5819 praphetico
1708 5756 1721 5800 :
1758 5761 1781 5791 α
1817 5740 1896 5800 Ut

2002 5229 2315 5292 nobiscum
2360 5229 2501 5288 vero
2551 5232 2774 5286 faciunt
2820 5247 2968 5286 mss.
3012 5235 3069 5285 et
3117 5230 3357 5284 Amerb.
3409 5229 3664 5282 Advorte

2001 5323 2146 5380 poro
2176 5307 2299 5380 loci
2323 5305 2505 5377 hujus
2528 5304 2930 5380 difﬁcultatem
2952 5304 3010 5380 in
3033 5302 3355 5380 hyperbato
3380 5304 3443 5380 _et
3471 5297 3666 5368 ellipsi

2003 5372 2142 5435 esse
2169 5372 2450 5449 positam,
2478 5392 2611 5447 quae
2661 5375 2964 5449 commode
2995 5374 3090 5428 hic
3129 5372 3475 5449 explanabis
3511 5386 3529 5449 :_
3558 5383 3666 5449 per

2004 5440 2356 5522 sanguinem
2401 5440 2545 5522 ejus
2578 5447 2702 5522 (qui
2750 5447 2881 5522 idep
2914 5440 3241 5522 descendit,
3293 5447 3356 5496 ut
3393 5440 3665 5522 impleret

2004 5509 2221 5591 omnia)
2266 5509 2807 5575 reconciliationem
2836 5518 3051 5572 factam
3081 5509 3369 5582 omnium,
3405 5509 3538 5583 quae
3568 5509 3666 5568 vel

2004 5595 2065 5646 in
2095 5592 2246 5646 coelo
2277 5591 2373 5646 vel
2410 5591 2470 5645 in
2518 5594 2679 5645 terra
2713 5594 2852 5645 sunt
2886 5607 2897 5645 :
2951 5603 3059 5646 per
3105 5586 3240 5646 ejus
3289 5582 3666 5646 apostolos...

2277 5603 2373 5645 vel
2410 5607 2470 5645 In
2518 5603 2679 5645 terra
2713 5603 2897 5645 sunt:
2951 5603 3059 5645 per
3105 5603 3240 5645 ωυε
3289 5603 3638 5645 αβοδιοιοδη

2004 5601 2065 5647 in
2095 5601 2246 5647 cmlo
2277 5601 2373 5646 vel
2410 5601 2470 5645 in
2518 5601 2679 5645 terra
2713 5601 2852 5645 sunt
2886 5607 2897 5645 :
2951 5603 3059 5659 per
3105 5601 3240 5657 ejus
3289 5601 3666 5654 aposwios...

2007 5663 2534 5736 congregationem
2555 5661 2819 5734 gentium
2839 5661 3053 5719 factam
3071 5670 3408 5733 cognoscas
3441 5671 3454 5714 :
3488 5653 3668 5725 finem

2006 5740 2202 5796 autem
2231 5750 2589 5814 cognoscas,
2620 5737 2733 5794 etc.
