4060 6178
486 288 647 351 1315

491 485 670 542 tionis
701 485 762 539 in
796 483 998 548 1086
1040 498 1222 538 unum
1266 498 1487 554 corpus
1533 480 1919 538 adiﬁcatione
1962 465 2235 537 chari-A

487 576 626 632 tatis
657 573 1035 645 assurgimus
1068 570 1312 643 (Ephes.
1346 589 1423 641 ιν,
1452 571 1518 624 15
1548 572 1697 644 seq.)

561 665 615 719 4.
650 663 783 718 Non
816 678 960 734 ergo
995 661 1431 731 desperandum
1453 661 1609 732 quod
1632 659 1807 729 capiti
1838 675 1948 714 suo
1980 675 2159 714 mem-

490 754 599 810 bra
646 753 1017 820 adhaereant;
1086 750 1420 820 prasertim
1480 766 1612 804 cum
1660 749 1719 803 in
1786 749 2161 819 adoptionem

492 842 750 898 ﬁliorum
773 842 877 896 Dei
906 841 978 895 ab
1003 840 1168 893 initio
1193 838 1382 893 simus
1403 837 1805 909 praedestinati
1826 853 1934 907 per
1953 838 2160 892 Jesum

490 931 793 987 Christum
826 932 882 984 in
917 930 1048 1000 ipso
1085 946 1096 983 :
1135 945 1310 1000 quam
1340 928 1920 998 pradestinationem
1947 927 2160 996 proba-

490 1021 594 1092 vit,
630 1036 916 1075 asserens
966 1018 1108 1072 illud
1161 1015 1318 1088 quod
1367 1017 1439 1070 ab
1489 1016 1654 1071 initio
1704 1015 2160 1086 praenuntiatum

491 1112 604 1178 est,
639 1109 777 1181 quia
831 1132 853 1156 α
888 1107 1180 1179 relinquet
1214 1107 1388 1161 homo
1437 1109 1663 1176 patrem
1696 1109 1753 1159 et
1793 1108 2067 1172 matrem,
2103 1108 2159 1158 et

491 1200 800 1254 adherebit
830 1197 1000 1253 uxori
1037 1213 1193 1267 suae,
1226 1199 1283 1252 et
1316 1198 1489 1252 erunt
1521 1194 1691 1250 ambo
1728 1193 1786 1248 in
1828 1209 2004 1249 carne
2044 1209 2160 1247 una

489 1287 663 1360 (Gen.
699 1306 759 1357 ιι,
794 1287 884 1358 28,
915 1286 1140 1359 pres.
1194 1302 1252 1355 v,
1300 1285 1410 1355 31),
1467 1308 1488 1332 η
1546 1287 1981 1340 sacramentum
2019 1298 2157 1339 esse

491 1376 715 1433 Christi
745 1382 801 1431 et
818 1375 1127 1430 Ecclesiae.
1150 1374 1213 1430 Si
1235 1390 1377 1447 ergo
1400 1373 1544 1430 Ada
1575 1372 1714 1427 Eva
1738 1372 1947 1444 copula
1968 1388 2161 1426 sacra-

492 1469 751 1523 mentum
773 1480 1053 1538 magnum
1075 1465 1249 1522 estin
1286 1462 1526 1520 Christo
1551 1465 1608 1520 et
1634 1462 1693 1520 in
1716 1460 2008 1531 Ecclesia,
2033 1477 2159 1516 cer-

498 1560 624 1612 tum
640 1558 751 1626 est,
778 1554 936 1626 quod
953 1554 1109 1609 sicut
1130 1553 1253 1608 Eva
1268 1568 1336 1609 os
1362 1551 1433 1607 de
1456 1551 1701 1609 ossibus
1723 1551 1835 1605 viri
1857 1551 1983 1621 fuit,
2005 1554 2059 1605 et
2073 1566 2160 1604 ca-

493 1661 559 1701 ro
590 1645 662 1700 de
694 1660 870 1699 carne
901 1643 1059 1715 ejus,
1110 1646 1168 1698 et
1196 1658 1307 1697 nos
1339 1641 1600 1696 membra
1649 1641 1839 1696 simus
1888 1640 2159 1713 corporis

474 1733 734 1803 .Christi,
770 1748 840 1788 os
873 1733 944 1787 de
977 1731 1242 1801 ossibus,
1293 1732 1350 1785 et
1378 1745 1517 1785 caro
1550 1729 1622 1784 de
1654 1743 1829 1784 carne
1860 1727 2015 1799 ejus.

562 1824 616 1877 5.
672 1822 846 1876 Nulla
892 1824 1088 1877 autem
1138 1818 1389 1895 epistola
1449 1820 1673 1872 tantum
1728 1816 2159 1874 benedictionis

492 1910 784 1981 increpuit
802 1910 864 1964 in
883 1909 1056 1979 plebe
1074 1908 1200 1978 Dei,
1224 1911 1506 1979 quantum
1526 1908 1660 1977 ista,
1692 1906 1753 1960 in
1774 1922 1887 1977 qua
1909 1906 2155 1978 (Ephes.

489 2019 528 2071 ι,
563 2001 589 2055 1
627 2002 779 2072 seq.)
818 2013 937 2053 non
959 1998 1154 2052 solum
1174 1995 1527 2052 benedictos
1566 2011 1678 2050 nos
1708 2012 1742 2049 a
1773 1996 1924 2065 Deo,
1960 1990 2067 2050 sed
2096 1996 2159 2049 in

486 2090 643 2145 omni
675 2086 1086 2143 benedictione
1116 2084 1465 2142 benedictos
1506 2088 1563 2140 et
1590 2082 1841 2155 spiritali
1872 2087 1928 2140 et
1966 2084 2025 2138 in
2048 2101 2163 2145 cce.

486 2177 742 2236 lestibus
767 2175 1130 2248 signiﬁcavit
1150 2175 1367 2230 divina
1411 2174 1681 2245 locuples
1713 2175 1922 2246 gratia
1944 2173 2056 2243 (51)
2076 2178 2160 2228 te-

490 2269 627 2336 stis,
654 2269 712 2321 et
724 2265 1181 2336 pradestinatos
1203 2280 1314 2319 nos
1338 2265 1399 2318 in
1422 2263 1798 2335 adoptionem
1820 2262 2161 2330 ﬁliorum,in

493 2355 642 2411 Filio
665 2370 902 2427 quoque
945 2354 1049 2409 Dei
1070 2369 1183 2409 nos
1215 2352 1545 2408 cumulatos
1576 2353 1785 2424 gratia,
1821 2352 2161 2409 abundasse

489 2461 560 2501 ea
579 2445 654 2499 ad
675 2443 1158 2516 cognoscendum
1180 2442 1526 2513 mysterium
1546 2444 1784 2496 aterna
1806 2440 2157 2495 voluntatis:

485 2538 608 2590 tum
639 2538 929 2604 praterea
977 2532 1037 2586 in
1065 2531 1430 2602 plenitudine
1464 2535 1792 2601 temporum
1830 2546 1965 2584 cum
1995 2529 2159 2601 paci-

485 2624 809 2679 ﬁcarentur
829 2622 1024 2676 omnia
1046 2621 1107 2674 in
1128 2621 1389 2687 Christo,
1416 2623 1472 2675 et
1503 2636 1636 2692 qua
1663 2619 1721 2672 in
1743 2623 1899 2674 terra
1921 2623 2079 2688 sunt,
2104 2621 2160 2672 et

484 2729 620 2785 qua
646 2713 710 2767 in
746 2712 917 2783 coelo,
944 2713 1105 2766 sorte
1134 2725 1248 2765 nos
1270 2710 1330 2763 in
1352 2709 1483 2780 ipso
1519 2710 1896 2777 constitutos,
1930 2712 1992 2763 ut
2023 2723 2156 2780 qua

484 2802 643 2875 legis
675 2805 814 2856 sunt
864 2800 1250 2871 implerentur
1298 2799 1358 2853 in
1399 2798 1595 2867 nobis,
1629 2801 1685 2853 et
1732 2813 1866 2869 qua
1898 2797 2106 2868 gratia
2141 2813 2153 2852 :

489 2904 626 2948 cum
655 2892 830 2947 etiam
874 2889 1207 2945 secundum
1255 2888 1450 2959 legem
1498 2888 1671 2943 electi
1718 2887 2059 2941 videremur
2097 2886 2157 2941 in

474 2980 812 3054 juventutis
861 2982 1062 3049 atate,
1098 2994 1232 3050 qua
1263 2980 1356 3032 est
1401 2977 1520 3031 vita
1566 2976 1958 3045 immaculata,
2010 2975 2155 3030 nihil

484 3070 773 3126 habentes
802 3069 1070 3124 lascivia
1100 3066 1366 3137 puerilis,
1401 3069 1458 3120 et
1501 3066 1710 3120 senilis
1756 3065 2152 3120 inﬁrmitatis:

485 3159 642 3215 docti
673 3173 910 3231 quoque
925 3157 1196 3229 praelium
1224 3172 1344 3211 non
1367 3155 1562 3210 solum
1592 3155 1885 3209 adversus
1918 3169 2155 3209 carnem

488 3253 546 3305 et
595 3249 969 3322 sanguinem,
1024 3246 1131 3301 sed
1180 3247 1356 3301 etiam
1403 3244 1696 3300 adversus
1727 3260 1959 3298 omnem
1999 3243 2154 3297 mili-

483 3341 625 3395 tiam
656 3336 770 3409 (25)
802 3336 1088 3407 spiritalis
1137 3335 1446 3407 nequitia,
1498 3350 1630 3404 qua
1681 3337 1772 3388 est
1800 3333 1860 3387 in
1890 3332 2153 3388 coelesti-

483 3429 601 3484 bus
633 3427 880 3499 (Ephes.
913 3442 993 3495 VI,
1030 3425 1139 3496 12),
1172 3424 1389 3479 vividis
1421 3439 1630 3496 gerere
1659 3422 1996 3477 virtutibus.

553 3517 608 3574 6.
643 3517 843 3588 Itaque
894 3517 1051 3571 sicut
1088 3514 1207 3569 illis
1230 3514 1460 3569 sortitio
1510 3512 1721 3584 obtigit
1751 3515 2052 3581 captarum
2080 3527 2155 3567 ex

482 3609 656 3664 hoste
705 3609 996 3662 terrarum
1044 3603 1379 3675 possessio,
1413 3602 1492 3658 ita
1541 3602 1719 3657 nobis
1753 3601 1967 3656 cecidit
2013 3617 2152 3658 sors

422 3737 437 3752 .
481 3697 711 3770 gratia,
746 3699 810 3750 ut
830 3696 1021 3750 simus
1051 3694 1365 3765 possessio
1398 3692 1524 3761 Dei,
1551 3692 1652 3764 qui
1683 3706 1860 3746 renes
1883 3690 2153 3762 possidet

479 3791 721 3843 nostros
769 3784 958 3856 (Psal.
990 3801 1270 3853 cxxxvm,
1327 3781 1437 3852 13),
1498 3782 1557 3837 id
1606 3786 1717 3852 est,
1769 3781 2152 3835 seminarium

481 3875 771 3931 castitatis
830 3879 889 3929 et
945 3874 1369 3945 temperantia.
1431 3872 1668 3937 Quaris
1726 3871 1877 3925 hanc
1926 3873 2150 3925 sortem

479 3966 861 4036 agnoscere?
914 3963 1250 4019 Recordare
1307 3962 1467 4015 illam
1526 3977 1660 4032 qua
1711 3960 1922 4015 cecidit
1968 3972 2151 4028 super

478 4052 777 4121 Mathiam,
815 4056 878 4106 ut
899 4054 960 4106 in
981 4051 1394 4106 duodecimum
1414 4050 1817 4120 apostolorum
1839 4062 2148 4103 numerum

478 4142 914 4214 subrogaretur
942 4141 1100 4210 (Act.
1125 4157 1144 4194 1
1164 4139 1276 4209 26).
1302 4139 1417 4194 Sed
1457 4139 1629 4193 etiam
1651 4137 1935 4208 propheta
1958 4136 2145 4191 David

476 4232 603 4288 ait:
659 4251 682 4282 ι
743 4230 807 4286 Si
867 4228 1173 4285 dormiatis
1228 4229 1381 4284 inter
1424 4227 1651 4282 medias
1699 4230 1894 4281 sortes
1950 4225 2142 4295 (Psal.

471 4339 651 4392 van,
686 4321 797 4392 14),
846 4340 870 4371 ι
904 4335 974 4375 eo
1005 4318 1164 4392 quod
1211 4318 1265 4372 is
1314 4317 1415 4389 qui
1465 4316 1696 4372 medius
1727 4317 1879 4370 inter
1909 4315 2141 4370 Veteris

472 4416 699 4471 sortem
744 4416 802 4467 et
851 4410 1006 4466 Novi
1062 4407 1424 4464 Testamenti
1478 4410 1610 4477 est,
1669 4406 2027 4461 recumbens
2078 4405 2140 4459 in

1935 280 2001 345 S.
2048 278 2492 346 AMBROSII.

3780 287 3931 354 1316

2268 482 2469 553 petitio
2512 480 2748 553 Salpha
2796 483 3032 542 ﬁliabus
3076 485 3141 541 in
3187 487 3394 543 umbra
3439 489 3745 544 sermonis
3794 496 3923 559 erat,

2270 570 2445 625 nobis
2477 575 2673 626 autem
2710 576 2803 628 est
2842 573 2902 627 in
2932 573 3241 647 Evangelii
3274 577 3612 648 splendore,
3662 582 3723 633 et
3772 596 3924 636 reve-

2269 659 2483 715 latione
2512 662 2741 733 gratia.

2338 751 2392 805 '7.
2426 751 2627 807 Simus
2659 753 2855 824 itaque
2885 769 2997 809 nos
3029 756 3343 825 possessio
3372 756 3508 826 Dei,
3540 761 3600 811 et
3630 757 3736 812 ille
3770 758 3928 815 nobis

2267 841 2481 911 portio,
2514 841 2575 895 in
2620 856 2736 912 quo
2769 846 2907 900 sunt
2937 842 3156 898 divitia
3207 843 3414 916 gloria
3462 850 3521 900 et
3570 847 3925 904 hareditatis

2269 928 2423 1000 ejus.
2458 927 2603 994 Quis
2634 931 2790 985 enim
2822 933 3012 1002 dives,
3044 933 3163 987 nisi
3192 934 3359 988 solus
3391 933 3573 1004 Deus,
3608 936 3715 1007 qui
3749 938 3925 993 omnia

2269 1018 2538 1071 creavit?
2604 1018 2720 1073 Sed
2795 1020 2977 1075 multo
3033 1022 3226 1093 magis
3284 1023 3452 1078 dives
3525 1025 3925 1080 misericordia

2268 1107 2516 1180 (Ephes.
2564 1125 2624 1176 ιι,
2659 1107 2739 1179 4),
2779 1109 2881 1180 qui
2911 1125 3119 1165 omnes
3151 1111 3418 1180 redemit,
3451 1115 3507 1167 et
3544 1129 3682 1183 nos,
3721 1129 3923 1169 secun-

2269 1196 2408 1255 dum
2462 1195 2664 1260 1087
2716 1199 2913 1257 carnis
2961 1204 3257 1269 naturam,
3307 1201 3413 1256 ira
3462 1202 3623 1258 ﬁlios
3676 1208 3743 1257 et
3790 1220 3921 1258 com.

2271 1285 2517 1341 motioni
2549 1285 2841 1342 obnoxios
2887 1287 2998 1357 (53)
3032 1290 3275 1345 mutavit
3323 1292 3496 1361 quasi
3526 1296 3747 1346 auctor
3777 1296 3924 1347 natu-

2268 1389 2372 1443 ra,
2409 1378 2471 1429 ut
2504 1375 2695 1429 simus
2752 1375 2858 1431 ﬁlii
2914 1376 3081 1449 pacis
3138 1381 3195 1434 et
3224 1377 3550 1437 cbaritatis.
3605 1379 3762 1445 Quis
3792 1382 3923 1435 enim

2269 1467 2536 1517 naturam
2566 1467 2790 1521 mutare
2836 1467 3051 1538 potest,
3096 1466 3213 1524 nisi
3243 1468 3344 1542 qui
3373 1470 3598 1525 creavit
3646 1473 3919 1525 naturam.

2270 1549 2472 1623 Itaque
2504 1552 2816 1609 suscitavit
2845 1558 3135 1626 mortuos,
3184 1560 3240 1613 et
3271 1556 3606 1614 viviﬁcatos
3647 1558 3713 1612 in
3743 1557 3922 1613 Chriso

2268 1641 2745 1801 Egbssdgresfecit
2772 1642 2832 1697 in
2868 1642 3216 1700 coelestibus
3253 1645 3316 1700 in
3346 1648 3479 1720 ipso
3510 1646 3773 1703 Domino
3804 1648 3926 1703 Jesu

2364 1731 2386 1783 i
2433 1772 2447 1785 .
2516 1772 2531 1801 ,
2601 1731 2641 1801 ).

2364 1731 2447 1785 id.
2478 1731 2531 1802 5,
2564 1731 2641 1801 6).

2186 1842 2240 1906 Β
2338 1818 2391 1873 8.
2438 1818 2572 1873 Non
2602 1835 2721 1891 quo
2766 1820 3082 1893 quisquam
3124 1822 3429 1881 hominum
3474 1828 3924 1900 praerogativam

2268 1907 2514 1965 sedendi
2539 1913 2818 1966 meruerit
2839 1909 2898 1968 in
2935 1911 3033 1967 illa
3063 1911 3207 1970 sede
3242 1912 3368 1983 Dei,
3393 1914 3467 1969 de
3488 1930 3607 1986 qua
3625 1915 3813 1971 Pater
3831 1917 3923 1971 soli

2268 1995 2416 2051 Filio
2447 1997 2591 2055 dixit
2624 2015 2636 2052 :
2677 2014 2690 2052 :
2730 2021 2751 2046 α
2777 1998 2980 2054 Sedea
3002 1999 3227 2057 dextris
3249 2001 3398 2057 meis
3427 2002 3623 2073 (Psal.
3660 2019 3784 2075 cxx,
3809 2005 3918 2075 1);-

2269 2086 2377 2140 sed
2394 2085 2532 2157 quia
2552 2086 2613 2144 in
2636 2086 2733 2140 illa
2765 2102 2943 2143 carne
2964 2088 3203 2160 Christi,
3237 2105 3345 2161 per
3373 2094 3752 2150 consortium
3783 2094 3922 2164 ejus-

2268 2174 2401 2228 dem
2432 2178 2677 2245 natura,
2704 2192 2842 2233 caro
2876 2178 3071 2232 omnis
3101 2177 3341 2233 humani
3371 2182 3620 2251 generis
3653 2181 3923 2237 honorata

2266 2268 2379 2319 est.
2406 2264 2556 2318 Nam
2587 2265 2742 2324 sicut
2772 2265 2871 2320 ille
2891 2265 3169 2321 innostra
3199 2283 3376 2324 carne
3410 2269 3697 2328 subditus
3726 2272 3924 2343 legitur

2266 2353 2430 2424 (Luc.
2462 2369 2524 2424 ιι,
2579 2353 2692 2424 51),
2729 2369 2839 2425 per
2882 2355 3160 2413 unitatem
3201 2358 3400 2413 carnis
3448 2362 3507 2413 et
3537 2359 3923 2417 obedientiam

2264 2443 2554 2513 corporis,
2588 2443 2647 2497 in
2694 2459 2812 2515 quo
2860 2444 2971 2501 fuit
3017 2445 3304 2504 obediens
3351 2464 3546 2520 usque
3578 2449 3656 2503 ad
3689 2454 3919 2504 mortem

2264 2531 2549 2606 (Philipp.
2582 2549 2641 2601 ιι,
2676 2533 2731 2603 8)
2761 2549 2775 2604 ;
2808 2533 2896 2588 sic
2928 2537 2985 2589 et
3011 2550 3122 2590 nos
3154 2536 3211 2590 in
3252 2537 3411 2593 illius
3443 2552 3631 2592 carne
3662 2539 3918 2593 consedi-

2260 2621 2477 2693 musjin
2498 2622 2844 2677 caelestibus
2865 2623 3110 2695 (Ephes.
3130 2642 3190 2691 ιι,
3216 2625 3291 2695 6).
3316 2626 3446 2681 Non
3468 2641 3621 2697 ergo
3645 2627 3921 2695 sedimus,

2261 2711 2369 2765 sed
2403 2711 2463 2765 in
2485 2711 2722 2766 Christo
2753 2713 3154 2784 consedimus,
3180 2715 3280 2787 qui
3310 2716 3479 2770 solus
3505 2716 3681 2771 sedet
3702 2718 3777 2771 ad
3801 2717 3923 2771 dex-

2260 2803 2445 2854 teram
2476 2800 2579 2854 Dei
2601 2800 2786 2856 Filius
2804 2801 3081 2871 hominis,
3128 2804 3283 2859 sicut
3313 2804 3441 2875 ipse
3470 2805 3622 2860 dixit
3655 2821 3669 2861 :
3710 2829 3736 2854 -
3771 2811 3925 2860 Amo-

2261 2890 2335 2944 do
2366 2889 2642 2945 videbitis
2666 2890 2877 2946 Filium
2908 2891 3165 2947 hominis
3188 2893 3492 2949 sedentem
3514 2894 3590 2949 ad
3624 2894 3923 2950 dexteram

2261 2977 2365 3032 Dei
2414 2979 2652 3049 (Matth.
2704 2995 2875 3051 xxvx,
2925 2981 3036 3052 64).
3093 3005 3114 3029 η
3170 2981 3235 3036 In
3284 2998 3353 3037 eo
3398 2983 3554 3038 enim
3608 2984 3925 3038 abundavit

2260 3069 2447 3140 gratia
2476 3067 2610 3139 ejus
2644 3072 2700 3124 et
2729 3069 2965 3125 bonitas
3010 3087 3192 3142 super
3222 3087 3333 3126 nos
3366 3072 3425 3126 in
3469 3072 3718 3127 Christo
3764 3074 3920 3142 Jesu,

2184 3200 2238 3271 Ο
2258 3161 2320 3271 ιιι
2351 3158 2632 3271 Operjbus
2663 3163 2947 3271 moﬂqos,
2981 3176 3088 3231 per
3117 3160 3292 3216 ﬁdem
3323 3161 3699 3232 redemptos,
3735 3162 3922 3217 salva-

2261 3251 2352 3301 tos
2385 3247 2595 3318 gratia,
2626 3251 2801 3303 tanta
2831 3249 3073 3304 donaret
3104 3250 3392 3305 libertatis
3422 3266 3692 3321 munere,
3730 3252 3791 3305 in
3818 3265 3920 3322 quo

2258 3336 2419 3391 velut
2448 3338 2839 3392 ressuscitata
2887 3339 3060 3396 etiam
3088 3339 3220 3409 ipsa
3265 3343 3493 3409 natura,
3530 3356 3710 3395 nova
3744 3341 3921 3395 sensit

2258 3427 2546 3482 creatura
2594 3428 2845 3499 gratiam
2877 3442 2890 3482 :
2923 3430 2987 3481 ut
3029 3428 3089 3482 in
3120 3428 3300 3483 bonis
3350 3428 3641 3499 operibus
3671 3429 3918 3484 ambule—

2258 3531 2392 3571 mus
2424 3517 2603 3571 creati
2650 3516 2711 3570 in
2741 3515 2999 3585 Christo,
3034 3517 3134 3588 qui
3183 3522 3316 3573 ante
3362 3517 3641 3574 obnoxia
3673 3518 3916 3575 haredi-

2218 3642 2233 3659 ι
2257 3605 2395 3660 tatis
2428 3605 2538 3674 (54)
2570 3604 2714 3659 vitio
2746 3604 3263 3678 degeneravimus.

2327 3693 2381 3747 9.
2416 3693 2666 3762 Etenim,
2692 3693 2946 3751 sublatis
2976 3691 3303 3750 inimicitiis
3334 3711 3468 3766 qua
3500 3702 3674 3753 erant
3704 3700 3836 3754 ante
3860 3697 3913 3751 in

2254 3798 2451 3851 carne,
2484 3798 2598 3853 pax
2627 3782 2781 3837 facta
2827 3785 2921 3837 est
2951 3783 3358 3840 universitatis
3397 3784 3457 3839 in
3489 3786 3647 3841 coelo
3677 3787 3911 3858 (Ephes.

2253 3889 2315 3940 ιι,
2350 3870 2469 3941 14):
2510 3875 2573 3926 ut
2594 3875 2800 3926 essent
2841 3871 3117 3929 homines
3147 3873 3302 3928 sicut
3333 3874 3533 3945 angeli
3558 3874 3624 3929 in
3655 3878 3832 3943 terra,
3860 3879 3915 3929 ut

2255 3963 2462 4016 essent
2490 3964 2703 4033 gentes
2736 3977 2919 4015 unum
2948 3964 3126 4033 atque
3164 3961 3469 4032 Israelita,
3505 3968 3568 4017 ut
3601 3964 3663 4018 in
3696 3964 3914 4018 homine

2251 4066 2370 4105 uno
2401 4054 2458 4104 et
2499 4066 2693 4106 novus
2741 4050 2917 4106 homo
2951 4053 3008 4106 et
3037 4053 3231 4121 vetus,
3264 4052 3500 4107 sublato
3529 4053 3759 4122 pariete
3800 4068 3910 4107 ma-

2253 4139 2451 4210 ceria,
2503 4140 2605 4212 qui
2650 4142 2967 4211 utrumque
3015 4140 3342 4196 dissidioso
3394 4141 3565 4196 obice
3605 4142 3907 4206 dividebat,

2253 4230 2408 4284 inter
2437 4245 2505 4284 se
2537 4230 2941 4284 convenirent.
2974 4229 3126 4285 Nam
3157 4246 3290 4285 cum
3336 4229 3524 4301 hujus
3553 4235 3766 4285 natura
3793 4246 3906 4285 car-

2252 4320 2370 4389 nis,
2396 4317 2544 4374 iram
2567 4320 2626 4373 et
2644 4318 2979 4374 discordias
2992 4334 3061 4374 ac
3074 4319 3492 4374 dissensiones
3515 4320 3903 4383 excitavisset,

2248 4408 2347 4464 lex
2377 4424 2491 4464 nos
2539 4408 2945 4463 damnatorum
2995 4409 3308 4464 nexuisset
3335 4408 3619 4479 vinculis,
3653 4407 3903 4463 Christus

471 4508 761 4575 utroque,
794 4502 867 4555 ad
916 4499 1087 4572 regni
1136 4499 1404 4554 caelestis
1447 4495 1930 4567 tranquillitatem
1976 4494 2138 4549 asci-
2170 4569 2211 4575 Δ
2247 4498 2432 4554 Jesus
2478 4496 2856 4553 insolentiam
2905 4502 3080 4570 atque
3128 4497 3641 4567 intemperantiam
3685 4497 3894 4561 carnis,

473 4569 682 4648 scitur.
721 4569 887 4646 Hanc
936 4569 1161 4645 sortem
1193 4589 1329 4643 ﬁlia
1379 4586 1613 4657 Salpha
1643 4585 1919 4656 petebant
1950 4584 2136 4639 haerc-
2168 4569 2226 4636 Ι)
2256 4587 2706 4642 mortiﬁcatione
2754 4569 3130 4658 compressit,
3182 4587 3377 4659 legem
3422 4585 3829 4640 mandatorum
3851 4584 3899 4635 in

472 4682 671 4737 ditatis
722 4686 1012 4753 paterna,
1065 4681 1122 4733 et
1163 4693 1365 4733 earum
1413 4676 1615 4748 petitio
1666 4676 1863 4729 divino
1904 4673 2134 4745 judicio

471 4773 718 4843 probata
764 4774 859 4825 est
901 4770 1098 4838 (Nam.
1147 4784 1328 4837 xxvu,
1381 4767 1517 4836 1-6).
1564 4765 1682 4821 Sed
1714 4765 1829 4819 illa
1860 4763 2136 4834 petebant

471 4860 533 4914 in
564 4860 810 4929 umbra;
857 4858 1073 4928 Salpha
1105 4857 1260 4912 enim
1290 4856 1498 4911 umbra
1542 4856 1665 4911 oris
1715 4854 2083 4925 signiﬁcatur
2117 4868 2129 4908 :

468 4948 529 5003 in
579 4948 785 5002 umbra
841 4963 986 5019 ergo
1047 4946 1343 5002 sermonis
1396 4946 1689 5016 petebant,
1742 4942 2135 5013 loquebantur

468 5037 629 5110 quod
660 5052 777 5091 non
807 5036 1199 5092 revelabatur.
1232 5036 1521 5090 Paterna
1542 5035 1738 5105 itaque
1771 5031 2132 5087 hareditatis

538 5181 651 5253 (51)
680 5179 828 5236 Mss.
865 5179 1104 5253 aliquot,
1159 5200 1181 5227 α
1218 5179 1433 5253 divina
1479 5174 1867 5253 locupletatos
1901 5174 2127 5253 gratia,

469 5249 640 5324 etc.,
671 5275 693 5303 ι
754 5253 852 5307 alii
906 5249 1141 5324 plures,
1188 5274 1208 5298 ιι
1274 5251 1489 5305 divina
1547 5249 1874 5324 locupletes
1922 5249 2130 5324 gratia

464 5320 689 5392 testes;
737 5346 758 5374 ιι
804 5320 1003 5379 cateri
1060 5323 1332 5389 demum,
1393 5337 1717 5393 omnesque
1775 5321 1911 5376 edit.
1972 5324 2033 5393 ιιι
2072 5320 2133 5372 in

465 5401 646 5465 textu,
684 5397 780 5452 ubi
813 5412 920 5466 per
952 5409 1132 5451 voces
1160 5418 1180 5442 «ι
1219 5396 1433 5450 divinae
1462 5391 1750 5464 locuples,
1782 5396 1894 5448 etc.
1934 5411 1956 5440 ι
1990 5391 2133 5446 Pau-

465 5468 561 5525 lus
593 5469 959 5541 designatur.

465 5612 506 5680 ι.
539 5541 651 5609 (52)
692 5534 825 5597 N'on
871 5539 1041 5612 pauci
1088 5552 1258 5611 mss.,
1315 5556 1337 5588 α
1377 5536 1669 5595 adversus
1709 5550 1941 5595 omnem
1971 5534 2137 5591 mali-

492 5626 628 5671 iam.
666 5634 689 5674 η

492 5626 628 5671 iam.
666 5634 689 5674 η

2249 4676 2507 4731 decretis
2539 4677 2867 4746 evacuavit,
2920 4676 2979 4729 in
3009 4676 3227 4747 quibus
3259 4674 3517 4730 ostendit
3549 4690 3671 4728 non
3702 4689 3898 4728 secun—

2247 4767 2386 4822 dum
2415 4768 2667 4821 litteram
2697 4764 3132 4836 interpretanda
3162 4765 3317 4836 legis
3350 4763 3641 4835 Spiritalis
3683 4763 3902 4834 dogma-

2240 4871 2338 4930 ta;
2374 4872 2508 4911 cum
2543 4860 2600 4911 et
2649 4855 2891 4910 Sabbati
2921 4854 3135 4926 ignava
3168 4854 3304 4923 otia,
3336 4857 3393 4908 et
3445 4853 3774 4923 corporalis
3808 4868 3899 4905 su-

2242 4949 2472 5020 perﬂua
2504 4947 2838 5001 destrueret
2883 4943 3379 5011 circumcisionis,
3427 4945 3603 5013 atque
3646 4941 3899 4997 omnibus

2245 5053 2560 5093 accessum
2622 5034 2693 5089 ad
2753 5035 2986 5089 Patrem
3040 5033 3100 5086 in
3157 5048 3274 5087 uno
3333 5034 3636 5086 reserarat
3683 5030 3895 5101 spiritu.

2317 5179 2430 5251 (58)
2464 5177 2634 5233 Eras.
2668 5193 2735 5232 ac
2769 5191 2898 5248 seq.
2934 5176 3095 5245 edit.,
3143 5197 3164 5223 α
3199 5174 3459 5251 etmorti
3494 5173 3835 5251 obonoxios;
3872 5192 3893 5215 -

2241 5244 2486 5334 Amerb.
2541 5244 2879 5320 omnesque
2913 5244 3107 5316 mss.,
3155 5269 3175 5294 ιι
3220 5249 3277 5301 et
3316 5246 3691 5301 commotioni
3732 5244 3897 5298 obno-

2387 5366 2399 5377 ,
2438 5346 2460 5370 ιι

2241 5340 2460 5463 “(25:1)”
2478 5392 2626 5446 Mss.
2679 5389 2935 5462 aliquot,
2988 5411 3009 5439 οι
3050 5388 3311 5463 _obnoxii
3358 5386 3720 5463 hareditalis
3764 5384 3893 5463 vitio

2241 5456 2517 5530 eramus;
2559 5487 2580 5511 υ
2617 5456 2831 5517 melius
2865 5456 3083 5531 caeteri,
3119 5466 3176 5516 et
3207 5476 3417 5517 omnes
3447 5460 3610 5531 edit.,
3650 5456 3896 5531 obnoxia

2243 5543 2380 5605 etc.,
2421 5526 2525 5590 ubi
2554 5537 2610 5589 et
2638 5534 2980 5607 primigenii
3024 5526 3252 5604 peccati
3300 5526 3674 5605 apertissime
3715 5526 3890 5599 expri-

2242 5610 2423 5685 mitur
2454 5605 2822 5687 propagatio.
