4098 6178
140 313 299 381 1317

1344 306 1960 401 EPISTOLARUM
2005 310 2343 378 CLASSIS
2387 312 2469 378 II.

3433 303 3599 384 1318

151 515 453 583 Quomodo
488 514 644 570 enim
676 517 872 585 potest
899 514 1197 570 discordia
1227 530 1389 583 esse,
1432 515 1537 570 ubi
1566 531 1682 570 una
1710 531 1820 570 vo-
1847 496 1907 559 Α
1936 516 2185 571 cationis
2236 532 2522 588 compage
2570 532 2870 587 connexa,
2917 520 2981 573 ut
3021 535 3096 575 ne
3141 521 3300 574 tactu
3356 520 3598 592 quidem

151 606 322 674 catio,
354 619 535 658 unum
567 620 808 673 corpus,
838 607 893 657 et
922 620 1076 659 unus
1121 604 1367 675 spiritus
1402 606 1537 658 est?

226 696 307 749 10.
341 694 489 758 Quid
520 694 676 747 enim
706 693 862 749 aliud
893 693 1266 748 descendens
1289 698 1570 763 operatus
1594 696 1685 747 est
1709 694 1821 747 Do-

152 783 343 841 minus
375 782 578 848 Jesus,
615 781 731 835 nisi
763 786 825 834 ut
855 782 925 836 de
958 782 1290 851 captivitate
1322 797 1433 837 nos
1482 782 1539 835 in
1584 782 1824 836 liberta-

151 876 269 927 tem
299 870 647 939 vindicaret,
686 873 739 924 et
769 870 928 925 illam
958 871 1354 940 captivitatem
1384 872 1640 925 vinctam
1684 887 1823 941 per-

152 961 307 1015 ﬁdis
338 959 596 1015 vinculis
627 959 743 1017 sibi
775 960 1064 1029 captivam
1095 956 1319 1015 faceret
1349 960 1596 1030 (Ephes,
1632 976 1710 1028 1v,
1745 959 1821 1029 8),

153 1050 448 1121 alligatam
480 1048 784 1117 sapientiae
817 1047 1223 1116 compedibus,
1257 1049 1521 1103 mittente
1552 1064 1825 1118 unoquo—

154 1154 268 1209 que
298 1136 585 1207 prudente
615 1135 801 1206 pedes
834 1152 979 1194 suos
1010 1137 1069 1189 in
1100 1136 1417 1206 compedes
1465 1136 1621 1208 ejus,
1671 1138 1826 1194 sicut

156 1225 440 1295 scriptum
469 1228 561 1279 est
595 1240 607 1279 :
643 1228 699 1281 et
729 1241 863 1281 cum
895 1225 1331 1294 descendisset,
1366 1230 1422 1279 et
1453 1226 1821 1293 ascenderet,

159 1337 183 1360 ιι
219 1318 279 1368 ut
307 1313 575 1383 impleret
605 1314 799 1369 omnia
846 1312 1024 1383 (Ibid.
1080 1313 1187 1383 10),
1228 1338 1250 1361 ιι
1286 1318 1342 1368 et
1370 1331 1482 1369 nos
1516 1330 1722 1370 omnes
1754 1315 1826 1369 de

154 1403 511 1474 plenitudine
542 1401 676 1473 ejus
708 1402 1114 1472 acciperemus
1146 1402 1333 1471 (Joan.
1367 1420 1406 1472 ι,
1441 1403 1574 1475 16.).

229 1490 313 1546 11.
344 1491 601 1562 Ideoque
630 1491 884 1561 primum
915 1492 1176 1561 repletos
1210 1491 1433 1562 Spiritu
1463 1496 1668 1547 sancto
1713 1508 1824 1562 po-

157 1580 276 1635 suit
302 1581 360 1634 in
388 1578 660 1635 Ecclesia
707 1580 1031 1651 apostolos,
1083 1580 1405 1651 prophetas
1452 1581 1623 1650 alios,
1672 1582 1824 1637 alios

159 1670 580 1741 evangelistas,
614 1668 761 1725 alios
794 1673 988 1727 autem
1017 1675 1290 1739 pastores
1323 1674 1379 1725 et
1410 1670 1708 1738 doctores,
1762 1673 1826 1725 ut

158 1772 363 1813 eorum
385 1758 896 1818 adhortationibus
920 1762 1435 1815 consummaretur
1472 1759 1664 1822 1088
1696 1776 1828 1829 pro-

160 1848 350 1903 fectus
381 1847 765 1915 credentium,
800 1851 857 1902 et
891 1848 1208 1902 ministerii
1251 1848 1443 1903 fidelis
1486 1864 1638 1918 opus
1688 1865 1825 1905 cre-

161 1941 354 1992 sceret
384 1936 632 2008 (Ephes.
666 1953 747 2006 ιν,
783 1935 870 2005 11,
911 1936 1020 2005 Μ).
1071 1934 1433 1994 ZEdificatur
1473 1938 1585 2007 (55)
1632 1953 1825 1997 unus-

160 2026 409 2097 quisque
441 2025 826 2079 aidificatione
870 2025 1152 2082 virtutum
1196 2025 1256 2079 in
1299 2042 1641 2081 mensuram
1681 2030 1826 2081 teta-

158 2115 238 2168 tis
284 2114 604 2184 interioris,
651 2122 785 2185 Quae
831 2130 1114 2171 mensura
1159 2114 1483 2183 perfectior
1526 2115 1664 2170 vitae
1712 2116 1827 2169 im-

158 2203 462 2258 maculatae
493 2202 670 2273 (Ibid.
704 2201 815 2272 13),
849 2203 904 2257 id
939 2207 1031 2257 est
1061 2203 1308 2273 perfecti
1342 2204 1478 2272 viri,
1528 2205 1827 2274 accipiens

160 2292 233 2347 de
287 2292 646 2363 plenitudine
705 2291 929 2347 Christi
987 2292 1212 2362 recepit
1256 2293 1468 2365 gratiae
1518 2294 1831 2363 plenitudi-

164 2398 316 2436 nem.

233 2470 315 2526 12.
366 2469 509 2536 Quis
560 2473 755 2525 autem
798 2471 895 2525 vir
934 2470 1239 2541 perfectus
1290 2474 1400 2540 est,
1456 2471 1573 2526 nisi
1602 2471 1700 2526 ille
1731 2472 1832 2543 qui

162 2558 469 2614 absolutus
503 2558 745 2614 infantia
774 2558 1022 2629 puerilis
1073 2560 1314 2632 ingenii,
1364 2565 1538 2632 atque
1591 2560 1830 2615 adoles-

163 2649 367 2703 centiae
398 2648 621 2703 incerto
655 2665 722 2703 ac
754 2648 1006 2717 lubrico,
1046 2653 1101 2704 et
1132 2650 1513 2705 immoderato
1545 2650 1830 2722 juventu—

159 2738 240 2791 tis
272 2735 486 2806 calore,
520 2738 579 2791 in
608 2737 725 2791 viri
762 2737 1009 2809 perfecti
1054 2738 1390 2793 firmitatem
1437 2741 1827 2808 successerit,

162 2828 332 2897 atque
364 2827 434 2881 ad
465 2825 625 2881 illam
656 2842 889 2881 morum
919 2828 1316 2882 maturitatem
1364 2828 1722 2895 adoleverit;
1769 2832 1833 2883 ut

164 2931 277 2969 non
298 2914 480 2991 facile
510 2915 664 2969 devii
698 2915 1085 2985 disputatorie
1131 2917 1387 2988 alloquio
1436 2918 1727 2987 ﬂectatur,
1777 2922 1834 2972 et

163 3005 333 3074 quasi
364 3004 616 3075 quadam
646 3004 930 3059 doctrina;
961 3006 1388 3061 irrationabilis
1411 3007 1741 3062 turbidiore
1773 3009 1833 3062 in

165 3093 442 3163 scopulos
468 3092 730 3164 jactetur
759 3094 1041 3163 procella,
1090 3094 1161 3147 ad
1209 3096 1435 3149 erroris
1472 3094 1733 3150 remedia
1765 3112 1834 3151 se

163 3181 475 3236 conferens
512 3198 523 3237 :
556 3186 612 3236 et
643 3180 743 3253 qui
775 3183 1085 3237 veritatem
1116 3199 1233 3237 non
1264 3183 1459 3238 solum
1499 3184 1556 3237 in
1600 3200 1835 3239 sermo-

163 3287 258 3339 ne,
292 3268 395 3324 sed
430 3271 602 3325 etiam
634 3272 692 3325 in
725 3272 1007 3340 operibus
1041 3274 1325 3343 sequatur
1373 3271 1525 3341 suis,
1561 3277 1617 3327 et
1647 3273 1837 3327 aedifi-

162 3359 449 3414 cationem
482 3360 785 3415 charitatis
829 3360 888 3414 in
938 3376 1004 3415 se
1057 3361 1381 3431 suscipiat;
1427 3365 1491 3416 ut
1531 3363 1590 3415 in
1618 3364 1838 3417 unitate

165 3449 300 3503 fidei
350 3452 407 3503 et
449 3450 767 3521 agnitionis
821 3454 1119 3519 occurrat,
1174 3453 1230 3504 et
1274 3450 1446 3521 quasi
1505 3451 1838 3506 membrum

162 3553 281 3592 non
310 3538 461 3592 desit
492 3538 666 3608 capiti
697 3554 828 3607 suo,
862 3537 921 3592 id
951 3542 1043 3593 est
1071 3537 1335 3607 Christo,
1370 3539 1470 3610 qui
1519 3543 1613 3595 est
1664 3545 1837 3610 caput

1929 603 2212 676 junctura
2243 606 2615 677 singulorum
2664 607 3088 662 adhaerentium
3131 608 3474 678 discrepare
3504 610 3597 663 vi-

1933 694 2161 748 deatur.
2197 695 2323 748 Hoc
2357 698 2449 749 est
2478 695 2633 749 enim
2664 696 2819 765 quod
2848 705 2974 777 ἀφὴν
3019 697 3164 751 dixit
3193 697 3459 767 Graecus,
3510 712 3600 768 τῆς

1931 792 2184 864 χορηγίας
2225 791 2339 845 κατ’
2384 790 2631 866 ἐνέργειαν
2671 792 2722 845 ἐν
2957 786 3070 855 (57)
3104 802 3116 840 :
3151 787 3306 857 quod
3334 803 3451 842 non
3481 788 3597 844 dif-

1934 874 2087 927 ficile
2141 875 2252 927 erit
2300 878 2459 928 tanto
2509 874 2831 929 architecto
2883 876 3210 929 secundum
3257 892 3599 933 mensuram

1932 961 2414 1033 uniuscujusque
2465 965 2811 1017 meritorum
2859 980 2926 1018 ac
2975 964 3111 1018 fidei
3159 966 3602 1022 convenientem

1936 1050 2053 1103 sibi
2082 1056 2473 1117 connectere;
2521 1068 2655 1111 cum
2704 1053 3014 1108 aedificatio
3056 1053 3361 1108 charitatis
3392 1056 3603 1111 rimam

1936 1137 2283 1193 offensionis
2333 1141 2445 1210 (58)
2489 1142 2761 1195 excludat
2806 1146 2981 1213 atque
3025 1141 3314 1198 obstruat.
3349 1144 3482 1199 Non
3512 1148 3605 1200 est

1936 1243 2083 1299 ergo
2116 1228 2497 1289 dubitandum
2530 1230 2859 1286 caelestium
2897 1235 3248 1301 potestatum
3290 1233 3609 1291 adhaesura

1936 1317 2007 1371 ad
2060 1317 2169 1371 hoc
2216 1318 2495 1388 templum
2544 1319 2955 1379 aedificandum
3006 1323 3341 1391 consortia;
3399 1323 3607 1377 incon-

1935 1422 2154 1478 gruum
2185 1408 2399 1479 quippe
2432 1409 2680 1481 intelligi
2712 1409 2868 1480 quod
2899 1410 2978 1464 ita
3011 1415 3293 1483 assurgat
3334 1411 3606 1467 humanae

1937 1494 2245 1552 charitatis
2279 1496 2593 1552 aedificatio
2622 1498 2682 1555 in
2711 1499 2991 1568 templum
3022 1499 3151 1568 Dei,
3184 1505 3247 1555 ut
3275 1500 3373 1554 fiat
3403 1501 3461 1554 in
3490 1518 3600 1556 no-

1934 1582 2031 1638 bis
2063 1584 2342 1639 habitatio
2377 1585 2483 1641 Dei
2515 1587 2572 1640 in
2603 1587 2834 1657 spiritu,
2868 1604 2986 1643 non
3017 1588 3094 1643 sit
3139 1591 3332 1644 autem
3381 1590 3440 1645 in
3487 1606 3603 1645 eaa-

1937 1672 2195 1727 lestibus
2223 1675 2640 1742 potestatibus.

2008 1759 2096 1813 14.
2131 1760 2320 1831 Cujus
2352 1761 2439 1816 rei
2468 1763 2678 1834 gratia,
2712 1767 2775 1817 ut
2804 1764 3093 1820 maturius
3142 1765 3202 1820 in
3248 1766 3422 1822 nobis
3471 1768 3607 1823 mdi-

1939 1849 2131 1904 ficatio
2165 1848 2508 1921 hujusmodi
2539 1852 2908 1920 procederet,
2944 1853 3215 1909 hortatur
3259 1872 3370 1911 nos
3414 1858 3604 1927 Apos-

1939 1938 2097 1994 tolus
2128 1939 2362 2009 aperire
2394 1940 2602 1996 oculos
2636 1941 2856 2010 cordis,
2891 1942 3126 1998 elevare
3167 1944 3241 1997 ad
3273 1946 3604 2018 superiora,

1856 2042 1909 2105 Β
1940 2029 2300 2099 agnitionem
2351 2028 2459 2083 Dei
2508 2029 2773 2099 impense
2822 2046 3116 2101 quaerere,
3148 2033 3456 2089 veritatem
3485 2035 3605 2090 dis-

1941 2121 2165 2186 cutere,
2217 2118 2585 2172 abscondere
2635 2117 2691 2171 in
2742 2120 2919 2173 corde
2962 2121 3232 2175 mandata
3263 2121 3387 2191 Dei,
3421 2123 3606 2194 depo-

1938 2222 2081 2261 nere
2126 2206 2353 2261 erroris
2399 2206 2730 2275 desideria,
2782 2207 3094 2263 dedecoris
3130 2209 3322 2275 1089
3356 2212 3605 2282 occulta,

1939 2295 2217 2351 renovari
2264 2311 2374 2365 per
2421 2296 2671 2366 gratiam
2720 2301 3245 2367 sacramentorum,
3279 2302 3609 2371 temperare

1939 2384 2326 2454 iracundiam,
2362 2385 2814 2439 commotionem
2844 2389 2975 2440 ante
3008 2401 3288 2442 occasum
3320 2387 3467 2443 solis
3512 2405 3606 2445 re-

1937 2473 2160 2543 laxare,
2194 2489 2406 2528 cavere
2438 2489 2511 2528 ne
2544 2473 2855 2544 superiora
2885 2478 2984 2529 tua
3020 2481 3267 2547 occupet
3315 2478 3608 2534 adversa-

1939 2563 2090 2631 rius,
2127 2562 2375 2632 spiritus
2422 2563 2518 2617 ille
2565 2560 2792 2618 habens
2838 2568 3210 2635 potestatem,
3261 2567 3361 2638 qui
3403 2583 3470 2622 se
3501 2568 3607 2623 im-

1938 2652 2145 2707 mersit
2183 2653 2244 2706 in
2293 2668 2397 2706 cor
2436 2652 2605 2706 Judae
2645 2652 2837 2721 (Joan.
2882 2671 3005 2723 xm,
3049 2655 3126 2724 2),
3169 2658 3227 2709 et
3266 2657 3609 2713 comminuit

1940 2742 2151 2795 animae
2185 2740 2319 2813 ejus
2344 2740 2586 2812 januas,
2620 2757 2693 2795 ne
2722 2748 2929 2812 posset
2960 2744 3269 2813 resistere,
3302 2744 3493 2801 furem
3516 2762 3612 2801 ex-

1941 2830 2201 2900 cludere,
2235 2830 2580 2885 mendacem
2610 2835 2898 2901 avertere,
2931 2833 3227 2905 exurgere
3268 2850 3301 2887 a
3332 2836 3605 2908 mortuis,

1939 2920 2320 2975 sobrietatem
2349 2935 2660 2974 assumere
2696 2937 2706 2975 :
2741 2936 2987 2975 uxorem
3017 2923 3165 2990 viro,
3192 2925 3253 2976 ut
3276 2922 3608 2979 Ecclesium

1937 3009 2195 3077 Christo,
2238 3008 2455 3062 debere
2496 3025 2636 3063 esse
2676 3009 3006 3075 subditam;
3045 3011 3238 3065 virum
3277 3028 3384 3081 pro
3428 3030 3611 3069 uxore

1939 3099 2191 3152 animam
2222 3113 2390 3151 suam
2423 3095 2658 3166 offerre,
2694 3098 2748 3151 si
2778 3102 2876 3154 cut
2905 3113 2972 3152 se
2992 3115 3098 3168 pro
3132 3099 3399 3155 Ecclesia
3430 3102 3611 3158 tradi-

1940 3187 2023 3240 dit
2051 3184 2324 3241 Christus
2357 3186 2603 3257 (prcs.
2629 3203 2686 3254 v,
2707 3186 2831 3255 ‘25):
2866 3190 3166 3258 postremo
3190 3190 3364 3260 quasi
3391 3189 3613 3247 bonum

1939 3276 2285 3331 bellatorem
2317 3291 2552 3329 sumere
2585 3291 2744 3330 arma
2777 3276 2902 3344 Dei,
2948 3292 3017 3331 ac
3045 3278 3418 3347 praetendere
3452 3296 3613 3335 sem-

1940 3381 2065 3436 per,
2101 3382 2219 3421 nou
2268 3363 2460 3419 solum
2508 3364 2806 3422 adversus
2853 3382 3091 3420 carnem
3142 3370 3197 3421 et
3237 3367 3612 3440 sanguinem,

1942 3455 2049 3510 sed
2082 3455 2256 3508 etiam
2303 3454 2623 3509 adversum
2671 3454 2969 3525 spiritales
3020 3456 3314 3527 nequitias
3361 3456 3608 3530 (Ephes.

1941 3561 2021 3612 Vl,
2057 3543 2146 3612 12)
2167 3586 2181 3608 ,
2216 3558 2287 3597 ne
2317 3559 2349 3596 a
2382 3542 2512 3597 suis
2543 3542 2815 3611 emolliri,
2848 3543 2921 3598 ab
2954 3545 3254 3600 extraneis
3295 3545 3425 3615 capi
3471 3562 3612 3617 pos-

164 3627 442 3696 omnium,
476 3603 694 3699 ex—quo
727 3603 909 3684 totum
941 3642 1162 3697 corpus
1196 3603 1456 3682 ﬁdelium
1506 3632 1562 3684 et
1609 3603 1838 3699 sapien-
1866 3603 1917 3665 Ο
1944 3603 2040 3687 sit.
2094 3603 2238 3686 Ilaec
2281 3632 2543 3687 breviter
2585 3603 3034 3702 comprehensa,
3086 3636 3149 3688 ut
3195 3603 3400 3704 potuit,
3435 3603 3610 3706 μοι-ε-

162 3717 307 3770 tium
355 3732 463 3787 per
506 3715 871 3770 harmoniam
914 3716 1324 3771 rationabilem
1356 3716 1557 3787 Verbi,
1602 3717 1715 3773 hoc
1746 3723 1839 3773 est

162 3806 320 3860 enim
377 3810 897 3888 συναρμολογούμενον
922 3855 935 3879 ,
991 3813 1208 3888 ἁρμονία
1259 3817 1351 3867 τοῦ
1394 3810 1542 3886 λόγου
1593 3807 1841 3889 δεδεμένον

165 3895 301 3966 (56),
331 3895 387 3950 id
420 3900 531 3964 est,
560 3895 866 3951 harmonia
889 3895 1068 3950 Verbi
1093 3896 1572 3967 compaginatum
1602 3900 1655 3951 et
1690 3913 1843 3951 com-

163 3986 398 4056 pactum
442 3988 631 4057 atque
669 3999 1022 4053 connexum,
1072 4000 1183 4054 per
1227 3999 1459 4039 omnem
1496 3984 1842 4056 juncturam

163 4072 641 4143 ministrationis,
674 4073 736 4128 in
766 4089 1110 4128 mensuram
1140 4072 1621 4146 uniuscujusque
1653 4076 1841 4145 partis

166 4168 548 4234 augmentum
580 4164 855 4234 corporis
888 4162 1047 4232 facit,
1082 4164 1140 4217 in
1173 4162 1621 4218 aedificationem
1644 4164 1758 4233 sui,
1784 4163 1841 4218 in

166 4242 451 4306 charitate
499 4250 678 4322 (Ibid.
732 4252 853 4323 16);
906 4255 971 4306 ut
1013 4256 1300 4324 assurgat
1341 4269 1520 4306 unum
1565 4252 1843 4324 templum

163 4340 276 4395 Dei
306 4341 365 4395 in
396 4340 691 4411 omnibus,
725 4344 781 4396 et
817 4358 996 4396 unum
1020 4342 1302 4397 domicilii
1334 4340 1596 4397 caelestis
1628 4342 1845 4397 habita-

160 4430 362 4484 culum
393 4430 450 4483 in
485 4430 700 4499 spiritu
730 4430 1170 4486 universorum.

234 4517 326 4572 13.
358 4519 421 4571 In
452 4532 569 4587 quo
603 4533 718 4571 non
750 4519 944 4574 solum
974 4524 1319 4575 sanctorum
1350 4520 1683 4590 hominum,
1733 4520 1839 4575 sed

161 4604 429 4665 omnium
474 4604 874 4676 credentium,
928 4609 1188 4662 omnium
1238 4610 1413 4663 etiam
1460 4611 1840 4681 superiorum

162 4695 603 4753 rationabilium
632 4693 926 4749 Virtutum
973 4713 1040 4750 ac
1084 4697 1473 4765 Potestatum,
1518 4699 1841 4754 connexio-

162 4801 303 4841 nem
354 4783 524 4853 fidei,
577 4783 943 4855 spiritusque
988 4785 1390 4854 accipiendam
1435 4787 1731 4853 arbitror;
1780 4792 1843 4842 ut

161 4892 277 4948 per
304 4872 673 4929 harmoniam
704 4874 1017 4944 quamdam
1046 4874 1331 4928 virtutum
1375 4890 1443 4927 ac
1488 4875 1844 4930 ministerio-

162 4980 325 5034 rum,
358 4976 580 5035 corpus
612 4962 792 5017 unum
815 4979 887 5017 ex
910 4962 1184 5018 omnibus
1216 4964 1583 5018 rationabilis
1614 4969 1842 5019 naturae

164 5052 481 5125 spiritibus
512 5052 831 5107 adhaereat
874 5052 1051 5123 capiti
1098 5067 1208 5108 suo
1252 5052 1513 5124 Christo,
1546 5053 1624 5107 ita
1655 5053 1842 5107 aedifi-

239 5232 355 5303 (55)
400 5232 483 5287 Ita
526 5246 674 5286 mss.
722 5245 939 5303 magno
983 5245 1273 5286 numero:
1325 5231 1586 5286 nonnulli
1625 5236 1839 5301 autem,

160 5309 223 5361 et
255 5304 500 5359 Amerb.
534 5319 643 5374 pro
672 5302 1007 5358 aedificatur
1034 5303 1239 5374 legunt
1266 5304 1632 5359 aediﬁcatus:
1668 5304 1840 5358 Eras.

157 5390 315 5430 vero
347 5379 404 5431 et
432 5391 560 5447 seq.
594 5374 756 5444 edit.,
794 5397 815 5421 «ι
838 5390 989 5445 Opus
1022 5378 1346 5445 cresceret,
1371 5375 1789 5444 aedificaretur,
1818 5399 1840 5424 η

158 5452 284 5503 etc.

235 5517 357 5587 (56)
418 5518 778 5600 Romtedit.
820 5515 1225 5600 jugulaverat,
1269 5525 1486 5600 ἁρμονία
1547 5529 1639 5600 τοῦ
1700 5521 1848 5600 λργου

151 5600 443 5680 δεδεμένον,
475 5598 634 5680 quod
668 5599 844 5680 etiam
875 5599 1047 5680 abest
1077 5598 1441 5680 admss.'non
1471 5599 1701 5668 paucis.
1730 5598 1848 5680 _\e-

152 5676 306 5735 rum
337 5695 473 5735 cum
503 5678 767 5734 librariis
803 5678 951 5733 satis
983 5677 1269 5732 familiare
1307 5676 1581 5733 Graecum
1630 5677 1851 5731 omitte-

150 5766 253 5821 re,
293 5750 491 5805 locum
521 5766 596 5807 ex
625 5750 759 5807 aliis
792 5749 1123 5822 codicibus,
1155 5752 1213 5805 et
1243 5748 1381 5805 edit.
1414 5748 1692 5805 duximus
1721 5762 1850 5805 res-

152 5822 530 5887 timendum.

1870 5176 1923 5237 D

1942 3720 2143 3777 trinxi.
2180 3718 2342 3791 Vale,
2377 3720 2479 3789 ﬁli,
2513 3722 2570 3776 et
2598 3736 2708 3776 nos
2739 3720 2919 3793 dilige
2945 3740 2960 3788 ;
3002 3722 3138 3794 quia
3168 3737 3280 3778 nos
3312 3728 3367 3778 te
3398 3721 3613 3797 deligi-

1943 3827 2097 3866 ωυᾶ
2433 3878 2802 3936 EPISTOLA
2842 3878 3125 3937 LXXVII.

1945 4007 2204 4080 Roganti
2253 4022 2396 4080 quae
2428 4005 2756 4080 hereditas
2792 4005 2908 4080 illa
2957 4007 3060 4076 sit,
3086 4023 3202 4080 pro
3229 4024 3337 4077 qua
3366 4013 3616 4066 mortem

2018 4076 2300 4150 appetere
2326 4076 2601 4149 plerique
2629 4093 2743 4132 non
2766 4077 3041 4132 dubitant
3063 4076 3433 4150 {respondet
3463 4082 3616 4139 lianc

2017 4151 2204 4223 ipsam
2237 4164 2373 4223 esse
2406 4165 2574 4220 quam
2607 4164 2683 4202 ex
2712 4150 3180 4223 repromissione
3220 4151 3389 4223 quasi
3431 4151 3617 4207 liberi
3636 4208 3649 4217 χ

2019 4222 2450 4291 adipiscimur;
2498 4235 2605 4273 nos
2651 4222 2809 4274 enim
2858 4237 2986 4274 cum
3030 4221 3155 4276 Deo
3200 4221 3277 4275 e'x
3317 4222 3615 4279 cliaritate

2016 4292 2375 4356 serviamus,
2415 4307 2557 4346 vera
2598 4292 2789 4361 potiri
2833 4291 3139 4346 libertate.
3172 4291 3298 4347 Hoc
3343 4294 3405 4346 in
3453 4294 3618 4349 Esau

2019 4363 2438 4435 benedictione
2488 4363 2781 4435 signatum
2825 4363 3033 4435 decet;
3075 4363 3227 4435 unde
3276 4364 3503 4435 colligit
3542 4379 3622 4418 ex

2018 4434 2151 4507 lege
2184 4450 2299 4505 per
2336 4431 2819 4507 quam_servitus
2868 4431 3019 4507 fuit,_
3054 4433 3231 4507 etiam
3275 4431 3618 4507 libertatem

2020 4503 2271 4571 essm—ut
2304 4503 2427 4577 quae
2458 4503 2737 4577 adlidem
2767 4519 2874 4557 nos
2902 4503 3223 4558 adduxerit
3258 4524 3275 4558 :
3305 4503 3473 4559 addit
3502 4520 3616 4577 non

2021 4575 2344 4639 Christum]
2381 4576 2490 4630 sed
2517 4575 2771 4644 Moysen
2791 4582 3239 4647 accusaturum;
3271 4580 3444 4647 atque
3473 4576 3621 4647 adeo

2018 4649 2254 4704 Judaios
2282 4647 2583 4719 desipere,
2633 4661 2665 4700 a
2713 4645 2926 4719 quibus
2971 4650 3281 4700 accusator
3313 4645 3441 4718 [irae
3468 4646 3621 4702 bona

2006 4720 2216 4793 judice
2246 4718 2510 4791 eligitur.

2390 4845 2732 4897 Auaaosws
2773 4841 3177 4897 Honos'rnmo.

2022 4953 2072 5008 1.
2124 4952 2257 5006 Non
2305 4950 2495 5005 otiose
2540 4948 2922 5020 quaerendum
2972 4949 3191 5019 putasti
3240 4965 3373 5021 quae
3419 4947 3496 5005 sit
3535 4950 3624 5007 rei

1951 5042 2167 5097 divinae
2226 5039 2583 5109 haereditas;
2641 5042 2697 5093 et
2754 5052 2860 5094 cur
2912 5040 3070 5093 tanto
3131 5040 3461 5095 aestimetur
3514 5056 3619 5096 no-

2027 5220 2140 5290 (5'7)
2172 5217 2271 5274 Sic
2306 5217 2544 5290 Amerb.
2576 5219 2633 5272 ot
2659 5233 2808 5290 mss.
2834 5217 3084 5290 aliquot,
3128 5233 3161 5271 a
3191 5217 3409 5290 quibus
3444 5217 3617 5290 Eras.

1956 5285 2232 5370 hoc_solo
2262 5287 2475 5370 differt,
2514 5289 2713 5370 quod“
2728 5285 2904 5343 verba
2940 5285 3320 5370 transposuit
3358 5289 3416 5342 in
3464 5288 3621 5370 hunc

1955 5364 2214 5430 modum,
2251 5383 2273 5412 ί
2310 5356 2467 5431 quod
2498 5356 2641 5414 dixit
2672 5360 2919 5441 Graecus
2949 5356 3220 5441 spari-55;,
3248 5364 3360 5441 etc.
3397 5382 3418 5407 η
3466 5356 3618 5413 Edit.

1952 5448 2150 5500 autem
2170 5442 2341 5497 Rom.
2362 5441 2645 5511 reposuit,
2676 5463 2697 5487 ιι
2725 5439 2881 5512 quod
2906 5439 3054 5496 dixit
3072 5439 3319 5495 Graecus
3347 5439 3435 5497 διὰ
3454 5462 3622 5506 nam;

1944 5533 2079 5605 ιάφῆς
2098 5536 2208 5594 τῆς,
2240 5524 2352 5577 etc.
2391 5545 2413 5570 ι
2468 5521 2531 5574 In
2572 5521 2844 5592 pluribus
2889 5536 3031 5576 vero
3062 5535 3209 5575 mss.
3239 5518 3447 5573 Graeca
3477 5532 3621 5572 sen-

1955 5605 2135 5657 tentia
2166 5602 2552 5657 desiseratur.

1955 5602 2135 5660 tentia
2166 5602 2552 5657 desiseratur.

2025 5675 2139 5745 (58)
2169 5673 2323 5729 Edit.
2355 5676 2472 5728 vet.
2505 5688 2575 5727 ac
2602 5688 2752 5745 mss.
2791 5670 3075 5745 nonnulli,
3132 5691 3154 5716 α
3186 5668 3419 5745 ruinam
3448 5664 3625 5745 ogoli-

1956 5737 2147 5802 sionis
2165 5763 2181 5813 ;
2218 5769 2241 5795 ιι
2278 5747 2447 5801 Rom.
2482 5747 2540 5799 et
2567 5744 2665 5799 alii
2697 5742 2913 5813 scripti
2933 5737 3089 5813 codg,
3140 5760 3163 5786 α
3198 5739 3410 5813 rimam
3448 5737 3625 5807 offen-

1956 5809 2174 5896 sionis,
2204 5840 2227 5869 ιι
2259 5816 2518 5898 quidam,
2551 5809 2969 5875 confessionis.
3004 5809 3303 5878 Absurde.
