4098 6178
484 334 642 402 1319
1933 339 1998 403 S.
2045 341 2102 403 A

2339 332 2488 406 )SII.
3793 342 3957 412 1320

484 539 642 595 mine
673 537 807 609 (59),
841 539 905 594 ut
930 541 1172 611 propter
1200 554 1328 596 eam
1367 540 1635 612 plerique
1682 541 1857 596 etiam
1903 543 2154 597 mortem
2181 522 2241 586 Α
2275 541 2580 615 habitatio,
2605 543 2662 599 et
2689 559 2723 599 a
2750 558 2888 600 rore
2918 543 3054 600 coeli
3086 559 3318 601 summo
3353 563 3365 600 :
3402 547 3459 600 et
3479 561 3665 618 super
3680 545 3955 618 gladium

489 641 659 684 suam
692 628 955 684 offerant.
992 629 1207 685 Verum
1233 631 1285 684 si
1318 631 1664 686 consideres
1698 632 1832 703 quia
1864 633 1920 686 et
1951 631 2006 685 in
2039 648 2156 687 usu
2275 634 2437 687 tuum
2465 633 2657 704 vives,
2693 634 2750 688 et
2779 632 3014 688 servies
3057 634 3222 688 fratri
3254 637 3372 688 tuo.
3423 633 3553 688 Erit
3582 639 3782 690 autem
3818 651 3952 690 cum

487 717 744 773 humano
773 719 1134 774 haereditatis
1168 720 1529 790 pecuniariae
1554 721 1742 792 gratia
1774 719 1930 790 facit,
1963 722 2027 774 ut
2054 737 2153 775 ve-
2275 719 2702 795 deposuerisﬁet
2725 722 3211 795 solverisjugum
3231 724 3390 778 illius
3409 740 3441 776 a
3471 724 3619 779 collo
3643 728 3747 780 tuo
3770 724 3952 794 (Gen.

487 808 845 864 nerabiliora
886 809 1026 863 fiant
1071 808 1209 880 jura
1257 810 1528 880 pietatis;
1577 811 1714 881 quia
1759 809 1873 864 hoc
1921 825 2157 882 quoque
2274 827 2496 882 xxxvu,
2530 810 2620 883 39,
2653 810 2768 881 40).
2807 835 2828 860 ιι
2865 810 3169 876 Quomodo
3199 812 3358 867 istud
3390 815 3696 885 convenit,
3729 819 3794 868 ut
3831 830 3956 869 ser-

491 897 627 968 plus
660 897 923 953 defertur
950 898 1314 969 parentibus,
1350 915 1422 954 ne
1454 899 1600 954 laesa
1629 899 1816 969 pietas
1847 899 2032 969 patris
2062 899 2156 954 ul-
2272 899 2412 970 viat,
2450 916 2582 954 cum
2614 900 2861 955 solverit
2879 900 3099 974 jugum
3145 901 3348 956 fratris
3377 918 3411 955 a
3441 903 3591 958 collo
3637 919 3788 972 suo,
3841 904 3956 957 nisi

488 987 751 1042 ciscatur
807 1002 872 1042 se
924 988 1398 1042 exhaeredatione
1445 986 1592 1058 (60),
1642 988 1738 1043 vel
1787 988 2156 1044 abdicatione
2274 989 2613 1043 distantiam
2637 1005 2775 1045 esse
2805 989 3208 1062 intelligamus
3230 991 3577 1046 servitutis?
3605 990 3758 1056 Quae
3776 993 3959 1063 igitur

489 1077 856 1132 contumacis
883 1076 1154 1148 pignoris
1188 1092 1203 1133 :
1237 1077 1437 1132 mirari
1467 1077 1734 1148 profecto
1765 1078 2005 1134 desines
2024 1094 2157 1150 quae
2275 1077 2354 1132 sit
2403 1077 2754 1149 differentia,
2806 1079 2938 1151 ipsa
2985 1079 3160 1134 nobis
3207 1084 3461 1150 exponat
3503 1080 3703 1136 lectio.
3747 1081 3954 1135 Bonus

495 1166 573 1221 sit
599 1168 758 1220 tanta
791 1166 1007 1221 divinae
1036 1166 1400 1222 haereditatis
1431 1167 1782 1237 appetentia.
2274 1165 2464 1236 Isaac,
2515 1170 2572 1221 et
2617 1167 2812 1222 bonus
2863 1168 3059 1236 nobis,
3119 1170 3222 1240 qui
3270 1169 3598 1225 secundum
3641 1170 3856 1240 ipsum
3901 1171 3955 1223 in

561 1255 615 1310 2.
663 1255 771 1310 Est
826 1259 1022 1321 autem
1077 1255 1396 1312 baereditas
1453 1257 1756 1328 preposita
1815 1255 2157 1311 christianis
2273 1253 2603 1311 libertatem
2632 1257 2937 1312 nascimur
2969 1272 2980 1311 :
3014 1259 3071 1312 et
3097 1257 3294 1314 bonus
3324 1262 3491 1328 pater
3519 1258 3766 1330 utrique
3817 1258 3953 1313 filio.

491 1343 808 1413 omnibus;
839 1345 929 1400 sic
969 1345 1124 1399 enim
1163 1345 1305 1400 dicit
1353 1345 1540 1400 Isaias
1575 1361 1586 1400 :
1626 1368 1648 1396 α
1685 1345 1790 1399 Est
1838 1345 2158 1401 haereditas
2276 1343 2543 1416 Denique
2573 1345 2731 1417 quod
2781 1348 3093 1418 utrumque
3132 1347 3438 1419 diligeret,
3491 1348 3654 1402 circa
3705 1347 3952 1403 alterum

491 1433 871 1489 credentibus
903 1434 963 1488 in
993 1433 1237 1489 Domino
1281 1433 1419 1506 (Isa.
1466 1451 1581 1504 LIV,
1616 1434 1746 1506 i7);
1794 1458 1817 1482 ιι
1852 1451 1985 1506 quea
2017 1450 2159 1507 spe-
2276 1436 2488 1489 affectu
2519 1434 2812 1505 probavit.
2859 1435 3018 1490 circa
3061 1435 3311 1492 alterum
3354 1436 3815 1503 benedictione;
3868 1452 3954 1492 se-

492 1526 659 1578 ratur
687 1539 760 1577 ex
788 1522 1274 1592 repromissione,
1308 1538 1426 1578 non
1455 1523 1699 1596 exlege.
1731 1522 1898 1588 Quod
1929 1523 2159 1580 Veteris
2277 1522 2430 1578 niori
2463 1524 2620 1578 enim
2649 1523 2770 1580 ﬁlio
2801 1524 3048 1596 dixerat,
3078 1527 3144 1581 ut
3191 1525 3388 1581 cibum
3435 1526 3700 1582 deferret
3731 1526 3876 1596 sibi,
3906 1532 3956 1580 et

491 1612 853 1668 Testamenti
881 1613 1152 1684 exemplo
1182 1611 1486 1684 probatur,
1512 1613 1743 1669 dicente
1765 1612 1910 1668 Sara
1944 1629 1956 1667 :
1996 1636 2017 1661 α
2054 1612 2162 1668 Ex-
2277 1611 2576 1682 acciperet
2603 1612 3079 1668 benedictionem
3112 1631 3123 1669 :
3160 1615 3269 1670 sed
3301 1615 3438 1670 dum
3471 1615 3569 1670 ille
3600 1631 3844 1671 moram
3873 1614 3956 1669 fa-

491 1702 644 1773 pelle
683 1701 956 1757 ancillam
996 1705 1053 1756 et
1104 1701 1291 1756 ﬁlium
1347 1701 1521 1774 ejus;
1580 1718 1698 1757 non
1750 1702 1909 1757 enim
1961 1701 2159 1758 haeres
2280 1701 2376 1773 cit,
2411 1703 2468 1756 et
2489 1704 2790 1774 agrestem
2819 1706 2876 1757 et
2906 1702 3210 1759 forensem
3238 1705 3504 1776 requirit,
3536 1705 3733 1761 frater
3755 1705 3958 1777 junior

495 1791 606 1846 erit
636 1790 792 1846 filius
843 1790 1074 1845 ancillis
1124 1805 1258 1844 cum
1288 1789 1408 1845 ﬁlio
1438 1805 1570 1845 meo
1617 1791 1782 1845 Isaac
1813 1789 1988 1861 (Gen.
2023 1808 2120 1845 xxx
2144 1832 2159 1862 ,
2192 1851 2242 1866 ﬁ
2281 1789 2674 1845 domesticum
2705 1790 2911 1846 detulit
2940 1807 3017 1847 ex
3045 1793 3242 1848 ovium
3275 1809 3481 1866 grege.

498 1878 611 1950 10).
647 1902 669 1927 n
704 1879 891 1934 Filius
922 1878 1085 1934 Sara;
1134 1879 1323 1948 Isaac,
1358 1879 1515 1933 filius
1544 1879 1774 1934 ancillae
1805 1851 2052 1950 lsmael;
2102 1851 2164 1934 hi
2192 1851 2246 1914 B
2350 1879 2404 1933 5.
2468 1879 2672 1935 Bonus
2711 1880 2885 1936 cibus
2925 1881 3187 1936 omnium
3230 1851 3509 1938 Christus
3566 1885 3661 1939 est
3690 1924 3709 1953 ,
3761 1882 3955 1938 bonus

497 1970 630 2023 ante
660 1969 855 2040 legem
887 1969 1026 2023 sunt
1051 1985 1061 2022 :
1088 1983 1232 2040 ergo
1255 1969 1552 2040 antiquior
1569 1969 1956 2040 repromissio
1989 1984 2164 2040 quam
2281 1967 2454 2023 cibus
2485 1971 2579 2023 est
2608 1968 2777 2039 fides,
2812 1971 3018 2026 suavis
3049 1970 3223 2026 cibus
3253 1971 3692 2042 misericordia,
3743 1971 3957 2042 jucun-

494 2056 613 2112 lex.
647 2055 774 2111 Nos
805 2057 1134 2112 secundum
1166 2057 1333 2113 Isaac
1355 2057 1459 2111 filii
1489 2073 1596 2129 per
1614 2058 2160 2130 repromissionem,
2280 2056 2394 2112 dus
2428 2057 2599 2112 cibus
2629 2058 2836 2130 gratia.
2869 2059 2997 2114 Hos
3048 2059 3216 2116 cibos
3246 2059 3515 2130 epulatur
3540 2061 3814 2132 populus
3848 2061 3957 2116 Ec-

494 2145 690 2201 Judaei
719 2146 1049 2202 secundum
1100 2161 1338 2201 carnem
1387 2145 1491 2200 filii
1540 2146 1770 2202 ancillae
1819 2146 2038 2216 (Galat.
2081 2165 2162 2219 1v,
2283 2145 2485 2201 clesiae
2516 2149 2759 2202 sanctae.
2809 2147 3013 2204 Bonus
3063 2149 3236 2204 cibus
3286 2149 3533 2221 spiritus
3583 2150 3731 2219 Dei,
3765 2150 3957 2205 bonus

493 2232 608 2304 28).
642 2235 833 2290 Nobis
878 2235 1065 2290 Mater
1092 2234 1298 2304 libera,
1346 2250 1480 2306 qua:
1512 2249 1630 2289 non
1659 2235 2074 2306 partueriebat,
2110 2239 2168 2292 et
2284 2234 2456 2288 cibus
2484 2238 2865 2306 peccatorum
2895 2238 3193 2293 remissio.
3228 2240 3303 2293 At
3329 2254 3475 2294 vero
3504 2239 3604 2294 ille
3633 2241 3956 2310 praedurus

496 2328 703 2396 postea
734 2339 808 2379 ex
834 2324 1301 2394 repromissione
1319 2323 1540 2394 effudit,
1563 2325 1908 2396 peperitque
1939 2341 2167 2379 mascu-
2283 2323 2454 2378 cibus
2488 2324 2656 2404 rigor
2701 2325 2877 2398 legis,
2931 2329 3244 2398 terrorque
3293 2344 3600 2398 poenarum
3642 2345 3654 2383 :
3695 2329 3958 2402 agrestis

495 2413 617 2468 lum
665 2412 831 2468 :illis
876 2415 1063 2468 mater
1110 2413 1309 2485 Agar,
1361 2429 1662 2486 generans
1710 2414 1770 2468 in
1818 2416 2166 2468 servitutem
2283 2412 2866 2481 cibus_observantia
2895 2414 3106 2471 litterae
3124 2416 3322 2487 potius
3343 2433 3518 2488 quam
3538 2418 3742 2489 gratia
3774 2418 3958 2472 indul-

493 2501 810 2575 (Ibid.’24).
831 2501 1012 2556 Liber
1032 2504 1143 2572 est,
1179 2503 1273 2557 cui
1294 2503 1482 2574 gratia
1510 2503 1893 2574 promittitur;
1927 2519 2164 2575 servus,
2283 2502 2522 2575 gentia).
2555 2502 2821 2574 Denique
2851 2504 2949 2559 ille
2993 2505 3250 2576 populus
3289 2507 3404 2561 sub
3450 2506 3800 2577 maledicto,
3856 2522 3958 2561 nos

500 2591 596 2648 cui
621 2591 834 2664 jugum
863 2591 1018 2662 legis
1068 2591 1429 2662 imponitur:
1462 2593 1632 2662 prius
1681 2609 1827 2665 ergo
1857 2592 2031 2648 nobis
2063 2608 2166 2648 re-
2281 2591 2345 2645 in
2389 2591 2819 2648 benedictione.
2872 2593 3060 2649 Velox
3106 2595 3278 2650 cibus
3327 2595 3480 2650 ﬁdes
3515 2611 3527 2652 :
3567 2619 3589 2644 ει
3622 2597 3833 2667 Prope
3877 2601 3962 2652 est

493 2681 823 2753 promissio
863 2696 1041 2752 quam
1092 2679 1210 2736 illis
1261 2680 1387 2752 lex;
1435 2683 1494 2736 et
1540 2682 1868 2737 secundum
1899 2684 2167 2736 naturam
2285 2680 2441 2735 enim
2466 2680 2713 2736 verbum
2729 2681 2790 2736 in
2813 2697 2916 2737 ore
2943 2685 3067 2754 tuo,
3093 2686 3150 2738 et
3170 2683 3229 2738 in
3252 2684 3431 2739 corde
3459 2687 3557 2740 tuo
3587 2684 3801 2757 (Deut.
3821 2703 3960 2754 xxx,

499 2770 800 2842 antiquior
825 2769 1071 2825 libertas
1120 2785 1296 2842 quam
1340 2771 1622 2825 servitus.
1675 2770 1947 2826 Libertas
1987 2771 2169 2843 igitur
2284 2769 2384 2836 i4;
2424 2791 2446 2819 υ
2482 2770 2705 2826 tardior
2744 2771 2914 2826 cibus
2962 2770 3140 2844 legis.
3187 2772 3456 2845 Denique
3500 2773 3640 2828 dum
3691 2774 3800 2829 lex
3829 2791 3962 2830 exs-

497 2874 575 2915 ex
603 2857 1096 2930 repromissione,
1129 2873 1202 2913 ex
1231 2857 1365 2931 lege
1397 2861 1679 2915 servitus.
1733 2859 1850 2914 Sed
1889 2859 2029 2916 licet
2066 2875 2166 2914 re-
2282 2861 2568 2930 pectatur,
2603 2860 2859 2930 populus
2889 2862 3111 2916 erravit
3139 2861 3355 2932 (Exod.
3388 2880 3574 2934 xxxu,
3608 2863 3660 2934 1,
3697 2863 3786 2934 6).

499 2947 824 3020 promissio
870 2947 1002 3018 ipsa
1033 2949 1167 3003 ante
1194 2947 1390 3020 legem
1425 2949 1520 3018 sit,
1553 2951 1617 3003 ut
1646 2947 1924 3019 diximus,
1973 2965 2047 3004 ex
2073 2964 2167 3004 re-
2351 2947 2407 3002 6.
2438 2947 2696 3003 Contulit
2724 2949 2906 3022 igitur
2931 2949 3442 3006 benecdictionem
3490 2955 3656 3023 pater
3700 2953 3963 3026 impigro

498 3037 899 3108 promissione
929 3041 1123 3092 autem
1155 3036 1422 3106 libertas,
1455 3037 1518 3092 in
1562 3037 1832 3093 libertate
1877 3038 2166 3110 charitas;
2283 3039 2341 3092 et
2369 3035 2527 3092 fideli
2559 3038 2870 3110 ﬁlio::~sed
2902 3040 3038 3111 quia
3081 3039 3279 3096 bonus
3311 3044 3477 3112 pater
3508 3045 3654 3113 erat,
3695 3043 3967 3097 servavit

501 3126 831 3181 secundum
864 3127 1078 3191 1090
1108 3126 1305 3198 legem
1339 3129 1538 3183 tamen
1587 3129 1681 3183 est
1709 3127 1999 3199 charitas,
2032 3142 2166 3200 quae
2284 3128 2341 3182 et
2372 3125 2598 3181 seniori
2629 3126 2748 3184 ﬁlio
2776 3129 3249 3185 benedictionem
3281 3146 3294 3186 :
3328 3133 3391 3185 ut
3423 3146 3556 3186 eum
3589 3146 3856 3186 servum
3893 3132 3968 3186 fa-

495 3214 692 3288 major
718 3216 988 3272 libertate
1017 3220 1109 3272 est
1138 3215 1272 3289 (61).
2285 3218 2446 3271 ceret
2474 3215 2680 3272 fratris
2711 3218 2807 3273 sui
2841 3234 2854 3273 ε
2888 3234 3007 3274 non
3037 3234 3155 3290 quo
3189 3219 3470 3274 familiam
3503 3236 3675 3275 suam
3711 3221 3966 3295 degene-

566 3305 620 3361 8.
667 3305 802 3361 Non
831 3320 978 3378 ergo
1010 3306 1218 3361 servi?
1257 3305 1329 3361 Et
1359 3307 1657 3379 quomodo
1707 3306 1995 3377 scriptum
2025 3307 2117 3362 est
2152 3322 2164 3362 :
2207 3369 2252 3382 η
2285 3304 2335 3359 ri
2365 3305 2544 3361 vellet
2573 3307 2843 3362 servituti
2872 3308 3146 3364 addicere
3177 3307 3310 3379 (62),
3345 3309 3455 3364 sed
3483 3310 3621 3380 quia
3650 3310 3710 3364 is
3747 3312 3862 3382 qui
3893 3327 3966 3366 re-

502 3417 524 3446 α
559 3395 842 3466 Laudate,
894 3369 1056 3450 servi
1079 3437 1095 3466 ,
1121 3369 1458 3452 Dominum
1506 3395 1694 3467 (Psal.
1730 3369 1986 3467 cxxxxv,
2030 3396 2104 3467 1).
2140 3417 2164 3448 ι
2202 3369 2252 3432 C
2285 3409 2429 3466 gere
2462 3410 2528 3449 se
2559 3410 2676 3450 non
2707 3398 2903 3467 potest
2933 3400 2990 3452 et
3018 3369 3381 3470 gubernare,
3415 3369 3647 3454 servire
3678 3369 3895 3471 debet,
3917 3407 3966 3455 et

495 3484 801 3552 Quomodo
831 3485 963 3556 ipse
993 3485 1319 3556 Apostolus
1351 3486 1430 3540 ait
1461 3501 1474 3541 :
1518 3508 1539 3534 ιι
1576 3484 1692 3540 Sed
1721 3488 1782 3540 ut
1812 3486 1973 3540 servi
2003 3485 2168 3542 Chri-
2286 3484 2562 3541 subditus
2593 3500 2732 3540 esse
2761 3485 3128 3556 prudentiori
3154 3503 3168 3558 ;
3201 3491 3264 3542 ut
3307 3487 3443 3560 ejus
3472 3492 3727 3561 regatur
3762 3493 3964 3546 consi-

497 3575 574 3630 sti
604 3573 891 3631 facientes
933 3573 1294 3629 voluntatem
1326 3573 1434 3629 Dei
1479 3589 1554 3628 ex
1597 3574 1792 3630 animo
1845 3591 1978 3629 cum
2014 3573 2171 3630 bona
2284 3572 2385 3645 lio,
2421 3589 2496 3630 ne
2527 3591 2637 3630 sua
2668 3573 2915 3630 stultitia
2931 3576 3356 3648 praecipitetur,
3377 3579 3435 3632 et
3460 3577 3699 3633 labatur
3718 3580 3964 3635 temeri-

496 3665 794 3721 voluntate
827 3663 1072 3736 (Ephes.
1107 3679 1166 3716 vr
1187 3705 1202 3735 ,
1233 3662 1340 3734 6)?
1377 3686 1398 3712 η
1437 3662 1658 3718 Verum
1691 3665 1784 3719 est
1817 3669 1877 3719 et
1907 3665 2169 3720 servitus
2285 3665 2422 3718 tate.
2453 3663 2570 3719 Pro
2600 3663 3013 3720 benedictione
3045 3664 3228 3738 igitur
3257 3665 3604 3738 hujusmodi
3653 3669 3965 3724 confertur

496 3753 706 3825 libera,
739 3770 872 3826 quae
922 3756 1014 3810 est
1041 3752 1392 3823 voluntaria,
1425 3753 1498 3808 de
1529 3768 1645 3824 qua
1677 3753 2001 3824 Apostolus
2041 3754 2120 3808 ait
2154 3767 2166 3810 :
2288 3752 2571 3808 servitus.
2607 3753 2872 3825 Denique
2919 3753 3072 3810 inter
3120 3755 3276 3811 bona
3327 3761 3787 3827 annumeratur,
3822 3759 3969 3813 inter

504 3866 525 3892 «ι
571 3843 682 3909 Qui
723 3843 877 3898 liber
902 3845 1150 3898 vocatus
1181 3845 1291 3912 est,
1329 3858 1543 3898 servus
1575 3845 1669 3898 est
1697 3841 1918 3898 Christi
1947 3842 2001 3914 (Ι
2031 3842 2167 3899 Cor.
2288 3841 2561 3904 collatam
2588 3844 2767 3897 terrm
2804 3841 2999 3906 1091
3038 3844 3386 3917 ubertatem,
3439 3847 3496 3900 et
3524 3861 3734 3901 rorem
3776 3847 3918 3903 coeli
3941 3863 3969 3900 a

499 3948 603 4004 vn,
634 3933 747 4003 22).
785 3952 809 3983 ι
864 3932 1008 3986 Haec
1040 3934 1132 3987 est
1160 3932 1420 3986 servitus
1453 3948 1528 3987 ex
1558 3931 1753 3989 animo
1778 3975 1793 4004 ,
1826 3948 1947 3988 non
1977 3948 2050 3987 ex
2077 3949 2172 3988 ne-
2289 3945 2544 3985 summo.
2578 3929 2695 3986 Sed
2725 3931 2861 4002 quia
2883 3932 3116 3987 dixerat
3149 3950 3160 3988 :
3200 3955 3222 3981 α
3258 3931 3450 4010 Super
3467 3933 3789 4007 glandium
3810 3940 3968 3991 tuum

501 4021 801 4077 cessitate.
835 4021 1036 4093 Itaque
1064 4036 1177 4076 nos
1223 4022 1384 4076 servi
1415 4021 1653 4092 quidem
1684 4038 1893 4077 sumus
1935 4022 2172 4078 Creato-
2287 4018 2460 4074 vivos
2499 4019 2674 4090 (Gen.
2707 4037 2894 4091 xxvu,
2930 4021 3021 4093 40)
3055 4041 3078 4072 ι
3113 4037 3187 4077 ne
3219 4023 3274 4078 ei
3302 4023 3668 4079 fortitudinis
3725 4028 3834 4080 aut
3878 4041 3970 4097 po-

499 4111 588 4167 ris
613 4111 802 4167 nostri
841 4127 852 4166 :
893 4111 1000 4166 sed
1023 4111 1352 4166 libertatem
1379 4111 1669 4167 habemus
1699 4128 1874 4183 quam
1903 4128 2011 4182 per
2036 4129 2169 4186 gra-
2287 4109 2519 4164 testatis
2548 4114 2789 4165 noceret
2834 4111 3244 4183 praesumptio,
3295 4112 3518 4167 addidit
3565 4127 3579 4168 :
3638 4136 3662 4161 α
3720 4113 3966 4170 Servies

499 4202 641 4258 tiam
670 4200 891 4257 Christi
913 4200 1273 4272 accepimus,
1305 4201 1572 4272 generati
1601 4216 1677 4256 ex
1707 4203 2172 4273 repromissione
2290 4197 2462 4253 fratri
2491 4202 2591 4254 tuo
2623 4199 2846 4271 (Ibid),
2885 4225 2906 4249 ιι
2942 4202 3008 4256 ut
3035 4201 3236 4255 carnis
3268 4200 3502 4257 fructus
3531 4202 3770 4258 uberes
3801 4207 3864 4258 et
3892 4203 3967 4258 di-

500 4292 832 4348 secundum
867 4290 1064 4346 ﬁdem.
1085 4289 1255 4345 Unde
1276 4290 1447 4361 quasi
1465 4305 1541 4345 ex
1560 4289 1742 4346 libera
1767 4291 1970 4364 geniti,
1995 4291 2173 4348 liber-
2289 4289 2446 4344 vina:
2477 4304 2680 4344 rorem
2710 4289 3067 4360 adipiscarie
3114 4291 3343 4362 gratiae,
3393 4293 3451 4347 et
3487 4305 3624 4347 eum
3657 4293 3963 4366 sequaris,

501 4383 640 4439 tatis
670 4380 1028 4437 sacrificium
1045 4379 1405 4450 deferamus,
1440 4379 1659 4454 signati
1687 4380 1748 4435 in
1778 4381 1992 4454 fronte,
2017 4382 2174 4437 sicut
2291 4378 2393 4450 qui
2422 4378 2497 4434 de
2529 4394 2640 4434 suo
2670 4378 3078 4452 gubernaculo
3110 4383 3300 4452 regat.

500 4473 726 4529 liberos
756 4471 956 4538 decet;
987 4471 1049 4525 ut
1068 4485 1188 4525 non
1206 4469 1655 4542 confundamur,
1689 4471 1797 4526 sed
1827 4470 2170 4544 gloriemur,
2363 4467 2416 4524 7.
2447 4468 2565 4524 Sed
2595 4471 2736 4523 tunc
2779 4469 2892 4523 erit
2921 4468 3078 4524 istud
3100 4510 3115 4540 ,
3168 4485 3303 4524 cum
3345 4468 3705 4541 deposueris
3751 4470 3963 4544 jugum

503 4561 725 4636 signati
754 4560 986 4632 spiritu,
1037 4575 1158 4615 non
1206 4575 1406 4615 carne.
1457 4558 1686 4625 Quibus
1716 4564 1878 4615 recte
1910 4560 2125 4617 dicitur
2156 4577 2168 4616 :
2205 4577 2260 4643 D
2293 4557 2428 4631 ejus
2460 4575 2494 4613 a
2526 4557 2679 4614 collo
2708 4561 2839 4624 tuo;
2874 4561 2938 4613 ut
2988 4558 3346 4614 voluntariae
3375 4561 3693 4638 servitutis
3728 4577 3964 4617 merce-

504 4672 532 4704 α
565 4653 746 4723 State,
782 4653 839 4706 et
885 4650 1064 4706 nolite
1096 4646 1309 4705 iterum
1348 4648 1499 4722 jugo
1550 4650 1856 4705 servitutis
1888 4652 2174 4706 contineri
2293 4649 2428 4703 dem
2457 4647 2704 4717 habeas,
2739 4663 2857 4702 non
2878 4645 3160 4719 injuriam
3184 4649 3406 4704 subeas
3427 4649 3846 4705 necessitatis.
3883 4649 3969 4705 ln-

503 4740 723 4813 (Galat.
756 4756 814 4810 v,
872 4739 946 4811 1).
1003 4763 1024 4789 η
1079 4739 1214 4794 Non
1264 4738 1456 4794 dixit:
1502 4738 1699 4794 Nolite
1745 4739 2012 4806 servire;
2066 4739 2177 4795 sed
2291 4739 2580 4794 honorata
2601 4737 2756 4793 enim
2775 4737 3120 4809 hujusmodi
3139 4739 3426 4808 servitus,
3450 4740 3968 4810 qumnecessitate

481 4835 530 4878 ἀ
568 4830 764 4885 Nolite
787 4828 939 4901 jugo
988 4828 1296 4885 servitutis
1347 4829 1676 4895 contineri;
1713 4831 1806 4884 est
1847 4828 2002 4884 enim
2033 4844 2175 4900 gra-
2294 4828 2574 4900 cogitur:
2627 4826 2918 4882 honorato
2965 4830 3181 4898 autem,
3234 4843 3369 4899 qua
3411 4827 3626 4898 pietate
3674 4827 3966 4884 defertur.

503 4917 639 4972 vius
662 4917 880 4989 jugum
910 4918 1217 4974 servitutis
1248 4934 1424 4990 quam
1455 4919 1737 4974 servitus.
2294 4918 2464 4973 Unde
2494 4916 2821 4989 Apostolus
2856 4934 2868 4971 :
2909 4938 2931 4964 ιι
2967 4915 3030 4972 Si
3061 4916 3272 4972 volens
3304 4917 3417 4972 hoc
3448 4932 3585 4988 ago,
3620 4917 3964 4973 mercedem

573 5006 627 5061 4.
663 5006 930 5078 Denique
974 5006 1141 5062 Isaac
1181 5007 1302 5062 filio
1351 5023 1462 5063 suo
1511 5007 1672 5064 Esau
1718 5009 1942 5079 potenti
1989 5007 2173 5064 bene-
2293 5005 2484 5063 habeo
2531 5023 2542 5061 :
2596 5007 2649 5061 si
2691 5006 2935 5076 invitus,
2987 5005 3353 5077 dispensatio
3401 5005 3547 5060 mihi
3597 5005 3832 5061 credita
3879 5010 3965 5062 est

504 5095 821 5152 dictionem
850 5096 928 5150 ait
960 5115 971 5152 :
1035 5121 1056 5145 ι
1085 5093 1240 5151 Ecce
1288 5096 1361 5152 ab
1405 5097 1674 5152 ubertate
1703 5100 1880 5154 terrae
1931 5098 2041 5154 erit
2067 5097 2175 5152 tibi
2295 5096 2351 5167 (Ι
2377 5095 2512 5152 Cor.
2548 5113 2628 5165 ix,
2663 5094 2777 5168 i7).
2806 5119 2827 5145 ιι
2855 5095 3070 5152 Melius
3092 5097 3294 5168 utique
3313 5095 3608 5151 mercedis
3627 5096 3963 5165 praemium,

573 5238 684 5310 (59)
720 5238 892 5295 Rom.
925 5237 1087 5310 edit.,
1144 5261 1167 5291 α
1205 5255 1311 5299 cur
1339 5239 1666 5296 aestimetur
1710 5241 1852 5297 tanti
1880 5259 1894 5307 ;
1952 5264 1973 5289 η
2023 5241 2172 5308 vet.,
2295 5239 2499 5295 redato
2531 5239 2842 5311 successio
2873 5239 3186 5311 bonorum.
3219 5239 3337 5294 Per
3365 5237 3617 5311 pignora
3635 5240 3839 5294 autem
3871 5237 3958 5292 hic

509 5336 531 5362 α
567 5329 674 5368 cur
700 5314 859 5366 tanto
892 5313 1251 5378 aestimetur;
1293 5334 1313 5361 ι
1357 5328 1563 5368 omnes
1595 5327 1738 5368 vero
1771 5329 1921 5367 mss.
1954 5312 2176 5366 addunt
2295 5310 2959 5382 intelligimusliberos.
2993 5310 3076 5365 Ita
3108 5310 3398 5365 Nannius.

504 5385 766 5465 nomine}
803 5399 924 5465 non
953 5382 1132 5465 male,
1169 5399 1301 5465 cum
1333 5384 1428 5465 hic
1451 5385 1832 5465 idemsonet
1863 5400 1931 5438 ac
1959 5384 2171 5465 pretio.
2330 5378 2901 5465 υ(61)’Με;.-εέι)ίῳιοι.
2955 5398 3145 5465 πέψω
3176 5382 3372 5452 major
3401 5381 3648 5464 libertas
3679 5385 3797 5465 est.
3836 5403 3859 5430 ε
3887 5378 3958 5465 ‘Et

577 5457 690 5529 (60)
737 5456 932 5529 Latini
990 5455 1395 5510 exhwredant.
1445 5455 1666 5529 Graeci_
1702 5453 2003 5529 abdicant;
2061 5455 2174 5529 hoc
2295 5453 2412 5529 alii
2440 5453 2705 5508 nonnulli
2749 5453 2860 5524 pro
2896 5476 2937 5529 _«
2993 5453 3126 5529 Non
3174 5468 3322 5525 ergo
3363 5453 3564 5522 servi,
3619 5473 3642 5503 ι
3695 5454 3906 5525 legunt
3947 5467 3956 5503 :

503 5525 871 5585 discriminis
920 5527 1072 5582 inter
1115 5531 1461 5599 utrumque,
1513 5526 1672 5599 quod
1718 5527 2064 5581 abdicamus
2113 5527 2176 5580 in
2300 5548 2321 5574 ει
2361 5525 2712 5599 Nuncergo
2745 5525 3018 5599 serviet?
3053 5545 3075 5575 ι

502 5601 644 5671 vita,
675 5599 1126 5655 exhaeredamus
1159 5599 1219 5653 in
1249 5593 1455 5653 mo'rte.
1489 5593 1779 5671 Abdicato
1809 5599 2006 5652 statim
2034 5614 2176 5671 gra-
2341 5595 2479 5671 Δ(62)
2513 5593 2837 5671 Νριίρωιοὶ
2866 5612 3040 5669 mss.,
3065 5618 3088 5646 α
3123 5595 3478 5669 degenerari
3505 5593 3704 5666 vellet,
3736 5610 3808 5650 ac
3840 5610 3960 5651 ser-

504 5673 583 5740 tia
613 5667 1184 5751 parentum,jusque
1204 5671 1530 5731 liberorum
1559 5668 1890 5746 denegatur
1921 5687 1932 5727 :
1969 5667 2175 5727 exhae-
2294 5667 2464 5726 vituti
2496 5667 2813 5726 adducere.
2851 5690 2873 5720 υ

2207 5917 2264 5940 Ψ
