4060 6178
184 293 343 371 1821

1346 287 1962 361 EPISTOLARUM
2009 286 2352 361 CLASSIS
2396 287 2476 358 II.

3477 290 3637 360 1322

184 509 366 566 quam
388 480 854 565 dispensationis
877 492 1232 564 obsequium
1254 495 1365 548 est.
1387 493 1512 548 Nos
1536 494 1720 565 igitur
1741 509 1860 550 non
1889 475 1947 537 Α
1972 493 2033 548 in
2059 493 2403 563 judicando,
2439 493 2595 565 quod
2627 509 2745 549 non
2767 510 2841 549 ex
2862 494 3157 551 voluntate
3179 495 3382 550 nostra
3399 495 3455 550 et
3474 498 3634 564 pote-

186 584 599 638 contineamur
626 581 934 637 servitutis
958 580 1132 654 jugo,
1166 582 1273 637 sed
1295 582 1578 637 charitate
1610 582 1859 652 spiritus

185 672 559 741 serviamus;
594 671 729 742 quia
752 671 891 725 dicit
917 672 1239 741 Apostolus
1267 685 1279 725 :
1315 692 1337 718 α
1370 672 1487 725 Per
1517 672 1861 725 charitatcm

186 760 435 831 spiritus
468 760 689 815 servite
712 759 1205 829 invicem(Ga1at.
1239 777 1297 829 v,
1330 760 1439 829 13).
1477 780 1499 810 ι
1535 761 1735 814 Timor
1772 761 1861 815 le-

184 850 289 921 gis
318 854 410 904 est
439 848 712 904 Charitas
750 848 1076 920 Evangelii.
1112 848 1404 919 Denique:
1447 870 1469 899 «
1507 849 1736 903 initium
1767 866 1862 904 sa-

184 938 425 1007 pientiae
456 938 633 993 timor
673 938 901 992 Domini
945 937 1157 1006 (Eccli.
1200 955 1239 1003 1,
1280 936 1387 1007 16),
1420 937 1718 1007 plenitudo
1753 954 1861 992 au-

182 1030 308 1081 tem
337 1026 489 1098 legis
526 1026 786 1081 charitas
818 1026 1010 1095 (Rom.
1044 1043 1167 1095 xm,
1195 1026 1303 1094 10).
1340 1048 1363 1074 n
1398 1026 1616 1081 Tamen
1647 1028 1704 1080 et
1733 1026 1863 1096 ipsa

185 1115 291 1170 lex
328 1116 501 1170 dicit:
554 1136 575 1162 «ι
612 1114 683 1169 Et
714 1114 774 1168 in
807 1114 919 1169 hoc
951 1114 1136 1171 verbo
1169 1130 1341 1169 omne
1370 1115 1704 1168 mandatum
1732 1115 1862 1169 ins-

182 1207 473 1274 tauratur,
507 1206 565 1258 et
592 1204 651 1257 in
681 1204 797 1260 isto
828 1218 965 1273 uno,
1000 1203 1205 1274 inquit,
1241 1218 1517 1258 sermone
1549 1203 1859 1273 impletur:

188 1292 422 1365 Diliges
452 1293 789 1363 proximum
822 1296 985 1347 tuum
1016 1291 1195 1360 (Ibid.
1228 1291 1303 1362 9).
1340 1314 1364 1341 υ

268 1382 321 1436 8.
369 1380 496 1437 Iloc
541 1384 634 1437 est
672 1381 856 1453 igitur
893 1380 1051 1451 quod
1091 1382 1534 1450 proposuimus,
1577 1380 1714 1450 quia
1753 1378 1865 1434 etsi

193 1486 273 1525 ex
303 1470 436 1541 lege
468 1470 754 1540 servitus,
787 1473 982 1526 tamen
1009 1469 1335 1527 secundum
1359 1470 1556 1541 legem
1584 1470 1863 1535 libertas;

191 1559 461 1615 cbaritas
499 1560 654 1617 enim
696 1559 1008 1629 libertatis,
1049 1560 1225 1615 timor
1262 1559 1572 1614 servitutis
1613 1562 1725 1613 est.
1762 1557 1870 1612 Est

190 1648 379 1719 igitur
409 1650 466 1704 et
493 1648 756 1704 charitas
788 1648 967 1721 legis,
1001 1651 1058 1704 et
1087 1647 1349 1704 servitus
1383 1647 1723 1702 charitatis:
1760 1646 1868 1702 sed

191 1736 297 1792 lex
327 1736 631 1793 charitatis
659 1736 989 1808 praenuntia
1005 1738 1118 1806 est,
1142 1735 1402 1791 charitas
1425 1735 1732 1808 Evangelii
1756 1735 1868 1807 piae

192 1826 508 1881 servitutis
537 1825 757 1881 arbitra
797 1827 910 1881 est.

266 1931 322 1987 9.
356 1931 489 1987 Non
520 1931 823 2003 superflua
854 1931 1050 2002 itaque
1080 1930 1197 2000 lex,
1221 1946 1355 2003 quae
1379 1934 1653 2003 tanquam
1674 1930 1866 2002 paeda-

190 2036 395 2093 gogus
436 2020 822 2094 prosequitur
861 2019 1219 2075 infirmiores
1262 2020 1478 2087 (Galat.
1512 2037 1593 2089 ιιι,
1626 2020 1736 2088 24).
1773 2020 1871 2073 ln-

191 2110 534 2164 ﬁrmitatem
579 2109 711 2164 dico
750 2123 1005 2178 morum,
1047 2124 1165 2163 non
1213 2124 1564 2179 corporum;
1617 2108 1873 2163 infantes

188 2198 356 2255 enim
386 2200 543 2268 sunt,
581 2198 680 2269 qui
711 2197 825 2252 fari
854 2197 1103 2251 verbum
1134 2198 1239 2251 Dei
1278 2198 1571 2266 nesciunt,
1607 2198 1706 2268 qui
1739 2196 1875 2268 ejus

188 2280 381 2356 opera
417 2302 535 2342 non
574 2286 886 2356 recipiunt.
920 2285 1073 2340 Nam
1111 2286 1165 2340 si
1207 2288 1352 2341 tetas
1393 2287 1718 2340 senectutis
1754 2286 1874 2339 vita

190 2375 573 2431 immaculata
613 2375 781 2447 (Sep.
812 2391 893 2445 1v,
925 2371 1003 2445 9),
1037 2374 1239 2446 utique
1270 2375 1415 2428 tetas
1454 2373 1874 2428 adolescentia

193 2466 295 2519 est
325 2465 445 2518 vita
474 2463 798 2518 maculosa.
831 2463 957 2517 Lex
997 2478 1142 2534 ergo
1182 2462 1549 2534 paedagogus
1589 2462 1698 2516 fuit
1736 2462 1871 2533 (63),

194 2549 266 2609 id
295 2555 388 2606 est
415 2547 581 2624 νόμος,
615 2552 803 2607 donec
834 2552 983 2606 ﬁdes
1015 2552 1261 2606 veniret.
1291 2571 1314 2601 α
1344 2551 1415 2605 Et
1444 2552 1612 2621 quasi
1638 2552 1874 2618 inﬁrmi,

194 2642 409 2712 inquit,
435 2641 919 2696 custodiebamur
938 2658 970 2696 a
991 2640 1145 2711 lege,
1171 2639 1439 2694 conclusi
1460 2640 1518 2692 in
1551 2655 1679 2693 eam
1703 2640 1877 2693 ﬁdem

194 2746 337 2803 quae
376 2730 693 2784 revelanda
739 2728 893 2785 foret
930 2728 1148 2799 (Galat.
1191 2745 1272 2799 ιιι,
1317 2726 1430 2797 23).
1479 2750 1501 2776 η
1556 2728 1877 2799 Postquam

195 2822 399 2874 autem
443 2818 594 2873 ﬁdes
644 2818 900 2887 advenit,
954 2833 1071 2872 non
1119 2817 1263 2872 dicit
1310 2816 1718 2889 Evangelium,
1771 2816 1878 2871 sed

197 2908 413 2976 ﬁdem;
444 2922 513 2962 ea
543 2911 635 2962 est
666 2907 822 2962 enim
854 2906 981 2961 sola
1012 2906 1184 2976 ﬁdes,
1217 2921 1350 2977 quae
1380 2910 1472 2961 est
1512 2907 1572 2960 in
1601 2906 1878 2977 Evange-

197 2997 304 3052 lio.
337 2996 488 3051 Nam
517 2996 655 3051 licet
679 2995 913 3067 justitia
945 2995 1049 3049 Dei
1080 2995 1139 3048 in
1170 3009 1240 3049 eo
1273 2996 1587 3063 revelatur,
1623 3011 1754 3066 quae
1786 2999 1879 3049 est

200 3101 281 3141 ex
310 3085 427 3140 ﬁde
455 3085 515 3139 in
544 3085 720 3139 ﬁdem
747 3084 936 3155 (Rom.
967 3101 1006 3154 ι,
1050 3083 1178 3155 1Ἷ);
1220 3086 1416 3138 tamen
1455 3085 1545 3138 sic
1585 3084 1678 3137 illa
1722 3084 1875 3155 legis

199 3178 301 3230 est
328 3174 503 3244 ﬁdes,
538 3174 591 3248 si
622 3174 675 3228 ei
705 3173 947 3227 accedat
974 3172 1110 3226 ﬁdei
1138 3172 1457 3242 plenitudo.
1488 3172 1697 3226 Merito
1727 3188 1871 3243 ergo

198 3263 359 3319 ﬁdes
390 3263 504 3317 ista
522 3261 698 3333 quasi
726 3261 855 3316 sola
876 3260 1117 3331 dicitur;
1152 3260 1289 3331 quia
1317 3260 1417 3315 illa
1440 3260 1569 3315 sine
1592 3261 1702 3314 hac
1725 3260 1874 3316 fides

198 3368 324 3409 non
355 3353 469 3421 est,
493 3351 554 3405 in
584 3351 694 3406 hac
727 3350 1126 3406 conﬁrmatur.
1153 3350 1419 3421 Denique
1451 3350 1551 3405 ubi
1570 3350 1699 3404 haec
1728 3350 1879 3405 ﬁdes

197 3440 388 3510 venit,
423 3439 724 3510 plenitudo
765 3439 1020 3509 advenit,
1054 3439 1291 3494 advenit
1327 3439 1583 3494 ﬁliorum
1623 3439 1879 3509 adaptio,

194 3530 471 3586 cessavit
509 3528 843 3599 inﬁrmitas,
880 3528 1022 3583 abiit
1061 3528 1325 3598 infantia,
1357 3527 1417 3582 in
1457 3528 1653 3582 virum
1683 3527 1883 3597 perfe-

198 3624 371 3675 ctum
419 3618 826 3690 assurgimus,
869 3616 1172 3672 Christum
1218 3616 1539 3671 induimus.
1579 3616 1884 3682 Quomodo

196 3708 396 3781 igitur
441 3706 714 3763 inﬁrmus
762 3709 819 3762 et
865 3706 1155 3777 parvulus
1201 3721 1341 3762 esse
1390 3708 1603 3776 potest,
1654 3705 1714 3760 in
1770 3720 1884 3776 quo

199 3797 492 3852 Christus
522 3798 615 3851 est
644 3796 751 3851 Dei
781 3795 1014 3851 virtus?
1046 3794 1210 3868 Ergo
1241 3795 1314 3849 ad
1344 3794 1767 3865 perfectionem
1795 3809 1889 3849 ve-

200 3887 435 3955 nimus,
468 3884 850 3955 perfectionis
876 3888 1175 3955 praecepta
1206 3883 1566 3954 accepimus.

284 3974 377 4030 10.
413 3974 652 4029 Audisti
682 3973 856 4028 hodie
888 3973 1103 4029 lectum
1125 3971 1264 4043 (64):
1304 3993 1327 4024 α
1355 3972 1487 4028 Non
1506 3987 1755 4043 possum
1777 3987 1889 4045 ego

206 4081 245 4120 a
278 4078 377 4118 me
406 4062 607 4118 facere
638 4061 959 4133 quidquam
996 4078 1008 4116 :
1055 4062 1212 4117 sicut
1241 4062 1435 4131 audio,
1461 4060 1888 4134 judico,(Joan.

203 4170 267 4224 v,
308 4152 421 4222 80).
457 4175 481 4201 ι
518 4151 753 4205 Audisti
782 4150 1027 4206 lectum:
1065 4150 1192 4222 Ego
1221 4166 1340 4206 non
1369 4167 1589 4207 accuso
1620 4166 1752 4219 vos,
1779 4166 1892 4223 ego

207 4239 580 4312 nonjudico.
610 4238 738 4311 Ego
762 4255 879 4294 non
901 4255 1144 4307 accuso,
1174 4260 1198 4291 α
1235 4240 1475 4311 Moyses
1497 4256 1606 4296 vos
1631 4245 1890 4309 accusat,

205 4331 274 4386 in
327 4344 508 4401 quem
556 4329 814 4398 speratis
863 4327 1063 4397 (lbid.,
1115 4328 1228 4397 45).
1281 4351 1303 4376 ιι
1353 4328 1587 4384 Audisti
1635 4329 1887 4384 lectum:

1903 1788 1954 1851 Β

1974 584 2144 651 state,
2161 582 2267 635 sed
2282 597 2357 635 ex
2370 582 2641 652 aequitate
2655 584 2974 639 debeamus
2989 583 3245 638 formare
3261 585 3634 640 sententiam.

2044 670 2130 724 11.
2165 669 2468 724 Constitue
2500 670 2752 741 aliquem
2785 677 3331 744 reum'coargutum
3354 676 3409 727 et
3430 674 3638 728 convi-

1974 762 2129 812 ctum
2162 759 2449 828 criminis,
2484 774 2599 813 non
2620 764 2979 814 astruentem
3002 761 3366 815 defensionis
3390 777 3633 832 genera,

1974 848 2079 901 scd
2103 848 2517 916 deprecantem
2541 852 2596 902 et
2625 850 3033 903 advolventem
3067 865 3132 903 se
3163 850 3234 903 ad
3266 865 3456 921 genua
3480 849 3638 920 judi«

1975 936 2063 991 cis
2089 951 2104 1004 ;
2134 935 2453 1004 respondet
2483 937 2536 990 ei
2563 936 2778 1007 judex:
2815 938 2945 992 Non
2976 954 3224 1008 possum
3257 954 3289 992 a
3319 954 3410 992 me
3445 938 3643 994 facere

1975 1023 2323 1094 quidquam:
2363 1022 2596 1093 justitia
2632 1026 2691 1078 in
2724 1026 3068 1096 judicando,
3104 1043 3221 1081 non
3258 1028 3514 1097 potentia
3553 1030 3646 1082 est

1977 1111 2035 1165 in
2065 1111 2402 1182 judicando.
2440 1112 2565 1184 Ego
2597 1130 2712 1169 non
2748 1114 2972 1187 judico,
3006 1117 3112 1170 sed
3151 1115 3303 1170 facta
3342 1120 3439 1171 tua
3480 1117 3551 1171 de
3586 1118 3644 1171 te

1971 1198 2276 1271 judicant;
2328 1201 2458 1270 ipsa
2507 1205 2562 1255 te
2611 1207 2910 1273 accusant,
2965 1207 3031 1260 et.
3061 1204 3187 1275 ipsa
3235 1206 3642 1260 condemnant.

1978 1288 2176 1359 Leges
2204 1293 2259 1343 te
2291 1289 2648 1360 adjudicant,
2682 1308 2830 1362 quas
2853 1291 3043 1363 judex
3064 1310 3180 1349 non
3206 1297 3506 1363 converto,
3539 1291 3649 1348 sed

1980 1377 2269 1431 custodio.
2293 1377 2454 1432 Nihil
2488 1395 2560 1433 ex
2592 1395 2681 1434 me
2713 1396 2825 1452 ego
2846 1382 3108 1453 profero,
3136 1383 3240 1437 sed
3265 1398 3341 1437 ex
3368 1386 3424 1437 te
3457 1382 3648 1437 forma

1972 1463 2184 1537 judicii
2206 1467 2264 1520 in
2276 1469 2332 1521 te
2350 1468 2642 1536 procedit.
2659 1468 2996 1526 Secundum
3018 1471 3171 1542 quod
3201 1471 3396 1541 audio,
3410 1470 3641 1542 judico,

1979 1570 2098 1609 non
2130 1556 2458 1610 secundum
2491 1557 2648 1627 quod
2676 1558 2812 1613 volo
2838 1574 2852 1628 ;
2886 1560 2943 1613 et
2973 1559 3104 1614 ideo
3130 1558 3423 1631 judicium
3453 1575 3651 1615 meum

1981 1657 2189 1697 verum
2204 1646 2315 1713 est,
2332 1644 2468 1715 quia
2480 1660 2599 1699 non
2614 1645 2899 1701 voluntati
2918 1647 3221 1719 indulgeo,
3236 1648 3345 1704 sed
3365 1648 3649 1720 aequitati.

2055 1749 2143 1804 l2.
2176 1747 2639 1806 Consideremus
2680 1752 2875 1824 itaque
2914 1769 3048 1824 quae
3080 1754 3157 1808 sit
3173 1752 3480 1824 judicandi
3510 1753 3653 1809 reli-

1984 1837 2103 1911 gio.
2136 1838 2424 1895 Dominus
2457 1840 2591 1895 coeli
2632 1843 2806 1912 atque
2845 1844 3139 1896 terrarum
3163 1841 3354 1913 judex
3392 1842 3656 1897 omnium

1983 1928 2158 1982 dicit:
2208 1947 2231 1977 «
2276 1926 2410 1982 Non
2448 1944 2697 1998 possum
2726 1944 2759 1982 a
2790 1944 2883 1984 me
2925 1930 3123 1985 facere
3162 1930 3521 2002 quidquam:
3567 1930 3654 1986 si-

1983 2019 2081 2072 cut
2118 2016 2311 2088 audio,
2363 2018 2420 2071 et
2453 2016 2656 2088 judico
2697 2017 2886 2087 (Joan.
2920 2034 2977 2087 v,
3012 2018 3103 2088 30)
3138 2042 3159 2067 η
3205 2023 3261 2075 et
3299 2020 3476 2075 homo
3517 2020 3659 2075 dicit

1984 2104 2229 2159 Domino
2263 2120 2411 2159 suo:
2460 2125 2481 2153 α
2519 2105 2735 2159 Nescis
2766 2106 3043 2177 quoniam
3073 2110 3425 2176 potestatem
3461 2107 3654 2162 habeo

1983 2193 2276 2247 dimittere
2324 2195 2401 2263 te,
2452 2195 2509 2247 et
2554 2196 2905 2264 potestatem
2959 2194 3150 2250 habeo
3196 2196 3551 2269 cruciﬁgere
3597 2199 3657 2251 te

1984 2281 2172 2352 (Joan.
2222 2298 2344 2350 xxx,
2398 2281 2535 2350 10)?
2564 2301 2611 2357 ,ι
2663 2281 2853 2346 Quare
2909 2282 3197 2337 Dominus
3246 2298 3363 2339 non
3410 2285 3657 2354 potest?

1990 2392 2011 2417 ιι
2046 2369 2192 2434 Quia
2215 2369 2527 2440 judicium,
2560 2369 2769 2441 inquit,
2800 2386 2997 2427 meum
3018 2387 3226 2427 verum
3247 2375 3341 2427 est
3359 2372 3493 2445 (65).
3519 2372 3654 2429 Non

1985 2459 2139 2513 enim
2188 2474 2393 2529 quaero
2451 2458 2809 2514 voluntatem
2866 2475 3077 2531 meam,
3128 2462 3238 2517 sed
3292 2462 3656 2517 voluntatem

1985 2546 2120 2618 ejus
2161 2547 2261 2618 qui
2292 2547 2450 2601 misit
2492 2562 2584 2602 me
2613 2547 2803 2617 (Joan.
2836 2565 2894 2618 v,
2927 2549 3037 2619 30),
3077 2572 3100 2598 ιο
3135 2550 3194 2604 id
3226 2553 3353 2606 est:
3390 2551 3523 2606 Non
3550 2566 3653 2607 vo-

1984 2634 2267 2689 luntatem
2318 2635 2597 2705 hominis,
2648 2652 2825 2708 quem
2872 2638 3129 2694 videtis:
3186 2655 3302 2693 non
3347 2640 3655 2695 arbitrium

1984 2723 2262 2795 hominis,
2296 2739 2472 2796 quem
2502 2739 2612 2779 vos
2654 2725 2949 2781 hominem
2983 2728 3382 2784 tantummodo
3416 2728 3655 2801 judica-

1983 2812 2100 2868 tis:
2153 2829 2271 2867 non
2307 2812 2664 2868 voluntatem
2705 2815 2942 2871 carnis:
2992 2817 3130 2887 quia
3170 2817 3419 2888 spiritus
3458 2834 3656 2890 prom-

1986 2905 2142 2972 ptus,
2169 2916 2309 2956 caro
2331 2904 2523 2956 autem
2545 2902 2773 2957 inﬁrma
2795 2904 3033 2975 (Matth.
3066 2922 3229 2976 xxvr,
3251 2906 3344 2975 4i)
3368 2922 3381 2962 :
3414 2908 3521 2962 sed
3550 2922 3656 2963 vo-

1986 2990 2266 3045 luntatem
2297 2990 2574 3061 divinam,
2609 3007 2742 3063 quas
2773 2996 2976 3048 auctor
3004 2993 3179 3066 legis,
3206 2995 3543 3066 arbitraque
3559 2996 3656 3067 ju-

1988 3079 2126 3134 dicii
2154 3082 2266 3134 est.
2300 3078 2580 3134 Similiter
2608 3085 2664 3135 et
2695 3082 2864 3136 testis
2896 3097 3075 3138 verus
3108 3087 3218 3152 est,
3244 3084 3342 3154 qui
3365 3100 3483 3138 non
3514 3085 3650 3157 sibi,

1991 3169 2096 3224 sed
2129 3169 2226 3223 alii
2248 3168 2360 3223 fert
2380 3170 2799 3241 testimonium,
2824 3172 3109 3240 scriptum
3129 3175 3222 3227 est
3241 3174 3425 3228 enim:
3462 3196 3485 3221 «ι
3507 3173 3655 3229 Lau-

1990 3258 2087 3313 det
2115 3261 2170 3313 te
2201 3258 2505 3329 proximus
2538 3263 2693 3329 tuus,
2728 3263 2785 3315 et
2812 3276 2928 3314 non
2951 3276 3019 3315 os
3040 3264 3205 3315 tuum
3226 3261 3434 3333 (Prov.
3460 3278 3647 3336 xxvu,

1986 3346 2063 3418 2).
2102 3367 2125 3395 .

2058 3435 2145 3491 13.
2180 3435 2433 3491 Pulchre
2461 3440 2655 3491 autem
2685 3437 2903 3493 dicitur
2932 3437 3159 3495 Judaeis
3188 3440 3438 3512 mystice
3465 3457 3476 3497 :
3509 3438 3652 3514 ⁸Εεο

1985 3541 2096 3581 vos
2126 3540 2245 3580 non
2271 3525 2497 3596 judico,
2522 3526 2579 3580 id
2602 3529 2712 3596 est,
2735 3542 2845 3599 ego
2867 3528 3284 3584 universorum
3302 3530 3649 3601 redemptio,

1987 3629 2101 3687 ego
2131 3617 2507 3684 peccatorum
2536 3614 2836 3685 remissio,
2854 3631 2966 3673 vos
2988 3633 3104 3673 non
3129 3617 3335 3691 judico
3360 3636 3375 3690 ;
3406 3619 3543 3691 quia
3559 3634 3653 3675 me

1990 3720 2106 3758 non
2137 3701 2471 3772 recepistis.
2504 3702 2636 3758 Non
2663 3702 2887 3776 judico,
2920 3707 3021 3779 qui
3059 3707 3311 3764 libenter
3348 3708 3651 3782 indulgeo.

1992 3792 2120 3863 Ego
2149 3806 2265 3846 non
2276 3790 2504 3862 judico,
2529 3792 2628 3863 qui
2653 3794 2949 3865 sanguine
2971 3810 3102 3851 meo
3133 3797 3358 3854 redimo
3379 3803 3656 3869 peccato-

1991 3896 2113 3936 res.
2148 3879 2273 3953 Ego
2305 3896 2424 3936 non
2447 3879 2671 3952 judico,
2702 3882 2805 3954 qui
2843 3882 3010 3940 deleo
3051 3885 3410 3960 iniquitates,
3443 3893 3501 3945 et
3529 3906 3657 3947 me-

1992 3986 2125 4025 mor
2161 3985 2279 4025 non
2317 3985 2419 4025 ero
2458 3969 2597 4039 (Isa.
2631 3987 2791 4042 XLIII,
2824 3972 2935 4043 25).
2979 3973 3106 4047 Ego
3144 3992 3263 4032 non
3295 3976 3525 4051 judico,
3559 3981 3661 4052 qui

1992 4060 2145 4114 malo
2173 4059 2351 4113 vitam
2384 4074 2559 4129 quam
2587 4063 2836 4114 mortem
2864 4065 3196 4131 peccatoris
3216 4066 3466 4137 (Exeo/1.
3489 4085 3658 4138 xvm,

1994 4148 2106 4218 23).
2140 4147 2267 4220 Ego
2298 4163 2417 4202 non
2441 4147 2670 4219 judico,
2705 4150 2810 4220 qui
2839 4165 2956 4206 non
2995 4152 3227 4225 damno,
3261 4156 3369 4211 sed
3395 4156 3661 4228 justiﬁco

1998 4237 2366 4292 conﬁtentes.
2400 4237 2641 4308 Moyses
2669 4253 2780 4293 vos
2810 4245 3071 4310 accusat,
3098 4242 3194 4297 ille
3213 4260 3324 4298 vos
3352 4249 3570 4316 arguit,
3604 4246 3664 4298 in

2000 4342 2175 4398 quem
2196 4325 2485 4396 speratis:
2521 4326 2618 4380 ille
2639 4332 2881 4382 accusat
2903 4344 3034 4398 vos,
3060 4331 3196 4400 quia
3220 4331 3525 4402 judicandi
3547 4349 3665 4388 non

210 4443 235 4467 σ
278 4418 346 4474 Si
378 4433 493 4490 ego
523 4417 925 4472 testimonium
965 4416 1323 4486 perhibuero
1371 4417 1443 4472 de
1484 4432 1576 4471 me
1614 4417 1766 4488 ipso,
1800 4420 1891 4472 te-
1921 4431 1973 4493 ι)
2002 4415 2181 4470 habet
2223 4416 2592 4485 potestatem,
2641 4430 2773 4485 quae
2821 4414 2955 4487 ejus
2998 4417 3247 4473 debetur
3283 4421 3528 4475 auctori.
3563 4421 3666 4477 Ille

208 4506 567 4564 stimonium
596 4522 793 4562 meum
821 4521 938 4561 non
967 4508 1059 4560 est
1074 4521 1283 4560 verum
1303 4505 1480 4576 (Ibid.
1500 4506 1611 4576 31).
1641 4531 1662 4554 υ
1702 4507 1891 4561 Didici

210 4595 422 4670 qualis
449 4594 658 4668 judex,
692 4595 884 4667 qualis
913 4593 1084 4650 testis
1114 4610 1254 4649 esse
1285 4594 1550 4650 debeam.
1572 4596 1705 4650 Non
1734 4596 1888 4650 enim

209 4686 399 4759 quasi
439 4684 712 4740 inﬁrmus
750 4683 887 4738 dicit
943 4705 965 4731 «ι
1010 4683 1142 4738 Non
1190 4675 1381 4739 1092
1419 4699 1666 4753 possum
1706 4700 1819 4757 ego
1857 4700 1891 4739 a

209 4790 317 4831 me
359 4774 560 4829 facere
597 4772 943 4844 quidquam;
998 4791 1022 4822 ι
1075 4772 1182 4827 sed
1212 4771 1482 4827 inﬁrmus
1523 4772 1639 4840 ille,
1673 4774 1774 4844 qui
1803 4774 1893 4827 sic

208 4863 521 4935 intelligit.
547 4861 709 4917 Nihil
737 4861 974 4933 quidem
1004 4861 1134 4915 sine
1165 4861 1333 4915 Patre
1356 4860 1492 4915 facit
1512 4859 1728 4931 Filius;
1758 4862 1897 4932 quia

213 4951 560 5010 communis
600 4950 885 5021 operatio,
920 4952 979 5004 et
1017 4950 1213 5005 unitas
1253 4950 1592 5019 potestatis;
1636 4950 1743 5005 sed
1784 4949 1896 5005 hoc

214 5042 362 5098 loco
386 5041 559 5113 quasi
574 5039 763 5112 judex
785 5038 1067 5111 loquitur,
1082 5042 1144 5093 ut
1165 5054 1602 5112 cognoscamus
1625 5039 1897 5095 homines

186 5156 205 5168 ’
304 5182 420 5253 (63)
452 5183 623 5263 Boni.
665 5179 827 5250 edit.,
865 5203 887 5230 ιι
919 5176 1086 5253 Νόμος
1114 5194 1282 5253 ergo,
1314 5180 1374 5236 id
1411 5183 1507 5236 est
1542 5181 1656 5252 lex,
1698 5181 1901 5252 paeda-

305 5254 794 5396 (ggfﬂgtidnem
824 5321 976 5378 hanc
1006 5322 1067 5378 in
1109 5321 1397 5396 Ecclesiae
1440 5322 1650 5396 synaxi
1692 5322 1905 5378 factam

219 5410 378 5453 esse
423 5394 669 5449 dubium
713 5396 825 5449 est.
867 5399 959 5449 An
996 5410 1144 5450 vero
1187 5394 1519 5466 Mediolani,
1564 5395 1800 5450 minime
1841 5396 1907 5450 li-

221 5469 399 5542 quq:

308 5538 424 5606 (65)
459 5537 627 5592 Rom.
663 5536 825 5606 edit.,
861 5537 1009 5605 sola,
1049 5558 1071 5587 ι
1105 5551 1301 5591 meum
1330 5534 1559 5607 justum
1592 5538 1702 5591 est.
1740 5560 1762 5584 η

308 5540 424 5606 (65)
459 5540 627 5592 Rom.
663 5540 825 5606 edit.,
861 5540 1009 5605 sola,
1049 5558 1071 5587 ι
1105 5551 1301 5591 meum
1330 5540 1559 5607 justum
1592 5540 1702 5591 est.
1740 5560 1762 5584 η

306 5607 404 5676 (66
455 5607 604 5663 Mss.
635 5608 879 5679 aliquot,
909 5628 932 5658 α
958 5608 1305 5663 Judmorum
1325 5607 1659 5677 prudentia.
1688 5632 1709 5654 υ
1738 5607 1909 5663 Male.

310 5616 426 5757 (6⁵1)
446 5678 849 5751 Hermannus,
874 5678 971 5735 his
993 5679 1196 5738 verbis
1228 5678 1464 5752 ductus,
1488 5678 1909 5739 Horontianum

2006 4520 2151 4577 ergo
2179 4504 2241 4558 in
2271 4520 2446 4575 quem
2476 4503 2730 4574 aperatis
2765 4508 3044 4572 accusat;
3084 4507 3196 4561 iste
3226 4507 3285 4561 in
3322 4522 3497 4579 quem
3529 4525 3670 4581 spe-

2007 4610 2142 4649 rare
2178 4593 2474 4664 noluistis,
2503 4592 2777 4648 absolvit.

2080 4683 2168 4738 14.
2210 4683 2423 4754 Magna
2462 4681 2802 4736 Judaeorum
2840 4682 3230 4752 imprudentia
3267 4684 3418 4757 (66)!
3462 4687 3672 4746 Merito

2011 4774 2368 4827 accusantur
2401 4771 2462 4823 in
2499 4770 2850 4825 criminibus
2887 4772 3051 4840 suis;
3091 4774 3228 4845 quia
3266 4781 3675 4834 accusatorem

2012 4860 2339 4932 elegerunt,
2383 4862 2440 4913 et
2475 4858 2695 4914 bonum
2726 4860 2991 4931 judicem
3029 4863 3463 4923 refutaverunt:
3510 4868 3678 4925 ideo-

2013 4963 2129 5021 que
2159 4948 2327 5002 deest
2357 4947 2476 5002 illis
2505 4948 2821 5018 absolutio,
2853 4966 3027 5020 poena
3058 4967 3174 5006 non
3204 4953 3391 5009 deest.

2087 5036 2174 5092 15.
2215 5036 2397 5091 Recte
2429 5052 2595 5109 ergo,
2629 5037 2733 5109 ﬁli,
2767 5054 2800 5092 a
2830 5038 2962 5111 lege
2994 5041 3227 5112 coepisti
3256 5040 3368 5114 (6'1)
3398 5044 3459 5100 in
3491 5044 3681 5102 Evan-

2018 5180 2175 5258 h_unc
2202 5178 2571 5258 e_Judaismo
2604 5196 2964 5258 conversum
2993 5183 3317 5258 existimat:
3352 5202 3543 5258 neque
3572 5202 3687 5243 nos

2019 5252 2091 5305 ab
2133 5266 2202 5305 eo
2244 5250 2355 5304 hac
2396 5253 2455 5304 in
2495 5267 2556 5307 re
2608 5252 2992 5308 dissidemus.
3045 5255 3333 5314 Addimus
3383 5250 3524 5313 ve'ro
3568 5274 3687 5313 non

2021 5323 2290 5396 eumdem
2321 5321 2721 5396 illum_videri,
2754 5324 2827 5378 ad
2856 5341 3031 5396 quem
3063 5326 3370 5381 destinatae
3406 5331 3542 5382 sunt
3579 5344 3689 5383 su-

2022 5394 2408 5465 perioresiad
2451 5393 2891 5449 Horontianum‘
2918 5397 3205 5465 epistolae.
3250 5397 3420 5451 Hunc
3462 5399 3617 5452 enim
3657 5416 3694 5455 α

2022 5465 2245 5519 teneris
2278 5464 2565 5519 Ecclesiae
2597 5465 2855 5521 oblatum
2877 5483 2907 5520 a
2940 5468 3280 5536 parentibus
3304 5472 3554 5536 constat,
3581 5485 3693 5525 nec

2021 5536 2254 5590 videtur
2271 5550 2339 5589 ea
2370 5536 2623 5606 quaestio
2653 5552 2686 5590 a
2710 5537 2968 5592 Diacono
2987 5541 3042 5591 et
3058 5554 3091 5591 a
3115 5538 3242 5591 viro
3265 5538 3697 5599 ecclesiasticis

2024 5605 2355 5681 disciplinis
2370 5605 2634 5681 instituto
2657 5608 2979 5681 preposita,
2994 5607 3067 5662 ad
3083 5622 3258 5681 quam
3271 5609 3700 5680 exsolvendam

336 5677 426 5752 6'7)
446 5677 971 5751 Hermannus,his
993 5679 1196 5738 verbis
1228 5678 1464 5752 ductus,
1488 5678 1916 5739 Horontianum
2024 5678 2135 5737 has
2166 5677 2392 5737 litteras
2423 5679 2639 5737 direxit
2659 5677 3043 5747 Ambrosius.

523 5777 779 5841 ΡΑτιιοι..
834 5774 991 5840 XVI.

3347 5779 3419 5846 42
