4060 6178
493 311 649 376 1323

1924 306 1989 373 S.
2032 302 2475 374 AMBROSII.

3711 317 3827 391 1324

498 507 659 581 gelio
690 505 1074 562 conﬁrmatus
1115 521 1205 578 es,
1235 521 1269 561 a
1298 505 1414 593 ﬁde
1444 506 1506 562 in
1544 506 1742 578 ﬁdem,
1777 507 1933 563 sicut
1973 497 2168 562 1093
2196 491 2247 553 Ᾱ
2280 507 2585 563 cumcisus
2622 523 2734 579 pro
2772 505 2950 563 nobis
2992 510 3103 579 est,
3149 511 3214 563 ut
3251 507 3831 593 circumcisionemlagis

498 596 784 666 scriptum
816 598 929 650 est.
969 614 992 643 ‹‹
1028 596 1238 651 Justus
1270 585 1427 650 enim
1457 610 1534 650 ex
1573 595 1688 650 ﬁde
1726 595 1874 650 vivit
1902 594 2089 666 (Rom.
2124 612 2164 665 ι,

496 683 608 757 17).
644 708 667 735 ιι
705 684 849 740 Vale
881 686 940 740 et
968 700 1082 740 nos
1113 684 1315 758 dilige,
1337 684 1473 757 quia
1503 700 1615 740 nos
1646 688 1701 740 te
1730 682 2057 757 diligimus.

968 825 1339 882 EPISTOLA
1376 825 1688 883 LXXVIII.

491 951 760 1008 Abi-aha
774 952 972 1007 instar
985 967 1093 1006 nos
1114 967 1193 1006 ex
1210 950 1690 1023 fidejusti/icari,
1709 964 1817 1023 qua
1835 965 2036 1023 sumus
2052 947 2165 1023 {iIii

567 1023 809 1079 liberae:
837 1022 1349 1078 circumcisionezn
1362 1028 1583 1077 tantum
1601 1038 1712 1093 per
1722 1022 2029 1093 Christum
2048 1022 2162 1093 vim

568 1094 872 1167 habuisse,
899 1110 1064 1167 quam
1087 1095 1216 1165 ipse
1244 1094 1307 1147 iu
1330 1100 1528 1167 semet_
1541 1092 1763 1167 passus
1788 1092 2025 1167 antiqua
2037 1092 2120 1145 vit
2144 1110 2162 1146 :

557 1162 864 1239 justitiam
874 1162 1020 1239 ergo
1037 1162 1150 1219 non
1164 1162 1622 1239 exspectandam
1644 1163 1763 1239 nisi
1774 1178 1853 1239 ex
1862 1162 1998 1239 fide,
2017 1179 2161 1235 quae,

568 1235 627 1291 si
638 1235 914 1309 perfecta
932 1235 1032 1300 sit,
1060 1235 1347 1309 nunquam
1371 1236 1666 1290 charitate
1686 1235 2055 1290 destituitur.

854 1360 1196 1416 Auaaosws
1247 1360 1633 1416 Hoaouruuo
1673 1358 1805 1429 (68).

566 1485 619 1540 1.
657 1503 680 1536 ι
710 1483 780 1540 Si
810 1484 1110 1541 Abraham
1149 1484 1402 1540 credidit
1438 1484 1582 1553 Deo,
1616 1486 1674 1538 et
1710 1484 2042 1554 reputatum
2072 1483 2166 1537 est

496 1574 641 1630 eiad
656 1572 951 1646 justitiam
978 1574 1152 1644 (Gen.
1176 1590 1274 1644 xv,
1297 1573 1373 1644 6),
1398 1593 1420 1624 ι
1447 1572 1606 1645 quod
1633 1573 2164 1642 autemvreputatur

496 1663 572 1718 ad
599 1662 913 1734 justitiam,
943 1677 1020 1718 ex
1048 1661 1457 1717 incredulitate
1486 1662 1559 1716 ad
1590 1661 1766 1716 ﬁdem
1797 1663 1927 1715 est:
1961 1660 2162 1732 utique

503 1766 580 1807 ex
610 1751 725 1806 ﬁde
742 1750 1162 1823 justiﬁcamur,
1186 1765 1305 1805 non
1322 1764 1399 1805 ex
1413 1750 1696 1821 operibus
1711 1749 1887 1822 legis.
1907 1748 2163 1804 Abrahae

2281 596 2561 667 auferret,
2593 596 2842 652 daturus
2875 597 3126 653 salutem
3157 598 3378 654 crucis.

2350 683 2405 740 5.
2436 685 2657 756 Spiritu
2680 686 2863 758 igitur
2882 701 2958 741 ex
2981 687 3097 741 ﬁde
3127 702 3295 758 spem
3324 687 3551 760 justitiae
3575 700 3836 764 exspectan-

2281 774 2413 830 dam
2442 774 2617 839 nobis
2648 776 2867 830 asserit
2896 775 3224 846 Apostolus
3254 774 3464 848 (Galat.
3491 795 3544 850 ν,
3570 780 3636 851 5),
3663 785 3710 837 et
3728 784 3774 838 in
3791 786 3837 840 li-
3948 766 3949 787 ¹

2279 862 2565 918 bertatem
2577 866 2842 934 vocatos,
2858 864 3189 919 libertatem
3208 868 3467 921 nostram
3482 868 3535 922 in
3549 870 3834 928 occasionem

2282 952 2482 1006 carnis
2528 968 2647 1007 non
2695 953 2913 1009 debere
2963 953 3257 1010 conferre.
3311 954 3589 1026 Siquidem
3641 980 3660 1005 ι
3701 976 3835 1033 neque

2282 1040 2661 1097 circumcisio
2700 1041 2921 1114 aliquid
2959 1042 3134 1112 valet,
3173 1058 3365 1114 neque
3403 1045 3735 1115 prmputium:
3765 1050 3836 1104 sed

2280 1128 2432 1183 ﬁdes
2461 1144 2595 1201 qum
2624 1144 2732 1200 per
2786 1130 3128 1186 charitatem
3166 1134 3445 1203 operatur
3476 1133 3632 1202 (Ibid.
3657 1133 3717 1205 6).
3745 1156 3762 1186 ι
3791 1137 3837 1192 Et

2279 1217 2414 1273 ideo
2444 1218 2734 1290 scriptum
2765 1222 2886 1275 est:
2924 1241 2947 1268 α
2982 1219 3211 1291 Diliges
3241 1220 3540 1279 Dominum
3559 1222 3836 1280 Deumtuum

2281 1304 2476 1373 (Deut.
2500 1322 2580 1375 γι,
2602 1305 2680 1376 4).
2709 1325 2732 1356 ι
2755 1305 2867 1372 Qui
2894 1308 3090 1362 autem
3112 1307 3323 1380 diligit,
3359 1301 3543 1366 1094
3567 1311 3733 1382 utique
3755 1328 3836 1368 cre-

2278 1392 2381 1464 dit,
2414 1397 2472 1448 et
2499 1394 2797 1451 credendo
2835 1396 3249 1469 unusquisque
3286 1397 3530 1470 diligere
3554 1399 3741 1470 incipit.
3764 1401 3840 1457 De-

2276 1482 2456 1553 nique
2493 1482 2794 1538 Abraham
2833 1484 3102 1555 credidit,
3134 1488 3193 1541 et
3230 1485 3320 1542 sic
3352 1486 3585 1559 diligere
3612 1489 3778 1560 coepit:
3804 1493 3840 1544 at

2276 1570 2525 1626 credidit
2554 1587 2675 1627 non
2704 1586 2777 1627 ex
2804 1575 2990 1644 parte,
3024 1573 3133 1629 sed
3170 1590 3281 1645 per
3318 1576 3528 1631 omnia.
3554 1575 3713 1633 Aliter
3741 1577 3843 1634 enim

2275 1657 2510 1730 plenam
2579 1674 2698 1715 non
2766 1664 2996 1733 poterat
3056 1660 3281 1719 habere
3346 1662 3704 1731 charitatem;
3753 1666 3841 1737 quin

2274 1748 2562 1820 scriptum
2592 1752 2712 1805 est:
2761 1770 2783 1800 ι
2818 1748 3089 1807 Charitas
3119 1751 3304 1808 credit
3333 1753 3523 1808 omnia
3551 1752 3602 1824 (Ι
3632 1752 3742 1809 Cor.
3762 1770 3845 1823 xm,

493 1838 828 1931 autem_ipsi
849 1839 965 1895 duo
987 1838 1353 1931 ﬁlii,_lsmael
1376 1841 1433 1931 et
1452 1839 1809 1931 Isaac,unus
1833 1837 1905 1894 de
1928 1838 2160 1931 ancilla,
2194 1864 2249 1931 Β
2272 1835 2350 1907 7).
2397 1860 2420 1885 ιι
2473 1836 2536 1894 Si
2556 1853 2701 1931 ‘non
2750 1838 2938 1931 credit
2976 1839 3192 1911 omnia,
3236 1855 3357 1897 non
3402 1841 3625 1897 videtur
3662 1842 3845 1897 charitas

492 1928 641 2003 alter
669 1927 742 1985 de
772 1928 959 1984 libera
991 1927 1213 1997 (Galat.
1238 1944 1317 1998 iv,
1340 1927 1452 1998 22).
1476 1927 1548 1982 Et
1567 1942 1924 1999 responsum
1946 1926 2163 1998 hujus-
2194 1926 2239 1931 "
2274 1941 2416 1982 esse
2438 1926 2721 1998 perfecta.
2748 1927 2909 2002 Ergo
2931 1928 3193 2001 perfecta
3216 1929 3478 1987 charitas
3506 1945 3712 1988 omnem
3730 1930 3848 1986 ﬁdem

494 2017 676 2088 modi,
707 2019 772 2073 ut
800 2016 1125 2087 expelleret
1153 2016 1428 2071 ancillam
1445 2018 1502 2071 et
1529 2015 1712 2072 ﬁlium
1741 2016 2008 2083 ancillae;
2044 2030 2163 2071 non

492 2106 649 2161 enim
695 2104 994 2161 heredem
1042 2105 1171 2161 fore
1220 2104 1452 2160 ancillae
1501 2104 1722 2175 ﬁlium;
1773 2109 1830 2160 et
1872 2104 2005 2160 ideo
2044 2120 2163 2173 non

491 2194 722 2250 ancillae
742 2208 855 2251 nos
877 2194 1033 2250 ﬁlios
1056 2210 1216 2265 esse,
1246 2195 1354 2250 sed
1375 2195 1600 2266 liberae,
1619 2210 1735 2266 qua
1757 2194 2028 2250 libertate
2048 2209 2160 2249 nos

491 2282 767 2339 Christus
805 2283 1096 2339 liberavit.
1140 2283 1309 2339 Unde
1347 2283 1649 2356 colligitur
1689 2283 1847 2355 quod
1886 2282 1927 2336 ii
1964 2282 2159 2355 magis

489 2372 750 2427 Abrahae
779 2372 905 2444 ﬁlii,
939 2372 1043 2443 qui
1061 2388 1138 2427 ex
1156 2372 1303 2444 ﬁde;
1336 2375 1624 2444 praestant
1643 2373 1798 2428 enim
1828 2371 1964 2427 ﬁdei
1986 2387 2161 2443 quam

490 2461 897 2534 generationis
928 2462 1221 2518 haeredes.
1256 2462 1384 2517 Lex
1411 2461 1782 2534 paedagogus
1811 2463 1903 2516 est
1935 2459 2159 2530 (Galat.

488 2567 575 2621 ιιι,
606 2549 720 2621 24),
754 2550 904 2605 ﬁdes
934 2550 1154 2607 libera:
1190 2550 1544 2622 abjiciamus
1574 2565 1724 2622 ergo
1753 2565 1933 2620 opera
1965 2549 2160 2604 servi-

488 2639 654 2709 tutis,
689 2642 996 2694 teneamus
1018 2641 1269 2712 gratiam
1296 2639 1618 2695 libertatis:
1655 2639 2004 2694 deseramus
2035 2654 2159 2693 um-

489 2727 658 2782 bram
688 2726 822 2799 (69),
847 2728 1037 2783 solem
1057 2727 1274 2784 secuti:
1310 2729 1463 2783 ritus
1483 2728 1769 2783 Judaicos
1786 2727 2158 2783 deseramus.

559 2814 615 2871 2.
648 2814 1043 2872 Circumcisio
1075 2817 1326 2872 membri
1354 2817 1532 2872 unius
1561 2817 1709 2872 nihil
1748 2817 2019 2887 prodest.
2048 2815 2161 2871 De-

489 2904 668 2976 nique
702 2904 781 2960 ait
800 2906 1154 2976 Apostelus:
1194 2929 1216 2955 «
1238 2906 1394 2962 Ecce
1424 2921 1537 2978 ego
1562 2906 1782 2961 Paulus
1803 2906 1936 2960 dico
1958 2905 2156 2976 vobis,

490 2993 770 3066 quoniam
811 2995 863 3049 si
905 2995 1428 3067 circumcidamini,
1466 2994 1742 3050 Christus
1789 2994 1963 3050 vobis
2012 2994 2157 3049 nihil

487 3083 751 3154 proderit
787 3082 1009 3153 (Galat.
1053 3101 1111 3154 v,
1154 3083 1230 3157 2).
1272 3084 1406 3142 Non
1445 3083 1583 3156 quia
1629 3099 1748 3140 non
1793 3083 2005 3155 possit,
2049 3082 2159 3138 sed

489 3172 628 3245 quia
657 3171 939 3245 indignos
969 3173 1279 3229 beneﬁciis
1302 3174 1434 3230 suis
1457 3173 1704 3246 judicet,
1728 3174 1829 3245 qui
1861 3173 1990 3228 vias
2023 3171 2158 3245 ejus

488 3260 788 3316 deserant.

560 3350 615 3405 3.
666 3349 739 3404 Et
783 3350 1021 3422 quidem
1069 3353 1202 3406 ante
1250 3349 1517 3422 Sephora
1565 3350 1934 3406 circumcidit
1974 3350 2159 3406 ﬁlium

490 3454 688 3510 suum,
708 3443 765 3494 et
786 3439 1115 3510 periculum
1135 3440 1376 3511 depulit,
1397 3440 1555 3511 quod
1574 3440 1914 3496 imminebat
1935 3440 2155 3512 (Exod.

490 3544 570 3598 IV,
617 3528 747 3599 25):
810 3528 919 3583 sed
960 3531 1101 3584 tunc
1147 3528 1370 3600 profuit
1425 3526 1725 3602 Christus,
1773 3545 1908 3585 cum
1963 3530 2157 3585 adhuc

489 3617 752 3688 perfecta
783 3615 1068 3673 diﬁ‘erret.
1092 3615 1238 3673 Cum
1254 3618 1539 3688 parvulus
1569 3621 1733 3674 esset
1751 3619 2007 3690 populus
2029 3634 2156 3675 cre-

489 3706 776 3778 dentium,
822 3707 984 3762 venit
1040 3722 1159 3763 non
1217 3708 1524 3780 parvulus,
1575 3708 1683 3764 sed
1738 3708 2040 3779 perfectus
2095 3709 2157 3763 in

492 3797 768 3851 omnibus
808 3795 1096 3851 Dominus
1146 3795 1349 3852 Jesus.
1391 3797 1798 3853 Circumcisus
1836 3800 1930 3853 est
1966 3797 2156 3869 primo

492 3884 822 3939 secundum
865 3885 1079 3957 legem,
1113 3900 1187 3939 ne
1227 3885 1423 3957 legem
1462 3886 1760 3943 solveret:
1806 3889 2013 3958 postea
2048 3902 2157 3957 per

493 3987 753 4044 crucem,
783 3976 847 4028 ut
870 3974 1066 4045 legem
1093 3973 1379 4045 impleret.
1414 3974 1686 4030 Cessavit
1716 3991 1861 4048 ergo
1891 3976 2050 4049 quod
2079 3991 2156 4032 ex

490 4066 656 4134 parte
705 4065 817 4132 est,
867 4062 1005 4133 quia
1042 4064 1204 4117 venit
1241 4063 1399 4134 quod
1438 4064 1770 4134 perfectum
1809 4069 1901 4120 est
1930 4065 1987 4137 (Ι
2014 4065 2153 4123 Cor.

491 4151 753 4223 xxu,10);
779 4167 929 4207 crux
948 4151 1106 4206 enim
1121 4151 1183 4205 in
1199 4150 1437 4207 Christo
1460 4168 1577 4208 non
1598 4169 1781 4208 unum
1800 4155 2152 4227 membrum,

492 4241 600 4295 sed
621 4240 801 4297 totius
834 4239 1201 4296 circumcidit
1228 4240 1564 4312 superﬂuas
1594 4245 1864 4315 corporis
1884 4245 2156 4316 volupta-

490 4332 604 4387 tes.

558 4421 614 4475 4.
646 4417 931 4475 Fortasse
962 4418 1155 4474 adhuc
1186 4420 1474 4491 quaeritur
1501 4436 1617 4492 qua
1646 4422 1874 4478 ratione
1906 4424 2158 4481 circum-

490 4510 606 4564 cidi
644 4525 721 4565 ex
749 4512 916 4580 parte
954 4508 1227 4576 voluerit,
1261 4509 1365 4580 qui
1401 4514 1645 4565 venerat
1682 4512 2005 4582 perfectam
2035 4515 2155 4570 cir-

2276 2012 2474 2070 habet.

2344 2102 2399 2159 6.
2434 2102 2567 2159 Non
2595 2106 2792 2160 tamen
2821 2103 2994 2161 facile
3022 2105 3299 2178 dixerim,
3324 2108 3485 2180 quod
3504 2108 3743 2164 continuo
3763 2122 3847 2163 om-

2275 2206 2385 2246 nes
2415 2190 2566 2248 ﬁdes
2594 2192 2916 2264 perfectam
2945 2193 3290 2251 charitatem
3330 2196 3569 2253 habeat:
3607 2197 3724 2270 quia
3744 2198 3852 2268 Apo-

2273 2279 2467 2336 stolus
2511 2280 2695 2337 dixit:
2752 2305 2775 2331 α
2824 2281 2889 2338 Si
2930 2282 3195 2340 habuero
3244 2300 3479 2342 omnem
3526 2286 3702 2356 ﬁdem,
3728 2285 3786 2339 ita
3813 2288 3852 2338 ut

2272 2372 2505 2424 montes
2524 2370 2901 2443 transferam,
2927 2372 3271 2429 charitatem
3292 2378 3490 2431 autem
3519 2390 3629 2430 non
3658 2374 3853 2441 habeam,

2270 2456 2417 2512 nihil
2448 2458 2591 2513 mihi
2636 2460 2883 2530 prodest
2927 2459 2985 2531 (Ι
3011 2460 3147 2517 Cor.
3177 2479 3304 2533 xm,
3347 2463 3426 2534 2).
3464 2487 3487 2511 ι
3532 2462 3734 2518 Etenim
3766 2477 3854 2516 cum

2269 2546 2381 2600 tria
2429 2547 2550 2602 sint
2575 2548 2838 2604 maxime
2876 2549 2940 2604 in
2978 2549 3111 2605 viro
3150 2550 3518 2622 Christiano,
3558 2567 3705 2623 spes,
3738 2550 3856 2618 ﬁdes,

2270 2633 2570 2693 charitas:
2602 2635 2794 2708 major
2824 2636 2921 2692 his
2951 2641 3044 2693 est
3073 2638 3333 2694 charitas
3366 2640 3546 2711 (Ibid.
3579 2641 3678 2710 t3).

2337 2723 2392 2778 ’7.
2425 2723 2544 2779 Sed
2572 2725 2829 2780 arbitror
2864 2727 3158 2797 propositi
3188 2729 3383 2800 gratia
3423 2729 3534 2800 ('70)
3562 2729 3667 2784 hoc
3697 2727 3861 2783 dixisse

2268 2812 2661 2884 Apostolum;
2702 2829 2894 2886 neque
2936 2815 3093 2871 enim
3131 2816 3372 2872 videtur
3411 2818 3553 2872 mihi
3588 2818 3680 2889 qui
3710 2817 3862 2870 habent
3948 2838 3949 2849 ι

2268 2915 2502 2956 omnem
2532 2901 2730 2973 ﬁdem,
2765 2903 2844 2957 ita
2871 2906 2934 2958 ut
2964 2907 3194 2959 montes
3228 2905 3571 2976 transferat,
3594 2888 3865 2960 charitatem
3948 2888 3949 2907 ¹

2267 3004 2387 3044 non
2434 2989 2695 3062 habere;
2736 2992 3032 3063 quomodo
3069 2995 3128 3048 et
3165 2993 3333 3066 illud,
3378 2995 3434 3050 si
3474 2994 3678 3050 habeat
3708 2991 3863 3064 aliquis

2268 3080 2465 3133 omnia
2510 3080 2812 3152 mysteria,
2859 3084 2917 3136 et
2963 3096 3198 3137 omnem
3244 3083 3595 3156 scientiam;
3641 3081 3866 3155 quomodo

2266 3182 2387 3222 non
2416 3167 2630 3223 habeat
2662 3169 3026 3242 charitatem,
3050 3173 3389 3241 praesertim
3419 3189 3553 3228 cum
3583 3172 3722 3228 dicat
3741 3172 3868 3227 Joan-

2267 3272 2377 3313 nes
2402 3272 2415 3313 :
2461 3280 2483 3305 u
2519 3255 2666 3322 Quia
2696 3259 2891 3314 omnis
2920 3259 3022 3331 qui
3060 3260 3249 3316 credit
3280 3262 3425 3333 quia
3456 3262 3634 3317 Jesus
3660 3259 3866 3316 Christus

2267 3349 2379 3417 est,
2412 3345 2484 3402 de
2524 3347 2645 3403 Deo
2686 3350 2861 3403 natus
2899 3350 2994 3403 est
3031 3348 3086 3420 (Ι
3119 3349 3289 3406 Joan.
3343 3367 3405 3421 v,
3455 3349 3510 3422 1)
3523 3369 3539 3418 ;
3594 3374 3617 3399 ιι
3659 3353 3710 3405 et
3745 3362 3870 3419 supra

2264 3435 2397 3508 ipse
2426 3435 2641 3491 dixerit
2666 3451 2679 3493 :
2719 3458 2742 3485 α
2775 3436 3062 3502 Quoniam
3092 3438 3195 3510 qui
3222 3439 3295 3495 de
3326 3440 3455 3495 Deo
3484 3441 3654 3494 natus
3682 3441 3868 3508 est,non

2264 3528 2471 3595 peccat
2506 3524 2709 3596 (Ibid,
2743 3542 2828 3596 ιιι,
2873 3524 2981 3596 9)?
3023 3548 3046 3575 »
3092 3526 3262 3583 Unde
3304 3527 3631 3602 colligitur,
3662 3527 3712 3582 si
3742 3527 3786 3581 is
3807 3523 3868 3595 qui

2267 3612 2456 3668 credit
2485 3614 2623 3685 quia
2650 3614 2833 3670 Jesus
2861 3613 3138 3671 Christus
3168 3619 3281 3687 est,
3315 3617 3395 3673 de
3441 3618 3568 3673 Deo
3603 3619 3756 3672 natus
3786 3615 3867 3675 est;

2266 3704 2324 3757 et
2353 3702 2456 3774 qui
2485 3702 2558 3757 de
2591 3702 2712 3758 Deo
2741 3705 2915 3759 natus
2944 3707 3056 3772 est,
3092 3720 3211 3760 non
3245 3708 3491 3777 peccat:
3524 3706 3715 3778 utique
3742 3704 3786 3758 is
3807 3698 3871 3771 qui

2268 3790 2471 3847 credat
2515 3791 2654 3863 quia
2697 3792 2880 3848 Jesus
2926 3791 3203 3849 Christus
3259 3796 3379 3867 est,
3429 3810 3553 3851 non
3608 3796 3799 3866 peccat.
3830 3786 3869 3841 Si

2266 3880 2403 3952 quis
2458 3883 2655 3936 autem
2699 3884 2925 3954 peccat,
2978 3897 3098 3938 non
3140 3883 3368 3940 credit:
3430 3884 3539 3957 qui
3584 3884 3758 3939 autem
3792 3891 3871 3934 non

2268 3969 2475 4040 credit,
2506 3984 2617 4025 nec
2648 3969 2878 4043 diligit:
2925 3971 3029 4042 qui
3061 3975 3256 4027 autem
3295 3988 3423 4028 non
3457 3973 3666 4045 diligit,
3696 3970 3869 4041 peccato

2266 4058 2560 4114 obnoxius
2608 4062 2703 4115 est
2743 4059 2878 4132 (7t).
2928 4059 3089 4133 Ergo
3133 4075 3252 4116 non
3291 4061 3517 4135 diligit,
3558 4060 3656 4134 qui
3698 4056 3872 4131 peccat;

2268 4146 2528 4203 charitas
2572 4147 2730 4204 enim
2772 4147 3204 4204 multitudinem
3245 4150 3447 4220 operit
3493 4154 3825 4222 peccatorum
3842 4139 3876 4210 (Ι

2264 4235 2440 4293 Petr.
2474 4253 2551 4309 iv,
2587 4237 2663 4309 8).
2695 4236 2864 4303 Quod
2893 4237 2947 4291 si
2976 4237 3233 4293 charitas
3262 4240 3563 4310 peccandi
3584 4228 3872 4295 excludite!-

2265 4325 2513 4397 fectum,
2581 4325 3059 4398 quandoquidem
3119 4328 3294 4382 etiam
3349 4329 3634 4386 timorem
3686 4321 3874 4383 excludit

2265 4414 2449 4485 foras,
2480 4413 2654 4486 plena
2682 4417 2776 4471 est
2802 4415 3004 4487 utique
3035 4415 3316 4487 perfectae
3349 4417 3499 4473 ﬁdei
3532 4417 3786 4473 charitas.

2339 4503 2392 4560 8.
2425 4504 2689 4577 Denique
2727 4504 3002 4576 apostoli,
3043 4506 3146 4578 qui
3183 4505 3371 4562 futuri
3414 4511 3591 4563 erant
3626 4504 3793 4571 amici,
3819 4498 3873 4554 di-

490 4598 917 4655 cumcisionem
967 4598 1501 4654 demonstraturus.
1554 4600 1636 4655 De
1683 4616 1802 4673 quo
1848 4618 1968 4658 non
2015 4608 2154 4674 puto
2187 4583 2506 4649 Dxel'unti
2558 4615 2581 4640 α
2631 4594 2880 4666 Adauge
2925 4593 3100 4650 DObiS
3148 4594 3327 4650 ﬁdem
3376 4596 3551 4666 (Luc-
3595 4612 3727 4664 ινη.
3764 4592 3820 4659 5):
3854 4607 3867 4632 '

490 4702 631 4744 esse
660 4688 882 4743 diutius
904 4687 1369 4744 deliberandum.
1390 4688 1540 4743 Nam
1562 4690 1614 4744 si
1635 4693 1939 4760 peccatum
1962 4692 2152 4750 factus

490 4782 584 4832 est
633 4776 723 4847 (II
759 4776 895 4833 Cor.
937 4794 996 4848 ν,
1038 4777 1150 4848 2t),
1194 4780 1256 4832 ut
1295 4780 1497 4833 nostra
1533 4783 1772 4849 peccata
1812 4781 2152 4839 mundaret:

492 4865 547 4919 si
576 4865 949 4921 maledictum
979 4882 1086 4937 pro
1118 4864 1293 4923 nobis
1324 4867 1517 4922 factus
1549 4870 1660 4938 est,
1690 4873 1755 4924 ut
1785 4869 1939 4942 legis
1970 4871 2155 4927 male-

492 4952 646 5008 dicta
686 4956 963 5010 vacuaret
999 4954 1219 5026 (GaIat.
1265 4972 1347 5027 ιιι,
1390 4955 1480 5027 13)
1502 4973 1518 5024 ;
1562 4971 1631 5012 ea
1672 4960 1898 5015 ratione
1934 4963 1993 5016 et
2034 4961 2155 5015 cir-

561 5219 674 5296 (68)
708 5220 880 5278 Rom.
916 5220 1079 5302 edit,
1119 5244 1140 5271 α
1179 5222 1535 5302 Ambrosius
1550 5226 1883 5302 episcopus
1916 5227 2154 5289 Horon-

487 5294 679 5376 tianq;
714 5315 736 5341 »ι
771 5309 891 5376 vox
921 5294 1233 5376 episcopus
1248 5297 1308 5351 in
1330 5301 1445 5376 vet.
1469 5294 1618 5354 edit.—
1634 5294 1983 5376 cunctisque
2004 5322 2152 5362 mss.

489 5366 902 5449 desideratur,‘
932 5366 1164 5447 necnOn
1219 5367 1284 5449 in
1336 5367 1546 5425 horum
1601 5371 1798 5444 aliquo
1844 5366 2156 5449 inscriptio

490 5437 729 5494 omnino
760 5437 1166 5508 praetermissa
1197 5443 1309 5495 est.

560 5509 673 5590 (69)
714 5509 862 5590 Mss.
896 5512 1174 5590 quatuor,
1221 5511 1638 5590 «_deseramus
1674 5513 1942 5590 umbram
1968 5516 2151 5590 solis,

488 5579 666 5635 sicuti
695 5579 845 5634 ritus
883 5579 1206 5636 Judaicos:
1250 5582 1599 5638 deseramus
1639 5579 2157 5646 circumcisioneni

482 5651 737 5723 membri
768 5649 978 5723 unius,
998 5667 1132 5722 quae
1164 5652 1309 5707 nihil
1338 5654 1601 5723 prodest.
1638 5675 1660 5704 ι

562 5691 1830 5803 ξῆὀῖιίιὸιῖιὶῖιῖῐίῈέἒςῗᾞέιθόᾦνοέἷῖἕέταιίας
1872 5752 1895 5779 υ
1930 5729 2143 5797 melius

2267 4686 2533 4755 petentes
2556 4698 2589 4737 a
2605 4682 2763 4738 bono
2785 4683 3035 4753 medico,
3060 4688 3122 4739 ut
3153 4684 3567 4742 inﬁrmantem
3594 4686 3653 4740 in
3682 4699 3741 4740 se
3756 4680 3873 4736 ﬁdem

2269 4774 2524 4827 sanaret.
2560 4771 2975 4827 Inﬁrmabatur
3001 4772 3196 4828 adhuc
3227 4772 3385 4829 ﬁdes
3407 4775 3472 4829 in
3503 4775 3602 4846 iis,
3621 4788 3744 4828 cum
3766 4764 3873 4823 audi

2269 4863 2362 4915 ret
2391 4860 2566 4915 etiam
2600 4861 2844 4915 Petrus:
2892 4882 2915 4909 α
2961 4859 3220 4917 Minime
3249 4861 3416 4933 ﬁdei,
3450 4878 3638 4937 quare
3665 4852 3876 4918 dubitasti

2273 4949 2513 5021 (Matth.
2548 4965 2670 5023 xxv,
2701 4948 2793 5017 81)
2813 4950 2842 5005 ?
2874 4970 2896 4999 ι
2931 4947 3091 5023 Ergo
3122 4949 3273 5007 ﬁdes
3299 4951 3475 5009 velut
3500 4950 3719 5024 praevia
3743 4941 3876 5003 chari-

2275 5232 2394 5312 alii,
2438 5233 2496 5295 et
2538 5250 2746 5323 omnes
2791 5232 2954 5323 editz,
3007 5261 3029 5288 α
3075 5233 3369 5323 propositi
3410 5235 3633 5323 gratia,
3664 5264 3685 5293 ι
3723 5232 3775 5294 id
3804 5232 3882 5323 οξῇ

2272 5309 2603 5386 argumenti
2640 5313 2736 5386 sui
2783 5309 2991 5383 gratia,
3034 5309 3164 5386 sive
3187 5309 3271 5370 ἰιι
3315 5309 3673 5386 ανέιιωθιιὶρ
3713 5309 3882 5386 serviat

2272 5378 2383 5465 suo
2403 5398 2428 5467 ;_
2448 5383 2572 5437 vult
2592 5382 2747 5469 enim
2769 5378 3014 5438 s'anctu's
3036 5383 3245 5466 doctor
3273 5378 3634 5469 Apo'stolum

2270 5455 2383 5509 sim
2409 5452 2845 5524 impossibilem
2875 5456 3287 5528 proposuisse,
3318 5452 3389 5513 ut
3409 5452 3715 5513 charitatis
3730 5452 3885 5507 neces-

2270 5527 2504 5580 sitatam
2531 5524 2872 5580 explicaret.

2269 5528 2504 5581 sitatam
2531 5528 2872 5596 explicaret.
3815 5589 3826 5601 ι

2270 5596 2453 5726 οεὲ7¹2
2484 5595 2632 5657 Μεθ’
2665 5595 2906 5671 aliquo“
2935 5619 2959 5647 ¹¹
2983 5612 3103 5655 ¹¹⁰¹¹
3123 5596 3329 5671 cred“,
3362 5601 3618 5673 peccato
3643 5595 3883 5657 obnoxius

2307 5685 2382 5726 Βῑο
2420 5689 2445 5720 υ
