  <div class='ocr_page' id='page_1' title='image "/cluster/home/n/w/nwhite01/storage/ocr_20150623/16/hvd.32044096580444/668.png"; bbox 0 0 4098 6178; ppageno 0'>
   <div class='ocr_carea' id='block_1_1' title="bbox 273 395 434 462">
    <p class='ocr_par' dir='ltr' id='par_1_1' title="bbox 273 395 434 462">
     <span class='ocr_line' id='line_1_1' title="bbox 273 395 434 462; baseline -0.006 0"><span class='ocrx_word' id='word_1_1' title='bbox 273 395 434 462; x_wconf 83' lang='grc'><strong>1325</strong></span> 
     </span>
    </p>
   </div>
   <div class='ocr_carea' id='block_1_2' title="bbox 1392 391 2526 463">
    <p class='ocr_par' dir='ltr' id='par_1_2' title="bbox 1392 391 2526 463">
     <span class='ocr_line' id='line_1_2' title="bbox 1392 391 2526 463; baseline 0.004 -5"><span class='ocrx_word' id='word_1_2' title='bbox 1392 393 2007 463; x_wconf 87' lang='lat' dir='ltr'>EPISTOLARUM</span> <span class='ocrx_word' id='word_1_3' title='bbox 2055 391 2399 460; x_wconf 91' lang='lat' dir='ltr'>CLASSIS</span> <span class='ocrx_word' id='word_1_4' title='bbox 2443 393 2526 463; x_wconf 94' lang='lat' dir='ltr'>II.</span> 
     </span>
    </p>
   </div>
   <div class='ocr_carea' id='block_1_3' title="bbox 3577 394 3737 461">
    <p class='ocr_par' dir='ltr' id='par_1_3' title="bbox 3577 394 3737 461">
     <span class='ocr_line' id='line_1_3' title="bbox 3577 394 3737 461; baseline 0.006 -1"><span class='ocrx_word' id='word_1_5' title='bbox 3577 394 3737 461; x_wconf 81' lang='lat'>1326</span> 
     </span>
    </p>
   </div>
   <div class='ocr_carea' id='block_1_4' title="bbox 277 589 3738 670">
    <p class='ocr_par' dir='ltr' id='par_1_4' title="bbox 277 589 3738 670">
     <span class='ocr_line' id='line_1_4' title="bbox 277 589 3738 670; baseline 0 -16"><span class='ocrx_word' id='word_1_6' title='bbox 277 599 416 654; x_wconf 89' lang='lat' dir='ltr'>tatis</span> <span class='ocrx_word' id='word_1_7' title='bbox 440 600 690 669; x_wconf 80' lang='lat' dir='ltr'>occupat</span> <span class='ocrx_word' id='word_1_8' title='bbox 709 598 982 669; x_wconf 87' lang='lat' dir='ltr'>animam,</span> <span class='ocrx_word' id='word_1_9' title='bbox 1008 600 1065 654; x_wconf 91' lang='lat' dir='ltr'>et</span> <span class='ocrx_word' id='word_1_10' title='bbox 1099 602 1391 670; x_wconf 75' lang='lat' dir='ltr'>praeparat</span> <span class='ocrx_word' id='word_1_11' title='bbox 1413 599 1656 653; x_wconf 83' lang='lat' dir='ltr'>semitas</span> <span class='ocrx_word' id='word_1_12' title='bbox 1687 600 1953 653; x_wconf 61' lang='lat' dir='ltr'>ventura;</span> <span class='ocrx_word' id='word_1_13' title='bbox 1974 589 2027 652; x_wconf 82' lang='grc' dir='ltr'><strong>Α</strong></span> <span class='ocrx_word' id='word_1_14' title='bbox 2067 597 2304 653; x_wconf 90' lang='lat' dir='ltr'>locutus</span> <span class='ocrx_word' id='word_1_15' title='bbox 2325 599 2454 652; x_wconf 88' lang='lat' dir='ltr'>est:</span> <span class='ocrx_word' id='word_1_16' title='bbox 2488 600 2544 652; x_wconf 90' lang='lat' dir='ltr'>et</span> <span class='ocrx_word' id='word_1_17' title='bbox 2573 597 2625 651; x_wconf 98' lang='lat' dir='ltr'>si</span> <span class='ocrx_word' id='word_1_18' title='bbox 2657 613 2774 652; x_wconf 91' lang='lat' dir='ltr'>non</span> <span class='ocrx_word' id='word_1_19' title='bbox 2807 597 3008 652; x_wconf 86' lang='lat' dir='ltr'>vidisti</span> <span class='ocrx_word' id='word_1_20' title='bbox 3032 614 3187 669; x_wconf 87' lang='lat' dir='ltr'>eum,</span> <span class='ocrx_word' id='word_1_21' title='bbox 3232 597 3329 654; x_wconf 91' lang='lat' dir='ltr'>ille</span> <span class='ocrx_word' id='word_1_22' title='bbox 3355 599 3549 653; x_wconf 88' lang='lat' dir='ltr'>tamen</span> <span class='ocrx_word' id='word_1_23' title='bbox 3579 599 3738 670; x_wconf 85' lang='lat' dir='ltr'>quod</span> 
     </span>
    </p>
   </div>
   <div class='ocr_carea' id='block_1_5' title="bbox 279 686 1954 760">
    <p class='ocr_par' dir='ltr' id='par_1_5' title="bbox 279 686 1954 760">
     <span class='ocr_line' id='line_1_5' title="bbox 279 686 1954 760; baseline -0.002 -17"><span class='ocrx_word' id='word_1_24' title='bbox 279 687 602 743; x_wconf 75' lang='lat' dir='ltr'>dilectioni.</span> <span class='ocrx_word' id='word_1_25' title='bbox 627 686 726 742; x_wconf 90' lang='lat' dir='ltr'>Sic</span> <span class='ocrx_word' id='word_1_26' title='bbox 757 688 949 744; x_wconf 88' lang='lat' dir='ltr'>omnis</span> <span class='ocrx_word' id='word_1_27' title='bbox 981 687 1130 760; x_wconf 71' lang='lat' dir='ltr'>ﬁdes</span> <span class='ocrx_word' id='word_1_28' title='bbox 1161 692 1270 758; x_wconf 90' lang='lat' dir='ltr'>est,</span> <span class='ocrx_word' id='word_1_29' title='bbox 1305 688 1405 742; x_wconf 92' lang='lat' dir='ltr'>ubi</span> <span class='ocrx_word' id='word_1_30' title='bbox 1437 687 1724 758; x_wconf 75' lang='lat' dir='ltr'>perfectio</span> <span class='ocrx_word' id='word_1_31' title='bbox 1757 687 1954 742; x_wconf 89' lang='lat' dir='ltr'>chari-</span> 
     </span>
    </p>
   </div>
   <div class='ocr_carea' id='block_1_6' title="bbox 278 777 438 832">
    <p class='ocr_par' dir='ltr' id='par_1_6' title="bbox 278 777 438 832">
     <span class='ocr_line' id='line_1_6' title="bbox 278 777 438 832; baseline -0.006 0"><span class='ocrx_word' id='word_1_32' title='bbox 278 777 438 832; x_wconf 89' lang='lat' dir='ltr'>tatis.</span> 
     </span>
    </p>
   </div>
   <div class='ocr_carea' id='block_1_7' title="bbox 351 863 1963 938">
    <p class='ocr_par' dir='ltr' id='par_1_7' title="bbox 351 863 1963 938">
     <span class='ocr_line' id='line_1_7' title="bbox 351 863 1963 938; baseline -0.001 -18"><span class='ocrx_word' id='word_1_33' title='bbox 351 864 405 920; x_wconf 89' lang='lat'>9.</span> <span class='ocrx_word' id='word_1_34' title='bbox 439 865 577 920; x_wconf 87' lang='lat' dir='ltr'>Ideo</span> <span class='ocrx_word' id='word_1_35' title='bbox 628 870 768 936; x_wconf 92' lang='lat' dir='ltr'>puto</span> <span class='ocrx_word' id='word_1_36' title='bbox 798 865 911 921; x_wconf 92' lang='lat' dir='ltr'>dici</span> <span class='ocrx_word' id='word_1_37' title='bbox 962 866 1096 938; x_wconf 84' lang='lat' dir='ltr'>quia</span> <span class='ocrx_word' id='word_1_38' title='bbox 1144 866 1402 920; x_wconf 80' lang='lat' dir='ltr'>eharitas</span> <span class='ocrx_word' id='word_1_39' title='bbox 1450 865 1635 920; x_wconf 90' lang='lat' dir='ltr'>credit</span> <span class='ocrx_word' id='word_1_40' title='bbox 1685 866 1878 920; x_wconf 83' lang='lat' dir='ltr'>omnia</span> <span class='ocrx_word' id='word_1_41' title='bbox 1908 863 1963 932; x_wconf 93' lang='lat' dir='ltr'>(I</span> 
     </span>
    </p>
   </div>
   <div class='ocr_carea' id='block_1_8' title="bbox 287 954 1959 1024">
    <p class='ocr_par' dir='ltr' id='par_1_8' title="bbox 287 954 1959 1024">
     <span class='ocr_line' id='line_1_8' title="bbox 287 954 1959 1024; baseline -0.002 -14"><span class='ocrx_word' id='word_1_42' title='bbox 287 954 422 1010; x_wconf 87' lang='lat' dir='ltr'>Cor.</span> <span class='ocrx_word' id='word_1_43' title='bbox 449 971 572 1021; x_wconf 84' lang='lat' dir='ltr'>xm,</span> <span class='ocrx_word' id='word_1_44' title='bbox 598 955 674 1023; x_wconf 87' lang='lat'>’7),</span> <span class='ocrx_word' id='word_1_45' title='bbox 707 955 818 1009; x_wconf 91' lang='lat' dir='ltr'>hoc</span> <span class='ocrx_word' id='word_1_46' title='bbox 853 958 963 1024; x_wconf 90' lang='lat' dir='ltr'>est,</span> <span class='ocrx_word' id='word_1_47' title='bbox 995 955 1153 1022; x_wconf 82' lang='lat' dir='ltr'>facit,</span> <span class='ocrx_word' id='word_1_48' title='bbox 1189 955 1362 1009; x_wconf 90' lang='lat' dir='ltr'>ﬁdem</span> <span class='ocrx_word' id='word_1_49' title='bbox 1394 956 1587 1009; x_wconf 87' lang='lat' dir='ltr'>omnia</span> <span class='ocrx_word' id='word_1_50' title='bbox 1612 955 1877 1022; x_wconf 87' lang='lat' dir='ltr'>credere,</span> <span class='ocrx_word' id='word_1_51' title='bbox 1904 955 1959 1006; x_wconf 91' lang='lat' dir='ltr'>et</span> 
     </span>
    </p>
   </div>
   <div class='ocr_carea' id='block_1_9' title="bbox 281 1042 1956 1114">
    <p class='ocr_par' dir='ltr' id='par_1_9' title="bbox 281 1042 1956 1114">
     <span class='ocr_line' id='line_1_9' title="bbox 281 1042 1956 1114; baseline -0.003 -14"><span class='ocrx_word' id='word_1_52' title='bbox 281 1043 505 1100; x_wconf 87' lang='lat' dir='ltr'>habere</span> <span class='ocrx_word' id='word_1_53' title='bbox 561 1042 976 1114; x_wconf 83' lang='lat' dir='ltr'>hujuscemodi</span> <span class='ocrx_word' id='word_1_54' title='bbox 1028 1045 1280 1098; x_wconf 90' lang='lat' dir='ltr'>animam</span> <span class='ocrx_word' id='word_1_55' title='bbox 1333 1061 1568 1098; x_wconf 90' lang='lat' dir='ltr'>omnem</span> <span class='ocrx_word' id='word_1_56' title='bbox 1617 1044 1791 1098; x_wconf 83' lang='lat' dir='ltr'>ﬁdem</span> <span class='ocrx_word' id='word_1_57' title='bbox 1823 1043 1956 1111; x_wconf 77' lang='lat'>(’12).</span> 
     </span>
    </p>
   </div>
   <div class='ocr_carea' id='block_1_10' title="bbox 282 1131 1956 1203">
    <p class='ocr_par' dir='ltr' id='par_1_10' title="bbox 282 1131 1956 1203">
     <span class='ocr_line' id='line_1_10' title="bbox 282 1131 1956 1203; baseline -0.001 -16"><span class='ocrx_word' id='word_1_58' title='bbox 282 1134 369 1188; x_wconf 86' lang='lat' dir='ltr'>Ac</span> <span class='ocrx_word' id='word_1_59' title='bbox 401 1149 508 1203; x_wconf 90' lang='lat' dir='ltr'>per</span> <span class='ocrx_word' id='word_1_60' title='bbox 538 1132 650 1186; x_wconf 92' lang='lat' dir='ltr'>hoc</span> <span class='ocrx_word' id='word_1_61' title='bbox 682 1132 783 1186; x_wconf 92' lang='lat' dir='ltr'>ubi</span> <span class='ocrx_word' id='word_1_62' title='bbox 813 1133 1074 1203; x_wconf 86' lang='lat' dir='ltr'>perfecta</span> <span class='ocrx_word' id='word_1_63' title='bbox 1105 1133 1385 1202; x_wconf 88' lang='lat' dir='ltr'>charitas,</span> <span class='ocrx_word' id='word_1_64' title='bbox 1420 1133 1500 1186; x_wconf 90' lang='lat' dir='ltr'>ibi</span> <span class='ocrx_word' id='word_1_65' title='bbox 1545 1132 1738 1187; x_wconf 90' lang='lat' dir='ltr'>omnis</span> <span class='ocrx_word' id='word_1_66' title='bbox 1773 1131 1956 1186; x_wconf 88' lang='lat' dir='ltr'>ﬁdes:</span> 
     </span>
    </p>
   </div>
   <div class='ocr_carea' id='block_1_11' title="bbox 283 1220 1961 1292">
    <p class='ocr_par' dir='ltr' id='par_1_11' title="bbox 283 1220 1961 1292">
     <span class='ocr_line' id='line_1_11' title="bbox 283 1220 1961 1292; baseline -0.001 -17"><span class='ocrx_word' id='word_1_67' title='bbox 283 1222 440 1276; x_wconf 87' lang='lat' dir='ltr'>sicut</span> <span class='ocrx_word' id='word_1_68' title='bbox 461 1221 558 1276; x_wconf 92' lang='lat' dir='ltr'>ubi</span> <span class='ocrx_word' id='word_1_69' title='bbox 581 1221 843 1292; x_wconf 90' lang='lat' dir='ltr'>perfecta</span> <span class='ocrx_word' id='word_1_70' title='bbox 861 1222 1144 1292; x_wconf 89' lang='lat' dir='ltr'>charitas,</span> <span class='ocrx_word' id='word_1_71' title='bbox 1167 1221 1248 1276; x_wconf 85' lang='lat' dir='ltr'>ibi</span> <span class='ocrx_word' id='word_1_72' title='bbox 1272 1237 1413 1292; x_wconf 88' lang='lat' dir='ltr'>spes</span> <span class='ocrx_word' id='word_1_73' title='bbox 1437 1221 1652 1276; x_wconf 90' lang='lat' dir='ltr'>omnis.</span> <span class='ocrx_word' id='word_1_74' title='bbox 1696 1220 1961 1291; x_wconf 87' lang='lat' dir='ltr'>Denique</span> 
     </span>
    </p>
   </div>
   <div class='ocr_carea' id='block_1_12' title="bbox 283 1309 1966 1382">
    <p class='ocr_par' dir='ltr' id='par_1_12' title="bbox 283 1309 1966 1382">
     <span class='ocr_line' id='line_1_12' title="bbox 283 1309 1966 1382; baseline -0.001 -18"><span class='ocrx_word' id='word_1_75' title='bbox 283 1311 440 1364; x_wconf 85' lang='lat' dir='ltr'>sicut</span> <span class='ocrx_word' id='word_1_76' title='bbox 489 1309 684 1365; x_wconf 83' lang='lat' dir='ltr'>omnia</span> <span class='ocrx_word' id='word_1_77' title='bbox 736 1310 943 1379; x_wconf 86' lang='lat' dir='ltr'>credit,</span> <span class='ocrx_word' id='word_1_78' title='bbox 995 1311 1074 1364; x_wconf 89' lang='lat' dir='ltr'>ita</span> <span class='ocrx_word' id='word_1_79' title='bbox 1125 1311 1411 1381; x_wconf 86' lang='lat' dir='ltr'>scriptum</span> <span class='ocrx_word' id='word_1_80' title='bbox 1458 1313 1551 1365; x_wconf 89' lang='lat' dir='ltr'>est</span> <span class='ocrx_word' id='word_1_81' title='bbox 1598 1311 1733 1382; x_wconf 86' lang='lat' dir='ltr'>quia</span> <span class='ocrx_word' id='word_1_82' title='bbox 1766 1312 1966 1380; x_wconf 80' lang='lat' dir='ltr'>sperat</span> 
     </span>
    </p>
   </div>
   <div class='ocr_carea' id='block_1_13' title="bbox 283 1398 1964 1471">
    <p class='ocr_par' dir='ltr' id='par_1_13' title="bbox 283 1398 1964 1471">
     <span class='ocr_line' id='line_1_13' title="bbox 283 1398 1964 1471; baseline -0.001 -17"><span class='ocrx_word' id='word_1_83' title='bbox 283 1399 480 1454; x_wconf 87' lang='lat' dir='ltr'>omnia</span> <span class='ocrx_word' id='word_1_84' title='bbox 523 1398 747 1469; x_wconf 65' lang='lat' dir='ltr'>(Ibid)</span> <span class='ocrx_word' id='word_1_85' title='bbox 800 1399 939 1455; x_wconf 92' lang='lat' dir='ltr'>Ideo</span> <span class='ocrx_word' id='word_1_86' title='bbox 988 1399 1202 1470; x_wconf 80' lang='lat' dir='ltr'>major,</span> <span class='ocrx_word' id='word_1_87' title='bbox 1257 1398 1394 1471; x_wconf 89' lang='lat' dir='ltr'>quia</span> <span class='ocrx_word' id='word_1_88' title='bbox 1439 1414 1606 1469; x_wconf 86' lang='lat' dir='ltr'>spem</span> <span class='ocrx_word' id='word_1_89' title='bbox 1667 1398 1964 1470; x_wconf 89' lang='lat' dir='ltr'>ﬁdemque</span> 
     </span>
    </p>
   </div>
   <div class='ocr_carea' id='block_1_14' title="bbox 286 1487 717 1558">
    <p class='ocr_par' dir='ltr' id='par_1_14' title="bbox 286 1487 717 1558">
     <span class='ocr_line' id='line_1_14' title="bbox 286 1487 717 1558; baseline -0.002 -14"><span class='ocrx_word' id='word_1_90' title='bbox 286 1487 717 1558; x_wconf 88' lang='lat' dir='ltr'>complectitur.</span> 
     </span>
    </p>
   </div>
   <div class='ocr_carea' id='block_1_15' title="bbox 359 1575 1966 1647">
    <p class='ocr_par' dir='ltr' id='par_1_15' title="bbox 359 1575 1966 1647">
     <span class='ocr_line' id='line_1_15' title="bbox 359 1575 1966 1647; baseline -0.002 -15"><span class='ocrx_word' id='word_1_91' title='bbox 359 1577 446 1632; x_wconf 92' lang='grc'><strong>10.</strong></span> <span class='ocrx_word' id='word_1_92' title='bbox 480 1577 647 1631; x_wconf 85' lang='lat' dir='ltr'>Hanc</span> <span class='ocrx_word' id='word_1_93' title='bbox 695 1576 1043 1632; x_wconf 90' lang='lat' dir='ltr'>charitatem</span> <span class='ocrx_word' id='word_1_94' title='bbox 1087 1576 1339 1647; x_wconf 87' lang='lat' dir='ltr'>habens,</span> <span class='ocrx_word' id='word_1_95' title='bbox 1389 1576 1536 1631; x_wconf 87' lang='lat' dir='ltr'>nihil</span> <span class='ocrx_word' id='word_1_96' title='bbox 1586 1577 1788 1645; x_wconf 84' lang='lat' dir='ltr'>timet;</span> <span class='ocrx_word' id='word_1_97' title='bbox 1830 1575 1966 1647; x_wconf 88' lang='lat' dir='ltr'>quia</span> 
     </span>
    </p>
   </div>
   <div class='ocr_carea' id='block_1_16' title="bbox 287 1664 1966 1736">
    <p class='ocr_par' dir='ltr' id='par_1_16' title="bbox 287 1664 1966 1736">
     <span class='ocr_line' id='line_1_16' title="bbox 287 1664 1966 1736; baseline -0.002 -15"><span class='ocrx_word' id='word_1_98' title='bbox 287 1665 547 1722; x_wconf 89' lang='lat' dir='ltr'>charitas</span> <span class='ocrx_word' id='word_1_99' title='bbox 578 1666 849 1722; x_wconf 89' lang='lat' dir='ltr'>timorem</span> <span class='ocrx_word' id='word_1_100' title='bbox 879 1665 1142 1722; x_wconf 90' lang='lat' dir='ltr'>excludit</span> <span class='ocrx_word' id='word_1_101' title='bbox 1171 1666 1335 1721; x_wconf 86' lang='lat' dir='ltr'>foras</span> <span class='ocrx_word' id='word_1_102' title='bbox 1361 1682 1376 1736; x_wconf 83' lang='lat'><strong>;</strong></span> <span class='ocrx_word' id='word_1_103' title='bbox 1417 1669 1474 1722; x_wconf 90' lang='lat' dir='ltr'>et</span> <span class='ocrx_word' id='word_1_104' title='bbox 1504 1664 1658 1734; x_wconf 90' lang='lat' dir='ltr'>ideo,</span> <span class='ocrx_word' id='word_1_105' title='bbox 1693 1665 1966 1736; x_wconf 79' lang='lat' dir='ltr'>ablegato</span> 
     </span>
    </p>
   </div>
   <div class='ocr_carea' id='block_1_17' title="bbox 288 1753 1966 1826">
    <p class='ocr_par' dir='ltr' id='par_1_17' title="bbox 288 1753 1966 1826">
     <span class='ocr_line' id='line_1_17' title="bbox 288 1753 1966 1826; baseline -0.004 -13"><span class='ocrx_word' id='word_1_106' title='bbox 288 1760 344 1813; x_wconf 89' lang='lat' dir='ltr'>et</span> <span class='ocrx_word' id='word_1_107' title='bbox 364 1757 765 1812; x_wconf 87' lang='lat' dir='ltr'>exutotimore</span> <span class='ocrx_word' id='word_1_108' title='bbox 781 1755 918 1826; x_wconf 84' lang='lat'>(&#39;73),</span> <span class='ocrx_word' id='word_1_109' title='bbox 959 1756 1154 1811; x_wconf 88' lang='lat' dir='ltr'>omnia</span> <span class='ocrx_word' id='word_1_110' title='bbox 1186 1753 1413 1825; x_wconf 77' lang='lat' dir='ltr'>suti&#39;ert,</span> <span class='ocrx_word' id='word_1_111' title='bbox 1455 1755 1650 1810; x_wconf 88' lang='lat' dir='ltr'>omnia</span> <span class='ocrx_word' id='word_1_112' title='bbox 1687 1755 1966 1809; x_wconf 89' lang='lat' dir='ltr'>sustinet.</span> 
     </span>
    </p>
   </div>
   <div class='ocr_carea' id='block_1_18' title="bbox 289 1843 1969 1916">
    <p class='ocr_par' dir='ltr' id='par_1_18' title="bbox 289 1843 1969 1916">
     <span class='ocr_line' id='line_1_18' title="bbox 289 1843 1969 1916; baseline -0.002 -17"><span class='ocrx_word' id='word_1_113' title='bbox 289 1844 400 1911; x_wconf 90' lang='lat' dir='ltr'>Qui</span> <span class='ocrx_word' id='word_1_114' title='bbox 430 1860 577 1916; x_wconf 88' lang='lat' dir='ltr'>ergo</span> <span class='ocrx_word' id='word_1_115' title='bbox 621 1861 726 1915; x_wconf 90' lang='lat' dir='ltr'>per</span> <span class='ocrx_word' id='word_1_116' title='bbox 775 1844 1124 1900; x_wconf 89' lang='lat' dir='ltr'>charitatem</span> <span class='ocrx_word' id='word_1_117' title='bbox 1172 1845 1367 1900; x_wconf 90' lang='lat' dir='ltr'>omnia</span> <span class='ocrx_word' id='word_1_118' title='bbox 1399 1844 1654 1899; x_wconf 89' lang='lat' dir='ltr'>sustinet</span> <span class='ocrx_word' id='word_1_119' title='bbox 1683 1843 1816 1914; x_wconf 67' lang='grc' dir='ltr'>(Ἡ),</span> <span class='ocrx_word' id='word_1_120' title='bbox 1851 1858 1969 1897; x_wconf 89' lang='lat' dir='ltr'>non</span> 
     </span>
    </p>
   </div>
   <div class='ocr_carea' id='block_1_19' title="bbox 290 1931 2048 2030">
    <p class='ocr_par' dir='ltr' id='par_1_19' title="bbox 290 1931 2048 2030">
     <span class='ocr_line' id='line_1_19' title="bbox 290 1931 2048 2030; baseline -0.003 -41"><span class='ocrx_word' id='word_1_121' title='bbox 290 1937 486 2006; x_wconf 88' lang='lat' dir='ltr'>potest</span> <span class='ocrx_word' id='word_1_122' title='bbox 507 1933 716 1988; x_wconf 89' lang='lat' dir='ltr'>timere</span> <span class='ocrx_word' id='word_1_123' title='bbox 734 1933 1099 2006; x_wconf 75' lang='lat' dir='ltr'>martyrium.</span> <span class='ocrx_word' id='word_1_124' title='bbox 1130 1931 1201 1988; x_wconf 88' lang='lat' dir='ltr'>Et</span> <span class='ocrx_word' id='word_1_125' title='bbox 1236 1932 1367 2030; x_wconf 78' lang='lat' dir='ltr'>ideo</span> <span class='ocrx_word' id='word_1_126' title='bbox 1393 1933 1576 2030; x_wconf 41' lang='lat' dir='ltr'>quasi.</span> <span class='ocrx_word' id='word_1_127' title='bbox 1591 1933 1811 2030; x_wconf 48' lang='lat' dir='ltr'>victor,</span> <span class='ocrx_word' id='word_1_128' title='bbox 1831 1931 1968 1986; x_wconf 89' lang='lat' dir='ltr'>alibi</span> <span class='ocrx_word' id='word_1_129' title='bbox 1999 1968 2048 2030; x_wconf 80' lang='grc' dir='ltr'>Β</span> 
     </span>
    </p>
   </div>
   <div class='ocr_carea' id='block_1_20' title="bbox 297 2020 1974 2091">
    <p class='ocr_par' dir='ltr' id='par_1_20' title="bbox 297 2020 1974 2091">
     <span class='ocr_line' id='line_1_20' title="bbox 297 2020 1974 2091; baseline -0.002 -12"><span class='ocrx_word' id='word_1_130' title='bbox 297 2024 361 2079; x_wconf 88' lang='lat' dir='ltr'>in</span> <span class='ocrx_word' id='word_1_131' title='bbox 380 2022 494 2078; x_wconf 87' lang='lat' dir='ltr'>ﬁne</span> <span class='ocrx_word' id='word_1_132' title='bbox 516 2022 630 2076; x_wconf 89' lang='lat' dir='ltr'>ait:</span> <span class='ocrx_word' id='word_1_133' title='bbox 670 2045 691 2072; x_wconf 72' lang='grc' dir='ltr'><strong>α</strong></span> <span class='ocrx_word' id='word_1_134' title='bbox 729 2022 870 2076; x_wconf 88' lang='lat' dir='ltr'>Mihi</span> <span class='ocrx_word' id='word_1_135' title='bbox 900 2023 1056 2077; x_wconf 89' lang='lat' dir='ltr'>enim</span> <span class='ocrx_word' id='word_1_136' title='bbox 1105 2020 1363 2077; x_wconf 90' lang='lat' dir='ltr'>mundus</span> <span class='ocrx_word' id='word_1_137' title='bbox 1416 2021 1742 2077; x_wconf 85' lang='lat' dir='ltr'>cruciﬁxus</span> <span class='ocrx_word' id='word_1_138' title='bbox 1773 2023 1882 2091; x_wconf 89' lang='lat' dir='ltr'>est,</span> <span class='ocrx_word' id='word_1_139' title='bbox 1917 2024 1974 2076; x_wconf 90' lang='lat' dir='ltr'>et</span> 
     </span>
    </p>
   </div>
   <div class='ocr_carea' id='block_1_21' title="bbox 294 2109 1969 2185">
    <p class='ocr_par' dir='ltr' id='par_1_21' title="bbox 294 2109 1969 2185">
     <span class='ocr_line' id='line_1_21' title="bbox 294 2109 1969 2185; baseline -0.002 -17"><span class='ocrx_word' id='word_1_140' title='bbox 294 2127 410 2185; x_wconf 89' lang='lat' dir='ltr'>ego</span> <span class='ocrx_word' id='word_1_141' title='bbox 437 2111 654 2167; x_wconf 89' lang='lat' dir='ltr'>mundo</span> <span class='ocrx_word' id='word_1_142' title='bbox 684 2110 902 2182; x_wconf 86' lang='lat' dir='ltr'>(Galat.</span> <span class='ocrx_word' id='word_1_143' title='bbox 934 2129 1014 2183; x_wconf 76' lang='lat' dir='ltr'>vi,</span> <span class='ocrx_word' id='word_1_144' title='bbox 1051 2111 1158 2182; x_wconf 73' lang='lat'>14).</span> <span class='ocrx_word' id='word_1_145' title='bbox 1196 2131 1218 2162; x_wconf 74' lang='grc' dir='ltr'>ι</span> <span class='ocrx_word' id='word_1_146' title='bbox 1251 2111 1416 2182; x_wconf 83' lang='lat' dir='ltr'>Vale,</span> <span class='ocrx_word' id='word_1_147' title='bbox 1453 2111 1558 2180; x_wconf 89' lang='lat' dir='ltr'>ﬁli,</span> <span class='ocrx_word' id='word_1_148' title='bbox 1613 2113 1668 2167; x_wconf 90' lang='lat' dir='ltr'>et</span> <span class='ocrx_word' id='word_1_149' title='bbox 1701 2126 1812 2166; x_wconf 92' lang='lat' dir='ltr'>nos</span> <span class='ocrx_word' id='word_1_150' title='bbox 1841 2109 1969 2165; x_wconf 91' lang='lat' dir='ltr'>dili-</span> 
     </span>
    </p>
   </div>
   <div class='ocr_carea' id='block_1_22' title="bbox 294 2199 1148 2274">
    <p class='ocr_par' dir='ltr' id='par_1_22' title="bbox 294 2199 1148 2274">
     <span class='ocr_line' id='line_1_22' title="bbox 294 2199 1148 2274; baseline 0 -17"><span class='ocrx_word' id='word_1_151' title='bbox 294 2216 392 2274; x_wconf 89' lang='lat' dir='ltr'>ge,</span> <span class='ocrx_word' id='word_1_152' title='bbox 425 2199 564 2273; x_wconf 86' lang='lat' dir='ltr'>quia</span> <span class='ocrx_word' id='word_1_153' title='bbox 591 2214 703 2256; x_wconf 93' lang='lat' dir='ltr'>nos</span> <span class='ocrx_word' id='word_1_154' title='bbox 737 2203 790 2254; x_wconf 92' lang='lat' dir='ltr'>te</span> <span class='ocrx_word' id='word_1_155' title='bbox 823 2199 1148 2273; x_wconf 82' lang='lat' dir='ltr'>diligimus.</span> 
     </span>
    </p>
   </div>
   <div class='ocr_carea' id='block_1_23' title="bbox 683 2317 1584 2381">
    <p class='ocr_par' dir='ltr' id='par_1_23' title="bbox 683 2317 1584 2381">
     <span class='ocr_line' id='line_1_23' title="bbox 683 2317 1584 2381; baseline -0.002 -1"><span class='ocrx_word' id='word_1_156' title='bbox 683 2317 878 2381; x_wconf 84' lang='lat'>1095</span> <span class='ocrx_word' id='word_1_157' title='bbox 910 2324 1283 2380; x_wconf 77' lang='lat' dir='ltr'>EPISTOLA</span> <span class='ocrx_word' id='word_1_158' title='bbox 1314 2325 1584 2380; x_wconf 84' lang='lat' dir='ltr'>LXXIX.</span> 
     </span>
    </p>
   </div>
   <div class='ocr_carea' id='block_1_24' title="bbox 296 2448 1976 2522">
    <p class='ocr_par' dir='ltr' id='par_1_24' title="bbox 296 2448 1976 2522">
     <span class='ocr_line' id='line_1_24' title="bbox 296 2448 1976 2522; baseline 0.001 -18"><span class='ocrx_word' id='word_1_159' title='bbox 296 2448 692 2522; x_wconf 12' lang='lat' dir='ltr'>Bellicio,iqui</span> <span class='ocrx_word' id='word_1_160' title='bbox 712 2465 839 2504; x_wconf 88' lang='lat' dir='ltr'>cum</span> <span class='ocrx_word' id='word_1_161' title='bbox 863 2449 1228 2505; x_wconf 82' lang='lat' dir='ltr'>credidisset</span> <span class='ocrx_word' id='word_1_162' title='bbox 1253 2450 1314 2504; x_wconf 90' lang='lat' dir='ltr'>in</span> <span class='ocrx_word' id='word_1_163' title='bbox 1353 2448 1678 2522; x_wconf 78' lang='lat' dir='ltr'>Christum,</span> <span class='ocrx_word' id='word_1_164' title='bbox 1707 2466 1740 2506; x_wconf 89' lang='lat' dir='ltr'>e</span> <span class='ocrx_word' id='word_1_165' title='bbox 1768 2449 1976 2505; x_wconf 87' lang='lat' dir='ltr'>morbo</span> 
     </span>
    </p>
   </div>
   <div class='ocr_carea' id='block_1_25' title="bbox 369 2521 1975 2584">
    <p class='ocr_par' dir='ltr' id='par_1_25' title="bbox 369 2521 1975 2584">
     <span class='ocr_line' id='line_1_25' title="bbox 369 2521 1975 2584; baseline -0.001 -9"><span class='ocrx_word' id='word_1_166' title='bbox 369 2521 772 2584; x_wconf 78' lang='lat' dir='ltr'>convaluerat,</span> <span class='ocrx_word' id='word_1_167' title='bbox 824 2523 1048 2575; x_wconf 82' lang='lat' dir='ltr'>asserit</span> <span class='ocrx_word' id='word_1_168' title='bbox 1105 2527 1164 2575; x_wconf 86' lang='lat' dir='ltr'>et</span> <span class='ocrx_word' id='word_1_169' title='bbox 1223 2521 1489 2576; x_wconf 89' lang='lat' dir='ltr'>morbum</span> <span class='ocrx_word' id='word_1_170' title='bbox 1547 2528 1606 2576; x_wconf 85' lang='lat' dir='ltr'>et</span> <span class='ocrx_word' id='word_1_171' title='bbox 1656 2523 1975 2576; x_wconf 75' lang='lat' dir='ltr'>sanitatem</span> 
     </span>
    </p>
   </div>
   <div class='ocr_carea' id='block_1_26' title="bbox 369 2591 1976 2674">
    <p class='ocr_par' dir='ltr' id='par_1_26' title="bbox 369 2591 1976 2674">
     <span class='ocr_line' id='line_1_26' title="bbox 369 2591 1976 2674; baseline 0.001 -29"><span class='ocrx_word' id='word_1_172' title='bbox 369 2593 632 2674; x_wconf 76' lang='lat' dir='ltr'>ejusdem</span> <span class='ocrx_word' id='word_1_173' title='bbox 667 2592 904 2674; x_wconf 62' lang='lat' dir='ltr'>gliristi</span> <span class='ocrx_word' id='word_1_174' title='bbox 936 2591 1254 2674; x_wconf 69' lang='lat' dir='ltr'>tribuenda</span> <span class='ocrx_word' id='word_1_175' title='bbox 1303 2593 1637 2648; x_wconf 86' lang='lat' dir='ltr'>visitatioui</span> <span class='ocrx_word' id='word_1_176' title='bbox 1662 2609 1676 2661; x_wconf 91' lang='lat'><strong>;</strong></span> <span class='ocrx_word' id='word_1_177' title='bbox 1709 2600 1884 2665; x_wconf 86' lang='lat' dir='ltr'>atque</span> <span class='ocrx_word' id='word_1_178' title='bbox 1918 2598 1976 2674; x_wconf 81' lang='lat' dir='ltr'>ut</span> 
     </span>
    </p>
   </div>
   <div class='ocr_carea' id='block_1_27' title="bbox 366 2663 1974 2736">
    <p class='ocr_par' dir='ltr' id='par_1_27' title="bbox 366 2663 1974 2736">
     <span class='ocr_line' id='line_1_27' title="bbox 366 2663 1974 2736; baseline 0.001 -20"><span class='ocrx_word' id='word_1_179' title='bbox 366 2663 553 2736; x_wconf 74' lang='lat' dir='ltr'>ipsum</span> <span class='ocrx_word' id='word_1_180' title='bbox 581 2663 870 2736; x_wconf 75' lang='lat' dir='ltr'>retineat,</span> <span class='ocrx_word' id='word_1_181' title='bbox 905 2669 966 2719; x_wconf 89' lang='lat' dir='ltr'>et</span> <span class='ocrx_word' id='word_1_182' title='bbox 996 2664 1071 2718; x_wconf 87' lang='lat' dir='ltr'>ad</span> <span class='ocrx_word' id='word_1_183' title='bbox 1101 2663 1219 2718; x_wconf 86' lang='lat' dir='ltr'>alia</span> <span class='ocrx_word' id='word_1_184' title='bbox 1246 2679 1620 2719; x_wconf 76' lang='lat' dir='ltr'>sacramenta</span> <span class='ocrx_word' id='word_1_185' title='bbox 1668 2663 1974 2736; x_wconf 70' lang='lat' dir='ltr'>properet,</span> 
     </span>
    </p>
   </div>
   <div class='ocr_carea' id='block_1_28' title="bbox 365 2733 866 2790">
    <p class='ocr_par' dir='ltr' id='par_1_28' title="bbox 365 2733 866 2790">
     <span class='ocr_line' id='line_1_28' title="bbox 365 2733 866 2790; baseline 0.004 -2"><span class='ocrx_word' id='word_1_186' title='bbox 365 2733 536 2788; x_wconf 79' lang='lat' dir='ltr'>illum</span> <span class='ocrx_word' id='word_1_187' title='bbox 567 2735 866 2790; x_wconf 76' lang='lat' dir='ltr'>hortatur.</span> 
     </span>
    </p>
   </div>
   <div class='ocr_carea' id='block_1_29' title="bbox 653 2858 1622 2915">
    <p class='ocr_par' dir='ltr' id='par_1_29' title="bbox 653 2858 1622 2915">
     <span class='ocr_line' id='line_1_29' title="bbox 653 2858 1622 2915; baseline 0.001 -2"><span class='ocrx_word' id='word_1_188' title='bbox 653 2859 999 2914; x_wconf 76' lang='lat' dir='ltr'>Aueaosms</span> <span class='ocrx_word' id='word_1_189' title='bbox 1030 2858 1307 2915; x_wconf 75' lang='lat' dir='ltr'>BILLICIO</span> <span class='ocrx_word' id='word_1_190' title='bbox 1349 2858 1622 2915; x_wconf 84' lang='lat' dir='ltr'>salutem.</span> 
     </span>
    </p>
   </div>
   <div class='ocr_carea' id='block_1_30' title="bbox 375 2981 1972 3056">
    <p class='ocr_par' dir='ltr' id='par_1_30' title="bbox 375 2981 1972 3056">
     <span class='ocr_line' id='line_1_30' title="bbox 375 2981 1972 3056; baseline 0 -18"><span class='ocrx_word' id='word_1_191' title='bbox 375 2983 427 3038; x_wconf 99' lang='grc'>1.</span> <span class='ocrx_word' id='word_1_192' title='bbox 454 2981 746 3039; x_wconf 64' lang='lat' dir='ltr'>lactatum</span> <span class='ocrx_word' id='word_1_193' title='bbox 783 2987 838 3038; x_wconf 91' lang='lat' dir='ltr'>te</span> <span class='ocrx_word' id='word_1_194' title='bbox 873 2983 984 3054; x_wconf 81' lang='lat'>(75)</span> <span class='ocrx_word' id='word_1_195' title='bbox 1026 2983 1194 3056; x_wconf 83' lang='lat' dir='ltr'>gravi</span> <span class='ocrx_word' id='word_1_196' title='bbox 1235 2984 1585 3056; x_wconf 86' lang='lat' dir='ltr'>aegritudine</span> <span class='ocrx_word' id='word_1_197' title='bbox 1617 2983 1972 3056; x_wconf 87' lang='lat' dir='ltr'>signiﬁcasti</span> 
     </span>
    </p>
   </div>
   <div class='ocr_carea' id='block_1_31' title="bbox 300 3072 1982 3145">
    <p class='ocr_par' dir='ltr' id='par_1_31' title="bbox 300 3072 1982 3145">
     <span class='ocr_line' id='line_1_31' title="bbox 300 3072 1982 3145; baseline -0.001 -17"><span class='ocrx_word' id='word_1_198' title='bbox 300 3072 441 3128; x_wconf 91' lang='lat' dir='ltr'>mihi</span> <span class='ocrx_word' id='word_1_199' title='bbox 461 3073 790 3128; x_wconf 87' lang='lat' dir='ltr'>credidisse</span> <span class='ocrx_word' id='word_1_200' title='bbox 812 3073 871 3128; x_wconf 91' lang='lat' dir='ltr'>in</span> <span class='ocrx_word' id='word_1_201' title='bbox 892 3072 1205 3128; x_wconf 93' lang='lat' dir='ltr'>Dominum</span> <span class='ocrx_word' id='word_1_202' title='bbox 1229 3073 1458 3144; x_wconf 78' lang='lat' dir='ltr'>Jesum,</span> <span class='ocrx_word' id='word_1_203' title='bbox 1485 3078 1542 3128; x_wconf 92' lang='lat' dir='ltr'>et</span> <span class='ocrx_word' id='word_1_204' title='bbox 1568 3073 1693 3145; x_wconf 82' lang='lat' dir='ltr'>jam</span> <span class='ocrx_word' id='word_1_205' title='bbox 1717 3073 1982 3144; x_wconf 85' lang='lat' dir='ltr'>coepisse</span> 
     </span>
    </p>
   </div>
   <div class='ocr_carea' id='block_1_32' title="bbox 303 3161 1982 3234">
    <p class='ocr_par' dir='ltr' id='par_1_32' title="bbox 303 3161 1982 3234">
     <span class='ocr_line' id='line_1_32' title="bbox 303 3161 1982 3234; baseline -0.002 -16"><span class='ocrx_word' id='word_1_206' title='bbox 303 3163 700 3218; x_wconf 89' lang='lat' dir='ltr'>revalescere.</span> <span class='ocrx_word' id='word_1_207' title='bbox 732 3161 820 3216; x_wconf 90' lang='lat' dir='ltr'>Ad</span> <span class='ocrx_word' id='word_1_208' title='bbox 867 3162 1118 3218; x_wconf 90' lang='lat' dir='ltr'>salutem</span> <span class='ocrx_word' id='word_1_209' title='bbox 1166 3163 1349 3234; x_wconf 88' lang='lat' dir='ltr'>igitur</span> <span class='ocrx_word' id='word_1_210' title='bbox 1397 3178 1466 3217; x_wconf 88' lang='lat' dir='ltr'>ea</span> <span class='ocrx_word' id='word_1_211' title='bbox 1509 3161 1820 3216; x_wconf 88' lang='lat' dir='ltr'>inﬁrmitas</span> <span class='ocrx_word' id='word_1_212' title='bbox 1854 3162 1982 3230; x_wconf 90' lang='lat' dir='ltr'>fuit,</span> 
     </span>
    </p>
   </div>
   <div class='ocr_carea' id='block_1_33' title="bbox 302 3250 1988 3323">
    <p class='ocr_par' dir='ltr' id='par_1_33' title="bbox 302 3250 1988 3323">
     <span class='ocr_line' id='line_1_33' title="bbox 302 3250 1988 3323; baseline 0 -19"><span class='ocrx_word' id='word_1_213' title='bbox 302 3251 436 3322; x_wconf 89' lang='lat' dir='ltr'>plus</span> <span class='ocrx_word' id='word_1_214' title='bbox 483 3251 672 3306; x_wconf 90' lang='lat' dir='ltr'>aculei</span> <span class='ocrx_word' id='word_1_215' title='bbox 721 3251 836 3322; x_wconf 84' lang='lat'>(&#39;76)</span> <span class='ocrx_word' id='word_1_216' title='bbox 886 3267 1060 3323; x_wconf 88' lang='lat' dir='ltr'>quam</span> <span class='ocrx_word' id='word_1_217' title='bbox 1111 3251 1358 3322; x_wconf 90' lang='lat' dir='ltr'>periculi</span> <span class='ocrx_word' id='word_1_218' title='bbox 1409 3250 1652 3321; x_wconf 83' lang='lat' dir='ltr'>ferens;</span> <span class='ocrx_word' id='word_1_219' title='bbox 1707 3251 1844 3323; x_wconf 87' lang='lat' dir='ltr'>quia</span> <span class='ocrx_word' id='word_1_220' title='bbox 1886 3251 1988 3305; x_wconf 94' lang='lat' dir='ltr'>diu</span> 
     </span>
    </p>
   </div>
   <div class='ocr_carea' id='block_1_34' title="bbox 2069 686 3610 757">
    <p class='ocr_par' dir='ltr' id='par_1_34' title="bbox 2069 686 3610 757">
     <span class='ocr_line' id='line_1_34' title="bbox 2069 686 3610 757; baseline 0.001 -16"><span class='ocrx_word' id='word_1_221' title='bbox 2069 689 2126 741; x_wconf 88' lang='lat' dir='ltr'>te</span> <span class='ocrx_word' id='word_1_222' title='bbox 2157 686 2608 756; x_wconf 88' lang='lat' dir='ltr'>incorporaliter</span> <span class='ocrx_word' id='word_1_223' title='bbox 2638 686 2926 755; x_wconf 87' lang='lat' dir='ltr'>inviserit,</span> <span class='ocrx_word' id='word_1_224' title='bbox 2961 687 3214 741; x_wconf 90' lang='lat' dir='ltr'>dubitari</span> <span class='ocrx_word' id='word_1_225' title='bbox 3246 704 3364 742; x_wconf 84' lang='lat' dir='ltr'>non</span> <span class='ocrx_word' id='word_1_226' title='bbox 3396 690 3610 757; x_wconf 87' lang='lat' dir='ltr'>potest.</span> 
     </span>
    </p>
   </div>
   <div class='ocr_carea' id='block_1_35' title="bbox 2143 774 3739 846">
    <p class='ocr_par' dir='ltr' id='par_1_35' title="bbox 2143 774 3739 846">
     <span class='ocr_line' id='line_1_35' title="bbox 2143 774 3739 846; baseline 0 -16"><span class='ocrx_word' id='word_1_227' title='bbox 2143 774 2196 830; x_wconf 92' lang='lat'>3.</span> <span class='ocrx_word' id='word_1_228' title='bbox 2257 775 2372 829; x_wconf 90' lang='lat' dir='ltr'>Sed</span> <span class='ocrx_word' id='word_1_229' title='bbox 2427 775 2628 829; x_wconf 76' lang='lat' dir='ltr'>vidisti</span> <span class='ocrx_word' id='word_1_230' title='bbox 2676 791 2829 845; x_wconf 90' lang='lat' dir='ltr'>eum,</span> <span class='ocrx_word' id='word_1_231' title='bbox 2883 777 2983 846; x_wconf 90' lang='lat' dir='ltr'>qui</span> <span class='ocrx_word' id='word_1_232' title='bbox 3041 776 3345 830; x_wconf 87' lang='lat' dir='ltr'>credidisti</span> <span class='ocrx_word' id='word_1_233' title='bbox 3393 778 3488 846; x_wconf 84' lang='lat' dir='ltr'>ei;</span> <span class='ocrx_word' id='word_1_234' title='bbox 3536 777 3739 831; x_wconf 89' lang='lat' dir='ltr'>vidisti</span> 
     </span>
    </p>
   </div>
   <div class='ocr_carea' id='block_1_36' title="bbox 2071 864 3738 934">
    <p class='ocr_par' dir='ltr' id='par_1_36' title="bbox 2071 864 3738 934">
     <span class='ocr_line' id='line_1_36' title="bbox 2071 864 3738 934; baseline 0.001 -16"><span class='ocrx_word' id='word_1_235' title='bbox 2071 879 2226 931; x_wconf 90' lang='lat' dir='ltr'>eum,</span> <span class='ocrx_word' id='word_1_236' title='bbox 2252 864 2351 934; x_wconf 92' lang='lat' dir='ltr'>qui</span> <span class='ocrx_word' id='word_1_237' title='bbox 2376 864 2654 934; x_wconf 77' lang='lat' dir='ltr'>rerepisti</span> <span class='ocrx_word' id='word_1_238' title='bbox 2676 880 2808 918; x_wconf 91' lang='lat' dir='ltr'>eum</span> <span class='ocrx_word' id='word_1_239' title='bbox 2834 864 3090 934; x_wconf 89' lang='lat' dir='ltr'>hospitio</span> <span class='ocrx_word' id='word_1_240' title='bbox 3115 869 3231 919; x_wconf 72' lang='lat' dir='ltr'>tuae</span> <span class='ocrx_word' id='word_1_241' title='bbox 3256 865 3498 920; x_wconf 91' lang='lat' dir='ltr'>mentis:</span> <span class='ocrx_word' id='word_1_242' title='bbox 3539 866 3738 920; x_wconf 89' lang='lat' dir='ltr'>vidisti</span> 
     </span>
    </p>
   </div>
   <div class='ocr_carea' id='block_1_37' title="bbox 2077 953 3739 1022">
    <p class='ocr_par' dir='ltr' id='par_1_37' title="bbox 2077 953 3739 1022">
     <span class='ocr_line' id='line_1_37' title="bbox 2077 953 3739 1022; baseline 0.001 -15"><span class='ocrx_word' id='word_1_243' title='bbox 2077 969 2208 1007; x_wconf 90' lang='lat' dir='ltr'>eum</span> <span class='ocrx_word' id='word_1_244' title='bbox 2246 953 2476 1022; x_wconf 87' lang='lat' dir='ltr'>spiritu,</span> <span class='ocrx_word' id='word_1_245' title='bbox 2501 953 2702 1007; x_wconf 88' lang='lat' dir='ltr'>vidisti</span> <span class='ocrx_word' id='word_1_246' title='bbox 2735 969 2867 1008; x_wconf 93' lang='lat' dir='ltr'>eum</span> <span class='ocrx_word' id='word_1_247' title='bbox 2899 954 3090 1008; x_wconf 90' lang='lat' dir='ltr'>oculis</span> <span class='ocrx_word' id='word_1_248' title='bbox 3141 955 3546 1009; x_wconf 90' lang='lat' dir='ltr'>interioribus.</span> <span class='ocrx_word' id='word_1_249' title='bbox 3581 955 3739 1009; x_wconf 88' lang='lat' dir='ltr'>Tene</span> 
     </span>
    </p>
   </div>
   <div class='ocr_carea' id='block_1_38' title="bbox 2076 1041 3738 1113">
    <p class='ocr_par' dir='ltr' id='par_1_38' title="bbox 2076 1041 3738 1113">
     <span class='ocr_line' id='line_1_38' title="bbox 2076 1041 3738 1113; baseline 0.002 -18"><span class='ocrx_word' id='word_1_250' title='bbox 2076 1057 2221 1113; x_wconf 87' lang='lat' dir='ltr'>ergo</span> <span class='ocrx_word' id='word_1_251' title='bbox 2255 1041 2547 1110; x_wconf 87' lang='lat' dir='ltr'>hospitem</span> <span class='ocrx_word' id='word_1_252' title='bbox 2577 1059 2815 1111; x_wconf 86' lang='lat' dir='ltr'>novum,</span> <span class='ocrx_word' id='word_1_253' title='bbox 2849 1043 2947 1097; x_wconf 94' lang='lat' dir='ltr'>diu</span> <span class='ocrx_word' id='word_1_254' title='bbox 2980 1046 3405 1113; x_wconf 87' lang='lat' dir='ltr'>exspectatum,</span> <span class='ocrx_word' id='word_1_255' title='bbox 3464 1044 3570 1098; x_wconf 92' lang='lat' dir='ltr'>sed</span> <span class='ocrx_word' id='word_1_256' title='bbox 3601 1059 3738 1098; x_wconf 91' lang='lat' dir='ltr'>sero</span> 
     </span>
    </p>
   </div>
   <div class='ocr_carea' id='block_1_39' title="bbox 2077 1132 3738 1202">
    <p class='ocr_par' dir='ltr' id='par_1_39' title="bbox 2077 1132 3738 1202">
     <span class='ocr_line' id='line_1_39' title="bbox 2077 1132 3738 1202; baseline 0.002 -18"><span class='ocrx_word' id='word_1_257' title='bbox 2077 1133 2422 1200; x_wconf 91' lang='lat' dir='ltr'>susceptum</span> <span class='ocrx_word' id='word_1_258' title='bbox 2450 1147 2460 1184; x_wconf 91' lang='lat'>:</span> <span class='ocrx_word' id='word_1_259' title='bbox 2496 1132 2554 1185; x_wconf 91' lang='lat' dir='ltr'>in</span> <span class='ocrx_word' id='word_1_260' title='bbox 2583 1147 2699 1202; x_wconf 91' lang='lat' dir='ltr'>quo</span> <span class='ocrx_word' id='word_1_261' title='bbox 2731 1136 2787 1186; x_wconf 91' lang='lat' dir='ltr'>et</span> <span class='ocrx_word' id='word_1_262' title='bbox 2823 1155 2844 1178; x_wconf 78' lang='grc' dir='ltr'>ιι</span> <span class='ocrx_word' id='word_1_263' title='bbox 2883 1132 3160 1202; x_wconf 90' lang='lat' dir='ltr'>vivimus,</span> <span class='ocrx_word' id='word_1_264' title='bbox 3195 1136 3252 1187; x_wconf 92' lang='lat' dir='ltr'>ct</span> <span class='ocrx_word' id='word_1_265' title='bbox 3282 1149 3490 1187; x_wconf 90' lang='lat' dir='ltr'>sumus</span> <span class='ocrx_word' id='word_1_266' title='bbox 3523 1135 3580 1186; x_wconf 91' lang='lat' dir='ltr'>et</span> <span class='ocrx_word' id='word_1_267' title='bbox 3609 1149 3738 1187; x_wconf 92' lang='lat' dir='ltr'>mo-</span> 
     </span>
    </p>
   </div>
   <div class='ocr_carea' id='block_1_40' title="bbox 2077 1219 3743 1293">
    <p class='ocr_par' dir='ltr' id='par_1_40' title="bbox 2077 1219 3743 1293">
     <span class='ocr_line' id='line_1_40' title="bbox 2077 1219 3743 1293; baseline 0.002 -22"><span class='ocrx_word' id='word_1_268' title='bbox 2077 1234 2286 1273; x_wconf 91' lang='lat' dir='ltr'>vemur</span> <span class='ocrx_word' id='word_1_269' title='bbox 2331 1219 2490 1288; x_wconf 86' lang='lat' dir='ltr'>(Act.</span> <span class='ocrx_word' id='word_1_270' title='bbox 2526 1237 2668 1290; x_wconf 84' lang='lat' dir='ltr'>xvu,</span> <span class='ocrx_word' id='word_1_271' title='bbox 2701 1219 2811 1291; x_wconf 92' lang='lat'>28).</span> <span class='ocrx_word' id='word_1_272' title='bbox 2870 1245 2891 1269; x_wconf 88' lang='grc' dir='ltr'>ιι</span> <span class='ocrx_word' id='word_1_273' title='bbox 2945 1221 3209 1276; x_wconf 85' lang='lat' dir='ltr'>Gustasti</span> <span class='ocrx_word' id='word_1_274' title='bbox 3255 1222 3437 1293; x_wconf 88' lang='lat' dir='ltr'>igitur</span> <span class='ocrx_word' id='word_1_275' title='bbox 3464 1221 3598 1276; x_wconf 89' lang='lat' dir='ltr'>ﬁdei</span> <span class='ocrx_word' id='word_1_276' title='bbox 3627 1221 3743 1292; x_wconf 81' lang='grc'>(78)</span> 
     </span>
    </p>
   </div>
   <div class='ocr_carea' id='block_1_41' title="bbox 2077 1309 3743 1378">
    <p class='ocr_par' dir='ltr' id='par_1_41' title="bbox 2077 1309 3743 1378">
     <span class='ocr_line' id='line_1_41' title="bbox 2077 1309 3743 1378; baseline 0.003 -17"><span class='ocrx_word' id='word_1_277' title='bbox 2077 1309 2264 1378; x_wconf 91' lang='lat' dir='ltr'>prima</span> <span class='ocrx_word' id='word_1_278' title='bbox 2287 1309 2552 1378; x_wconf 90' lang='lat' dir='ltr'>exordia,</span> <span class='ocrx_word' id='word_1_279' title='bbox 2576 1326 2692 1363; x_wconf 91' lang='lat' dir='ltr'>non</span> <span class='ocrx_word' id='word_1_280' title='bbox 2731 1310 2830 1364; x_wconf 88' lang='lat' dir='ltr'>ﬁat</span> <span class='ocrx_word' id='word_1_281' title='bbox 2853 1310 3100 1365; x_wconf 88' lang='lat' dir='ltr'>verbum</span> <span class='ocrx_word' id='word_1_282' title='bbox 3140 1311 3436 1366; x_wconf 90' lang='lat' dir='ltr'>occultum</span> <span class='ocrx_word' id='word_1_283' title='bbox 3471 1310 3532 1365; x_wconf 92' lang='lat' dir='ltr'>in</span> <span class='ocrx_word' id='word_1_284' title='bbox 3563 1311 3743 1366; x_wconf 88' lang='lat' dir='ltr'>corde</span> 
     </span>
    </p>
   </div>
   <div class='ocr_carea' id='block_1_42' title="bbox 2076 1397 3740 1470">
    <p class='ocr_par' dir='ltr' id='par_1_42' title="bbox 2076 1397 3740 1470">
     <span class='ocr_line' id='line_1_42' title="bbox 2076 1397 3740 1470; baseline 0.002 -20"><span class='ocrx_word' id='word_1_285' title='bbox 2076 1400 2198 1451; x_wconf 88' lang='lat' dir='ltr'>tuo.</span> <span class='ocrx_word' id='word_1_286' title='bbox 2234 1397 2376 1452; x_wconf 77' lang='lat' dir='ltr'>Haec</span> <span class='ocrx_word' id='word_1_287' title='bbox 2408 1399 2600 1452; x_wconf 90' lang='lat' dir='ltr'>omnis</span> <span class='ocrx_word' id='word_1_288' title='bbox 2633 1399 2821 1470; x_wconf 87' lang='lat' dir='ltr'>gratia</span> <span class='ocrx_word' id='word_1_289' title='bbox 2861 1402 2970 1469; x_wconf 90' lang='lat' dir='ltr'>est,</span> <span class='ocrx_word' id='word_1_290' title='bbox 3004 1399 3118 1455; x_wconf 88' lang='lat' dir='ltr'>hoc</span> <span class='ocrx_word' id='word_1_291' title='bbox 3166 1404 3258 1454; x_wconf 89' lang='lat' dir='ltr'>est</span> <span class='ocrx_word' id='word_1_292' title='bbox 3301 1415 3473 1455; x_wconf 92' lang='lat' dir='ltr'>omne</span> <span class='ocrx_word' id='word_1_293' title='bbox 3504 1413 3740 1454; x_wconf 91' lang='lat' dir='ltr'>munus.</span> 
     </span>
    </p>
   </div>
   <div class='ocr_carea' id='block_1_43' title="bbox 2079 1484 3744 1561">
    <p class='ocr_par' dir='ltr' id='par_1_43' title="bbox 2079 1484 3744 1561">
     <span class='ocr_line' id='line_1_43' title="bbox 2079 1484 3744 1561; baseline 0.003 -22"><span class='ocrx_word' id='word_1_294' title='bbox 2079 1484 2266 1540; x_wconf 89' lang='lat' dir='ltr'>Nemo</span> <span class='ocrx_word' id='word_1_295' title='bbox 2292 1485 2447 1540; x_wconf 91' lang='lat' dir='ltr'>enim</span> <span class='ocrx_word' id='word_1_296' title='bbox 2470 1488 2790 1557; x_wconf 83' lang='lat' dir='ltr'>penetralia</span> <span class='ocrx_word' id='word_1_297' title='bbox 2813 1489 3025 1545; x_wconf 89' lang='lat' dir='ltr'>domus</span> <span class='ocrx_word' id='word_1_298' title='bbox 3049 1489 3121 1544; x_wconf 91' lang='lat' dir='ltr'>de</span> <span class='ocrx_word' id='word_1_299' title='bbox 3163 1487 3450 1561; x_wconf 88' lang='lat' dir='ltr'>ingressu</span> <span class='ocrx_word' id='word_1_300' title='bbox 3471 1489 3744 1559; x_wconf 80' lang='lat' dir='ltr'>aestimat,</span> 
     </span>
    </p>
   </div>
   <div class='ocr_carea' id='block_1_44' title="bbox 2080 1573 3745 1647">
    <p class='ocr_par' dir='ltr' id='par_1_44' title="bbox 2080 1573 3745 1647">
     <span class='ocr_line' id='line_1_44' title="bbox 2080 1573 3745 1647; baseline 0.003 -20"><span class='ocrx_word' id='word_1_301' title='bbox 2080 1573 2374 1644; x_wconf 88' lang='lat' dir='ltr'>siquidem</span> <span class='ocrx_word' id='word_1_302' title='bbox 2405 1577 2598 1630; x_wconf 90' lang='lat' dir='ltr'>omnis</span> <span class='ocrx_word' id='word_1_303' title='bbox 2651 1576 2879 1633; x_wconf 88' lang='lat' dir='ltr'>fruetus</span> <span class='ocrx_word' id='word_1_304' title='bbox 2927 1577 3042 1647; x_wconf 77' lang='lat'>(79)</span> <span class='ocrx_word' id='word_1_305' title='bbox 3090 1578 3149 1632; x_wconf 91' lang='lat' dir='ltr'>in</span> <span class='ocrx_word' id='word_1_306' title='bbox 3202 1578 3585 1633; x_wconf 90' lang='lat' dir='ltr'>interioribus</span> <span class='ocrx_word' id='word_1_307' title='bbox 3631 1581 3745 1647; x_wconf 91' lang='lat' dir='ltr'>est,</span> 
     </span>
    </p>
   </div>
   <div class='ocr_carea' id='block_1_45' title="bbox 2081 1663 3754 1738">
    <p class='ocr_par' dir='ltr' id='par_1_45' title="bbox 2081 1663 3754 1738">
     <span class='ocr_line' id='line_1_45' title="bbox 2081 1663 3754 1738; baseline 0.003 -21"><span class='ocrx_word' id='word_1_308' title='bbox 2081 1677 2274 1734; x_wconf 91' lang='lat' dir='ltr'>neque</span> <span class='ocrx_word' id='word_1_309' title='bbox 2306 1663 2464 1717; x_wconf 88' lang='lat' dir='ltr'>enim</span> <span class='ocrx_word' id='word_1_310' title='bbox 2511 1665 2799 1735; x_wconf 88' lang='lat' dir='ltr'>sapientis</span> <span class='ocrx_word' id='word_1_311' title='bbox 2831 1671 2923 1722; x_wconf 91' lang='lat' dir='ltr'>est</span> <span class='ocrx_word' id='word_1_312' title='bbox 2974 1681 3008 1720; x_wconf 90' lang='lat' dir='ltr'>a</span> <span class='ocrx_word' id='word_1_313' title='bbox 3049 1665 3311 1722; x_wconf 79' lang='lat' dir='ltr'>fenestra</span> <span class='ocrx_word' id='word_1_314' title='bbox 3360 1666 3662 1738; x_wconf 88' lang='lat' dir='ltr'>respicere</span> <span class='ocrx_word' id='word_1_315' title='bbox 3690 1667 3754 1722; x_wconf 91' lang='lat' dir='ltr'>in</span> 
     </span>
    </p>
   </div>
   <div class='ocr_carea' id='block_1_46' title="bbox 2081 1751 3638 1824">
    <p class='ocr_par' dir='ltr' id='par_1_46' title="bbox 2081 1751 3638 1824">
     <span class='ocr_line' id='line_1_46' title="bbox 2081 1751 3638 1824; baseline 0.001 -17"><span class='ocrx_word' id='word_1_316' title='bbox 2081 1751 2338 1820; x_wconf 90' lang='lat' dir='ltr'>domum,</span> <span class='ocrx_word' id='word_1_317' title='bbox 2373 1755 2430 1806; x_wconf 91' lang='lat' dir='ltr'>et</span> <span class='ocrx_word' id='word_1_318' title='bbox 2459 1753 2702 1807; x_wconf 90' lang='lat' dir='ltr'>stultitia</span> <span class='ocrx_word' id='word_1_319' title='bbox 2732 1753 2991 1810; x_wconf 87' lang='lat' dir='ltr'>hominis</span> <span class='ocrx_word' id='word_1_320' title='bbox 3023 1755 3226 1810; x_wconf 88' lang='lat' dir='ltr'>audire</span> <span class='ocrx_word' id='word_1_321' title='bbox 3260 1771 3366 1824; x_wconf 90' lang='lat' dir='ltr'>per</span> <span class='ocrx_word' id='word_1_322' title='bbox 3401 1756 3638 1810; x_wconf 89' lang='lat' dir='ltr'>ostium.</span> 
     </span>
    </p>
   </div>
   <div class='ocr_carea' id='block_1_47' title="bbox 2149 1840 3750 1915">
    <p class='ocr_par' dir='ltr' id='par_1_47' title="bbox 2149 1840 3750 1915">
     <span class='ocr_line' id='line_1_47' title="bbox 2149 1840 3750 1915; baseline 0.002 -21"><span class='ocrx_word' id='word_1_323' title='bbox 2149 1841 2202 1895; x_wconf 78' lang='lat'>4.</span> <span class='ocrx_word' id='word_1_324' title='bbox 2225 1840 2354 1894; x_wconf 85' lang='lat' dir='ltr'>Alia</span> <span class='ocrx_word' id='word_1_325' title='bbox 2377 1844 2516 1895; x_wconf 90' lang='lat' dir='ltr'>sunt</span> <span class='ocrx_word' id='word_1_326' title='bbox 2536 1846 3042 1899; x_wconf 88' lang='lat' dir='ltr'>sacramentorum</span> <span class='ocrx_word' id='word_1_327' title='bbox 3072 1842 3492 1914; x_wconf 90' lang='lat' dir='ltr'>perfectiorum</span> <span class='ocrx_word' id='word_1_328' title='bbox 3523 1848 3750 1915; x_wconf 79' lang='lat' dir='ltr'>myste-</span> 
     </span>
    </p>
   </div>
   <div class='ocr_carea' id='block_1_48' title="bbox 2079 1928 3750 2002">
    <p class='ocr_par' dir='ltr' id='par_1_48' title="bbox 2079 1928 3750 2002">
     <span class='ocr_line' id='line_1_48' title="bbox 2079 1928 3750 2002; baseline 0.002 -20"><span class='ocrx_word' id='word_1_329' title='bbox 2079 1928 2187 1998; x_wconf 90' lang='lat' dir='ltr'>ria,</span> <span class='ocrx_word' id='word_1_330' title='bbox 2221 1929 2357 2000; x_wconf 90' lang='lat' dir='ltr'>quia</span> <span class='ocrx_word' id='word_1_331' title='bbox 2411 1929 2690 1985; x_wconf 82' lang='lat' dir='ltr'>«Oculus</span> <span class='ocrx_word' id='word_1_332' title='bbox 2738 1948 2856 1986; x_wconf 92' lang='lat' dir='ltr'>non</span> <span class='ocrx_word' id='word_1_333' title='bbox 2908 1931 3076 2002; x_wconf 88' lang='lat' dir='ltr'>vidit,</span> <span class='ocrx_word' id='word_1_334' title='bbox 3131 1947 3240 1988; x_wconf 91' lang='lat' dir='ltr'>nec</span> <span class='ocrx_word' id='word_1_335' title='bbox 3290 1933 3454 1988; x_wconf 90' lang='lat' dir='ltr'>auris</span> <span class='ocrx_word' id='word_1_336' title='bbox 3506 1933 3750 2002; x_wconf 90' lang='lat' dir='ltr'>audivit,</span> 
     </span>
    </p>
   </div>
   <div class='ocr_carea' id='block_1_49' title="bbox 2082 2019 3756 2093">
    <p class='ocr_par' dir='ltr' id='par_1_49' title="bbox 2082 2019 3756 2093">
     <span class='ocr_line' id='line_1_49' title="bbox 2082 2019 3756 2093; baseline 0.002 -21"><span class='ocrx_word' id='word_1_337' title='bbox 2082 2034 2215 2089; x_wconf 87' lang='lat' dir='ltr'>quae</span> <span class='ocrx_word' id='word_1_338' title='bbox 2239 2019 2594 2090; x_wconf 82' lang='lat' dir='ltr'>praeparavit</span> <span class='ocrx_word' id='word_1_339' title='bbox 2623 2019 2782 2075; x_wconf 89' lang='lat' dir='ltr'>Deus</span> <span class='ocrx_word' id='word_1_340' title='bbox 2825 2020 3211 2093; x_wconf 88' lang='lat' dir='ltr'>diligentibus</span> <span class='ocrx_word' id='word_1_341' title='bbox 3245 2036 3399 2092; x_wconf 86' lang='lat' dir='ltr'>eum,</span> <span class='ocrx_word' id='word_1_342' title='bbox 3439 2043 3461 2070; x_wconf 78' lang='grc' dir='ltr'>ι</span> <span class='ocrx_word' id='word_1_343' title='bbox 3517 2026 3579 2076; x_wconf 95' lang='lat' dir='ltr'>ut</span> <span class='ocrx_word' id='word_1_344' title='bbox 3609 2021 3756 2076; x_wconf 89' lang='lat' dir='ltr'>dixit</span> 
     </span>
    </p>
   </div>
   <div class='ocr_carea' id='block_1_50' title="bbox 2081 2105 3752 2182">
    <p class='ocr_par' dir='ltr' id='par_1_50' title="bbox 2081 2105 3752 2182">
     <span class='ocr_line' id='line_1_50' title="bbox 2081 2105 3752 2182; baseline 0.004 -23"><span class='ocrx_word' id='word_1_345' title='bbox 2081 2105 2384 2177; x_wconf 89' lang='lat' dir='ltr'>Scriptura</span> <span class='ocrx_word' id='word_1_346' title='bbox 2416 2107 2475 2176; x_wconf 85' lang='grc' dir='ltr'>(Ι</span> <span class='ocrx_word' id='word_1_347' title='bbox 2501 2107 2636 2163; x_wconf 88' lang='lat' dir='ltr'>Cor.</span> <span class='ocrx_word' id='word_1_348' title='bbox 2669 2125 2729 2178; x_wconf 90' lang='grc' dir='ltr'>ιι,</span> <span class='ocrx_word' id='word_1_349' title='bbox 2751 2108 2827 2178; x_wconf 88' lang='grc'>9).</span> <span class='ocrx_word' id='word_1_350' title='bbox 2872 2109 3000 2163; x_wconf 89' lang='lat' dir='ltr'>Alia</span> <span class='ocrx_word' id='word_1_351' title='bbox 3023 2114 3161 2164; x_wconf 89' lang='lat' dir='ltr'>sunt</span> <span class='ocrx_word' id='word_1_352' title='bbox 3198 2110 3317 2180; x_wconf 90' lang='lat' dir='ltr'>illa,</span> <span class='ocrx_word' id='word_1_353' title='bbox 3351 2125 3484 2180; x_wconf 58' lang='lat' dir='ltr'>quae</span> <span class='ocrx_word' id='word_1_354' title='bbox 3516 2110 3588 2164; x_wconf 88' lang='lat' dir='ltr'>de</span> <span class='ocrx_word' id='word_1_355' title='bbox 3618 2110 3752 2182; x_wconf 90' lang='lat' dir='ltr'>glo-</span> 
     </span>
    </p>
   </div>
   <div class='ocr_carea' id='block_1_51' title="bbox 2083 2195 3754 2269">
    <p class='ocr_par' dir='ltr' id='par_1_51' title="bbox 2083 2195 3754 2269">
     <span class='ocr_line' id='line_1_51' title="bbox 2083 2195 3754 2269; baseline 0.002 -21"><span class='ocrx_word' id='word_1_356' title='bbox 2083 2195 2170 2249; x_wconf 89' lang='lat' dir='ltr'>ria</span> <span class='ocrx_word' id='word_1_357' title='bbox 2193 2196 2388 2250; x_wconf 91' lang='lat' dir='ltr'>futura</span> <span class='ocrx_word' id='word_1_358' title='bbox 2411 2197 2829 2251; x_wconf 91' lang='lat' dir='ltr'>annuntiarunt</span> <span class='ocrx_word' id='word_1_359' title='bbox 2846 2198 3168 2268; x_wconf 62' lang='lat' dir='ltr'>prophetae,</span> <span class='ocrx_word' id='word_1_360' title='bbox 3185 2198 3404 2269; x_wconf 90' lang='lat' dir='ltr'>quibus</span> <span class='ocrx_word' id='word_1_361' title='bbox 3426 2199 3754 2253; x_wconf 89' lang='lat' dir='ltr'>revelatum</span> 
     </span>
    </p>
   </div>
   <div class='ocr_carea' id='block_1_52' title="bbox 2086 2284 3754 2357">
    <p class='ocr_par' dir='ltr' id='par_1_52' title="bbox 2086 2284 3754 2357">
     <span class='ocr_line' id='line_1_52' title="bbox 2086 2284 3754 2357; baseline 0.002 -17"><span class='ocrx_word' id='word_1_362' title='bbox 2086 2287 2197 2354; x_wconf 90' lang='lat' dir='ltr'>est,</span> <span class='ocrx_word' id='word_1_363' title='bbox 2229 2287 2286 2338; x_wconf 89' lang='lat' dir='ltr'>et</span> <span class='ocrx_word' id='word_1_364' title='bbox 2317 2284 2798 2356; x_wconf 86' lang='lat' dir='ltr'>evangelizarunt</span> <span class='ocrx_word' id='word_1_365' title='bbox 2827 2286 3037 2356; x_wconf 90' lang='lat' dir='ltr'>sancti,</span> <span class='ocrx_word' id='word_1_366' title='bbox 3083 2309 3103 2335; x_wconf 84' lang='grc' dir='ltr'>ιι</span> <span class='ocrx_word' id='word_1_367' title='bbox 3157 2287 3380 2357; x_wconf 82' lang='lat' dir='ltr'>Spiritu</span> <span class='ocrx_word' id='word_1_368' title='bbox 3410 2287 3517 2342; x_wconf 91' lang='lat' dir='ltr'>Dei</span> <span class='ocrx_word' id='word_1_369' title='bbox 3565 2287 3754 2343; x_wconf 90' lang='lat' dir='ltr'>misso</span> 
     </span>
    </p>
   </div>
   <div class='ocr_carea' id='block_1_53' title="bbox 2087 2372 3750 2448">
    <p class='ocr_par' dir='ltr' id='par_1_53' title="bbox 2087 2372 3750 2448">
     <span class='ocr_line' id='line_1_53' title="bbox 2087 2372 3750 2448; baseline -0.001 -20"><span class='ocrx_word' id='word_1_370' title='bbox 2087 2373 2159 2428; x_wconf 91' lang='lat' dir='ltr'>de</span> <span class='ocrx_word' id='word_1_371' title='bbox 2184 2372 2354 2443; x_wconf 74' lang='lat' dir='ltr'>ccelo,</span> <span class='ocrx_word' id='word_1_372' title='bbox 2379 2373 2436 2428; x_wconf 90' lang='lat' dir='ltr'>in</span> <span class='ocrx_word' id='word_1_373' title='bbox 2459 2389 2633 2445; x_wconf 90' lang='lat' dir='ltr'>quem</span> <span class='ocrx_word' id='word_1_374' title='bbox 2676 2374 3105 2444; x_wconf 90' lang='lat' dir='ltr'>concupiscunt</span> <span class='ocrx_word' id='word_1_375' title='bbox 3127 2379 3182 2431; x_wconf 90' lang='lat' dir='ltr'>et</span> <span class='ocrx_word' id='word_1_376' title='bbox 3224 2375 3424 2448; x_wconf 88' lang='lat' dir='ltr'>angeli</span> <span class='ocrx_word' id='word_1_377' title='bbox 3463 2376 3687 2447; x_wconf 90' lang='lat' dir='ltr'>videre,</span> <span class='ocrx_word' id='word_1_378' title='bbox 3726 2397 3750 2426; x_wconf 75' lang='grc' dir='ltr'>ι</span> 
     </span>
    </p>
   </div>
   <div class='ocr_carea' id='block_1_54' title="bbox 2087 2462 3755 2535">
    <p class='ocr_par' dir='ltr' id='par_1_54' title="bbox 2087 2462 3755 2535">
     <span class='ocr_line' id='line_1_54' title="bbox 2087 2462 3755 2535; baseline 0.003 -20"><span class='ocrx_word' id='word_1_379' title='bbox 2087 2464 2149 2516; x_wconf 94' lang='lat' dir='ltr'>ut</span> <span class='ocrx_word' id='word_1_380' title='bbox 2174 2462 2254 2516; x_wconf 87' lang='lat' dir='ltr'>ait</span> <span class='ocrx_word' id='word_1_381' title='bbox 2285 2463 2610 2532; x_wconf 84' lang='lat' dir='ltr'>Apostolus</span> <span class='ocrx_word' id='word_1_382' title='bbox 2661 2464 2873 2517; x_wconf 85' lang='lat' dir='ltr'>Petrus</span> <span class='ocrx_word' id='word_1_383' title='bbox 2917 2463 2972 2522; x_wconf 91' lang='grc' dir='ltr'>(Ι</span> <span class='ocrx_word' id='word_1_384' title='bbox 2996 2463 3168 2520; x_wconf 90' lang='lat' dir='ltr'>Petr.</span> <span class='ocrx_word' id='word_1_385' title='bbox 3204 2482 3242 2535; x_wconf 85' lang='grc' dir='ltr'>ι,</span> <span class='ocrx_word' id='word_1_386' title='bbox 3277 2464 3386 2535; x_wconf 80' lang='lat' dir='ltr'>l2).</span> <span class='ocrx_word' id='word_1_387' title='bbox 3437 2465 3567 2519; x_wconf 90' lang='lat' dir='ltr'>Alia</span> <span class='ocrx_word' id='word_1_388' title='bbox 3616 2467 3755 2520; x_wconf 90' lang='lat' dir='ltr'>sunt</span> 
     </span>
    </p>
   </div>
   <div class='ocr_carea' id='block_1_55' title="bbox 2087 2551 3755 2625">
    <p class='ocr_par' dir='ltr' id='par_1_55' title="bbox 2087 2551 3755 2625">
     <span class='ocr_line' id='line_1_55' title="bbox 2087 2551 3755 2625; baseline 0.003 -21"><span class='ocrx_word' id='word_1_389' title='bbox 2087 2551 2206 2618; x_wconf 90' lang='lat' dir='ltr'>illa,</span> <span class='ocrx_word' id='word_1_390' title='bbox 2232 2551 2290 2604; x_wconf 92' lang='lat' dir='ltr'>in</span> <span class='ocrx_word' id='word_1_391' title='bbox 2321 2551 2537 2622; x_wconf 89' lang='lat' dir='ltr'>quibus</span> <span class='ocrx_word' id='word_1_392' title='bbox 2570 2557 2661 2607; x_wconf 88' lang='lat' dir='ltr'>est</span> <span class='ocrx_word' id='word_1_393' title='bbox 2693 2551 2894 2606; x_wconf 92' lang='lat' dir='ltr'>mundi</span> <span class='ocrx_word' id='word_1_394' title='bbox 2943 2552 3266 2624; x_wconf 89' lang='lat' dir='ltr'>redemptio</span> <span class='ocrx_word' id='word_1_395' title='bbox 3295 2552 3426 2625; x_wconf 87' lang='lat'>(80),</span> <span class='ocrx_word' id='word_1_396' title='bbox 3478 2557 3755 2625; x_wconf 91' lang='lat' dir='ltr'>peccato-</span> 
     </span>
    </p>
   </div>
   <div class='ocr_carea' id='block_1_56' title="bbox 2087 2640 3754 2713">
    <p class='ocr_par' dir='ltr' id='par_1_56' title="bbox 2087 2640 3754 2713">
     <span class='ocr_line' id='line_1_56' title="bbox 2087 2640 3754 2713; baseline 0.001 -18"><span class='ocrx_word' id='word_1_397' title='bbox 2087 2656 2219 2695; x_wconf 88' lang='lat' dir='ltr'>rum</span> <span class='ocrx_word' id='word_1_398' title='bbox 2250 2640 2548 2709; x_wconf 90' lang='lat' dir='ltr'>remissio,</span> <span class='ocrx_word' id='word_1_399' title='bbox 2583 2641 2909 2713; x_wconf 86' lang='lat' dir='ltr'>gratiarum</span> <span class='ocrx_word' id='word_1_400' title='bbox 2956 2641 3193 2711; x_wconf 89' lang='lat' dir='ltr'>divisio,</span> <span class='ocrx_word' id='word_1_401' title='bbox 3247 2647 3754 2698; x_wconf 88' lang='lat' dir='ltr'>sacramentorum</span> 
     </span>
    </p>
   </div>
   <div class='ocr_carea' id='block_1_57' title="bbox 2087 2729 3756 2802">
    <p class='ocr_par' dir='ltr' id='par_1_57' title="bbox 2087 2729 3756 2802">
     <span class='ocr_line' id='line_1_57' title="bbox 2087 2729 3756 2802; baseline 0.004 -20"><span class='ocrx_word' id='word_1_402' title='bbox 2087 2729 2494 2800; x_wconf 88' lang='lat' dir='ltr'>participatio:</span> <span class='ocrx_word' id='word_1_403' title='bbox 2551 2745 2683 2800; x_wconf 61' lang='lat' dir='ltr'>quae</span> <span class='ocrx_word' id='word_1_404' title='bbox 2724 2746 2867 2786; x_wconf 85' lang='lat' dir='ltr'>,cum</span> <span class='ocrx_word' id='word_1_405' title='bbox 2914 2731 3243 2802; x_wconf 89' lang='lat' dir='ltr'>acceperis,</span> <span class='ocrx_word' id='word_1_406' title='bbox 3294 2733 3434 2786; x_wconf 92' lang='lat' dir='ltr'>tunc</span> <span class='ocrx_word' id='word_1_407' title='bbox 3465 2732 3756 2788; x_wconf 87' lang='lat' dir='ltr'>mirabere</span> 
     </span>
    </p>
   </div>
   <div class='ocr_carea' id='block_1_58' title="bbox 2089 2819 3757 2893">
    <p class='ocr_par' dir='ltr' id='par_1_58' title="bbox 2089 2819 3757 2893">
     <span class='ocr_line' id='line_1_58' title="bbox 2089 2819 3757 2893; baseline 0.002 -21"><span class='ocrx_word' id='word_1_408' title='bbox 2089 2820 2313 2872; x_wconf 90' lang='lat' dir='ltr'>tantum</span> <span class='ocrx_word' id='word_1_409' title='bbox 2337 2819 2614 2872; x_wconf 85' lang='lat' dir='ltr'>donatum</span> <span class='ocrx_word' id='word_1_410' title='bbox 2634 2834 2773 2873; x_wconf 91' lang='lat' dir='ltr'>esse</span> <span class='ocrx_word' id='word_1_411' title='bbox 2796 2819 3038 2888; x_wconf 88' lang='lat' dir='ltr'>homini,</span> <span class='ocrx_word' id='word_1_412' title='bbox 3080 2823 3141 2874; x_wconf 92' lang='lat' dir='ltr'>ut</span> <span class='ocrx_word' id='word_1_413' title='bbox 3164 2819 3305 2874; x_wconf 92' lang='lat' dir='ltr'>illud</span> <span class='ocrx_word' id='word_1_414' title='bbox 3329 2837 3561 2892; x_wconf 89' lang='lat' dir='ltr'>manna,</span> <span class='ocrx_word' id='word_1_415' title='bbox 3599 2820 3757 2893; x_wconf 89' lang='lat' dir='ltr'>quod</span> 
     </span>
    </p>
   </div>
   <div class='ocr_carea' id='block_1_59' title="bbox 2089 2906 3753 2980">
    <p class='ocr_par' dir='ltr' id='par_1_59' title="bbox 2089 2906 3753 2980">
     <span class='ocr_line' id='line_1_59' title="bbox 2089 2906 3753 2980; baseline 0.004 -21"><span class='ocrx_word' id='word_1_416' title='bbox 2089 2906 2375 2960; x_wconf 90' lang='lat' dir='ltr'>miramur</span> <span class='ocrx_word' id='word_1_417' title='bbox 2407 2907 2654 2962; x_wconf 88' lang='lat' dir='ltr'>fluxisse</span> <span class='ocrx_word' id='word_1_418' title='bbox 2695 2907 2766 2963; x_wconf 90' lang='lat' dir='ltr'>de</span> <span class='ocrx_word' id='word_1_419' title='bbox 2798 2907 2947 2963; x_wconf 71' lang='lat' dir='ltr'>coelo</span> <span class='ocrx_word' id='word_1_420' title='bbox 2971 2908 3197 2963; x_wconf 81' lang='lat' dir='ltr'>Judaeis</span> <span class='ocrx_word' id='word_1_421' title='bbox 3235 2909 3454 2980; x_wconf 84' lang='lat' dir='ltr'>(Exod.</span> <span class='ocrx_word' id='word_1_422' title='bbox 3487 2928 3607 2980; x_wconf 77' lang='grc' dir='ltr'>χνι,</span> <span class='ocrx_word' id='word_1_423' title='bbox 3643 2911 3753 2980; x_wconf 92' lang='grc'><strong>15),</strong></span> 
     </span>
    </p>
   </div>
   <div class='ocr_carea' id='block_1_60' title="bbox 2091 2997 3757 3070">
    <p class='ocr_par' dir='ltr' id='par_1_60' title="bbox 2091 2997 3757 3070">
     <span class='ocr_line' id='line_1_60' title="bbox 2091 2997 3757 3070; baseline 0.003 -20"><span class='ocrx_word' id='word_1_424' title='bbox 2091 3011 2202 3050; x_wconf 91' lang='lat' dir='ltr'>nec</span> <span class='ocrx_word' id='word_1_425' title='bbox 2228 2999 2404 3050; x_wconf 72' lang='lat' dir='ltr'>tanta:</span> <span class='ocrx_word' id='word_1_426' title='bbox 2428 2997 2633 3068; x_wconf 76' lang='lat' dir='ltr'>gratiae</span> <span class='ocrx_word' id='word_1_427' title='bbox 2657 2997 2790 3066; x_wconf 81' lang='lat' dir='ltr'>(8t),</span> <span class='ocrx_word' id='word_1_428' title='bbox 2815 3013 2923 3052; x_wconf 90' lang='lat' dir='ltr'>nec</span> <span class='ocrx_word' id='word_1_429' title='bbox 2946 3001 3121 3052; x_wconf 58' lang='lat' dir='ltr'>tanta;</span> <span class='ocrx_word' id='word_1_430' title='bbox 3145 2999 3757 3070; x_wconf 82' lang='lat' dir='ltr'>operationisjudices</span> 
     </span>
    </p>
   </div>
   <div class='ocr_carea' id='block_1_61' title="bbox 2092 3084 3757 3159">
    <p class='ocr_par' dir='ltr' id='par_1_61' title="bbox 2092 3084 3757 3159">
     <span class='ocr_line' id='line_1_61' title="bbox 2092 3084 3757 3159; baseline 0.003 -21"><span class='ocrx_word' id='word_1_431' title='bbox 2092 3084 2165 3138; x_wconf 90' lang='lat' dir='ltr'>ad</span> <span class='ocrx_word' id='word_1_432' title='bbox 2190 3085 2440 3138; x_wconf 90' lang='lat' dir='ltr'>salutem</span> <span class='ocrx_word' id='word_1_433' title='bbox 2463 3085 2672 3140; x_wconf 87' lang='lat' dir='ltr'>fuisse.</span> <span class='ocrx_word' id='word_1_434' title='bbox 2697 3085 2844 3140; x_wconf 91' lang='lat' dir='ltr'>Illud</span> <span class='ocrx_word' id='word_1_435' title='bbox 2868 3087 3024 3141; x_wconf 91' lang='lat' dir='ltr'>enim</span> <span class='ocrx_word' id='word_1_436' title='bbox 3046 3088 3386 3159; x_wconf 89' lang='lat' dir='ltr'>quicunque</span> <span class='ocrx_word' id='word_1_437' title='bbox 3400 3091 3757 3159; x_wconf 90' lang='lat' dir='ltr'>acceperunt</span> 
     </span>
    </p>
   </div>
   <div class='ocr_carea' id='block_1_62' title="bbox 2092 3173 3759 3248">
    <p class='ocr_par' dir='ltr' id='par_1_62' title="bbox 2092 3173 3759 3248">
     <span class='ocr_line' id='line_1_62' title="bbox 2092 3173 3759 3248; baseline 0.003 -21"><span class='ocrx_word' id='word_1_438' title='bbox 2092 3173 2153 3228; x_wconf 89' lang='lat' dir='ltr'>in</span> <span class='ocrx_word' id='word_1_439' title='bbox 2185 3174 2445 3244; x_wconf 90' lang='lat' dir='ltr'>deserto,</span> <span class='ocrx_word' id='word_1_440' title='bbox 2499 3176 2713 3229; x_wconf 89' lang='lat' dir='ltr'>mortui</span> <span class='ocrx_word' id='word_1_441' title='bbox 2764 3177 2922 3244; x_wconf 91' lang='lat' dir='ltr'>sunt,</span> <span class='ocrx_word' id='word_1_442' title='bbox 2974 3178 3189 3244; x_wconf 87' lang='lat' dir='ltr'>praeter</span> <span class='ocrx_word' id='word_1_443' title='bbox 3238 3177 3443 3231; x_wconf 85' lang='lat' dir='ltr'>Jesum</span> <span class='ocrx_word' id='word_1_444' title='bbox 3485 3177 3669 3248; x_wconf 86' lang='lat' dir='ltr'>Nave,</span> <span class='ocrx_word' id='word_1_445' title='bbox 3701 3179 3759 3232; x_wconf 89' lang='lat' dir='ltr'>et</span> 
     </span>
    </p>
   </div>
   <div class='ocr_carea' id='block_1_63' title="bbox 2092 3254 3759 3332">
    <p class='ocr_par' dir='ltr' id='par_1_63' title="bbox 2092 3254 3759 3332">
     <span class='ocr_line' id='line_1_63' title="bbox 2092 3254 3759 3332; baseline 0.003 -16"><span class='ocrx_word' id='word_1_446' title='bbox 2092 3261 2272 3317; x_wconf 88' lang='lat' dir='ltr'>Caleb</span> <span class='ocrx_word' id='word_1_447' title='bbox 2304 3261 2502 3332; x_wconf 84' lang='lat' dir='ltr'>(Num.</span> <span class='ocrx_word' id='word_1_448' title='bbox 2553 3279 2735 3332; x_wconf 84' lang='grc' dir='ltr'>χχχιι,</span> <span class='ocrx_word' id='word_1_449' title='bbox 2780 3262 2902 3329; x_wconf 65' lang='lat'>12,:</span> <span class='ocrx_word' id='word_1_450' title='bbox 2942 3254 3132 3317; x_wconf 85' lang='grc'>1096</span> <span class='ocrx_word' id='word_1_451' title='bbox 3168 3263 3280 3318; x_wconf 86' lang='lat' dir='ltr'>hoc</span> <span class='ocrx_word' id='word_1_452' title='bbox 3323 3267 3759 3321; x_wconf 89' lang='lat' dir='ltr'>sacramentum</span> 
     </span>
    </p>
   </div>
   <div class='ocr_carea' id='block_1_64' title="bbox 300 3325 3754 3424">
    <p class='ocr_par' dir='ltr' id='par_1_64' title="bbox 300 3325 3754 3424">
     <span class='ocr_line' id='line_1_64' title="bbox 300 3325 3754 3424; baseline 0.002 -21"><span class='ocrx_word' id='word_1_453' title='bbox 300 3339 661 3411; x_wconf 75' lang='lat' dir='ltr'>Promissum</span> <span class='ocrx_word' id='word_1_454' title='bbox 693 3339 1118 3395; x_wconf 69' lang='lat' dir='ltr'>remorabaris-</span> <span class='ocrx_word' id='word_1_455' title='bbox 1154 3339 1280 3395; x_wconf 78' lang='lat' dir='ltr'>HOC</span> <span class='ocrx_word' id='word_1_456' title='bbox 1313 3342 1403 3395; x_wconf 59' lang='lat'>081</span> <span class='ocrx_word' id='word_1_457' title='bbox 1431 3339 1587 3410; x_wconf 70' lang='grc' dir='ltr'>ψιοά</span> <span class='ocrx_word' id='word_1_458' title='bbox 1621 3341 1738 3395; x_wconf 64' lang='lat' dir='ltr'>ait!</span> <span class='ocrx_word' id='word_1_459' title='bbox 1784 3362 1805 3389; x_wconf 73' lang='grc' dir='ltr'><strong><em>α</em></strong></span> <span class='ocrx_word' id='word_1_460' title='bbox 1845 3339 1984 3394; x_wconf 72' lang='grc' dir='ltr'>ΡΘΡ-</span> <span class='ocrx_word' id='word_1_461' title='bbox 2019 3325 2071 3388; x_wconf 75' lang='lat' dir='ltr'><strong>C</strong></span> <span class='ocrx_word' id='word_1_462' title='bbox 2094 3351 2431 3423; x_wconf 90' lang='lat' dir='ltr'>quicunque</span> <span class='ocrx_word' id='word_1_463' title='bbox 2463 3353 2810 3424; x_wconf 82' lang='lat' dir='ltr'>gustaverit,</span> <span class='ocrx_word' id='word_1_464' title='bbox 2844 3367 2962 3406; x_wconf 90' lang='lat' dir='ltr'>non</span> <span class='ocrx_word' id='word_1_465' title='bbox 3014 3352 3297 3408; x_wconf 88' lang='lat' dir='ltr'>morietur</span> <span class='ocrx_word' id='word_1_466' title='bbox 3338 3353 3398 3409; x_wconf 91' lang='lat' dir='ltr'>in</span> <span class='ocrx_word' id='word_1_467' title='bbox 3447 3358 3754 3411; x_wconf 88' lang='lat' dir='ltr'>aeternum.</span> 
     </span>
    </p>
   </div>
   <div class='ocr_carea' id='block_1_65' title="bbox 306 3428 1987 3500">
    <p class='ocr_par' dir='ltr' id='par_1_65' title="bbox 306 3428 1987 3500">
     <span class='ocr_line' id='line_1_65' title="bbox 306 3428 1987 3500; baseline -0.001 -16"><span class='ocrx_word' id='word_1_468' title='bbox 306 3428 539 3499; x_wconf 88' lang='lat' dir='ltr'>cutiam,</span> <span class='ocrx_word' id='word_1_469' title='bbox 589 3431 646 3484; x_wconf 91' lang='lat' dir='ltr'>et</span> <span class='ocrx_word' id='word_1_470' title='bbox 698 3428 922 3483; x_wconf 91' lang='lat' dir='ltr'>sanabo</span> <span class='ocrx_word' id='word_1_471' title='bbox 979 3429 1176 3499; x_wconf 89' lang='lat' dir='ltr'>(Deut.</span> <span class='ocrx_word' id='word_1_472' title='bbox 1230 3445 1415 3500; x_wconf 76' lang='grc' dir='ltr'>χχχιι,</span> <span class='ocrx_word' id='word_1_473' title='bbox 1448 3429 1561 3496; x_wconf 81' lang='lat'>49).</span> <span class='ocrx_word' id='word_1_474' title='bbox 1598 3453 1620 3477; x_wconf 81' lang='grc' dir='ltr'>ιι</span> <span class='ocrx_word' id='word_1_475' title='bbox 1674 3429 1987 3494; x_wconf 67' lang='lat' dir='ltr'>Percussit</span> 
     </span>
    </p>
   </div>
   <div class='ocr_carea' id='block_1_66' title="bbox 304 3516 1983 3587">
    <p class='ocr_par' dir='ltr' id='par_1_66' title="bbox 304 3516 1983 3587">
     <span class='ocr_line' id='line_1_66' title="bbox 304 3516 1983 3587; baseline 0.001 -16"><span class='ocrx_word' id='word_1_476' title='bbox 304 3517 660 3587; x_wconf 89' lang='lat' dir='ltr'>inﬁrmitate,</span> <span class='ocrx_word' id='word_1_477' title='bbox 725 3516 956 3572; x_wconf 87' lang='lat' dir='ltr'>sanavit</span> <span class='ocrx_word' id='word_1_478' title='bbox 1014 3517 1149 3572; x_wconf 89' lang='lat' dir='ltr'>ﬁde.</span> <span class='ocrx_word' id='word_1_479' title='bbox 1210 3516 1370 3572; x_wconf 87' lang='lat' dir='ltr'>Vidit</span> <span class='ocrx_word' id='word_1_480' title='bbox 1426 3517 1582 3572; x_wconf 92' lang='lat' dir='ltr'>enim</span> <span class='ocrx_word' id='word_1_481' title='bbox 1643 3517 1983 3573; x_wconf 86' lang='lat' dir='ltr'>interiorem</span> 
     </span>
    </p>
   </div>
   <div class='ocr_carea' id='block_1_67' title="bbox 306 3604 1984 3678">
    <p class='ocr_par' dir='ltr' id='par_1_67' title="bbox 306 3604 1984 3678">
     <span class='ocr_line' id='line_1_67' title="bbox 306 3604 1984 3678; baseline 0 -17"><span class='ocrx_word' id='word_1_482' title='bbox 306 3604 577 3662; x_wconf 79' lang='lat' dir='ltr'>affectum</span> <span class='ocrx_word' id='word_1_483' title='bbox 621 3609 784 3661; x_wconf 91' lang='lat' dir='ltr'>tuum</span> <span class='ocrx_word' id='word_1_484' title='bbox 831 3622 947 3662; x_wconf 91' lang='lat' dir='ltr'>non</span> <span class='ocrx_word' id='word_1_485' title='bbox 996 3622 1248 3662; x_wconf 89' lang='lat' dir='ltr'>vacuum</span> <span class='ocrx_word' id='word_1_486' title='bbox 1310 3607 1423 3678; x_wconf 85' lang='lat' dir='ltr'>piae</span> <span class='ocrx_word' id='word_1_487' title='bbox 1470 3606 1824 3677; x_wconf 82' lang='lat' dir='ltr'>cupiditatis,</span> <span class='ocrx_word' id='word_1_488' title='bbox 1877 3607 1984 3662; x_wconf 87' lang='lat' dir='ltr'>sed</span> 
     </span>
    </p>
   </div>
   <div class='ocr_carea' id='block_1_68' title="bbox 307 3694 1984 3766">
    <p class='ocr_par' dir='ltr' id='par_1_68' title="bbox 307 3694 1984 3766">
     <span class='ocr_line' id='line_1_68' title="bbox 307 3694 1984 3766; baseline 0 -16"><span class='ocrx_word' id='word_1_489' title='bbox 307 3695 504 3750; x_wconf 82' lang='lat' dir='ltr'>excuti</span> <span class='ocrx_word' id='word_1_490' title='bbox 534 3694 954 3766; x_wconf 82' lang='lat' dir='ltr'>dilationibus;</span> <span class='ocrx_word' id='word_1_491' title='bbox 1003 3697 1060 3751; x_wconf 91' lang='lat' dir='ltr'>et</span> <span class='ocrx_word' id='word_1_492' title='bbox 1103 3695 1236 3751; x_wconf 90' lang='lat' dir='ltr'>ideo</span> <span class='ocrx_word' id='word_1_493' title='bbox 1281 3696 1598 3751; x_wconf 90' lang='lat' dir='ltr'>admonere</span> <span class='ocrx_word' id='word_1_494' title='bbox 1650 3696 1872 3766; x_wconf 87' lang='lat' dir='ltr'>maluit,</span> <span class='ocrx_word' id='word_1_495' title='bbox 1907 3696 1984 3751; x_wconf 91' lang='lat' dir='ltr'>ita</span> 
     </span>
    </p>
   </div>
   <div class='ocr_carea' id='block_1_69' title="bbox 309 3783 1838 3854">
    <p class='ocr_par' dir='ltr' id='par_1_69' title="bbox 309 3783 1838 3854">
     <span class='ocr_line' id='line_1_69' title="bbox 309 3783 1838 3854; baseline 0 -16"><span class='ocrx_word' id='word_1_496' title='bbox 309 3787 371 3838; x_wconf 94' lang='lat' dir='ltr'>ut</span> <span class='ocrx_word' id='word_1_497' title='bbox 400 3783 650 3839; x_wconf 90' lang='lat' dir='ltr'>salutem</span> <span class='ocrx_word' id='word_1_498' title='bbox 680 3798 796 3839; x_wconf 91' lang='lat' dir='ltr'>non</span> <span class='ocrx_word' id='word_1_499' title='bbox 831 3784 1090 3854; x_wconf 89' lang='lat' dir='ltr'>laederet,</span> <span class='ocrx_word' id='word_1_500' title='bbox 1125 3785 1501 3840; x_wconf 87' lang='lat' dir='ltr'>devotionem</span> <span class='ocrx_word' id='word_1_501' title='bbox 1534 3787 1838 3841; x_wconf 89' lang='lat' dir='ltr'>excitaret.</span> 
     </span>
    </p>
   </div>
   <div class='ocr_carea' id='block_1_70' title="bbox 381 3872 1980 3946">
    <p class='ocr_par' dir='ltr' id='par_1_70' title="bbox 381 3872 1980 3946">
     <span class='ocr_line' id='line_1_70' title="bbox 381 3872 1980 3946; baseline 0.001 -19"><span class='ocrx_word' id='word_1_502' title='bbox 381 3873 434 3929; x_wconf 89' lang='lat'>2.</span> <span class='ocrx_word' id='word_1_503' title='bbox 461 3872 766 3939; x_wconf 86' lang='lat' dir='ltr'>Quomodo</span> <span class='ocrx_word' id='word_1_504' title='bbox 785 3873 940 3928; x_wconf 90' lang='lat' dir='ltr'>enim</span> <span class='ocrx_word' id='word_1_505' title='bbox 962 3873 1415 3942; x_wconf 87' lang='lat' dir='ltr'>saluti-noceret,</span> <span class='ocrx_word' id='word_1_506' title='bbox 1459 3875 1557 3946; x_wconf 92' lang='lat' dir='ltr'>qui</span> <span class='ocrx_word' id='word_1_507' title='bbox 1580 3875 1733 3929; x_wconf 90' lang='lat' dir='ltr'>solet</span> <span class='ocrx_word' id='word_1_508' title='bbox 1763 3874 1980 3943; x_wconf 89' lang='lat' dir='ltr'>dicere,</span> 
     </span>
    </p>
   </div>
   <div class='ocr_carea' id='block_1_71' title="bbox 310 3961 1983 4035">
    <p class='ocr_par' dir='ltr' id='par_1_71' title="bbox 310 3961 1983 4035">
     <span class='ocr_line' id='line_1_71' title="bbox 310 3961 1983 4035; baseline 0 -17"><span class='ocrx_word' id='word_1_509' title='bbox 310 3966 372 4018; x_wconf 90' lang='lat' dir='ltr'>ut</span> <span class='ocrx_word' id='word_1_510' title='bbox 393 3963 650 4035; x_wconf 81' lang='lat' dir='ltr'>legimus</span> <span class='ocrx_word' id='word_1_511' title='bbox 673 3962 732 4017; x_wconf 90' lang='lat' dir='ltr'>in</span> <span class='ocrx_word' id='word_1_512' title='bbox 776 3961 1136 4034; x_wconf 84' lang='lat' dir='ltr'>Evangelio:</span> <span class='ocrx_word' id='word_1_513' title='bbox 1173 3983 1199 4012; x_wconf 77' lang='grc' dir='ltr'><strong>α</strong></span> <span class='ocrx_word' id='word_1_514' title='bbox 1234 3962 1360 4035; x_wconf 88' lang='lat' dir='ltr'>Ego</span> <span class='ocrx_word' id='word_1_515' title='bbox 1391 3965 1645 4033; x_wconf 89' lang='lat' dir='ltr'>veniam,</span> <span class='ocrx_word' id='word_1_516' title='bbox 1677 3966 1733 4018; x_wconf 90' lang='lat' dir='ltr'>et</span> <span class='ocrx_word' id='word_1_517' title='bbox 1763 3963 1983 4018; x_wconf 89' lang='lat' dir='ltr'>curabo</span> 
     </span>
    </p>
   </div>
   <div class='ocr_carea' id='block_1_72' title="bbox 311 4050 1981 4124">
    <p class='ocr_par' dir='ltr' id='par_1_72' title="bbox 311 4050 1981 4124">
     <span class='ocr_line' id='line_1_72' title="bbox 311 4050 1981 4124; baseline -0.001 -17"><span class='ocrx_word' id='word_1_518' title='bbox 311 4068 443 4108; x_wconf 89' lang='lat' dir='ltr'>eum</span> <span class='ocrx_word' id='word_1_519' title='bbox 475 4051 713 4124; x_wconf 84' lang='lat' dir='ltr'>(Matth.</span> <span class='ocrx_word' id='word_1_520' title='bbox 751 4068 873 4120; x_wconf 85' lang='lat' dir='ltr'>vm,</span> <span class='ocrx_word' id='word_1_521' title='bbox 905 4051 1006 4122; x_wconf 84' lang='lat'>&#39;7)?</span> <span class='ocrx_word' id='word_1_522' title='bbox 1069 4074 1091 4100; x_wconf 84' lang='grc' dir='ltr'>ιι</span> <span class='ocrx_word' id='word_1_523' title='bbox 1125 4050 1284 4124; x_wconf 85' lang='lat' dir='ltr'>Ergo</span> <span class='ocrx_word' id='word_1_524' title='bbox 1315 4056 1371 4107; x_wconf 91' lang='lat' dir='ltr'>et</span> <span class='ocrx_word' id='word_1_525' title='bbox 1402 4067 1535 4107; x_wconf 90' lang='lat' dir='ltr'>cum</span> <span class='ocrx_word' id='word_1_526' title='bbox 1565 4069 1599 4106; x_wconf 92' lang='lat' dir='ltr'>a</span> <span class='ocrx_word' id='word_1_527' title='bbox 1626 4052 1744 4108; x_wconf 89' lang='lat' dir='ltr'>tuis</span> <span class='ocrx_word' id='word_1_528' title='bbox 1776 4051 1981 4107; x_wconf 83' lang='lat' dir='ltr'>invita-</span> 
     </span>
    </p>
   </div>
   <div class='ocr_carea' id='block_1_73' title="bbox 312 4140 1982 4212">
    <p class='ocr_par' dir='ltr' id='par_1_73' title="bbox 312 4140 1982 4212">
     <span class='ocr_line' id='line_1_73' title="bbox 312 4140 1982 4212; baseline 0 -16"><span class='ocrx_word' id='word_1_529' title='bbox 312 4145 476 4197; x_wconf 90' lang='lat' dir='ltr'>retur</span> <span class='ocrx_word' id='word_1_530' title='bbox 530 4140 665 4211; x_wconf 82' lang='lat' dir='ltr'>(Tl),</span> <span class='ocrx_word' id='word_1_531' title='bbox 699 4143 761 4195; x_wconf 93' lang='lat' dir='ltr'>ut</span> <span class='ocrx_word' id='word_1_532' title='bbox 791 4140 1079 4196; x_wconf 88' lang='lat' dir='ltr'>inviseret</span> <span class='ocrx_word' id='word_1_533' title='bbox 1125 4140 1362 4196; x_wconf 91' lang='lat' dir='ltr'>domum</span> <span class='ocrx_word' id='word_1_534' title='bbox 1412 4145 1590 4212; x_wconf 91' lang='lat' dir='ltr'>tuam,</span> <span class='ocrx_word' id='word_1_535' title='bbox 1643 4142 1771 4197; x_wconf 90' lang='lat' dir='ltr'>sine</span> <span class='ocrx_word' id='word_1_536' title='bbox 1804 4140 1982 4196; x_wconf 88' lang='lat' dir='ltr'>dubio</span> 
     </span>
    </p>
   </div>
   <div class='ocr_carea' id='block_1_74' title="bbox 313 4229 1982 4302">
    <p class='ocr_par' dir='ltr' id='par_1_74' title="bbox 313 4229 1982 4302">
     <span class='ocr_line' id='line_1_74' title="bbox 313 4229 1982 4302; baseline 0.001 -17"><span class='ocrx_word' id='word_1_537' title='bbox 313 4231 490 4286; x_wconf 83' lang='lat' dir='ltr'>dixit:</span> <span class='ocrx_word' id='word_1_538' title='bbox 533 4253 554 4278; x_wconf 78' lang='grc' dir='ltr'><strong>α</strong></span> <span class='ocrx_word' id='word_1_539' title='bbox 593 4229 721 4302; x_wconf 88' lang='lat' dir='ltr'>Ego</span> <span class='ocrx_word' id='word_1_540' title='bbox 771 4229 1028 4300; x_wconf 89' lang='lat' dir='ltr'>veniam,</span> <span class='ocrx_word' id='word_1_541' title='bbox 1074 4232 1132 4285; x_wconf 91' lang='lat' dir='ltr'>et</span> <span class='ocrx_word' id='word_1_542' title='bbox 1160 4230 1380 4286; x_wconf 88' lang='lat' dir='ltr'>curabo</span> <span class='ocrx_word' id='word_1_543' title='bbox 1429 4247 1584 4286; x_wconf 89' lang='lat' dir='ltr'>eum.</span> <span class='ocrx_word' id='word_1_544' title='bbox 1622 4256 1644 4280; x_wconf 90' lang='grc' dir='ltr'>ιι</span> <span class='ocrx_word' id='word_1_545' title='bbox 1681 4230 1750 4284; x_wconf 88' lang='lat' dir='ltr'>Et</span> <span class='ocrx_word' id='word_1_546' title='bbox 1779 4231 1831 4284; x_wconf 90' lang='lat' dir='ltr'>si</span> <span class='ocrx_word' id='word_1_547' title='bbox 1865 4247 1982 4286; x_wconf 91' lang='lat' dir='ltr'>non</span> 
     </span>
    </p>
   </div>
   <div class='ocr_carea' id='block_1_75' title="bbox 311 4315 1984 4391">
    <p class='ocr_par' dir='ltr' id='par_1_75' title="bbox 311 4315 1984 4391">
     <span class='ocr_line' id='line_1_75' title="bbox 311 4315 1984 4391; baseline 0 -17"><span class='ocrx_word' id='word_1_548' title='bbox 311 4315 528 4374; x_wconf 90' lang='lat' dir='ltr'>audisti</span> <span class='ocrx_word' id='word_1_549' title='bbox 562 4335 718 4391; x_wconf 90' lang='lat' dir='ltr'>eum,</span> <span class='ocrx_word' id='word_1_550' title='bbox 752 4317 850 4375; x_wconf 90' lang='lat' dir='ltr'>ille</span> <span class='ocrx_word' id='word_1_551' title='bbox 900 4321 1094 4374; x_wconf 89' lang='lat' dir='ltr'>tamen</span> <span class='ocrx_word' id='word_1_552' title='bbox 1144 4320 1314 4391; x_wconf 90' lang='lat' dir='ltr'>quasi</span> <span class='ocrx_word' id='word_1_553' title='bbox 1348 4319 1508 4376; x_wconf 91' lang='lat' dir='ltr'>Deus</span> <span class='ocrx_word' id='word_1_554' title='bbox 1557 4320 1984 4376; x_wconf 88' lang='lat' dir='ltr'>insensibiliter</span> 
     </span>
    </p>
   </div>
   <div class='ocr_carea' id='block_1_76' title="bbox 385 4460 1983 4532">
    <p class='ocr_par' dir='ltr' id='par_1_76' title="bbox 385 4460 1983 4532">
     <span class='ocr_line' id='line_1_76' title="bbox 385 4460 1983 4532; baseline 0.001 -17"><span class='ocrx_word' id='word_1_555' title='bbox 385 4461 501 4532; x_wconf 83' lang='lat'>(&#39;72(</span> <span class='ocrx_word' id='word_1_556' title='bbox 536 4483 561 4532; x_wconf 7' lang='grc' dir='ltr'>ιι,</span> <span class='ocrx_word' id='word_1_557' title='bbox 613 4460 686 4532; x_wconf 84' lang='lat' dir='ltr'>Et</span> <span class='ocrx_word' id='word_1_558' title='bbox 716 4460 936 4517; x_wconf 88' lang='lat' dir='ltr'>habere</span> <span class='ocrx_word' id='word_1_559' title='bbox 980 4461 1327 4531; x_wconf 42' lang='lat' dir='ltr'>huiusmodi</span> <span class='ocrx_word' id='word_1_560' title='bbox 1375 4463 1627 4517; x_wconf 90' lang='lat' dir='ltr'>animam</span> <span class='ocrx_word' id='word_1_561' title='bbox 1659 4479 1890 4518; x_wconf 91' lang='lat' dir='ltr'>omnem</span> <span class='ocrx_word' id='word_1_562' title='bbox 1921 4463 1983 4517; x_wconf 90' lang='lat' dir='ltr'>ﬁ-</span> 
     </span>
    </p>
   </div>
   <div class='ocr_carea' id='block_1_77' title="bbox 315 4531 1986 4605">
    <p class='ocr_par' dir='ltr' id='par_1_77' title="bbox 315 4531 1986 4605">
     <span class='ocr_line' id='line_1_77' title="bbox 315 4531 1986 4605; baseline 0.001 -18"><span class='ocrx_word' id='word_1_563' title='bbox 315 4531 476 4600; x_wconf 84' lang='lat' dir='ltr'>dem,</span> <span class='ocrx_word' id='word_1_564' title='bbox 502 4555 523 4578; x_wconf 89' lang='grc' dir='ltr'>ιι</span> <span class='ocrx_word' id='word_1_565' title='bbox 551 4531 759 4605; x_wconf 78' lang='lat' dir='ltr'>isthaec</span> <span class='ocrx_word' id='word_1_566' title='bbox 778 4533 837 4585; x_wconf 89' lang='lat' dir='ltr'>in</span> <span class='ocrx_word' id='word_1_567' title='bbox 860 4549 1024 4605; x_wconf 45' lang='lat' dir='ltr'>mss.</span> <span class='ocrx_word' id='word_1_568' title='bbox 1043 4537 1297 4605; x_wconf 87' lang='lat' dir='ltr'>quatuor</span> <span class='ocrx_word' id='word_1_569' title='bbox 1331 4532 1598 4605; x_wconf 79' lang='lat' dir='ltr'>jugulata</span> <span class='ocrx_word' id='word_1_570' title='bbox 1631 4539 1801 4604; x_wconf 84' lang='lat' dir='ltr'>sunt;</span> <span class='ocrx_word' id='word_1_571' title='bbox 1850 4550 1986 4588; x_wconf 88' lang='lat' dir='ltr'>nec-</span> 
     </span>
    </p>
   </div>
   <div class='ocr_carea' id='block_1_78' title="bbox 315 4603 1982 4673">
    <p class='ocr_par' dir='ltr' id='par_1_78' title="bbox 315 4603 1982 4673">
     <span class='ocr_line' id='line_1_78' title="bbox 315 4603 1982 4673; baseline 0.001 -15"><span class='ocrx_word' id='word_1_572' title='bbox 315 4617 434 4658; x_wconf 92' lang='lat' dir='ltr'>non</span> <span class='ocrx_word' id='word_1_573' title='bbox 457 4603 728 4673; x_wconf 89' lang='lat' dir='ltr'>sequenti</span> <span class='ocrx_word' id='word_1_574' title='bbox 751 4619 933 4673; x_wconf 84' lang='lat' dir='ltr'>versu</span> <span class='ocrx_word' id='word_1_575' title='bbox 952 4603 1084 4673; x_wconf 50' lang='lat' dir='ltr'>gilla</span> <span class='ocrx_word' id='word_1_576' title='bbox 1102 4604 1391 4671; x_wconf 86' lang='lat' dir='ltr'>similiter,</span> <span class='ocrx_word' id='word_1_577' title='bbox 1414 4603 1452 4650; x_wconf 66' lang='grc' dir='ltr'>ἰι</span> <span class='ocrx_word' id='word_1_578' title='bbox 1478 4606 1557 4658; x_wconf 90' lang='lat' dir='ltr'>ibi</span> <span class='ocrx_word' id='word_1_579' title='bbox 1587 4608 1779 4660; x_wconf 90' lang='lat' dir='ltr'>omnis</span> <span class='ocrx_word' id='word_1_580' title='bbox 1812 4607 1982 4673; x_wconf 87' lang='lat' dir='ltr'>ﬁdes,</span> 
     </span>
    </p>
   </div>
   <div class='ocr_carea' id='block_1_79' title="bbox 318 4671 1399 4741">
    <p class='ocr_par' dir='ltr' id='par_1_79' title="bbox 318 4671 1399 4741">
     <span class='ocr_line' id='line_1_79' title="bbox 318 4671 1399 4741; baseline -0.006 -13"><span class='ocrx_word' id='word_1_581' title='bbox 318 4675 475 4728; x_wconf 88' lang='lat' dir='ltr'>sicut</span> <span class='ocrx_word' id='word_1_582' title='bbox 505 4671 602 4726; x_wconf 92' lang='lat' dir='ltr'>ubi</span> <span class='ocrx_word' id='word_1_583' title='bbox 635 4671 896 4741; x_wconf 87' lang='lat' dir='ltr'>perfecta</span> <span class='ocrx_word' id='word_1_584' title='bbox 927 4672 1205 4738; x_wconf 77' lang='lat' dir='ltr'>Charitas,</span> <span class='ocrx_word' id='word_1_585' title='bbox 1241 4673 1340 4728; x_wconf 89' lang='lat' dir='ltr'>ibi.</span> <span class='ocrx_word' id='word_1_586' title='bbox 1377 4697 1399 4722; x_wconf 71' lang='grc' dir='ltr'><strong><em>η</em></strong></span> 
     </span>
    </p>
   </div>
   <div class='ocr_carea' id='block_1_80' title="bbox 388 4743 1980 4814">
    <p class='ocr_par' dir='ltr' id='par_1_80' title="bbox 388 4743 1980 4814">
     <span class='ocr_line' id='line_1_80' title="bbox 388 4743 1980 4814; baseline 0.003 -17"><span class='ocrx_word' id='word_1_587' title='bbox 388 4745 503 4812; x_wconf 83' lang='lat'>(‘73)</span> <span class='ocrx_word' id='word_1_588' title='bbox 526 4743 674 4797; x_wconf 88' lang='lat' dir='ltr'>Mss.</span> <span class='ocrx_word' id='word_1_589' title='bbox 713 4743 952 4814; x_wconf 86' lang='lat' dir='ltr'>aliquot,</span> <span class='ocrx_word' id='word_1_590' title='bbox 981 4767 1002 4790; x_wconf 77' lang='grc' dir='ltr'>ιι</span> <span class='ocrx_word' id='word_1_591' title='bbox 1051 4743 1312 4814; x_wconf 90' lang='lat' dir='ltr'>obligato</span> <span class='ocrx_word' id='word_1_592' title='bbox 1347 4748 1404 4798; x_wconf 93' lang='lat' dir='ltr'>et</span> <span class='ocrx_word' id='word_1_593' title='bbox 1442 4745 1684 4802; x_wconf 86' lang='lat' dir='ltr'>excluso</span> <span class='ocrx_word' id='word_1_594' title='bbox 1709 4749 1934 4802; x_wconf 89' lang='lat' dir='ltr'>timore.</span> <span class='ocrx_word' id='word_1_595' title='bbox 1959 4771 1980 4794; x_wconf 84' lang='grc' dir='ltr'>ιι</span> 
     </span>
    </p>
   </div>
   <div class='ocr_carea' id='block_1_81' title="bbox 390 4815 1986 4885">
    <p class='ocr_par' dir='ltr' id='par_1_81' title="bbox 390 4815 1986 4885">
     <span class='ocr_line' id='line_1_81' title="bbox 390 4815 1986 4885; baseline 0.001 -16"><span class='ocrx_word' id='word_1_596' title='bbox 390 4815 506 4884; x_wconf 73' lang='grc'>(74)</span> <span class='ocrx_word' id='word_1_597' title='bbox 532 4815 674 4868; x_wconf 59' lang='lat' dir='ltr'>Hec</span> <span class='ocrx_word' id='word_1_598' title='bbox 697 4815 898 4880; x_wconf 87' lang='lat' dir='ltr'>verba,</span> <span class='ocrx_word' id='word_1_599' title='bbox 929 4838 950 4862; x_wconf 76' lang='grc' dir='ltr'><strong>α</strong></span> <span class='ocrx_word' id='word_1_600' title='bbox 976 4815 1078 4885; x_wconf 91' lang='lat' dir='ltr'>qui</span> <span class='ocrx_word' id='word_1_601' title='bbox 1113 4830 1256 4884; x_wconf 84' lang='lat' dir='ltr'>ergo</span> <span class='ocrx_word' id='word_1_602' title='bbox 1281 4831 1384 4884; x_wconf 89' lang='lat' dir='ltr'>per</span> <span class='ocrx_word' id='word_1_603' title='bbox 1423 4815 1762 4872; x_wconf 88' lang='lat' dir='ltr'>charitatem</span> <span class='ocrx_word' id='word_1_604' title='bbox 1794 4819 1986 4874; x_wconf 89' lang='lat' dir='ltr'>omnia</span> 
     </span>
    </p>
   </div>
   <div class='ocr_carea' id='block_1_82' title="bbox 321 4885 1984 4954">
    <p class='ocr_par' dir='ltr' id='par_1_82' title="bbox 321 4885 1984 4954">
     <span class='ocr_line' id='line_1_82' title="bbox 321 4885 1984 4954; baseline 0.001 -14"><span class='ocrx_word' id='word_1_605' title='bbox 321 4886 596 4953; x_wconf 88' lang='lat' dir='ltr'>sustinet,</span> <span class='ocrx_word' id='word_1_606' title='bbox 623 4910 644 4933; x_wconf 82' lang='grc' dir='ltr'>ιι</span> <span class='ocrx_word' id='word_1_607' title='bbox 672 4885 901 4940; x_wconf 86' lang='lat' dir='ltr'>sicutet</span> <span class='ocrx_word' id='word_1_608' title='bbox 935 4886 1071 4940; x_wconf 89' lang='lat' dir='ltr'>illa:</span> <span class='ocrx_word' id='word_1_609' title='bbox 1109 4908 1131 4932; x_wconf 76' lang='grc' dir='ltr'>ιε</span> <span class='ocrx_word' id='word_1_610' title='bbox 1169 4885 1332 4954; x_wconf 83' lang='lat' dir='ltr'>Vale,</span> <span class='ocrx_word' id='word_1_611' title='bbox 1364 4885 1466 4949; x_wconf 88' lang='lat' dir='ltr'>ﬁli,</span> <span class='ocrx_word' id='word_1_612' title='bbox 1500 4891 1634 4954; x_wconf 92' lang='lat' dir='ltr'>etc.,</span> <span class='ocrx_word' id='word_1_613' title='bbox 1673 4909 1694 4939; x_wconf 70' lang='grc' dir='ltr'>ι</span> <span class='ocrx_word' id='word_1_614' title='bbox 1728 4890 1788 4944; x_wconf 92' lang='lat' dir='ltr'>in</span> <span class='ocrx_word' id='word_1_615' title='bbox 1836 4905 1984 4943; x_wconf 88' lang='lat' dir='ltr'>mss.</span> 
     </span>
    </p>
   </div>
   <div class='ocr_carea' id='block_1_83' title="bbox 320 4955 1686 5026">
    <p class='ocr_par' dir='ltr' id='par_1_83' title="bbox 320 4955 1686 5026">
     <span class='ocr_line' id='line_1_83' title="bbox 320 4955 1686 5026; baseline -0.001 -12"><span class='ocrx_word' id='word_1_616' title='bbox 320 4957 523 5026; x_wconf 85' lang='lat' dir='ltr'>Corb.,</span> <span class='ocrx_word' id='word_1_617' title='bbox 559 4956 768 5023; x_wconf 88' lang='lat' dir='ltr'>Laud.,</span> <span class='ocrx_word' id='word_1_618' title='bbox 802 4956 931 5011; x_wconf 91' lang='lat' dir='ltr'>Ful.</span> <span class='ocrx_word' id='word_1_619' title='bbox 967 4961 1022 5011; x_wconf 90' lang='lat' dir='ltr'>et</span> <span class='ocrx_word' id='word_1_620' title='bbox 1051 4955 1220 5011; x_wconf 90' lang='lat' dir='ltr'>Colb.</span> <span class='ocrx_word' id='word_1_621' title='bbox 1253 4957 1686 5014; x_wconf 83' lang='lat' dir='ltr'>desiderantur.</span> 
     </span>
    </p>
   </div>
   <div class='ocr_carea' id='block_1_84' title="bbox 391 5026 1718 5098">
    <p class='ocr_par' dir='ltr' id='par_1_84' title="bbox 391 5026 1718 5098">
     <span class='ocr_line' id='line_1_84' title="bbox 391 5026 1718 5098; baseline 0.003 -18"><span class='ocrx_word' id='word_1_622' title='bbox 391 5027 502 5095; x_wconf 83' lang='grc'>(75)</span> <span class='ocrx_word' id='word_1_623' title='bbox 535 5026 736 5082; x_wconf 82' lang='lat' dir='ltr'>Codex</span> <span class='ocrx_word' id='word_1_624' title='bbox 769 5027 1003 5098; x_wconf 78' lang='lat' dir='ltr'>Boyer.,</span> <span class='ocrx_word' id='word_1_625' title='bbox 1042 5051 1064 5075; x_wconf 80' lang='grc' dir='ltr'>ιι</span> <span class='ocrx_word' id='word_1_626' title='bbox 1101 5027 1412 5082; x_wconf 86' lang='lat' dir='ltr'>Mactatum</span> <span class='ocrx_word' id='word_1_627' title='bbox 1432 5033 1508 5098; x_wconf 92' lang='lat' dir='ltr'>te,</span> <span class='ocrx_word' id='word_1_628' title='bbox 1544 5033 1653 5084; x_wconf 89' lang='lat' dir='ltr'>etc.</span> <span class='ocrx_word' id='word_1_629' title='bbox 1697 5051 1718 5078; x_wconf 84' lang='grc' dir='ltr'>ιι</span> 
     </span>
    </p>
   </div>
   <div class='ocr_carea' id='block_1_85' title="bbox 394 5098 1987 5171">
    <p class='ocr_par' dir='ltr' id='par_1_85' title="bbox 394 5098 1987 5171">
     <span class='ocr_line' id='line_1_85' title="bbox 394 5098 1987 5171; baseline 0.001 -20"><span class='ocrx_word' id='word_1_630' title='bbox 394 5099 506 5168; x_wconf 84' lang='grc' dir='ltr'>(Ἳ6)</span> <span class='ocrx_word' id='word_1_631' title='bbox 540 5098 882 5171; x_wconf 89' lang='lat' dir='ltr'>ldemcod..</span> <span class='ocrx_word' id='word_1_632' title='bbox 921 5122 943 5146; x_wconf 77' lang='grc' dir='ltr'>ιι</span> <span class='ocrx_word' id='word_1_633' title='bbox 992 5099 1128 5170; x_wconf 91' lang='lat' dir='ltr'>plus</span> <span class='ocrx_word' id='word_1_634' title='bbox 1163 5100 1397 5171; x_wconf 88' lang='lat' dir='ltr'>auxilii,</span> <span class='ocrx_word' id='word_1_635' title='bbox 1436 5125 1457 5148; x_wconf 82' lang='grc' dir='ltr'>ιι</span> <span class='ocrx_word' id='word_1_636' title='bbox 1491 5101 1682 5171; x_wconf 87' lang='lat' dir='ltr'>magis</span> <span class='ocrx_word' id='word_1_637' title='bbox 1714 5102 1863 5155; x_wconf 89' lang='lat' dir='ltr'>scite</span> <span class='ocrx_word' id='word_1_638' title='bbox 1893 5100 1987 5154; x_wconf 87' lang='lat' dir='ltr'>alii</span> 
     </span>
    </p>
   </div>
   <div class='ocr_carea' id='block_1_86' title="bbox 324 5169 1991 5240">
    <p class='ocr_par' dir='ltr' id='par_1_86' title="bbox 324 5169 1991 5240">
     <span class='ocr_line' id='line_1_86' title="bbox 324 5169 1991 5240; baseline -0.001 -15"><span class='ocrx_word' id='word_1_639' title='bbox 324 5173 380 5225; x_wconf 89' lang='lat' dir='ltr'>et</span> <span class='ocrx_word' id='word_1_640' title='bbox 401 5185 607 5224; x_wconf 89' lang='lat' dir='ltr'>omnes</span> <span class='ocrx_word' id='word_1_641' title='bbox 627 5169 787 5238; x_wconf 90' lang='lat' dir='ltr'>edit.,</span> <span class='ocrx_word' id='word_1_642' title='bbox 832 5193 853 5217; x_wconf 84' lang='grc' dir='ltr'>ιι</span> <span class='ocrx_word' id='word_1_643' title='bbox 889 5169 1025 5240; x_wconf 83' lang='lat' dir='ltr'>plus</span> <span class='ocrx_word' id='word_1_644' title='bbox 1047 5170 1257 5239; x_wconf 87' lang='lat' dir='ltr'>aculei,</span> <span class='ocrx_word' id='word_1_645' title='bbox 1283 5193 1304 5219; x_wconf 83' lang='grc' dir='ltr'>ιι</span> <span class='ocrx_word' id='word_1_646' title='bbox 1343 5177 1403 5225; x_wconf 94' lang='lat' dir='ltr'>ut</span> <span class='ocrx_word' id='word_1_647' title='bbox 1426 5169 1628 5226; x_wconf 84' lang='lat' dir='ltr'>morbo</span> <span class='ocrx_word' id='word_1_648' title='bbox 1659 5173 1890 5227; x_wconf 90' lang='lat' dir='ltr'>scilicet</span> <span class='ocrx_word' id='word_1_649' title='bbox 1919 5173 1991 5225; x_wconf 83' lang='lat' dir='ltr'>ad</span> 
     </span>
    </p>
   </div>
   <div class='ocr_carea' id='block_1_87' title="bbox 325 5241 1991 5314">
    <p class='ocr_par' dir='ltr' id='par_1_87' title="bbox 325 5241 1991 5314">
     <span class='ocr_line' id='line_1_87' title="bbox 325 5241 1991 5314; baseline 0.001 -19"><span class='ocrx_word' id='word_1_650' title='bbox 325 5241 501 5295; x_wconf 86' lang='lat' dir='ltr'>ﬁdem</span> <span class='ocrx_word' id='word_1_651' title='bbox 520 5241 1018 5314; x_wconf 83' lang='lat' dir='ltr'>exstimularetur.</span> <span class='ocrx_word' id='word_1_652' title='bbox 1046 5243 1118 5296; x_wconf 88' lang='lat' dir='ltr'>At</span> <span class='ocrx_word' id='word_1_653' title='bbox 1147 5243 1419 5313; x_wconf 86' lang='lat' dir='ltr'>sequenti</span> <span class='ocrx_word' id='word_1_654' title='bbox 1448 5259 1630 5298; x_wconf 89' lang='lat' dir='ltr'>versu</span> <span class='ocrx_word' id='word_1_655' title='bbox 1661 5260 1794 5298; x_wconf 88' lang='lat' dir='ltr'>cum</span> <span class='ocrx_word' id='word_1_656' title='bbox 1824 5244 1991 5314; x_wconf 83' lang='lat' dir='ltr'>lege-</span> 
     </span>
    </p>
   </div>
   <div class='ocr_carea' id='block_1_88' title="bbox 324 5313 1988 5383">
    <p class='ocr_par' dir='ltr' id='par_1_88' title="bbox 324 5313 1988 5383">
     <span class='ocr_line' id='line_1_88' title="bbox 324 5313 1988 5383; baseline 0.001 -16"><span class='ocrx_word' id='word_1_657' title='bbox 324 5315 488 5367; x_wconf 88' lang='lat' dir='ltr'>retur</span> <span class='ocrx_word' id='word_1_658' title='bbox 543 5313 603 5366; x_wconf 91' lang='lat' dir='ltr'>in</span> <span class='ocrx_word' id='word_1_659' title='bbox 654 5313 883 5366; x_wconf 89' lang='lat' dir='ltr'>cunctis</span> <span class='ocrx_word' id='word_1_660' title='bbox 942 5313 1079 5366; x_wconf 90' lang='lat' dir='ltr'>edit.</span> <span class='ocrx_word' id='word_1_661' title='bbox 1143 5328 1210 5366; x_wconf 91' lang='lat' dir='ltr'>ac</span> <span class='ocrx_word' id='word_1_662' title='bbox 1263 5329 1442 5383; x_wconf 89' lang='lat' dir='ltr'>prope</span> <span class='ocrx_word' id='word_1_663' title='bbox 1492 5315 1769 5369; x_wconf 85' lang='lat' dir='ltr'>omnibus</span> <span class='ocrx_word' id='word_1_664' title='bbox 1819 5313 1988 5381; x_wconf 69' lang='lat' dir='ltr'>mss,</span> 
     </span>
    </p>
   </div>
   <div class='ocr_carea' id='block_1_89' title="bbox 329 5383 1994 5453">
    <p class='ocr_par' dir='ltr' id='par_1_89' title="bbox 329 5383 1994 5453">
     <span class='ocr_line' id='line_1_89' title="bbox 329 5383 1994 5453; baseline 0.003 -18"><span class='ocrx_word' id='word_1_665' title='bbox 329 5406 350 5430; x_wconf 76' lang='grc' dir='ltr'>α</span> <span class='ocrx_word' id='word_1_666' title='bbox 387 5383 749 5453; x_wconf 91' lang='lat' dir='ltr'>promissum</span> <span class='ocrx_word' id='word_1_667' title='bbox 781 5383 1186 5452; x_wconf 87' lang='lat' dir='ltr'>remordebas,</span> <span class='ocrx_word' id='word_1_668' title='bbox 1227 5407 1249 5431; x_wconf 82' lang='grc' dir='ltr'>ιι</span> <span class='ocrx_word' id='word_1_669' title='bbox 1284 5399 1316 5438; x_wconf 91' lang='lat' dir='ltr'>e</span> <span class='ocrx_word' id='word_1_670' title='bbox 1337 5386 1465 5438; x_wconf 92' lang='lat' dir='ltr'>solo</span> <span class='ocrx_word' id='word_1_671' title='bbox 1487 5385 1617 5440; x_wconf 92' lang='lat' dir='ltr'>cod.</span> <span class='ocrx_word' id='word_1_672' title='bbox 1643 5386 1839 5440; x_wconf 82' lang='lat' dir='ltr'>Albin.</span> <span class='ocrx_word' id='word_1_673' title='bbox 1873 5401 1994 5440; x_wconf 85' lang='lat' dir='ltr'>res-</span> 
     </span>
    </p>
   </div>
   <div class='ocr_carea' id='block_1_90' title="bbox 325 5455 1581 5525">
    <p class='ocr_par' dir='ltr' id='par_1_90' title="bbox 325 5455 1581 5525">
     <span class='ocr_line' id='line_1_90' title="bbox 325 5455 1581 5525; baseline 0.002 -17"><span class='ocrx_word' id='word_1_674' title='bbox 325 5455 611 5521; x_wconf 89' lang='lat' dir='ltr'>tituimus,</span> <span class='ocrx_word' id='word_1_675' title='bbox 653 5477 674 5501; x_wconf 80' lang='grc' dir='ltr'><strong><em>α</em></strong></span> <span class='ocrx_word' id='word_1_676' title='bbox 709 5455 1074 5525; x_wconf 82' lang='lat' dir='ltr'>promissum</span> <span class='ocrx_word' id='word_1_677' title='bbox 1105 5455 1522 5510; x_wconf 89' lang='lat' dir='ltr'>remorabaris.</span> <span class='ocrx_word' id='word_1_678' title='bbox 1560 5480 1581 5503; x_wconf 76' lang='grc' dir='ltr'>ιι</span> 
     </span>
    </p>
   </div>
   <div class='ocr_carea' id='block_1_91' title="bbox 398 5525 1998 5599">
    <p class='ocr_par' dir='ltr' id='par_1_91' title="bbox 398 5525 1998 5599">
     <span class='ocr_line' id='line_1_91' title="bbox 398 5525 1998 5599; baseline 0.004 -22"><span class='ocrx_word' id='word_1_679' title='bbox 398 5526 510 5599; x_wconf 74' lang='lat' dir='ltr'>(T7)</span> <span class='ocrx_word' id='word_1_680' title='bbox 545 5526 754 5596; x_wconf 78' lang='lat' dir='ltr'>Boyer.</span> <span class='ocrx_word' id='word_1_681' title='bbox 805 5526 960 5597; x_wconf 87' lang='lat' dir='ltr'>cod.,</span> <span class='ocrx_word' id='word_1_682' title='bbox 997 5547 1019 5577; x_wconf 75' lang='grc' dir='ltr'>ι</span> <span class='ocrx_word' id='word_1_683' title='bbox 1065 5525 1117 5580; x_wconf 82' lang='grc' dir='ltr'><strong>Α</strong></span> <span class='ocrx_word' id='word_1_684' title='bbox 1158 5527 1275 5580; x_wconf 89' lang='lat' dir='ltr'>tuis</span> <span class='ocrx_word' id='word_1_685' title='bbox 1321 5541 1466 5599; x_wconf 89' lang='lat' dir='ltr'>ergo</span> <span class='ocrx_word' id='word_1_686' title='bbox 1518 5528 1902 5599; x_wconf 89' lang='lat' dir='ltr'>exspectavit,</span> <span class='ocrx_word' id='word_1_687' title='bbox 1935 5531 1998 5583; x_wconf 91' lang='lat' dir='ltr'>ut</span> 
     </span>
    </p>
   </div>
   <div class='ocr_carea' id='block_1_92' title="bbox 323 5596 753 5653">
    <p class='ocr_par' dir='ltr' id='par_1_92' title="bbox 323 5596 753 5653">
     <span class='ocr_line' id='line_1_92' title="bbox 323 5596 753 5653; baseline -0.002 -2"><span class='ocrx_word' id='word_1_688' title='bbox 323 5596 692 5653; x_wconf 88' lang='lat' dir='ltr'>invitaretur.</span> <span class='ocrx_word' id='word_1_689' title='bbox 732 5621 753 5644; x_wconf 91' lang='grc' dir='ltr'>ιι</span> 
     </span>
    </p>
   </div>
   <div class='ocr_carea' id='block_1_93' title="bbox 398 5665 1816 5740">
    <p class='ocr_par' dir='ltr' id='par_1_93' title="bbox 398 5665 1816 5740">
     <span class='ocr_line' id='line_1_93' title="bbox 398 5665 1816 5740; baseline 0.003 -20"><span class='ocrx_word' id='word_1_690' title='bbox 398 5665 511 5740; x_wconf 81' lang='lat' dir='ltr'>(&#39;_l8)</span> <span class='ocrx_word' id='word_1_691' title='bbox 536 5668 686 5740; x_wconf 77' lang='lat' dir='ltr'>Mss.</span> <span class='ocrx_word' id='word_1_692' title='bbox 720 5667 935 5740; x_wconf 87' lang='lat' dir='ltr'>Long.,</span> <span class='ocrx_word' id='word_1_693' title='bbox 975 5691 996 5715; x_wconf 80' lang='grc' dir='ltr'>ει</span> <span class='ocrx_word' id='word_1_694' title='bbox 1032 5667 1216 5724; x_wconf 88' lang='lat' dir='ltr'>Gusta</span> <span class='ocrx_word' id='word_1_695' title='bbox 1246 5667 1426 5740; x_wconf 86' lang='lat' dir='ltr'>igitur</span> <span class='ocrx_word' id='word_1_696' title='bbox 1455 5669 1610 5734; x_wconf 87' lang='lat' dir='ltr'>ﬁdei,</span> <span class='ocrx_word' id='word_1_697' title='bbox 1645 5674 1756 5724; x_wconf 93' lang='lat' dir='ltr'>etc.</span> <span class='ocrx_word' id='word_1_698' title='bbox 1795 5691 1816 5718; x_wconf 84' lang='grc' dir='ltr'>ιι</span> 
     </span>
    </p>
   </div>
   <div class='ocr_carea' id='block_1_94' title="bbox 399 5737 1997 5810">
    <p class='ocr_par' dir='ltr' id='par_1_94' title="bbox 399 5737 1997 5810">
     <span class='ocr_line' id='line_1_94' title="bbox 399 5737 1997 5810; baseline 0.002 -17"><span class='ocrx_word' id='word_1_699' title='bbox 399 5737 513 5810; x_wconf 79' lang='grc'>(79)</span> <span class='ocrx_word' id='word_1_700' title='bbox 537 5737 934 5810; x_wconf 75' lang='lat' dir='ltr'>Cod.Boyer.,</span> <span class='ocrx_word' id='word_1_701' title='bbox 966 5763 987 5786; x_wconf 86' lang='lat'><strong>«</strong></span> <span class='ocrx_word' id='word_1_702' title='bbox 1033 5740 1225 5795; x_wconf 88' lang='lat' dir='ltr'>omnis</span> <span class='ocrx_word' id='word_1_703' title='bbox 1265 5737 1477 5795; x_wconf 87' lang='lat' dir='ltr'>fastus.</span> <span class='ocrx_word' id='word_1_704' title='bbox 1509 5763 1530 5788; x_wconf 87' lang='grc' dir='ltr'>ιι</span> <span class='ocrx_word' id='word_1_705' title='bbox 1558 5741 1794 5795; x_wconf 88' lang='lat' dir='ltr'>Minime</span> <span class='ocrx_word' id='word_1_706' title='bbox 1826 5741 1997 5797; x_wconf 89' lang='lat' dir='ltr'>male.</span> 
     </span>
    </p>
   </div>
   <div class='ocr_carea' id='block_1_95' title="bbox 399 5809 1999 5892">
    <p class='ocr_par' dir='ltr' id='par_1_95' title="bbox 399 5809 1999 5892">
     <span class='ocr_line' id='line_1_95' title="bbox 399 5809 1999 5892; baseline 0.007 -27"><span class='ocrx_word' id='word_1_707' title='bbox 399 5809 514 5892; x_wconf 88' lang='lat'>(80)</span> <span class='ocrx_word' id='word_1_708' title='bbox 539 5809 785 5871; x_wconf 87' lang='lat' dir='ltr'>Videtur</span> <span class='ocrx_word' id='word_1_709' title='bbox 798 5809 1067 5874; x_wconf 78' lang='lat' dir='ltr'>indicare</span> <span class='ocrx_word' id='word_1_710' title='bbox 1107 5815 1475 5873; x_wconf 84' lang='lat' dir='ltr'>sacramenta</span> <span class='ocrx_word' id='word_1_711' title='bbox 1506 5812 1810 5892; x_wconf 82' lang='lat' dir='ltr'>Baptismi,</span> <span class='ocrx_word' id='word_1_712' title='bbox 1844 5812 1999 5876; x_wconf 81' lang='lat' dir='ltr'>Con-</span> 
     </span>
    </p>
   </div>
   <div class='ocr_carea' id='block_1_96' title="bbox 2094 3440 3106 3497">
    <p class='ocr_par' dir='ltr' id='par_1_96' title="bbox 2094 3440 3106 3497">
     <span class='ocr_line' id='line_1_96' title="bbox 2094 3440 3106 3497; baseline 0.001 -1"><span class='ocrx_word' id='word_1_713' title='bbox 2094 3440 2274 3496; x_wconf 89' lang='lat' dir='ltr'>Sanet</span> <span class='ocrx_word' id='word_1_714' title='bbox 2305 3443 2359 3496; x_wconf 90' lang='lat' dir='ltr'>te</span> <span class='ocrx_word' id='word_1_715' title='bbox 2391 3441 2676 3496; x_wconf 92' lang='lat' dir='ltr'>Dominus</span> <span class='ocrx_word' id='word_1_716' title='bbox 2707 3440 2911 3496; x_wconf 85' lang='lat' dir='ltr'>Jesus.</span> <span class='ocrx_word' id='word_1_717' title='bbox 2944 3440 3106 3497; x_wconf 90' lang='lat' dir='ltr'>Vale.</span> 
     </span>
    </p>
   </div>
   <div class='ocr_carea' id='block_1_97' title="bbox 2592 3563 3255 3623">
    <p class='ocr_par' dir='ltr' id='par_1_97' title="bbox 2592 3563 3255 3623">
     <span class='ocr_line' id='line_1_97' title="bbox 2592 3563 3255 3623; baseline 0.005 -3"><span class='ocrx_word' id='word_1_718' title='bbox 2592 3563 2962 3622; x_wconf 79' lang='lat' dir='ltr'>EPISTOLA</span> <span class='ocrx_word' id='word_1_719' title='bbox 3019 3567 3255 3623; x_wconf 84' lang='lat' dir='ltr'><strong>LXXX.</strong></span> 
     </span>
    </p>
   </div>
   <div class='ocr_carea' id='block_1_98' title="bbox 2100 3673 3757 3741">
    <p class='ocr_par' dir='ltr' id='par_1_98' title="bbox 2100 3673 3757 3741">
     <span class='ocr_line' id='line_1_98' title="bbox 2100 3673 3757 3741; baseline 0.002 -13"><span class='ocrx_word' id='word_1_720' title='bbox 2100 3673 2218 3728; x_wconf 85' lang='lat' dir='ltr'>Ubi</span> <span class='ocrx_word' id='word_1_721' title='bbox 2248 3674 2609 3728; x_wconf 80' lang='lat' dir='ltr'>curationem</span> <span class='ocrx_word' id='word_1_722' title='bbox 2641 3673 2786 3727; x_wconf 75' lang='lat' dir='ltr'>caeci</span> <span class='ocrx_word' id='word_1_723' title='bbox 2815 3689 2846 3727; x_wconf 78' lang='grc' dir='ltr'>ει</span> <span class='ocrx_word' id='word_1_724' title='bbox 2881 3674 3206 3741; x_wconf 83' lang='lat' dir='ltr'>nativitate</span> <span class='ocrx_word' id='word_1_725' title='bbox 3242 3674 3503 3730; x_wconf 88' lang='lat' dir='ltr'>ostendit</span> <span class='ocrx_word' id='word_1_726' title='bbox 3534 3675 3757 3731; x_wconf 64' lang='lat' dir='ltr'>divinae</span> 
     </span>
    </p>
   </div>
   <div class='ocr_carea' id='block_1_99' title="bbox 2165 3745 3756 3818">
    <p class='ocr_par' dir='ltr' id='par_1_99' title="bbox 2165 3745 3756 3818">
     <span class='ocr_line' id='line_1_99' title="bbox 2165 3745 3756 3818; baseline 0.001 -18"><span class='ocrx_word' id='word_1_727' title='bbox 2165 3745 2715 3818; x_wconf 79' lang='lat' dir='ltr'>fuissepotestatis,</span> <span class='ocrx_word' id='word_1_728' title='bbox 2749 3745 3172 3818; x_wconf 75' lang='lat' dir='ltr'>discipulorum</span> <span class='ocrx_word' id='word_1_729' title='bbox 3218 3747 3756 3818; x_wconf 85' lang='lat' dir='ltr'>interrogationem</span> 
     </span>
    </p>
   </div>
   <div class='ocr_carea' id='block_1_100' title="bbox 2165 3815 3756 3888">
    <p class='ocr_par' dir='ltr' id='par_1_100' title="bbox 2165 3815 3756 3888">
     <span class='ocr_line' id='line_1_100' title="bbox 2165 3815 3756 3888; baseline 0.003 -18"><span class='ocrx_word' id='word_1_730' title='bbox 2165 3815 2557 3887; x_wconf 76' lang='lat' dir='ltr'>reprehendit</span> <span class='ocrx_word' id='word_1_731' title='bbox 2581 3834 2597 3871; x_wconf 93' lang='grc'>.·</span> <span class='ocrx_word' id='word_1_732' title='bbox 2629 3821 2802 3887; x_wconf 86' lang='lat' dir='ltr'>atque</span> <span class='ocrx_word' id='word_1_733' title='bbox 2835 3816 3147 3888; x_wconf 85' lang='lat' dir='ltr'>nonnullas</span> <span class='ocrx_word' id='word_1_734' title='bbox 3175 3817 3440 3888; x_wconf 82' lang='lat' dir='ltr'>ejusdem</span> <span class='ocrx_word' id='word_1_735' title='bbox 3460 3815 3756 3874; x_wconf 55' lang='lat' dir='ltr'>&#39;liistorice</span> 
     </span>
    </p>
   </div>
   <div class='ocr_carea' id='block_1_101' title="bbox 2158 3887 3343 3959">
    <p class='ocr_par' dir='ltr' id='par_1_101' title="bbox 2158 3887 3343 3959">
     <span class='ocr_line' id='line_1_101' title="bbox 2158 3887 3343 3959; baseline 0.003 -19"><span class='ocrx_word' id='word_1_736' title='bbox 2158 3892 2369 3957; x_wconf 83' lang='lat' dir='ltr'>partes</span> <span class='ocrx_word' id='word_1_737' title='bbox 2399 3893 2683 3941; x_wconf 81' lang='lat' dir='ltr'>memorat</span> <span class='ocrx_word' id='word_1_738' title='bbox 2713 3891 2771 3942; x_wconf 92' lang='lat' dir='ltr'>et</span> <span class='ocrx_word' id='word_1_739' title='bbox 2796 3887 3005 3959; x_wconf 87' lang='lat' dir='ltr'>paucis</span> <span class='ocrx_word' id='word_1_740' title='bbox 3036 3887 3343 3944; x_wconf 81' lang='lat' dir='ltr'>edisserit.</span> 
     </span>
    </p>
   </div>
   <div class='ocr_carea' id='block_1_102' title="bbox 2515 4010 3328 4083">
    <p class='ocr_par' dir='ltr' id='par_1_102' title="bbox 2515 4010 3328 4083">
     <span class='ocr_line' id='line_1_102' title="bbox 2515 4010 3328 4083; baseline 0.005 -18"><span class='ocrx_word' id='word_1_741' title='bbox 2515 4012 2859 4067; x_wconf 67' lang='lat' dir='ltr'>AMBROSIUS</span> <span class='ocrx_word' id='word_1_742' title='bbox 2891 4011 3164 4069; x_wconf 76' lang='lat' dir='ltr'>Bm.me</span> <span class='ocrx_word' id='word_1_743' title='bbox 3197 4010 3328 4083; x_wconf 86' lang='lat'>(82).</span> 
     </span>
    </p>
   </div>
   <div class='ocr_carea' id='block_1_103' title="bbox 2165 4135 3757 4211">
    <p class='ocr_par' dir='ltr' id='par_1_103' title="bbox 2165 4135 3757 4211">
     <span class='ocr_line' id='line_1_103' title="bbox 2165 4135 3757 4211; baseline -0.001 -19"><span class='ocrx_word' id='word_1_744' title='bbox 2165 4137 2216 4192; x_wconf 93' lang='grc'>1.</span> <span class='ocrx_word' id='word_1_745' title='bbox 2253 4135 2516 4204; x_wconf 88' lang='lat' dir='ltr'>Audisti,</span> <span class='ocrx_word' id='word_1_746' title='bbox 2564 4135 2767 4208; x_wconf 83' lang='lat' dir='ltr'>frater,</span> <span class='ocrx_word' id='word_1_747' title='bbox 2801 4136 3114 4192; x_wconf 91' lang='lat' dir='ltr'>lectionem</span> <span class='ocrx_word' id='word_1_748' title='bbox 3165 4137 3494 4211; x_wconf 87' lang='lat' dir='ltr'>Evangelii,</span> <span class='ocrx_word' id='word_1_749' title='bbox 3545 4138 3603 4193; x_wconf 92' lang='lat' dir='ltr'>in</span> <span class='ocrx_word' id='word_1_750' title='bbox 3642 4151 3757 4209; x_wconf 91' lang='lat' dir='ltr'>qua</span> 
     </span>
    </p>
   </div>
   <div class='ocr_carea' id='block_1_104' title="bbox 2092 4225 3758 4297">
    <p class='ocr_par' dir='ltr' id='par_1_104' title="bbox 2092 4225 3758 4297">
     <span class='ocr_line' id='line_1_104' title="bbox 2092 4225 3758 4297; baseline -0.001 -17"><span class='ocrx_word' id='word_1_751' title='bbox 2092 4225 2409 4281; x_wconf 91' lang='lat' dir='ltr'>decursum</span> <span class='ocrx_word' id='word_1_752' title='bbox 2434 4229 2524 4280; x_wconf 91' lang='lat' dir='ltr'>est</span> <span class='ocrx_word' id='word_1_753' title='bbox 2547 4226 2704 4297; x_wconf 88' lang='lat' dir='ltr'>quod</span> <span class='ocrx_word' id='word_1_754' title='bbox 2728 4227 3078 4297; x_wconf 69' lang='lat' dir='ltr'>praeteriens</span> <span class='ocrx_word' id='word_1_755' title='bbox 3105 4226 3390 4284; x_wconf 87' lang='lat' dir='ltr'>Dominus</span> <span class='ocrx_word' id='word_1_756' title='bbox 3411 4227 3592 4282; x_wconf 90' lang='lat' dir='ltr'>Jesus</span> <span class='ocrx_word' id='word_1_757' title='bbox 3613 4226 3758 4282; x_wconf 90' lang='lat' dir='ltr'>vidit</span> 
     </span>
    </p>
   </div>
   <div class='ocr_carea' id='block_1_105' title="bbox 2093 4313 3755 4387">
    <p class='ocr_par' dir='ltr' id='par_1_105' title="bbox 2093 4313 3755 4387">
     <span class='ocr_line' id='line_1_105' title="bbox 2093 4313 3755 4387; baseline -0.002 -18"><span class='ocrx_word' id='word_1_758' title='bbox 2093 4331 2125 4369; x_wconf 92' lang='lat' dir='ltr'>a</span> <span class='ocrx_word' id='word_1_759' title='bbox 2155 4315 2535 4387; x_wconf 89' lang='lat' dir='ltr'>generatione</span> <span class='ocrx_word' id='word_1_760' title='bbox 2569 4329 2793 4370; x_wconf 70' lang='lat' dir='ltr'>caecum</span> <span class='ocrx_word' id='word_1_761' title='bbox 2826 4315 2939 4384; x_wconf 87' lang='lat'>(83)</span> <span class='ocrx_word' id='word_1_762' title='bbox 2995 4315 3184 4386; x_wconf 84' lang='lat' dir='ltr'>(Joan.</span> <span class='ocrx_word' id='word_1_763' title='bbox 3233 4333 3314 4386; x_wconf 88' lang='grc' dir='ltr'>ιχ,</span> <span class='ocrx_word' id='word_1_764' title='bbox 3367 4315 3440 4386; x_wconf 90' lang='grc'>1).</span> <span class='ocrx_word' id='word_1_765' title='bbox 3492 4314 3652 4385; x_wconf 89' lang='lat' dir='ltr'>Ergo</span> <span class='ocrx_word' id='word_1_766' title='bbox 3701 4313 3755 4366; x_wconf 90' lang='lat' dir='ltr'>si</span> 
     </span>
    </p>
   </div>
   <div class='ocr_carea' id='block_1_106' title="bbox 2095 4455 3755 4528">
    <p class='ocr_par' dir='ltr' id='par_1_106' title="bbox 2095 4455 3755 4528">
     <span class='ocr_line' id='line_1_106' title="bbox 2095 4455 3755 4528; baseline -0.001 -17"><span class='ocrx_word' id='word_1_767' title='bbox 2095 4457 2443 4528; x_wconf 81' lang='lat' dir='ltr'>ﬁrmationis</span> <span class='ocrx_word' id='word_1_768' title='bbox 2473 4459 2647 4528; x_wconf 88' lang='lat' dir='ltr'>atque</span> <span class='ocrx_word' id='word_1_769' title='bbox 2680 4456 3071 4513; x_wconf 87' lang='lat' dir='ltr'>Eucharistiae</span> <span class='ocrx_word' id='word_1_770' title='bbox 3099 4473 3110 4511; x_wconf 90' lang='lat'>:</span> <span class='ocrx_word' id='word_1_771' title='bbox 3147 4456 3254 4528; x_wconf 89' lang='lat' dir='ltr'>sed</span> <span class='ocrx_word' id='word_1_772' title='bbox 3301 4457 3360 4528; x_wconf 85' lang='lat' dir='ltr'>in</span> <span class='ocrx_word' id='word_1_773' title='bbox 3390 4455 3504 4528; x_wconf 82' lang='lat' dir='ltr'>hoc</span> <span class='ocrx_word' id='word_1_774' title='bbox 3553 4455 3755 4528; x_wconf 92' lang='lat' dir='ltr'>ultimo</span> 
     </span>
    </p>
   </div>
   <div class='ocr_carea' id='block_1_107' title="bbox 2095 4527 3756 4598">
    <p class='ocr_par' dir='ltr' id='par_1_107' title="bbox 2095 4527 3756 4598">
     <span class='ocr_line' id='line_1_107' title="bbox 2095 4527 3756 4598; baseline -0.001 -18"><span class='ocrx_word' id='word_1_775' title='bbox 2095 4527 2269 4597; x_wconf 90' lang='lat' dir='ltr'>paulo</span> <span class='ocrx_word' id='word_1_776' title='bbox 2302 4528 2522 4582; x_wconf 86' lang='lat' dir='ltr'>diutius</span> <span class='ocrx_word' id='word_1_777' title='bbox 2555 4527 2930 4593; x_wconf 83' lang='lat' dir='ltr'>immoratur,</span> <span class='ocrx_word' id='word_1_778' title='bbox 2985 4544 3170 4598; x_wconf 90' lang='lat' dir='ltr'>eaque</span> <span class='ocrx_word' id='word_1_779' title='bbox 3199 4527 3270 4581; x_wconf 90' lang='lat' dir='ltr'>de</span> <span class='ocrx_word' id='word_1_780' title='bbox 3303 4527 3756 4598; x_wconf 10' lang='lat' dir='ltr'>illoiobsﬁcurius</span> 
     </span>
    </p>
   </div>
   <div class='ocr_carea' id='block_1_108' title="bbox 2097 4597 3757 4669">
    <p class='ocr_par' dir='ltr' id='par_1_108' title="bbox 2097 4597 3757 4669">
     <span class='ocr_line' id='line_1_108' title="bbox 2097 4597 3757 4669; baseline -0.001 -16"><span class='ocrx_word' id='word_1_781' title='bbox 2097 4599 2392 4669; x_wconf 88' lang='lat' dir='ltr'>preponit,</span> <span class='ocrx_word' id='word_1_782' title='bbox 2427 4615 2560 4669; x_wconf 68' lang='lat' dir='ltr'>qum</span> <span class='ocrx_word' id='word_1_783' title='bbox 2594 4598 2931 4652; x_wconf 76' lang='lat' dir='ltr'>distinctius</span> <span class='ocrx_word' id='word_1_784' title='bbox 2963 4597 3135 4668; x_wconf 86' lang='lat' dir='ltr'>atque</span> <span class='ocrx_word' id='word_1_785' title='bbox 3167 4597 3503 4651; x_wconf 86' lang='lat' dir='ltr'>accuratius</span> <span class='ocrx_word' id='word_1_786' title='bbox 3535 4597 3636 4651; x_wconf 79' lang='lat' dir='ltr'>lib.</span> <span class='ocrx_word' id='word_1_787' title='bbox 3670 4597 3757 4651; x_wconf 88' lang='lat' dir='ltr'>De</span> 
     </span>
    </p>
   </div>
   <div class='ocr_carea' id='block_1_109' title="bbox 2015 4669 3106 4749">
    <p class='ocr_par' dir='ltr' id='par_1_109' title="bbox 2015 4669 3106 4749">
     <span class='ocr_line' id='line_1_109' title="bbox 2015 4669 3106 4749; baseline -0.002 -25"><span class='ocrx_word' id='word_1_788' title='bbox 2015 4685 2067 4749; x_wconf 76' lang='grc' dir='ltr'>ι)</span> <span class='ocrx_word' id='word_1_789' title='bbox 2099 4671 2594 4749; x_wconf 35' lang='lat' dir='ltr'>Inysteriis‘ucap.</span> <span class='ocrx_word' id='word_1_790' title='bbox 2628 4669 2690 4749; x_wconf 36' lang='lat'>8,‘</span> <span class='ocrx_word' id='word_1_791' title='bbox 2715 4669 3106 4749; x_wconf 75' lang='lat' dir='ltr'>disputantur.</span> 
     </span>
    </p>
   </div>
   <div class='ocr_carea' id='block_1_110' title="bbox 2169 4737 3759 4809">
    <p class='ocr_par' dir='ltr' id='par_1_110' title="bbox 2169 4737 3759 4809">
     <span class='ocr_line' id='line_1_110' title="bbox 2169 4737 3759 4809; baseline 0 -15"><span class='ocrx_word' id='word_1_792' title='bbox 2169 4737 2279 4808; x_wconf 81' lang='lat'>(81)</span> <span class='ocrx_word' id='word_1_793' title='bbox 2329 4765 2351 4788; x_wconf 75' lang='grc' dir='ltr'>κ</span> <span class='ocrx_word' id='word_1_794' title='bbox 2406 4737 2751 4794; x_wconf 40' lang='lat' dir='ltr'>Nec—tantae</span> <span class='ocrx_word' id='word_1_795' title='bbox 2801 4737 3006 4809; x_wconf 66' lang='lat' dir='ltr'>gratim</span> <span class='ocrx_word' id='word_1_796' title='bbox 3044 4761 3064 4786; x_wconf 88' lang='grc' dir='ltr'>ιι</span> <span class='ocrx_word' id='word_1_797' title='bbox 3121 4737 3378 4792; x_wconf 86' lang='lat' dir='ltr'>additum</span> <span class='ocrx_word' id='word_1_798' title='bbox 3425 4741 3579 4794; x_wconf 91' lang='lat' dir='ltr'>este</span> <span class='ocrx_word' id='word_1_799' title='bbox 3630 4738 3759 4793; x_wconf 90' lang='lat' dir='ltr'>solo</span> 
     </span>
    </p>
   </div>
   <div class='ocr_carea' id='block_1_111' title="bbox 2099 4810 3760 4892">
    <p class='ocr_par' dir='ltr' id='par_1_111' title="bbox 2099 4810 3760 4892">
     <span class='ocr_line' id='line_1_111' title="bbox 2099 4810 3760 4892; baseline -0.001 -24"><span class='ocrx_word' id='word_1_800' title='bbox 2099 4813 2227 4868; x_wconf 91' lang='lat' dir='ltr'>cod.</span> <span class='ocrx_word' id='word_1_801' title='bbox 2257 4813 2478 4892; x_wconf 37' lang='lat' dir='ltr'>.Boyer.</span> <span class='ocrx_word' id='word_1_802' title='bbox 2508 4811 2754 4892; x_wconf 68' lang='lat' dir='ltr'>quodin</span> <span class='ocrx_word' id='word_1_803' title='bbox 2787 4811 2917 4892; x_wconf 77' lang='lat' dir='ltr'>aliis</span> <span class='ocrx_word' id='word_1_804' title='bbox 2950 4813 3004 4864; x_wconf 92' lang='lat' dir='ltr'>et</span> <span class='ocrx_word' id='word_1_805' title='bbox 3036 4810 3282 4892; x_wconf 64' lang='lat' dir='ltr'>cunctis</span> <span class='ocrx_word' id='word_1_806' title='bbox 3293 4811 3435 4892; x_wconf 81' lang='lat' dir='ltr'>edit.</span> <span class='ocrx_word' id='word_1_807' title='bbox 3470 4827 3589 4866; x_wconf 91' lang='lat' dir='ltr'>non</span> <span class='ocrx_word' id='word_1_808' title='bbox 3630 4814 3760 4866; x_wconf 86' lang='lat' dir='ltr'>sine</span> 
     </span>
    </p>
   </div>
   <div class='ocr_carea' id='block_1_112' title="bbox 2101 4881 3404 4951">
    <p class='ocr_par' dir='ltr' id='par_1_112' title="bbox 2101 4881 3404 4951">
     <span class='ocr_line' id='line_1_112' title="bbox 2101 4881 3404 4951; baseline -0.002 -14"><span class='ocrx_word' id='word_1_809' title='bbox 2101 4881 2516 4937; x_wconf 87' lang='lat' dir='ltr'>concinnitatis</span> <span class='ocrx_word' id='word_1_810' title='bbox 2546 4881 2892 4935; x_wconf 86' lang='lat' dir='ltr'>detrimento</span> <span class='ocrx_word' id='word_1_811' title='bbox 2922 4881 3404 4951; x_wconf 74' lang='lat' dir='ltr'>praetermittitur.</span> 
     </span>
    </p>
   </div>
   <div class='ocr_carea' id='block_1_113' title="bbox 2173 4951 3764 5022">
    <p class='ocr_par' dir='ltr' id='par_1_113' title="bbox 2173 4951 3764 5022">
     <span class='ocr_line' id='line_1_113' title="bbox 2173 4951 3764 5022; baseline 0 -16"><span class='ocrx_word' id='word_1_812' title='bbox 2173 4954 2286 5022; x_wconf 84' lang='lat'>(82)</span> <span class='ocrx_word' id='word_1_813' title='bbox 2318 4953 2397 5005; x_wconf 90' lang='lat' dir='ltr'>lta</span> <span class='ocrx_word' id='word_1_814' title='bbox 2448 4968 2594 5006; x_wconf 91' lang='lat' dir='ltr'>mss.</span> <span class='ocrx_word' id='word_1_815' title='bbox 2648 4951 2914 5005; x_wconf 80' lang='lat' dir='ltr'>nonnulli</span> <span class='ocrx_word' id='word_1_816' title='bbox 2962 4968 3028 5007; x_wconf 89' lang='lat' dir='ltr'>ac</span> <span class='ocrx_word' id='word_1_817' title='bbox 3062 4956 3176 5007; x_wconf 84' lang='lat' dir='ltr'>vet.</span> <span class='ocrx_word' id='word_1_818' title='bbox 3221 4951 3404 5022; x_wconf 85' lang='lat' dir='ltr'>cdit.;</span> <span class='ocrx_word' id='word_1_819' title='bbox 3457 4953 3630 5007; x_wconf 84' lang='lat' dir='ltr'>Rom.</span> <span class='ocrx_word' id='word_1_820' title='bbox 3664 4967 3764 5007; x_wconf 85' lang='lat' dir='ltr'>au-</span> 
     </span>
    </p>
   </div>
   <div class='ocr_carea' id='block_1_114' title="bbox 2100 5027 3767 5114">
    <p class='ocr_par' dir='ltr' id='par_1_114' title="bbox 2100 5027 3767 5114">
     <span class='ocr_line' id='line_1_114' title="bbox 2100 5027 3767 5114; baseline -0.001 -28"><span class='ocrx_word' id='word_1_821' title='bbox 2100 5035 2217 5114; x_wconf 75' lang='lat' dir='ltr'>tem</span> <span class='ocrx_word' id='word_1_822' title='bbox 2272 5031 2524 5086; x_wconf 89' lang='lat' dir='ltr'>inseruit</span> <span class='ocrx_word' id='word_1_823' title='bbox 2551 5027 2602 5082; x_wconf 74' lang='grc' dir='ltr'>τὸ</span> <span class='ocrx_word' id='word_1_824' title='bbox 2628 5031 2973 5114; x_wconf 53' lang='lat' dir='ltr'>epiSCOpus,‘</span> <span class='ocrx_word' id='word_1_825' title='bbox 3034 5033 3407 5114; x_wconf 43' lang='lat' dir='ltr'>mss,.Laet.,</span> <span class='ocrx_word' id='word_1_826' title='bbox 3466 5033 3664 5114; x_wconf 47' lang='lat' dir='ltr'>Long:</span> <span class='ocrx_word' id='word_1_827' title='bbox 3709 5035 3767 5087; x_wconf 90' lang='lat' dir='ltr'>et</span> 
     </span>
    </p>
   </div>
   <div class='ocr_carea' id='block_1_115' title="bbox 2101 5103 3765 5174">
    <p class='ocr_par' dir='ltr' id='par_1_115' title="bbox 2101 5103 3765 5174">
     <span class='ocr_line' id='line_1_115' title="bbox 2101 5103 3765 5174; baseline -0.001 -17"><span class='ocrx_word' id='word_1_828' title='bbox 2101 5104 2265 5158; x_wconf 81' lang='lat' dir='ltr'>Gem.</span> <span class='ocrx_word' id='word_1_829' title='bbox 2288 5119 2396 5174; x_wconf 89' lang='lat' dir='ltr'>per</span> <span class='ocrx_word' id='word_1_830' title='bbox 2416 5103 2862 5174; x_wconf 86' lang='lat' dir='ltr'>correctionem,</span> <span class='ocrx_word' id='word_1_831' title='bbox 2893 5123 2914 5152; x_wconf 80' lang='grc' dir='ltr'>ιι</span> <span class='ocrx_word' id='word_1_832' title='bbox 2936 5103 3550 5171; x_wconf 68' lang='lat' dir='ltr'>Ambrosiuslrenaao,</span> <span class='ocrx_word' id='word_1_833' title='bbox 3572 5125 3592 5152; x_wconf 77' lang='grc' dir='ltr'>ι</span> <span class='ocrx_word' id='word_1_834' title='bbox 3612 5103 3765 5157; x_wconf 88' lang='lat' dir='ltr'>idem</span> 
     </span>
    </p>
   </div>
   <div class='ocr_carea' id='block_1_116' title="bbox 2102 5173 3767 5246">
    <p class='ocr_par' dir='ltr' id='par_1_116' title="bbox 2102 5173 3767 5246">
     <span class='ocr_line' id='line_1_116' title="bbox 2102 5173 3767 5246; baseline -0.001 -17"><span class='ocrx_word' id='word_1_835' title='bbox 2102 5175 2266 5229; x_wconf 90' lang='lat' dir='ltr'>Gem.</span> <span class='ocrx_word' id='word_1_836' title='bbox 2299 5173 2496 5243; x_wconf 86' lang='lat' dir='ltr'>prima</span> <span class='ocrx_word' id='word_1_837' title='bbox 2537 5189 2730 5246; x_wconf 87' lang='lat' dir='ltr'>manu,</span> <span class='ocrx_word' id='word_1_838' title='bbox 2757 5173 3144 5246; x_wconf 77' lang='lat' dir='ltr'>Horontiano,</span> <span class='ocrx_word' id='word_1_839' title='bbox 3166 5174 3276 5246; x_wconf 85' lang='lat' dir='ltr'>alii</span> <span class='ocrx_word' id='word_1_840' title='bbox 3309 5176 3568 5246; x_wconf 86' lang='lat' dir='ltr'>quinque</span> <span class='ocrx_word' id='word_1_841' title='bbox 3601 5174 3767 5246; x_wconf 86' lang='lat' dir='ltr'>salu-</span> 
     </span>
    </p>
   </div>
   <div class='ocr_carea' id='block_1_117' title="bbox 2101 5244 3765 5313">
    <p class='ocr_par' dir='ltr' id='par_1_117' title="bbox 2101 5244 3765 5313">
     <span class='ocr_line' id='line_1_117' title="bbox 2101 5244 3765 5313; baseline -0.001 -15"><span class='ocrx_word' id='word_1_842' title='bbox 2101 5246 2377 5299; x_wconf 88' lang='lat' dir='ltr'>tationem</span> <span class='ocrx_word' id='word_1_843' title='bbox 2427 5245 2661 5300; x_wconf 88' lang='lat' dir='ltr'>omnino</span> <span class='ocrx_word' id='word_1_844' title='bbox 2701 5244 3026 5313; x_wconf 88' lang='lat' dir='ltr'>repudiaut,</span> <span class='ocrx_word' id='word_1_845' title='bbox 3079 5244 3256 5313; x_wconf 80' lang='lat' dir='ltr'>cujus</span> <span class='ocrx_word' id='word_1_846' title='bbox 3304 5244 3433 5300; x_wconf 85' lang='lat' dir='ltr'>loco</span> <span class='ocrx_word' id='word_1_847' title='bbox 3473 5244 3544 5298; x_wconf 74' lang='lat' dir='ltr'>in</span> <span class='ocrx_word' id='word_1_848' title='bbox 3576 5245 3765 5299; x_wconf 90' lang='lat' dir='ltr'>tribus</span> 
     </span>
    </p>
   </div>
   <div class='ocr_carea' id='block_1_118' title="bbox 2105 5314 3768 5371">
    <p class='ocr_par' dir='ltr' id='par_1_118' title="bbox 2105 5314 3768 5371">
     <span class='ocr_line' id='line_1_118' title="bbox 2105 5314 3768 5371; baseline -0.002 -1"><span class='ocrx_word' id='word_1_849' title='bbox 2105 5316 2238 5370; x_wconf 86' lang='lat' dir='ltr'>aliis</span> <span class='ocrx_word' id='word_1_850' title='bbox 2263 5317 2676 5371; x_wconf 87' lang='lat' dir='ltr'>substituitur:</span> <span class='ocrx_word' id='word_1_851' title='bbox 2717 5339 2737 5362; x_wconf 76' lang='grc' dir='ltr'>«ι</span> <span class='ocrx_word' id='word_1_852' title='bbox 2770 5314 3113 5369; x_wconf 70' lang='lat' dir='ltr'>Praedicatio</span> <span class='ocrx_word' id='word_1_853' title='bbox 3137 5317 3208 5370; x_wconf 86' lang='lat' dir='ltr'>de</span> <span class='ocrx_word' id='word_1_854' title='bbox 3233 5333 3390 5371; x_wconf 63' lang='lat' dir='ltr'>caeco</span> <span class='ocrx_word' id='word_1_855' title='bbox 3415 5321 3570 5370; x_wconf 92' lang='lat' dir='ltr'>nato.</span> <span class='ocrx_word' id='word_1_856' title='bbox 3602 5339 3622 5362; x_wconf 83' lang='grc' dir='ltr'>ιι</span> <span class='ocrx_word' id='word_1_857' title='bbox 3650 5314 3768 5368; x_wconf 88' lang='lat' dir='ltr'>Sed</span> 
     </span>
    </p>
   </div>
   <div class='ocr_carea' id='block_1_119' title="bbox 2106 5385 3765 5457">
    <p class='ocr_par' dir='ltr' id='par_1_119' title="bbox 2106 5385 3765 5457">
     <span class='ocr_line' id='line_1_119' title="bbox 2106 5385 3765 5457; baseline -0.003 -15"><span class='ocrx_word' id='word_1_858' title='bbox 2106 5388 2258 5442; x_wconf 89' lang='lat' dir='ltr'>hanc</span> <span class='ocrx_word' id='word_1_859' title='bbox 2290 5387 2599 5457; x_wconf 89' lang='lat' dir='ltr'>epistolam</span> <span class='ocrx_word' id='word_1_860' title='bbox 2628 5387 2701 5440; x_wconf 91' lang='lat' dir='ltr'>ad</span> <span class='ocrx_word' id='word_1_861' title='bbox 2735 5387 3038 5441; x_wconf 87' lang='lat' dir='ltr'>Bellicium</span> <span class='ocrx_word' id='word_1_862' title='bbox 3060 5403 3198 5442; x_wconf 90' lang='lat' dir='ltr'>esse</span> <span class='ocrx_word' id='word_1_863' title='bbox 3231 5385 3670 5441; x_wconf 87' lang='lat' dir='ltr'>inscribendam</span> <span class='ocrx_word' id='word_1_864' title='bbox 3693 5400 3765 5438; x_wconf 86' lang='lat' dir='ltr'>ex</span> 
     </span>
    </p>
   </div>
   <div class='ocr_carea' id='block_1_120' title="bbox 2109 5457 2951 5528">
    <p class='ocr_par' dir='ltr' id='par_1_120' title="bbox 2109 5457 2951 5528">
     <span class='ocr_line' id='line_1_120' title="bbox 2109 5457 2951 5528; baseline -0.001 -15"><span class='ocrx_word' id='word_1_865' title='bbox 2109 5458 2403 5528; x_wconf 88' lang='lat' dir='ltr'>superiori</span> <span class='ocrx_word' id='word_1_866' title='bbox 2435 5457 2811 5512; x_wconf 84' lang='lat' dir='ltr'>manifestum</span> <span class='ocrx_word' id='word_1_867' title='bbox 2841 5463 2951 5512; x_wconf 90' lang='lat' dir='ltr'>est.</span> 
     </span>
    </p>
   </div>
   <div class='ocr_carea' id='block_1_121' title="bbox 2180 5525 3771 5599">
    <p class='ocr_par' dir='ltr' id='par_1_121' title="bbox 2180 5525 3771 5599">
     <span class='ocr_line' id='line_1_121' title="bbox 2180 5525 3771 5599; baseline -0.002 -16"><span class='ocrx_word' id='word_1_868' title='bbox 2180 5525 2294 5597; x_wconf 82' lang='lat'>(83)</span> <span class='ocrx_word' id='word_1_869' title='bbox 2326 5529 2454 5584; x_wconf 86' lang='lat' dir='ltr'>Vet.</span> <span class='ocrx_word' id='word_1_870' title='bbox 2490 5529 2627 5584; x_wconf 86' lang='lat' dir='ltr'>edit.</span> <span class='ocrx_word' id='word_1_871' title='bbox 2657 5546 2726 5583; x_wconf 90' lang='lat' dir='ltr'>ac</span> <span class='ocrx_word' id='word_1_872' title='bbox 2758 5546 2905 5583; x_wconf 90' lang='lat' dir='ltr'>mss.</span> <span class='ocrx_word' id='word_1_873' title='bbox 2959 5527 3214 5599; x_wconf 88' lang='lat' dir='ltr'>quidam,</span> <span class='ocrx_word' id='word_1_874' title='bbox 3253 5551 3274 5574; x_wconf 79' lang='grc' dir='ltr'>α</span> <span class='ocrx_word' id='word_1_875' title='bbox 3326 5543 3358 5599; x_wconf 84' lang='lat' dir='ltr'>a</span> <span class='ocrx_word' id='word_1_876' title='bbox 3390 5525 3771 5599; x_wconf 81' lang='lat' dir='ltr'>generatione</span> 
     </span>
    </p>
   </div>
   <div class='ocr_carea' id='block_1_122' title="bbox 2110 5596 3769 5672">
    <p class='ocr_par' dir='ltr' id='par_1_122' title="bbox 2110 5596 3769 5672">
     <span class='ocr_line' id='line_1_122' title="bbox 2110 5596 3769 5672; baseline -0.004 -17"><span class='ocrx_word' id='word_1_877' title='bbox 2110 5596 2356 5672; x_wconf 60' lang='lat' dir='ltr'>caecum.</span> <span class='ocrx_word' id='word_1_878' title='bbox 2392 5601 2550 5672; x_wconf 84' lang='lat' dir='ltr'>Ergo</span> <span class='ocrx_word' id='word_1_879' title='bbox 2581 5616 2655 5655; x_wconf 92' lang='lat' dir='ltr'>ne</span> <span class='ocrx_word' id='word_1_880' title='bbox 2695 5617 2804 5655; x_wconf 89' lang='lat' dir='ltr'>nos</span> <span class='ocrx_word' id='word_1_881' title='bbox 2837 5596 3075 5672; x_wconf 79' lang='lat' dir='ltr'>quidem</span> <span class='ocrx_word' id='word_1_882' title='bbox 3122 5596 3425 5672; x_wconf 73' lang='lat' dir='ltr'>praeterire</span> <span class='ocrx_word' id='word_1_883' title='bbox 3458 5596 3769 5672; x_wconf 66' lang='lat' dir='ltr'>debemus.</span> 
     </span>
    </p>
   </div>
   <div class='ocr_carea' id='block_1_123' title="bbox 2113 5667 3776 5745">
    <p class='ocr_par' dir='ltr' id='par_1_123' title="bbox 2113 5667 3776 5745">
     <span class='ocr_line' id='line_1_123' title="bbox 2113 5667 3776 5745; baseline -0.002 -20"><span class='ocrx_word' id='word_1_884' title='bbox 2113 5670 2184 5726; x_wconf 86' lang='lat' dir='ltr'>Et</span> <span class='ocrx_word' id='word_1_885' title='bbox 2205 5671 2378 5742; x_wconf 88' lang='lat' dir='ltr'>infra,</span> <span class='ocrx_word' id='word_1_886' title='bbox 2403 5667 2830 5745; x_wconf 63' lang='lat' dir='ltr'>ut&#39;cognoscas</span> <span class='ocrx_word' id='word_1_887' title='bbox 2856 5667 2997 5742; x_wconf 73' lang='lat' dir='ltr'>quia</span> <span class='ocrx_word' id='word_1_888' title='bbox 3029 5667 3185 5740; x_wconf 91' lang='lat' dir='ltr'>quod</span> <span class='ocrx_word' id='word_1_889' title='bbox 3232 5669 3639 5745; x_wconf 75' lang='lat' dir='ltr'>istesanatur,</span> <span class='ocrx_word' id='word_1_890' title='bbox 3673 5669 3776 5740; x_wconf 89' lang='lat' dir='ltr'>qui</span> 
     </span>
    </p>
   </div>
   <div class='ocr_carea' id='block_1_124' title="bbox 2110 5739 3776 5820">
    <p class='ocr_par' dir='ltr' id='par_1_124' title="bbox 2110 5739 3776 5820">
     <span class='ocr_line' id='line_1_124' title="bbox 2110 5739 3776 5820; baseline -0.001 -18"><span class='ocrx_word' id='word_1_891' title='bbox 2110 5759 2145 5810; x_wconf 77' lang='grc' dir='ltr'>ει</span> <span class='ocrx_word' id='word_1_892' title='bbox 2174 5739 2555 5820; x_wconf 78' lang='lat' dir='ltr'>generatione</span> <span class='ocrx_word' id='word_1_893' title='bbox 2573 5739 2698 5802; x_wconf 62' lang='lat' dir='ltr'>&#39;sua</span> <span class='ocrx_word' id='word_1_894' title='bbox 2729 5739 2930 5802; x_wconf 64' lang='lat' dir='ltr'>caecus</span> <span class='ocrx_word' id='word_1_895' title='bbox 2961 5739 3075 5812; x_wconf 82' lang='lat' dir='ltr'>est,</span> <span class='ocrx_word' id='word_1_896' title='bbox 3110 5753 3228 5804; x_wconf 80' lang='lat' dir='ltr'>non</span> <span class='ocrx_word' id='word_1_897' title='bbox 3259 5739 3404 5799; x_wconf 87' lang='lat' dir='ltr'>artis</span> <span class='ocrx_word' id='word_1_898' title='bbox 3450 5741 3562 5815; x_wconf 79' lang='lat' dir='ltr'>est,</span> <span class='ocrx_word' id='word_1_899' title='bbox 3600 5760 3622 5792; x_wconf 85' lang='grc' dir='ltr'>ιι</span> <span class='ocrx_word' id='word_1_900' title='bbox 3660 5739 3776 5800; x_wconf 83' lang='lat' dir='ltr'>etc.</span> 
     </span>
    </p>
   </div>
  </div>
