4098 6178
377 293 534 356 1327

1847 296 1913 358 S.
1946 292 2390 360 AMBROSII.

3670 296 3837 368 13%

376 492 663 547 Dominus
687 492 850 562 vidit,
872 508 988 548 non
1010 509 1145 549 eum
1164 494 1494 565 praeterivit
1520 511 1531 550 :
1579 510 1763 568 quare
1795 510 1905 550 nec
1934 510 2044 550 nos
2081 480 2138 539 Α
2161 499 2406 566 propter
2436 510 2770 553 sermonem
2803 512 2979 570 quem
3010 498 3251 555 locutus
3272 514 3406 556 sum
3434 499 3609 557 vobis
3638 501 3833 573 (Joan.

375 580 614 653 quidem
644 582 957 652 praeterire
991 583 1297 653 debemus,
1336 598 1510 654 quem
1558 584 2045 654 prmtcreundum
2158 601 2256 654 xv,
2293 584 2367 654 3).
2407 608 2428 633 ι)

375 670 663 724 Dominus
696 685 812 725 non
861 672 1125 742 putavit;
1174 672 1511 742 praesertim
1544 689 1677 727 cum
1726 690 1758 728 a
1790 688 2042 745 genera-

371 764 529 818 tione
563 780 761 819 caecus
795 765 990 835 fuerit,
1026 767 1183 837 quod
1232 783 1349 821 non
1398 768 1586 822 otiose
1618 772 1709 822 est
1758 768 2034 838 positum.

444 854 497 909 2.
522 852 628 909 Est
650 855 804 908 enim
826 856 1085 925 caecitas,
1107 872 1239 927 quae
1261 856 1612 928 plerumque
1641 856 1702 910 vi
1731 857 2037 929 aegritudi-

372 943 467 998 nis
502 943 688 997 aciem
719 944 959 998 obducit
1006 946 1332 1017 oculorum,
1385 945 1707 1016 eademque
1751 946 2037 1015 temporis

374 1033 565 1102 Spatio
598 1033 935 1104 mitigatur:
969 1035 1060 1087 est
1083 1034 1341 1105 caecitas,
1376 1050 1509 1105 quae
1540 1034 1854 1088 humorum
1885 1034 2036 1089 infu-

2229 673 2281 728 6.
2307 673 2471 738 Quod
2494 676 2688 729 autem
2726 674 2911 730 lutum
2953 675 3110 747 fecit,
3138 676 3193 732 et
3234 678 3589 747 superunxit
3618 680 3827 736 oculos

2155 763 2299 818 caeci
2330 763 2518 832 (Joan.
2567 780 2647 833 ιχ,
2672 762 2748 833 6),
2790 765 2929 836 quid
2952 765 3108 819 aliud
3141 766 3456 837 signiﬁcat,
3491 767 3610 821 nisi
3640 771 3704 822 ut
3734 768 3828 822 in-

2152 852 2458 924 telligeres
2480 852 2618 923 quia
2639 853 2768 922 ipse
2791 852 3105 923 hominem,
3130 855 3250 909 luto
3276 856 3439 924 illito,
3465 856 3723 910 reddidit
3737 872 3829 911 sa-

2153 942 2333 1009 nitati,
2369 940 2471 1011 qui
2501 941 2572 995 de
2603 940 2720 995 luto
2755 941 3050 996 hominem
3098 943 3378 1015 ﬁguravit
3407 943 3582 1014 (Gen.
3616 961 3676 1013 ιι,
3721 946 3777 1015 7)
3805 962 3818 1001 :

2152 1033 2208 1084 et
2228 1029 2386 1101 quod
2410 1029 2538 1083 hinc
2557 1043 2696 1084 caro
2720 1030 2824 1084 luti
2845 1030 3037 1084 nostri
3072 1046 3181 1105 per
3209 1032 3587 1102 baptismatis
3619 1049 3826 1088 sacra-

371 1121 541 1175 sione
597 1125 950 1194 generatur;
1017 1136 1086 1175 ea
1143 1137 1415 1194 quoque,
1483 1121 1625 1177 vitio
1691 1123 2038 1196 plerumque
2151 1121 2346 1173 menta
2377 1122 2615 1173 aeterna
2646 1119 2784 1173 vitae
2822 1118 3022 1177 lumen
3069 1121 3367 1193 accipiat?
3410 1122 3644 1177 Accede
3675 1126 3733 1176 et
3762 1124 3825 1176 tu

371 1210 624 1280 sublato,
672 1211 979 1265 medicinae
1028 1213 1154 1266 arte
1204 1210 1517 1282 depellitur
1556 1212 1571 1266 ε
1606 1215 1668 1267 ut
1699 1227 2035 1284 cognoscas

369 1298 507 1370 quia
565 1299 724 1370 quod
767 1299 879 1354 iste
930 1302 1194 1370 sanatur,
1247 1300 1348 1371 qui
1389 1303 1435 1370 la
1485 1301 1865 1372 generatione
1925 1317 2034 1355 sua

369 1402 569 1441 caecus
602 1391 712 1456 est,
746 1404 863 1442 non
894 1389 1039 1442 artis
1083 1390 1194 1465 est,
1249 1388 1356 1444 sed
1403 1390 1735 1460 potestatis.
1784 1389 2034 1444 Donavit

368 1477 524 1531 enim
548 1475 834 1532 Dominus
860 1478 1189 1548 sanitatem,
1219 1494 1336 1533 non
1357 1478 1706 1534 medicinam
1730 1478 1991 1532 exercuit
2014 1496 2029 1544 ;

365 1580 471 1620 eos
504 1564 660 1620 enim
690 1567 921 1622 sanavit
951 1567 1237 1643 Dominus
1278 1566 1479 1637 Jesus,
1532 1583 1683 1639 quos
1716 1582 1889 1621 nemo
1921 1582 2028 1621 cu-

361 1658 539 1709 raret.
1312 1698 1319 1713 .

432 1742 488 1797 3.
530 1742 715 1808 Quam
765 1742 963 1797 stolidi
1011 1745 1207 1798 autem
1253 1743 1466 1815 Judaei,
1516 1744 1616 1814 qui
1662 1743 2030 1816 interrogant

2149 1207 2223 1261 ad
2253 1206 2492 1276 Siloam,
2529 1206 2643 1261 hoc
2674 1209 2786 1276 est,
2809 1207 2882 1261 ad
2911 1222 3047 1264 eum
3080 1210 3181 1282 qui
3201 1210 3430 1267 missus
3452 1213 3544 1264 est
3566 1211 3819 1279 aPatre,

2152 1296 2307 1350 sicut
2327 1296 2514 1351 habes
2540 1310 2553 1351 ε
2593 1318 2614 1342 «ι
2651 1295 2779 1351 Mea
2801 1295 3068 1357 doctrina
3100 1313 3217 1353 non
3236 1302 3330 1354 est
3363 1314 3514 1367 mea,
3540 1299 3651 1354 sed
3683 1298 3821 1370 ejus

2149 1385 2250 1456 qui
2280 1400 2373 1440 me
2420 1385 2583 1441 misit
2628 1384 2817 1455 (Joan.
2850 1401 2951 1455 vn,
2987 1385 3095 1457 16).
3136 1410 3158 1435 η
3205 1387 3400 1444 Diluat
3428 1390 3484 1442 te
3515 1386 3819 1457 Christus,

2147 1477 2211 1527 ut
2232 1474 2459 1530 videas.
2486 1474 2634 1528 Veni
2657 1474 2728 1529 ad
2745 1474 3122 1544 baptismum,
3150 1479 3386 1550 tempus
3405 1476 3604 1549 ipsum
3626 1478 3817 1532 adest:

2146 1562 2282 1616 veni
2303 1561 2578 1630 festinus,
2603 1565 2664 1617 ut
2684 1565 2745 1617 tu
2767 1561 2971 1619 dicas:
3011 1585 3033 1611 ι
3067 1563 3222 1634 Abii,
3257 1567 3315 1619 et
3342 1565 3479 1635 lavi,
3527 1569 3584 1620 et
3613 1565 3821 1620 videre

2147 1650 2298 1721 coepi
2329 1649 2517 1721 (Joan.
2550 1667 2629 1722 ιιι,
2665 1650 2776 1722 11),
2814 1670 2837 1701 ι
2887 1655 2952 1706 ut
2998 1655 3055 1707 et
3083 1653 3284 1711 dicas:
3332 1676 3356 1701 α
3407 1653 3619 1711 Caecus
3650 1669 3819 1709 eram

2142 1739 2278 1811 (89),
2314 1742 2370 1795 et
2399 1739 2602 1795 videre
2635 1740 2788 1810 ccepi
2816 1739 2994 1811 (Ibid.
3017 1741 3107 1812 25)
3133 1759 3147 1808 ;
3186 1765 3208 1791 ι
3245 1745 3311 1799 ut
3340 1744 3402 1798 tu
3431 1742 3622 1811 dicas,
3658 1744 3819 1798 sicut

360 1828 472 1901 (84)
499 1845 511 1885 :
549 1853 570 1878 α
609 1830 720 1885 Hic
752 1832 1040 1901 peccavit,
1077 1848 1149 1885 an
1179 1836 1456 1903 parentes
1489 1831 1622 1903 ejus
1652 1832 1829 1902 (Ibid.
1862 1831 1918 1903 2)
1939 1834 1968 1887 ‘?
2000 1854 2022 1883 υ
2070 1851 2123 1916 Β
2144 1827 2256 1883 iste
2280 1828 2486 1884 refuso
2509 1829 2726 1885 lumine
2746 1830 2823 1883 ait
2850 1844 2862 1885 :
2902 1852 2924 1877 α
2951 1830 3085 1885 Nox
3105 1831 3438 1902 praecessit,
3460 1831 3592 1888 dies
3617 1834 3815 1887 autem

358 1919 692 1975 debilitates
725 1935 1039 1991 corporum
1069 1920 1399 1977 referentes
1430 1921 1502 1976 ad
1542 1922 1748 1975 merita
1778 1921 2025 1978 delicto-

355 2024 506 2064 rum.
542 2008 614 2062 Et
644 2008 778 2063 ideo
810 2008 1096 2063 Dominus
1127 2010 1238 2065 ait:
1296 2033 1316 2057 «ι
1352 2010 1560 2082 Neque
1608 2009 1705 2064 hic
1735 2011 2022 2082 peccavit,

355 2112 548 2168 neque
578 2100 855 2169 parentes
885 2097 1017 2168 ejus
1044 2113 1056 2152 :
1094 2098 1199 2152 sed
1232 2100 1295 2152 ut
1339 2097 1858 2153 manifestarentur
1886 2115 2024 2170 ope-

352 2202 419 2240 ra
449 2186 557 2240 Dei
583 2187 645 2240 in
673 2187 774 2242 illo
808 2186 986 2257 (Ibid.
1019 2186 1096 2256 3).
1134 2209 1155 2234 »
1192 2186 1359 2252 Quod
1391 2188 1547 2242 enim
1579 2190 1808 2242 naturae
1840 2187 2025 2244 defuit

351 2273 616 2331 Creatori
661 2276 938 2346 competit
980 2275 1326 2347 reformare,
1383 2277 1483 2348 qui
1533 2281 1740 2331 auctor
1797 2282 2023 2334 natura;

352 2369 463 2420 est.
497 2364 666 2419 Unde
697 2365 958 2420 addidit:
1000 2388 1021 2413 α
1058 2364 1202 2421 Cum
1233 2366 1293 2420 in
1342 2365 1456 2420 hoc
1485 2366 1702 2420 mundo
1733 2381 1888 2437 sum,
1921 2367 2023 2422 lux

351 2471 485 2510 sum
517 2454 701 2527 hujus
731 2454 932 2509 mundi
964 2453 1140 2525 (Ibid.
1174 2455 1249 2526 5),
1289 2474 1311 2503 ι
1346 2454 1459 2509 hoc
1492 2457 1604 2524 est,
1636 2470 1844 2510 omnes
1875 2472 2021 2526 pos-

351 2547 491 2599 sunt
522 2542 742 2613 videre,
775 2543 875 2614 qui
907 2543 1050 2597 caeci
1082 2546 1219 2597 sunt
1249 2542 1383 2614 (85),
1405 2544 1459 2599 si
1488 2559 1581 2598 me
1612 2543 1810 2599 lumen
1831 2547 2024 2616 requi-

349 2636 501 2688 rant.
524 2632 802 2687 Accedite
835 2634 892 2686 et
920 2648 1051 2703 vos,
1086 2635 1142 2686 et
1161 2622 1568 2687 ill‘uminamini
1592 2632 1782 2704 (PsaI.
1809 2651 2017 2704 xxxm,

347 2722 426 2794 6),
459 2725 523 2776 ut
550 2722 753 2776 videre
783 2720 1033 2792 possitis
1066 2720 1198 2791 (86).

421 2811 475 2866 4.
514 2809 739 2864 Deinde
780 2809 921 2881 quid
961 2808 1078 2863 sibi
1113 2809 1237 2864 vult
1278 2808 1435 2880 quod
1467 2810 1542 2880 is,
1578 2811 1678 2883 qui
1710 2810 1886 2865 vitam
1920 2827 2018 2866 re-

351 2897 640 2955 fundebat
658 2898 930 2969 imperio,
974 2897 1225 2954 salutem
1255 2903 1553 2970 praecepto
1587 2900 1780 2970 dabat,
1813 2900 2020 2955 dicens

355 2992 628 3044 mortuo:
671 3010 692 3035 η
727 2986 840 3041 Exi
869 2987 1031 3041 foras
1064 2987 1253 3058 (Joan.
1295 3004 1377 3058 χι,
1422 2987 1546 3058 43);
1582 3011 1604 3036 ι»
1641 2992 1698 3043 et
1727 3005 2017 3061 egressus

349 3081 442 3134 est
462 3078 724 3133 Lazarus
747 3076 818 3131 de
855 3076 1129 3147 sepulcro
1167 3076 1342 3145 (Ibid.
1384 3076 1475 3147 44)
1501 3093 1515 3147 ;
1547 3077 1752 3132 dicens
1783 3078 2019 3151 paraly-

346 3167 464 3223 tico
492 3184 503 3223 :
542 3187 565 3218 «
587 3165 802 3238 Surge,
826 3166 963 3219 tolle
985 3165 1292 3236 grabatum
1315 3169 1479 3220 tuum
1503 3166 1716 3237 (Marc.
1737 3184 1798 3235 ιι,
1827 3167 1913 3238 11)
1940 3184 1953 3238 ;
1993 3191 2016 3217 ι)

346 3260 404 3313 et
455 3256 716 3311 surrexit
764 3254 1144 3326 paralyticus,
1192 3257 1249 3308 et
1296 3254 1471 3325 coepit
1516 3256 1831 3327 grabatum
1890 3257 2017 3325 ipse

345 3349 585 3416 portare
634 3343 812 3414 (Ibid.
859 3341 969 3413 12),
1022 3343 1081 3396 in
1129 3358 1243 3413 quo
1303 3343 1698 3415 solutusl(87)
1730 3343 2018 3399 membris

346 3434 646 3505 omnibus,
703 3432 1095 3503 portabatur:
1158 3431 1318 3503 quid,
1373 3431 1631 3502 inquam,
1685 3432 1801 3486 sibi
1854 3432 2013 3501 vult,

346 3524 505 3597 quod
537 3522 773 3594 exspuit
803 3524 860 3577 et
891 3520 1031 3577 fecit
1075 3520 1283 3590 lutum,
1317 3523 1374 3574 et
1425 3520 1777 3592 superunxit
1808 3521 2018 3577 oculos

348 3614 513 3684 caeci,
546 3615 604 3669 et
633 3612 779 3668 dixit
806 3611 896 3666 ei:
938 3631 960 3659 α
995 3609 1157 3665 Vade
1204 3611 1263 3664 et
1304 3608 1437 3665 lava
1481 3610 1541 3664 in
1587 3608 1828 3682 Siloam,
1863 3611 2022 3682 quod

347 3704 706 3774 interpretur
735 3701 964 3755 missus
991 3715 1006 3770 ;
1036 3703 1093 3754 et
1122 3699 1283 3770 abiit,
1316 3699 1555 3771 etlavit,
1590 3705 1647 3755 et
1674 3700 1882 3756 videre
1904 3715 2018 3755 coe-

347 3793 434 3865 pit
462 3791 652 3863 (Joan.
682 3791 766 3859 ix,
798 3789 854 3860 Ἳ)
875 3791 905 3843 ‘?
941 3809 963 3839 ι
998 3786 1141 3854 Quae
1172 3788 1288 3842 ista
1314 3788 1464 3844 ratio
1496 3791 1636 3844 est?
1687 3789 1922 3862 Magna,
1957 3789 2021 3844 ni

350 3881 561 3949 fallor;
591 3878 728 3950 plus
752 3877 915 3932 enim
948 3877 1125 3948 videt,
1157 3892 1334 3949 quem
1363 3877 1545 3933 Jesus
1574 3878 1781 3950 tangit.

422 3970 476 4024 5.
502 3967 689 4023 Simul
729 3969 787 4021 et
823 3966 1187 4021 divinitatem
1228 3968 1286 4020 et
1325 3967 1855 4022 sanetitlcationem
1885 3966 2020 4038 ejus

350 4057 611 4114 adverte.
636 4056 817 4122 Quasi
856 4055 961 4110 lux
998 4054 1209 4127 tetigit,
1246 4053 1495 4110 infudit:
1530 4055 1703 4126 quasi
1734 4057 2019 4112 sacerdos

350 4164 460 4220 per
481 4147 735 4220 ﬁguram
755 4144 1149 4215 baptismatis.
1176 4145 1458 4215 mysteria
1489 4144 1699 4216 gratiae
1730 4145 2018 4215 spiritalis

353 4235 636 4308 implevit.
662 4232 931 4306 Exspuit,
969 4223 1161 4289 1097
1191 4236 1255 4288 ut
1297 4232 1640 4289 adverteres
1688 4233 1824 4306 quia
1865 4232 2018 4288 inte-

355 4328 515 4382 riora
534 4324 755 4380 Christi
773 4321 973 4377 lumen
994 4325 1152 4377 sunt.
1177 4321 1250 4376 Et
1278 4337 1421 4377 vere
1450 4322 1630 4393 videt,
1663 4322 1763 4393 qui
1794 4320 2017 4376 Christi

354 4415 669 4471 mundatur
716 4413 965 4468 internis
1008 4410 1142 4482 (88).
1194 4412 1379 4466 Lavat
1422 4411 1608 4466 saliva
1655 4409 1811 4483 ejus,
1864 4410 2023 4466 lavat

360 4519 559 4562 sermo
590 4503 747 4577 ejus,
779 4503 934 4558 sicut
979 4501 1204 4557 habes:
1258 4521 1280 4551 ι
1313 4499 1444 4555 Jam
1490 4515 1602 4554 vos
1634 4499 1839 4555 mundi
1868 4500 2015 4555 estis

426 4648 539 4720 (84)
575 4648 745 4720 Rom.
790 4645 925 4701 edit.
958 4665 996 4720 μς
1030 4642 1213 4709 Quam
1260 4642 1472 4720 stolide
1501 4645 1696 4720 autem
1742 4641 2017 4720 discipuli

355 4713 836 4791 interrogabant;
876 4741 896 4764 »ι
924 4716 1055 4791 aliae
1075 4730 1232 4791 vero,
1246 4719 1302 4769 et
1321 4730 1470 4769 mss.
1504 4718 1567 4768 ut
1596 4714 1867 4791 intexta,
1899 4713 2020 4791 nisi

355 4791 512 4861 quod
541 4783 614 4843 inv
628 4783 836 4861 paucis
883 4787 1055 4861 stulti
1098 4786 1335 4861 ponitur
1384 4801 1489 4861 pro
1536 4785 1758 4861 stolidi.
1795 4783 2020 4861 Eodem

355 4856 528 4915 etiam
561 4856 747 4914 sensu
778 4860 929 4912 hanc
951 4859 1141 4928 ipsam
1163 4856 1589 4927 discipulorum
1610 4856 2017 4928 interrogatio-

355 4947 489 4987 nem
515 4931 981 5000 Chrysostomus
1014 4929 1332 4985 absurdam
1360 4932 1551 4983 vocat.

425 5003 538 5072 (85)
560 4998 687 5056 Vet.
713 5001 873 5072 edit.,
903 5024 924 5049 α
950 5004 1205 5072 possunt
1226 5000 1447 5072 videre,
1473 5000 1609 5072 quia
1627 4998 1773 5072 caeci
1794 5001 1962 5072 sunt.
1986 5021 2008 5045 ιο

425 5043 2010 5146 (ἔἕῇὸόὶιίὲἓζῂὲιᾷιῖζῖἔῖειᾶ.’Ϊῐιῶτιὶι¹.ζ’ἂόῑῑ›ῗὶιῖι“ιῖτίὶι,⁷,

359 5170 380 5198 α
412 5143 477 5203 ut
504 5144 691 5200 videri
723 5144 916 5214 possit
946 5143 1184 5214 Deus.»

423 5218 535 5290 (87)
584 5215 730 5290 Mss.
782 5214 1020 5290 aliquot,
1055 5213 1318 5281 solutus,-
1377 5214 1661 5283 nonnulli,

351 5287 635 5348 membris
657 5287 915 5359 jacebat.
954 5308 976 5333 η

421 5361 532 5435 (88)
562 5354 738 5435 Corb.
792 5357 999 5435 codex,
1037 5380 1059 5406 «
1112 5357 1275 5435 quia
1321 5355 1571 5435 Christo,
1600 5355 1917 5435 mandatur
1942 5354 2007 5435 in

351 5424 547 5489 terris.
576 5455 598 5480 »ι
640 5424 1180 5510 ριιεθινίθιιιροιιῖο
1211 5429 1463 5510 dignum
1487 5431 1606 5510 est“
1627 5427 1685 5479 in
1713 5426 1826 5510 hac
1865 5424 2012 5481 caci

350 5507 468 5560 nati
500 5503 802 5583 curatione
852 5498 1060 5583 Patres
1093 5498 1399 5583 egregiam
1449 5498 2012 5583 baptismi‘tiguram

347 5575 853 5646 deprehendisse.
887 5572 1092 5627 Adisis
1136 5569 1290 5646 inter
1318 5570 1468 5646 alios
1518 5569 1917 5646 Augustinum
1946 5569 2008 5646 in

1717 5236 1737 5260 «
1792 5209 2009 5269 solutis

2059 3208 2112 3273 Ο

2045 4567 2102 4630 D

2142 1918 2632 1990 appropinquavit
2662 1919 2848 1989 (Rom.
2882 1935 3007 1989 xm,
3043 1919 3155 1991 12).
3197 1938 3220 1970 ι

2210 2004 2265 2062 7.
2291 2006 2421 2061 Nox
2442 2010 2568 2062 erat
2585 2008 2844 2063 caecitas.
2869 2006 3004 2062 Nox
3033 2012 3180 2078 erat,
3223 2024 3357 2064 cum
3376 2009 3563 2064 Judas
3586 2009 3817 2081 accepit

2140 2095 2469 2152 buccellam
2487 2112 2521 2150 a
2542 2095 2710 2167 Jesu,
2734 2100 2792 2152 et
2812 2097 3076 2152 introivit
3104 2097 3165 2153 in
3191 2113 3326 2153 eum
3348 2097 3620 2153 Satanas.
3642 2098 3815 2153 Judaa

2139 2200 2256 2240 nox
2287 2189 2431 2254 erat,
2461 2185 2522 2239 in
2572 2200 2686 2258 quo
2719 2184 2995 2241 diabolus
3046 2189 3171 2241 erat
3201 2202 3214 2242 :
3259 2186 3470 2242 Joanni
3500 2187 3630 2242 dies
3664 2190 3809 2256 erat,

2137 2274 2319 2346 quiin
2340 2274 2567 2330 Christi
2603 2278 2847 2346 pectore
2898 2275 3284 2331 recumbebat
3310 2276 3500 2346 (Joan.
3533 2293 3657 2346 xui,
3695 2277 3809 2346 25).

2133 2363 2309 2419 Petro
2341 2379 2576 2435 quoque
2598 2364 2729 2419 dies
2752 2367 2895 2435 erat,
2921 2380 3054 2419 cum
3073 2365 3270 2421 lumen
3315 2365 3542 2421 Christi
3585 2366 3814 2422 videret

2134 2451 2195 2505 in
2226 2456 2424 2507 monte
2452 2453 2691 2522 (Mattb.
2724 2469 2868 2523 xvn,
2900 2453 2932 2506 2
2962 2455 3135 2526 seq.).
3185 2454 3317 2509 Nox
3340 2458 3469 2510 erat
3504 2454 3641 2510 aliis
3672 2455 3806 2526 (90).

2135 2542 2241 2595 sed
2277 2543 2451 2597 Petro
2482 2541 2612 2596 dies
2643 2545 2789 2596 erat.
2840 2542 2916 2595 At
2944 2558 3089 2597 vero
3137 2543 3254 2613 ipsi
3299 2544 3477 2598 Petro
3509 2559 3628 2598 nox
3660 2549 3808 2615 erat,

2135 2631 2368 2701 quando
2389 2628 2694 2685 Christum
2715 2630 2988 2703 negabat.
3014 2630 3279 2703 Denique
3310 2632 3506 2703 gallus
3528 2633 3808 2703 cantavit,

2135 2722 2191 2775 et
2221 2719 2363 2773 ﬂere
2396 2720 2572 2790 coepit
2600 2719 2839 2790 (Matth.
2892 2736 3057 2791 xxvi,
3087 2719 3176 2789 '74,
3227 2720 3338 2790 '75),
3372 2724 3437 2774 ut
3466 2721 3812 2776 emendaret

2134 2823 2403 2863 errorem
2427 2823 2441 2878 ;
2466 2807 2593 2878 jam
2622 2808 2780 2862 enim
2810 2807 2939 2863 dies
2971 2808 3498 2880 appropinquabat.

2203 2895 2255 2951 8.
2316 2895 2766 2968 Interrogabant
2823 2896 3018 2952 Judaei
3078 2912 3342 2953 caecum:
3408 2920 3431 2945 α
3491 2896 3807 2963 Quomodo

2130 2985 2331 3039 vidisti
2362 2985 2551 3056 (Joan.
2584 3002 2666 3056 xx,
2700 2984 2789 3055 10)
2810 2986 2839 3040 ?
2871 3006 2897 3035 »
2933 2984 3189 3041 Grandis
3222 2984 3509 3041 amentia!
3543 2987 3811 3041 interro-

2131 3074 2350 3148 gabant
2375 3074 2533 3147 quod
2564 3074 2842 3133 videbant
2867 3090 2879 3129 :
2913 3073 3361 3148 interrogabant
3382 3092 3643 3145 causam,
3667 3091 3808 3131 cum

2131 3164 2350 3219 factum
2378 3164 2667 3219 viderent.

2198 3253 2252 3309 9.
2293 3276 2314 3301 α
2350 3253 2421 3308 Et
2450 3253 2883 3310 maledixerunt
2911 3252 2997 3325 'ei,
3034 3253 3339 3310 dicentes:
3374 3253 3462 3309 Tu
3502 3253 3592 3308 sis
3623 3251 3805 3308 disci-

2129 3344 2305 3413 pulus
2354 3340 2487 3414 ejus
2521 3342 2720 3413 (Joan.
2764 3359 2846 3413 ιιι,
2880 3343 2990 3413 28).
3026 3362 3049 3392 ι
3083 3342 3415 3398 Maledictio
3465 3358 3670 3398 eorum
3699 3343 3811 3398 be-

2127 3431 2381 3488 nedictio
2405 3434 2531 3502 est;
2565 3432 2700 3504 quia
2728 3431 3060 3487 benedictio
3083 3447 3289 3487 eorum
3309 3431 3442 3503 (91),
3466 3431 3805 3488 maledictio

2129 3526 2241 3577 est.
2275 3520 2356 3576 Tu
2376 3522 2484 3592 sis,
2509 3521 2798 3593 inquiunt,
2823 3520 3150 3594 discipulus
3168 3521 3316 3594 ejus.
3340 3521 3503 3576 Tunc
3524 3523 3803 3592 prosunt,

2128 3611 2361 3683 quando
2392 3625 2611 3665 nocere
2659 3623 2726 3665 se
2772 3609 3020 3666 credunt
3063 3608 3196 3682 (92).
3233 3609 3399 3682 Vale,
3451 3610 3553 3681 fili,
3598 3614 3653 3664 et
3685 3625 3805 3665 nos

2127 3700 2327 3772 dilige,
2362 3701 2424 3755 ut
2453 3699 2641 3771 facis;
2672 3699 2808 3771 quia
2835 3715 2946 3754 nos
2978 3703 3033 3754 te
3066 3698 3398 3772 diligimuS'

2622 3804 2992 3862 EPISTULA
3030 3805 3295 3861 LXXXI.

2136 3913 2430 3981 Quosdam
2449 3912 2705 3970 clericos
2713 3919 2966 3985 propter
2990 3912 3255 3968 laborem
3285 3927 3352 3968 ac
3381 3912 3803 3969 difﬁcultatem

2197 3989 2392 4058 animo
2416 3984 2876 4058 despondentes,
2903 3984 3110 4058 verbis
3122 3985 3325 4058 erigit,
3342 3985 3546 4058 eisque
3556 4001 3671 4058 non
3682 4001 3802 4058 mo-

2195 4059 2269 4114 do
2300 4055 2557 4137 futuram
2588 4056 2949 4137 mercedem
2962 4055 3234 4137 ponit_ob
3251 4055 3467 4137 oculos,
3490 4057 3603 4112 sed
3616 4057 3800 4137 etiam

2187 4135 2460 4202 paratum
2481 4125 3087 4202 Cbristiprtesidium.
3102 4125 3253 4202 Eam
3265 4127 3337 4183 ob
3357 4125 3507 4197 rem,
3524 4126 3799 4202 explica:

2195 4198 2276 4273 tis
2305 4200 2523 4273 aliquot
2545 4198 2878 4273 Scriptura
2895 4198 3059 4266 locis,
3087 4198 3359 4254 admonet
3382 4214 3457 4254 ne
3485 4213 3554 4254 se
3579 4198 3803 4253 divelli

2193 4272 2269 4328 ab
2298 4270 2414 4327 illo'
2421 4270 2754 4344 patiantur.

2637 4376 2981 4433 Ananosws
3012 4375 3271 4434 clericis.

2193 4490 2247 4544 1.
2266 4487 2621 4556 Plerumque
2661 4483 2939 4538 humanis
2975 4483 3207 4557 obrepit
3235 4483 3557 4554 mentibus,
3589 4487 3655 4540 ut
3681 4486 3796 4541 ali-

2121 4634 2259 4690 dum
2281 4633 2373 4686 est
2394 4628 2507 4687 hoc
2529 4628 2725 4701 ipsum
2750 4626 3143 4701 Evangelium
3157 4626 3293 4701 olim
3307 4627 3367 4682 in
3379 4627 3651 4685 Ecclesia
3674 4630 3791 4685 sub

2121 4709 2444 4761 extremam
2491 4699 3009 4772 quadragesimam
3073 4699 3192 4772 legi
3239 4700 3499 4769 solitum,
3553 4705 3615 4755 ut
3658 4701 3791 4755 haec

2121 4777 2304 4831 verba
2334 4771 2762 4843 testiﬁcantugz
2803 4792 2825 4818 α
2863 4772 3010 4843 veni
3040 4771 3112 4825 ad
3142 4771 3520 4843 baptismum,
3552 4777 3788 4843 tempus

2121 4850 2317 4919 ipsum
2343 4844 2577 4919 Aadest._
2611 4866 2632 4890 η
2686 4840 2781 4919 Ex_
2823 4842 3041 4913 quibus
3091 4842 3296 4919 verbis
3348 4840 3786 4919 etiamconstat

2121 4912 2162 4975 e
2177 4914 2616 4974 catechumenis
2638 4912 2888 4968 necdum
2910 4912 3254 4968 excessisse
3272 4913 3428 4968 hunc
3452 4914 3780 4969 Bellieium.

2192 4988 2304 5060 (89)
2336 4987 2495 5060 Mss.
2538 4984 2737 5055 Corb.,
2788 4984 2996 5055 Laud.,
3047 4984 3236 5053 Colb.,
3287 4983 3485 5039 Germ.
3528 5002 3598 5040 ac
3630 4984 3780 5055 Ful.,

2126 5083 2147 5113 ι
2184 5058 2242 5116 in
2271 5058 2535 5114 tenebris
2566 5071 2748 5111 eram.
2786 5074 2810 5105 ι

2193 5133 2305 5203 (90)
2324 5130 2733 5203 lidem_mss.,
2754 5150 2775 5173 α
2813 5127 2946 5182 Nox
2973 5129 3117 5197 erat,
3154 5126 3262 5182 sed
3294 5124 3495 5182 lumen
3525 5126 3782 5183 videbat.

2121 5200 2254 5262 Nux
2283 5200 2408 5259 erat
2434 5200 2586 5267 aliis,
2625 5222 2647 5247 η
2683 5201 2795 5253 etc.
2892 5240 2899 5245 .

2191 5275 2301 5347 (91)
2338 5297 2359 5324 ις
2392 5266 2720 5347 Maledictio
2749 5284 3042 5347 eorum...
3089 5268 3422 5347 discipulus
3471 5266 3627 5347 ejus,
3665 5294 3687 5318 η
3723 5269 3784 5326 in

2118 5341 2417 5402 mss/non
2446 5342 2674 5414 paucis,
2708 5343 2765 5414 et
2793 5341 2946 5411 apud
2976 5342 3215 5397 Amerb.
3241 5341 3634 5414 desideratur.

2189 5419 2301 5489 (92)
2337 5411 2478 5470 Haec
2527 5413 2778 5489 epistola
2828 5427 2961 5467 cum
3000 5428 3095 5489 _e_a,
3129 5428 3305 5489 quam
3334 5411 3405 5468 26
3434 5411 3567 5489 loco
3598 5412 3786 5489 collo-

2117 5482 2404 5558 cavimus,
2439 5482 2741 5558 una'serie
2773 5499 2937 5558 mss,
2965 5482 3188 5556 aliquot
3231 5482 3776 5558 itaoompingitur:

2119 5585 2141 5609 (ι
2194 5554 2410 5616 nocere
2461 5572 2528 5612 se
2579 5555 2848 5612 credunt.
2898 5554 3145 5631 Semper
3187 5555 3424 5632 quidem
3472 5554 3782 5615 decantata

253 5637 259 5643 ’
342 5632 502 5701 hunc
546 5646 793 5701 Joannis
840 5645 1055 5715 locum,
1106 5645 1165 5698 et
1210 5642 1566 5772 discilgulum
1615 5632 2005 5712 praeceptoris
2110 5632 2386 5713 quastio,
2422 5648 2446 5684 ι
2481 5632 2592 5687 etc.

319 5717 597 5772 westiaia
624 5716 825 5772 legere
865 5714 1320 5772 animadvertes.
1408 5713 1462 5772 ie
1510 5714 1684 5772 etiam
1714 5711 2002 5771 adnotan-

319 5717 597 5791 ‘Wstigia
624 5716 825 5793 legere
865 5711 1320 5775 animadvertes.
1350 5711 1462 5773 Hic
1510 5711 1684 5774 etiam
1714 5711 2002 5771 adnotan-
