4060 6178
251 346 414 414 1329

1421 338 2035 408 EPISTOLARUM
2081 339 2420 405 CLASSIS
2463 341 2543 405 II.

3555 340 3716 406 1330

253 561 371 619 qua
414 545 531 601 levi
579 543 900 617 praestricti
931 543 1286 616 offensione,
1336 545 1388 599 si
1420 559 1537 598 non
1568 542 1689 598 illis
1720 523 2026 597 cedant'K
2036 540 2302 613 Denique
2339 561 2362 592 ε
2396 541 2630 611 solvite,
2665 543 2876 616 inquit,
2911 542 3024 599 hoc
3057 545 3366 616 templum,
3419 545 3476 599 et
3514 543 3573 598 in
3600 544 3713 600 tri-

253 653 363 708 pro
413 636 611 692 studio
665 636 1022 703 voluntaria,
1076 635 1273 690 officio
1315 634 1638 690 desistant:
1675 630 1830 703 quod
1872 631 1931 685 in

254 724 372 781 alio
405 741 625 798 genere
656 725 962 780 hominum
993 723 1322 792 tolerabile,
1358 723 1417 779 in
1448 723 1521 778 iis
1552 738 1694 777 vero
1717 722 1817 794 qui
1845 721 1934 776 rei

253 814 473 870 divinae
508 814 834 881 intendunt,
868 812 1107 883 plenum
1139 812 1385 868 doloris.

326 902 382 959 2.
424 901 572 957 Sunt
602 901 758 955 enim
788 899 970 972 aliqui
1001 901 1061 955 in
1093 901 1445 956 clericorum
1477 913 1750 969 munere,
1804 896 1937 969 qui-

254 992 375 1047 bus
414 990 689 1046 inimicus
720 990 1010 1061 obrepere
1042 989 1256 1059 studet,
1294 991 1347 1044 si
1373 988 1518 1044 alias
1541 1003 1647 1045 eos
1681 1002 1798 1043 non
1829 1002 1939 1057 po-

256 1081 435 1136 tuerit
495 1078 960 1149 circumvenire,
1020 1081 1082 1133 ut
1127 1077 1294 1133 laesis
1348 1076 1694 1149 hujusmodi
1743 1075 1938 1140 1098

257 1170 486 1225 inserat
509 1168 924 1240 cogitationes.
949 1164 1101 1233 Quid
1133 1164 1274 1221 mihi
1296 1167 1540 1238 prodest
1563 1168 1621 1221 in
1645 1164 1802 1221 clero
1821 1179 1939 1218 ma-

260 1273 423 1323 nere,
477 1257 679 1311 subire
726 1255 1002 1329 injurias,
1050 1254 1290 1310 labores
1333 1255 1581 1327 perpeti,
1620 1254 1790 1326 quasi
1822 1267 1941 1308 non

255 1347 452 1418 possit
495 1361 643 1418 ager
685 1361 857 1399 meus
904 1360 1153 1416 pascere
1203 1344 1337 1415 (93),
1389 1348 1488 1399 aut
1539 1344 1592 1398 si
1640 1358 1787 1415 ager
1829 1342 1937 1397 de-

258 1435 366 1505 sit,
412 1435 586 1507 quasi
637 1433 806 1490 aliter
854 1448 1133 1489 exercere
1181 1436 1481 1504 sumptum
1522 1448 1640 1487 non
1680 1430 1937 1504 queam?

258 1524 460 1595 Itaque
491 1522 837 1595 hujusmodi
871 1521 1333 1595 cogitationibus
1367 1522 1541 1576 etiam
1569 1521 1710 1577 boni
1739 1536 1940 1576 mores

260 1613 335 1668 ab
361 1612 557 1667 officio
588 1611 1005 1666 retrahuntur:
1042 1610 1215 1683 quasi
1245 1625 1388 1665 vero
1428 1610 1541 1666 hoc
1566 1609 1759 1665 solum
1783 1609 1861 1664 sit
1880 1609 1940 1664 in

258 1701 499 1771 clerico,
532 1703 594 1755 ut
628 1705 927 1771 sumptum
958 1700 1228 1771 expediat
1258 1714 1465 1769 suum,
1518 1702 1574 1754 et
1603 1715 1721 1756 non
1752 1702 1814 1753 ut
1845 1697 1941 1752 di-

257 1790 465 1844 vinum
513 1790 630 1845 sibi
672 1793 809 1860 post
857 1792 1105 1844 mortem
1143 1790 1341 1859 potius
1381 1788 1716 1843 subsidium
1747 1788 1938 1853 locet;

2038 629 2152 684 duo
2182 629 2329 685 illud
2360 632 2755 687 resuscitabo.
2790 632 2916 688 Hoc
2949 636 3141 688 autem
3183 633 3328 688 dixit
3376 632 3447 688 de
3498 632 3713 704 templo

2036 720 2309 788 corporis
2358 719 2453 774 sui
2502 720 2700 791 (Joan.
2751 739 2811 791 ιι,
2867 721 2952 793 19,
3003 723 3115 792 21).
3181 745 3202 769 ››
3254 722 3378 776 Nec
3422 722 3714 778 immerito

2037 812 2274 863 erectus
2307 823 2426 863 non
2456 813 2547 863 est
2587 810 2658 863 ab
2698 810 2842 879 alio,
2892 809 2993 882 qui
3024 826 3142 865 non
3173 811 3421 881 cecidit;
3474 826 3610 865 nam
3659 815 3718 867 et

2038 896 2137 951 ille
2169 896 2270 967 qui
2302 912 2334 950 a
2365 897 2629 953 secundo
2661 899 2932 971 erigitur,
2964 899 3213 955 cecidit:
3266 899 3451 971 et_qui
3482 898 3714 970 cecidit,

2042 984 2267 1057 indiget
2298 986 2516 1040 auxilio
2548 991 2609 1041 ut
2638 988 2924 1060 erigatur.
2968 987 3133 1054 Quod
3185 992 3242 1043 et
3288 986 3561 1060 subjecta
3607 989 3715 1043 do-

2046 1078 2198 1142 cent,
2232 1073 2460 1129 dicente
2492 1074 2831 1146 Seriptura:
2871 1098 2891 1125 ι
2942 1077 3046 1132 Vae
3085 1076 3167 1131 illi
3216 1078 3337 1145 uni,
3387 1094 3521 1132 cum
3552 1077 3713 1132 ceci-

2044 1162 2214 1231 derit,
2249 1162 2301 1217 ei
2335 1180 2451 1218 non
2482 1168 2575 1219 est
2607 1164 2909 1219 secundus
2941 1166 3042 1237 qui
3074 1181 3206 1220 cum
3238 1165 3461 1238 erigatl
3497 1167 3634 1238 quia
3664 1170 3722 1222 et

2046 1251 2101 1305 si
2130 1251 2475 1307 dormierint
2507 1253 2643 1323 dno,
2679 1257 2771 1309 est
2801 1252 2962 1310 calor
2990 1253 3108 1310 illis
3132 1252 3357 1325 (Eecle.
3385 1272 3462 1324 1v,
3491 1253 3576 1324 10,
3604 1253 3717 1326 11).

2045 1339 2409 1395 Commortui
2439 1341 2596 1396 enim
2627 1358 2836 1397 sumus
2869 1343 3136 1411 Christo,
3185 1347 3242 1398 et
3282 1343 3412 1398 ideo
3452 1344 3721 1398 convivi-

2044 1445 2178 1483 mus
2208 1429 2395 1499 (Hom.
2430 1447 2511 1498 vr,
2545 1429 2621 1500 8),
2653 1429 2932 1487 Christus
2959 1432 3134 1487 nobis
3166 1436 3573 1487 commortuus
3603 1436 3716 1503 est,

2045 1522 2106 1572 ut
2136 1534 2246 1573 nos
2279 1518 2658 1590 calefaceret,
2712 1521 2812 1592 qui
2845 1521 2923 1575 ait
2956 1539 2967 1575 :
3028 1543 3050 1573 α
3088 1521 3293 1593 Ignem
3322 1521 3459 1577 veni
3488 1522 3720 1578 mittere

2043 1606 2104 1661 in
2136 1610 2356 1661 terram
2386 1608 2530 1677 (Luc
2559 1624 2660 1677 xu,
2694 1609 2807 1679 49).
2854 1633 2875 1657 ιι

2116 1694 2169 1749 Ἳ.
2213 1695 2482 1750 Mortuus
2524 1712 2720 1766 eram,
2774 1697 2881 1752 sed
2913 1698 3050 1769 quia
3084 1697 3145 1753 in
3173 1699 3525 1770 baptismate
3558 1716 3723 1771 eom-

2045 1786 2315 1838 mortuus
2348 1783 2586 1839 Christo
2618 1800 2771 1854 sum,
2807 1787 3009 1856 accepi
3030 1784 3231 1843 lumen
3251 1788 3387 1844 vitae
3409 1805 3443 1843 a
3463 1790 3722 1845 Christo.

261 1894 597 1951 quanquam
632 1878 729 1933 ille
762 1882 900 1950 post
931 1882 1179 1933 mortem
1210 1877 1488 1946 abundet,
1521 1878 1624 1948 qui
1654 1878 1816 1966 tutus
1838 1875 1935 1966 hic
1975 1871 2122 1966 BE-t
2147 1873 2247 1943 qui
2280 1873 2341 1966 in
2363 1870 2599 1927 Christo
2632 1873 2900 1966 moritur,
2934 1890 3043 1944 per
3065 1875 3366 1931 Christum
3400 1876 3724 1932 calefactus

256 1968 516 2040 potuerit
544 1967 867 2023 decernere
899 1966 1222 2022 adversum
1256 1969 1339 2022 tot
1376 1966 1759 2021 inimicorum
1791 1964 1944 2019 insi-

258 2056 416 2111 dias.

332 2142 387 2200 3.
430 2144 599 2200 Unde
647 2143 1048 2201 Ecclesiastes
1099 2145 1222 2199 ait:
1288 2166 1309 2192 u
1362 2144 1575 2215 Optimi
1614 2143 1732 2200 duo
1763 2157 1946 2214 super

259 2249 467 2302 unum,
501 2232 717 2306 quibus
750 2238 842 2288 est
873 2248 1105 2288 merces
1136 2233 1291 2287 bona
1328 2232 1387 2287 in
1418 2232 1623 2293 labore
1653 2216 1942 2303 ipsorum,

260 2323 542 2394 quoniam
572 2324 627 2378 'si
657 2322 941 2378 ceciderit
969 2337 1148 2390 unus,
1184 2321 1361 2393 erigit
1382 2322 1612 2376 socium
1636 2310 1810 2375 suum
1830 2319 1947 2391 (94)

259 2410 522 2482 (Eccles.
555 2426 636 2480 IV,
668 2412 724 2480 9,
759 2410 868 2481 10).
907 2433 928 2459 n
965 2411 1083 2466 Ubi
1115 2414 1255 2466 sunt
1287 2433 1309 2458 α
1346 2410 1463 2465 duo
1511 2410 1712 2480 optimi
1766 2424 1949 2479 super

259 2515 465 2569 unum,
502 2520 524 2549 ιι
559 2499 678 2554 nisi
709 2499 811 2555 ubi
841 2499 1119 2555 Christus
1151 2503 1261 2567 est,
1295 2501 1352 2554 et
1382 2499 1435 2554 is
1459 2514 1637 2571 quem
1665 2498 1947 2554 Christus

257 2590 508 2643 tuetur?
551 2586 698 2654 Quia
744 2589 801 2643 si
845 2588 1155 2659 ceciderit,
1217 2588 1317 2661 qui
1366 2603 1501 2643 eum
1552 2587 1806 2643 Domino
1853 2588 1946 2642 est

261 2677 433 2746 Jesu,
465 2677 644 2750 erigit
674 2691 809 2732 eum
838 2676 1046 2733 Jesus.

330 2765 387 2820 4.
428 2764 547 2821 Sed
580 2782 695 2837 qua
721 2767 950 2821 ratione
975 2766 1121 2821 dixit
1147 2783 1158 2820 :
1200 2787 1223 2813 α
1257 2766 1321 2819 In
1352 2766 1556 2821 labore
1581 2765 1845 2836 ipsorum
1864 2765 1892 2818 ‘?
1917 2784 1939 2814 ι

259 2854 426 2926 Ergo
459 2858 516 2909 et
544 2854 822 2910 Christus
858 2855 1132 2910 laborat?
1162 2853 1382 2924 Utique
1414 2852 1659 2922 laborat,
1694 2853 1795 2924 qui
1827 2854 1903 2906 ait
1929 2868 1941 2906 :

262 2966 285 2992 κ
330 2943 626 2999 Laboravi
674 2942 938 2999 clamans
986 2942 1174 3015 (PsaI.
1210 2959 1413 3010 vam,
1456 2941 1533 3012 4).
1588 2962 1609 2990 υ
1666 2940 1941 3009 Laborat,

260 3032 370 3087 sed
386 3033 449 3086 in
472 3031 645 3087 nobis
663 3032 809 3101 (95):
848 3033 1101 3104 denique
1124 3032 1197 3086 ad
1216 3034 1455 3102 puteum
1476 3030 1759 3102 fatigatus
1782 3030 1948 3084 sede-

257 3121 364 3176 bat
403 3121 593 3189 (Joan.
629 3137 705 3187 xv,
740 3120 815 3191 6).
848 3120 965 3176 Sed
995 3121 1291 3193 quomodo
1323 3120 1570 3188 laboret,
1606 3119 1806 3174 docuit
1836 3133 1948 3174 nos

260 3209 592 3281 Apostolus
613 3210 841 3265 minore
864 3210 1154 3280 exemplo,
1181 3210 1388 3264 dicens
1415 3225 1427 3264 :
1468 3231 1490 3256 ‹‹
1514 3207 1661 3273 Quis
1684 3208 1947 3263 inﬁrma-

258 3303 379 3366 tur,
412 3301 471 3354 et
500 3312 614 3370 ego
654 3313 771 3353 non
805 3298 1070 3354 inﬁrmor
1099 3297 1187 3369 (II
1216 3297 1351 3352 Cor.
1371 3314 1453 3366 χι,
1479 3296 1619 3360 29)?
1650 3297 1861 3352 Docuit
1892 3299 1948 3351 et

256 3388 396 3459 ipse
428 3387 715 3443 Dominus
740 3403 847 3443 sua
869 3402 1049 3443 voce:
1091 3410 1112 3435 κ
1148 3386 1341 3459 zEger
1362 3400 1542 3456 eram,
1577 3390 1633 3440 et
1665 3401 1783 3441 non
1804 3385 1946 3440 visi-

260 3477 441 3532 tastis
498 3492 639 3532 me:
703 3477 900 3532 nudus
956 3492 1149 3546 eram,
1203 3479 1261 3531 et
1306 3491 1425 3530 non
1470 3475 1794 3546 aperuistis
1853 3490 1947 3530 me

258 3566 504 3635 (Matth.
536 3582 677 3635 xxv,
728 3565 839 3635 43).
880 3589 901 3613 ιι
939 3565 1222 3636 Laborat,
1266 3569 1329 3621 ut
1368 3578 1461 3620 me
1496 3565 1793 3637 jaceutem
1827 3563 1945 3618 eri-

257 3657 386 3728 gat.

332 3763 390 3817 5.
432 3761 603 3817 Unde
637 3765 694 3816 et
725 3762 784 3816 in
818 3760 1036 3819 Elisaeo
1080 3762 1273 3836 ﬁgura
1320 3761 1554 3817 Domini
1601 3760 1945 3830 praecessit,

260 3852 370 3923 qui
386 3848 638 3923 projecit
660 3867 748 3920 se,
769 3854 832 3905 ut
850 3854 1141 3907 mortuum
1161 3852 1420 3923 erigeret
1437 3850 1493 3920 (Ι
1502 3849 1709 3921 VReg.
1736 3866 1813 3920 iv,
1832 3849 1942 3919 34):

265 3941 325 3993 in
360 3955 478 4011 quo
508 3939 841 4012 symbolum
872 3945 982 4009 est,
1037 3940 1192 4012 quod
1243 3939 1419 3995 nobis
1463 3938 1743 3994 Christus
1792 3953 1951 3993 eom-

260 4032 535 4084 mortuus
568 4028 664 4098 sit,
699 4032 764 4083 ut
794 4028 969 4084 nobis
1016 4032 1385 4101 resurgeret.
1435 4027 1701 4099 Projecit
1747 4026 1942 4098 itaque

258 4134 329 4173 se
363 4134 557 4190 usque
589 4118 661 4172 ad
692 4122 957 4173 nostram
986 4117 1263 4173 Christus
1296 4117 1700 4190 fragilitatem,
1741 4118 1802 4170 ut
1832 4131 1945 4169 nos

260 4207 546 4278 erigeret.
574 4207 947 4281 Projecit'se,
969 4221 1086 4261 non
1109 4207 1339 4275 cecidit,
1365 4207 1473 4261 sed
1496 4206 1683 4261 erexit
1705 4220 1949 4259 consor-

262 4301 404 4350 tem.
442 4296 576 4366 Ipse
608 4297 763 4351 enim
801 4299 1113 4351 consortes
1164 4312 1273 4351 nos
1319 4296 1437 4351 sibi
1475 4296 1643 4364 fecit,
1694 4298 1757 4349 ut
1798 4294 1947 4348 seri-

259 4388 429 4456 ptum
458 4390 569 4454 est,
615 4385 751 4457 quia
786 4408 807 4433 ιι
845 4388 1058 4440 unctus
1097 4388 1190 4440 est
1232 4385 1362 4441 oleo
1398 4384 1651 4456 justitiae
1681 4383 1795 4455 (96)
1824 4398 1947 4454 pra

262 4474 650 4529 consortibus
685 4474 814 4529 suis
846 4474 1037 4546 (PsaI.
1070 4491 1227 4543 xmv,
1262 4474 1337 4545 8).
1377 4495 1398 4521 ιο

2045 1960 2182 2014 vitae
2239 1965 2294 2015 et
2352 1962 2814 2016 resurrectionis
2881 1978 3158 2032 vaporem
3226 1965 3453 2035 accipit.
3532 1965 3726 2030 1099

2044 2047 2330 2121 Frigidus
2362 2053 2486 2103 erat
2515 2066 2684 2120 puer,
2736 2050 3004 2106 calefecit
3047 2068 3180 2106 eum
3220 2052 3477 2109 Elisaeus
3511 2055 3728 2125 spiritu

2045 2153 2177 2206 suo,
2213 2138 2372 2192 dedit
2396 2138 2448 2192 ei
2472 2140 2607 2193 vitae
2632 2139 2888 2193 calorem
2910 2139 3025 2209 (IV
3047 2140 3196 2212 Reg.
3220 2158 3301 2211 1v,
3324 2141 3435 2211 84).
3468 2140 3727 2198 Condor—

2044 2226 2212 2280 mivit
2241 2225 2315 2294 ei,
2349 2230 2412 2280 ut
2443 2241 2576 2280 eum
2611 2227 2771 2281 calor
2802 2227 3018 2298 quietis
3040 2228 3197 2300 ejus,
3231 2230 3332 2299 qui
3362 2229 3421 2283 in
3452 2229 3723 2301 symbolo

2047 2314 2433 2384 consepultus
2448 2316 2503 2369 ei
2523 2314 2733 2383 fuerat,
2759 2316 3060 2371 excitaret.
3088 2316 3369 2389 Frigidus
3389 2318 3587 2389 itaque
3611 2322 3722 2389 est,

2046 2405 2147 2475 qui
2178 2420 2296 2458 non
2326 2405 2576 2458 moritur
2621 2404 2680 2457 in
2717 2403 2993 2460 Christo:
3052 2405 3310 2460 calefieri
3348 2423 3465 2462 non
3495 2411 3724 2479 potest,

2048 2493 2140 2547 cui
2191 2493 2351 2565 ignis
2402 2492 2616 2548 ardens
2663 2509 2781 2549 non
2829 2494 3260 2566 apprOpinquat
3291 2495 3449 2567 (9'7):
3500 2496 3724 2552 incale-

2054 2596 2225 2637 scere
2255 2597 2371 2637 non
2402 2585 2598 2653 potest
2630 2580 2742 2653 (98)
2774 2582 2972 2651 alteri,
3025 2583 3127 2654 qui
3167 2599 3371 2639 secum
3399 2601 3518 2641 non
3550 2586 3727 2643 habet

2054 2670 2374 2726 Christum.

2117 2776 2179 2842 ⁴8.
2223 2776 2295 2831 Et
2316 2781 2377 2832 ut
2407 2793 2742 2851 cognoscas
2766 2779 3093 2834 secundum
3114 2780 3460 2851 mysterium
3483 2781 3723 2854 dictum,

2056 2880 2174 2921 non
2207 2867 2535 2921 secundum
2565 2883 2908 2939 numerum;
2943 2868 3078 2940 quia
3116 2893 3136 2917 α
3172 2870 3375 2940 optimi
3406 2870 3521 2926 duo
3553 2888 3730 2942 quam

2050 2971 2206 3010 unus
2256 2955 2491 3026 (Ecele.
2545 2973 2623 3026 1v,
2675 2956 2773 3027 9),
2832 2978 2854 3008 ι
2900 2957 3158 3029 subjecit
3198 2960 3556 3030 mysticum:
3598 2983 3619 3007 α
3654 2960 3727 3016 Ει

2051 3048 2317 3114 spartum
2364 3045 2616 3116 triplex;
2670 3062 2788 3101 non
2842 3051 3258 3118 corrumpetur
3303 3047 3483 3118 (Ibid.
3536 3048 3647 3120 12).
3706 3072 3727 3097 υ

2053 3133 2187 3187 Tria
2218 3133 2393 3203 enim,
2429 3150 2563 3204 quae
2593 3150 2712 3190 non
2744 3138 2881 3190 sunt
2913 3136 3260 3206 composita,
3294 3151 3412 3192 non
3453 3151 3728 3193 corrum-

2054 3225 2306 3292 puntur:
2361 3223 2619 3277 Trinitas
2660 3224 2854 3295 itaque
2887 3224 3297 3295 incompositae
3328 3228 3554 3280 naturae
3596 3242 3734 3281 eor-

2058 3312 2252 3381 rumpi
2283 3326 2401 3367 non
2431 3316 2655 3384 potest;
2688 3313 2826 3384 quia
2858 3313 3017 3367 Deus
3049 3329 3228 3368 unum
3262 3316 3319 3368 et
3349 3313 3631 3383 simplex,
3676 3319 3735 3371 et

2054 3401 2516 3471 incompositum
2545 3404 2667 3471 est,
2714 3401 3001 3474 quidquid
3033 3405 3157 3457 est:
3194 3402 3351 3474 quod
3385 3405 3577 3459 autem
3609 3406 3729 3474 est,

2055 3494 2382 3562 permanet,
2418 3506 2536 3545 non
2568 3489 2904 3563 subjicitur.

2131 3597 2185 3665 9,
2222 3596 2307 3651 10.
2340 3597 2569 3651 Bonum
2602 3600 2693 3652 est
2722 3598 2917 3669 itaque
2939 3597 3245 3654 adhmrere
3269 3597 3456 3669 alteri,
3500 3598 3734 3655 ctinse-

2062 3701 2197 3741 rere
2221 3684 2438 3741 collum
2459 3686 2518 3739 in
2542 3689 2784 3757 torques
2809 3686 2963 3758 ejus,
2988 3690 3044 3742 et
3066 3686 3369 3758 subjicere
3399 3687 3732 3759 humerum,

2059 3779 2115 3829 et
2147 3778 2384 3845 portare
2415 3773 2579 3829 illum
2601 3816 2614 3843 ,
2665 3790 2775 3829 nec
2805 3775 3046 3831 taediare
3078 3777 3150 3830 ad
3182 3776 3455 3845 vincula;
3497 3777 3633 3848 quia
3661 3778 3735 3833 de

2059 3863 2232 3919 domo
2263 3864 2636 3935 alligatorum
2671 3865 2879 3933 exivit,
2923 3865 3024 3935 qui
3054 3869 3292 3937 regnet,
3326 3881 3476 3936 puer
3503 3866 3603 3921 ille
3632 3866 3734 3937 qui

2060 3969 2241 4022 super
2273 3967 2476 4024 regem
2507 3952 2807 4007 seniorem
2838 3956 2894 4008 et
2923 3953 3166 4008 stultum
3198 3957 3310 4009 est.
3344 3954 3602 4026 Ideoque
3634 3956 3735 4026 qui

2059 4058 2192 4098 eum
2250 4044 2600 4112 sequuntur,
2665 4040 2889 4115 alligati
2937 4043 3192 4097 vinculis
3248 4046 3407 4098 sunt.
3467 4043 3733 4115 Denique

2058 4132 2278 4187 Paulus
2309 4132 2546 4186 vinctus
2575 4132 2724 4187 Jesu
2754 4131 2974 4186 Christi
3006 4131 3253 4204 (Eplies.
3286 4150 3369 4200 ιιι,
3404 4131 3459 4203 1)
3485 4133 3653 4188 Unde
3676 4135 3734 4187 et

2056 4223 2185 4291 ipse
2204 4222 2235 4276 ,Ι
2243 4237 2385 4276 esus
2403 4221 2692 4292 captivam
2715 4222 2883 4275 duxit
2904 4222 3251 4292 captivatem
3277 4221 3525 4292 (Ephes.
3547 4237 3625 4289 Iv,
3650 4221 3727 4288 8).

2055 4310 2188 4365 Non
2217 4310 2363 4365 satis
2394 4310 2589 4365 visum
2629 4315 2721 4364 est
2755 4311 2805 4365 ei
2831 4310 3068 4365 solvere
3102 4311 3515 4380 captivitatem,
3553 4324 3729 4379 quam

2055 4398 2327 4454 diabolus
2356 4400 2753 4469 imposuerat;
2803 4414 2877 4453 ne
2916 4400 3128 4453 iterum
3158 4398 3382 4453 liberos
3412 4399 3728 4467 vagantes-

2054 4504 2169 4559 que
2219 4489 2331 4558 (99)
2382 4488 2719 4542 invaderet:
2772 4488 2878 4542 sed
2927 4487 3188 4558 perfecta
3229 4485 3521 4540 absolutio
3564 4485 3729 4539 aesti-

340 4581 394 4636 6.
437 4580 609 4637 Unde
659 4581 908 4652 pulchre
963 4582 1039 4636 ait
1087 4580 1527 4636 Ecclesiastes:
1585 4603 1606 4627 «
1661 4578 1945 4645 Quoniam
1983 4582 2207 4684 Dmata
2239 4580 2332 4633 est
2363 4578 2475 4632 sub
2508 4575 2745 4632 Christo
2784 4576 3032 4647 degere,
3068 4580 3123 4630 et
3160 4574 3406 4646 injicere
3452 4573 3636 4643 pedes
3667 4574 3729 4673 in

266 4671 373 4743 qui
405 4670 706 4739 ceciderit,
741 4670 916 4742 erigit
939 4672 1168 4725 socium
1192 4686 1386 4725 suum.
1411 4668 1639 4739 (EecIe.
1665 4686 1742 4739 IV,
1779 4669 1887 4739 10),
1920 4692 1940 4716 η
1978 4662 2040 4693 ην
2057 4667 2373 4738 compedes
2404 4666 2738 4736 sapientiae,
2788 4664 2980 4735 ipsius
3013 4663 3308 4734 captivum
3338 4676 3509 4732 esse,
3541 4666 3605 4718 ut
3638 4662 3727 4718 sis

264 4775 387 4815 non
411 4760 543 4830 ipse
572 4759 823 4831 erigitur
848 4775 860 4814 :
896 4758 1170 4815 Christus
1196 4760 1348 4814 enim
1370 4775 1488 4814 non
1511 4758 1753 4813 alterius
1773 4758 1945 4812 auxi-

263 4849 350 4904 lio
380 4850 556 4920 atque
586 4864 697 4919 ope
727 4852 964 4903 erectus
995 4851 1108 4917 est,
1144 4848 1251 4903 sed
1283 4849 1412 4917 ipse
1443 4862 1511 4902 se
1543 4847 1942 4903 resuscitavit.

333 4991 448 5060 (93)
490 4990 791 5045 Iudicatur
813 4989 926 5045 hoc
950 4990 1081 5045 loco
1106 4991 1161 5044 in
1188 4991 1546 5045 clericorum
1569 4989 1773 5045 ordine
1795 4989 1946 5045 alios

263 5063 480 5132 fuisse,
508 5062 608 5133 qui
639 5061 954 5133 facultates
985 5062 1215 5132 aliquas
1237 5062 1637 5132 possiderent,
1673 5061 1822 5116 alios
1845 5062 1946 5133 qui

265 5133 465 5258 gglxlnas
469 5149 655 5258 1:8qua
684 5133 756 5187 de
787 5148 852 5187 re
884 5132 1141 5187 diximus
1174 5134 1245 5187 ad
1288 5134 1391 5189 lib.
1428 5151 1445 5187 ι
1481 5132 1649 5188 Offic.
1685 5148 1813 5204 cap.
1843 5132 1942 5202 35,

270 5221 434 5260 num.
469 5221 594 5258 161.

335 5277 451 5344 (9-1)
491 5275 620 5329 Vet.
653 5274 790 5329 edit.
824 5274 941 5341 hic,
976 5279 1034 5329 et
1056 5290 1167 5330 nos
1192 5290 1325 5329 eum
1360 5276 1532 5330 Rom.
1566 5291 1635 5329 ac
1665 5290 1813 5329 mss.
1839 5274 1942 5329 lib.

264 5347 357 5402 De
386 5347 584 5401 instit.
624 5347 804 5417 vii'g.,
840 5362 967 5416 cap.
1004 5346 1089 5413 11,
1128 5368 1149 5392 α
1184 5346 1236 5399 si
1268 5346 1548 5400 ceciderit
1579 5362 1765 5415 unus,
1800 5346 1948 5400 alter

266 5420 458 5489 eriget
493 5434 504 5471 :
546 5441 566 5463 η
602 5416 675 5471 de
707 5416 822 5486 qua
863 5417 1390 5489 lectionewvidesis
1440 5417 1781 5489 Nobilium.
1815 5417 1942 5471 Vet.

264 5495 462 5544 autem
510 5488 673 5557 edit.,
727 5489 902 5542 citato
954 5489 1052 5544 lib.
1104 5488 1193 5543 De
1224 5488 1417 5542 instit.
1459 5489 1636 5559 virg.,
1681 5492 1737 5542 et
1771 5488 1939 5542 Rom.

264 5561 384 5628 hic,
435 5583 456 5606 α
509 5560 563 5613 si
612 5559 898 5614 eediderit
941 5576 1116 5628 unus,
1172 5559 1381 5629 eriget.
1423 5580 1443 5608 υ
1478 5559 1603 5613 Nos
1635 5575 1779 5613 vero
1810 5575 1944 5613 eum

264 5647 417 5686 mss.
441 5630 734 5702 virgulam
758 5632 1172 5700 prmmittimus
1188 5631 1321 5702 voci
1345 5646 1527 5702 unus;
1545 5630 1673 5684 sine
1691 5630 1810 5702 illis
1833 5645 1943 5700 pro

264 5700 563 5758 ceciderit
610 5718 730 5757 non
779 5703 1067 5758 audemus
1115 5701 1428 5756 restituere
1473 5701 1530 5754 si
1572 5700 1943 5765 ceciderint;

268 5773 429 5847 quod
477 5777 673 5828 tamen
720 5774 1101 5830 Ambrosium
1152 5771 1476 5845 scripsisse
1516 5770 1869 5845 conjicimus
1912 5787 1944 5829 e

2053 4757 2206 4812 liber
2235 4754 2600 4810 adversario.

2126 4845 2212 4898 11.
2256 4843 2438 4896 Recte
2470 4857 2635 4911 puer,
2671 4840 2948 4912 quoniam
2986 4862 3008 4891 α
3045 4856 3194 4912 puer
3223 4843 3395 4895 natus
3427 4844 3520 4895 est
3550 4840 3726 4897 nohis

2050 4979 2277 5112 Graecits
2315 4976 2518 5032 verbis
2562 4982 2649 5037 ἐὰν
2697 4982 2927 5048 πέσωσι,
2994 4981 3021 5039 ὀ
3068 4978 3367 5059 εἷς’ὶγερεϊ,
3419 4976 3528 5042 vel
3580 4983 3725 5058 ἂνγιί-

2055 5087 2156 5112 nn-
2191 5075 2222 5112 6
2250 5074 2302 5112 ϐ.

2109 5088 2157 5131 ι,
2191 5074 2302 5114 διο.

2050 5087 2425 5210 ﬂagri/1%.
2463 5138 2701 5209 aliquot,
2740 5160 2762 5184 α
2799 5138 2906 5195 sed
2937 5154 3053 5195 non
3084 5140 3145 5195 in
3165 5139 3361 5196 nobis.
3397 5159 3419 5190 ι
3447 5139 3521 5194 At
3540 5152 3724 5208 pravo

2050 5228 2256 5267 sensu.

2121 5283 2232 5352 (96)
2275 5284 2443 5337 Rom.
2478 5281 2615 5336 edit.
2650 5280 2796 5351 sola,
2833 5279 2961 5337 oleo
2990 5282 3237 5338 laetitiae.

2121 5354 2232 5422 (9'7)
2274 5353 2358 5408 Ita
2399 5354 2569 5408 Rom.
2603 5352 2739 5407 edit.
2775 5367 2908 5406 cum
2939 5358 3102 5423 parte
3134 5370 3307 5420 mss.;
3359 5353 3473 5406 vet.
3525 5352 3722 5404 autem

2050 5425 2187 5479 edit.
2216 5442 2349 5479 eum
2378 5424 2624 5494 reliquis
2647 5440 2820 5496 mss,
2862 5445 2882 5473 α
2912 5425 3281 5496 invaleseere
3314 5438 3430 5496 non
3450 5423 3664 5491 potest.
3695 5444 3718 5469 ιι

2120 5496 2232 5567 (98)
2275 5498 2445 5551 Rom.
2477 5496 2615 5550 edit.
2650 5495 2798 5563 sola,
2837 5518 2859 5542 α
2895 5512 3015 5552 non
3045 5494 3168 5551 cito"
3190 5494 3501 5567 rumpitur.
3550 5514 3571 5539 ι

2119 5564 2231 5637 (99)
2270 5568 2488 5622 Omnes
2520 5567 2656 5622 edit.
2690 5582 2758 5621 ac
2791 5581 2938 5622 mss.
2974 5567 3268 5637 nonnulli,
3316 5587 3338 5637 «gn
3376 5564 3598 5637 liberos
3623 5579 3725 5618 va-

2050 5634 2405 5709 cantesque;
2433 5663 2453 5686 n
2484 5639 2824 5709 aliiplurcs,
2852 5642 2908 5691 et
2932 5642 3084 5691 notae
3106 5635 3392 5709 melioris,
3424 5656 3445 5681 α
3475 5634 3722 5709 liberos,

2046 5706 2537 5791 vagantesque...»
2589 5706 2660 5763 Et
2700 5709 2811 5791 hoe
2854 5709 3046 5789 aptius
3078 5706 3391 5791 oppenitur
3420 5707 3726 5791 sequenti-

2045 5777 2164 5837 bus
2203 5781 2321 5853 his,
2354 5777 2380 5829 «ἶ
2411 5779 2659 5853 injicere
2688 5778 2872 5851 pedes
2890 5777 2963 5834 in
2984 5777 3300 5850 compedes
3335 5777 3660 5852 sapientiae.
3696 5802 3719 5829 ι»
