4098 6178
281 302 441 368 1333

1483 300 2096 368 EPISTOLARUM
2126 299 2468 366 CLASSIS
2494 299 2574 365 ῙῙ.

3579 297 3740 363 1334

277 507 381 560 tuo
409 505 604 560 autem
635 503 834 560 officio
862 518 978 560 non
1011 504 1327 560 convenire
1358 507 1421 559 ut
1449 519 1744 574 expensas
1762 501 1952 576 jurgii
1977 483 2034 548 Ᾱ
2061 500 2222 575 Ergo
2253 504 2478 558 sancta
2507 517 2807 574 germanae
2838 504 2954 558 tua
2987 516 3104 558 non
3131 501 3258 574 jus,
3293 502 3402 557 sed
3445 500 3738 558 sollicitu-

279 609 569 665 posceres
604 608 616 648 :
652 609 762 648 nec
809 596 1144 664 competere
1177 595 1240 648 ut
1277 593 1596 665 quidquam
1625 592 1699 648 de
1730 592 1951 646 fructi—

278 683 395 738 bus
440 697 770 752 possessor
815 697 1055 754 ageres,
1106 697 1259 752 quos
1305 681 1724 753 percepisses;
1775 680 1952 736 malui

273 769 545 843 jurgium
578 771 1005 840 compositione
1027 771 1259 826 cadere
1292 771 1390 839 (8),
1424 770 1582 841 quod
1612 769 1953 840 pronuntia-

276 861 436 914 tione
467 860 778 915 acerbare.
821 861 951 914 Alia
998 860 1153 915 enim
1203 859 1498 915 habebant
1546 858 1952 929 excitarijur-

279 949 380 1020 gia
413 964 425 1003 :
458 952 602 1016 tum,
637 949 796 1020 quod
826 951 918 1005 est
947 949 1407 1022 gravissimum,
1442 951 1497 1003 et
1528 949 1580 1003 si
1609 947 1814 1020 jurgia
1842 963 1951 1003 su-

277 1039 436 1093 blata
468 1037 684 1109 forent,
717 1041 888 1094 erant
908 1041 1103 1095 tamen
1133 1038 1266 1094 odia
1297 1053 1600 1107 mansura,
1634 1054 1766 1110 qua
1794 1037 1949 1108 apud

276 1142 482 1182 mores
511 1126 807 1198 dispendii
841 1130 1002 1183 sunt.

348 1217 402 1271 5.
438 1215 596 1271 Inter
624 1216 738 1272 hos
769 1219 955 1272 astus
986 1217 1240 1288 positus,
1274 1231 1409 1271 cum
1443 1231 1535 1272 me
1564 1231 1825 1287 persona
1855 1229 1948 1270 sa-

271 1305 555 1374 cerdotis,
587 1303 823 1361 femina
844 1321 1050 1374 sexus,
1075 1305 1270 1360 vidua
1291 1305 1580 1378 gravitas,
1607 1305 1783 1360 amici
1804 1320 1949 1376 quo-

276 1409 394 1465 que
425 1394 860 1466 contemplatio,
892 1394 1047 1450 trino
1079 1394 1333 1465 quodam
1379 1409 1496 1448 non
1544 1393 1948 1464 perfunctorio

273 1483 622 1538 conveniret
651 1481 910 1552 nomine,
934 1482 1077 1537 illud
1098 1481 1467 1553 sequendum
1488 1483 1718 1552 putavi;
1753 1484 1816 1536 ut
1845 1497 1948 1537 ne-

269 1573 492 1627 minem
521 1572 680 1628 vinci
712 1571 946 1641 vellem,
980 1575 1037 1626 et
1065 1569 1273 1627 omnes
1304 1572 1568 1626 vincere.
1592 1570 1717 1626 Nec
1737 1569 1948 1625 fefellit

269 1659 602 1731 sententia;
633 1660 866 1716 vicistis
898 1660 1054 1716 enim
1086 1675 1295 1716 omnes
1328 1657 1726 1732 germanitati,
1757 1658 1945 1714 vicis-

264 1749 348 1804 tis
377 1753 631 1820 natura,
681 1749 918 1804 vicistis
965 1749 1290 1820 Scriptura
1340 1748 1558 1803 dicenti
1609 1763 1620 1802 :
1675 1770 1696 1795 α
1748 1746 1944 1812 Quare

2063 592 2138 646 do
2169 593 2468 647 decessit:
2504 607 2622 646 non
2653 592 2904 661 fructus,
2939 592 3046 647 sed
3078 591 3327 647 cultura
3360 592 3530 648 labor
3565 608 3577 646 :
3612 607 3732 648 non

2060 681 2308 751 reditus,
2341 682 2451 736 sed
2501 681 2713 736 incerti
2763 684 3010 736 eventus
3061 681 3352 752 quadam,
3405 684 3468 736 ut
3513 680 3734 736 dicitur

2060 770 2242 842 vulgo
2275 771 2420 825 alea.
2473 771 2535 824 Si
2566 774 2946 841 tempestates
2979 774 3290 826 ventorum
3322 785 3542 842 graves
3584 786 3732 841 pro-

2059 862 2298 913 ventum
2327 859 2718 930 impedierint,
2755 860 2950 915 sorori
2970 863 3161 915 tamen
3191 862 3308 914 tua
3343 875 3454 914 sua
3483 860 3726 915 ubertas

2059 948 2334 1003 manebit.
2369 947 2431 1003 Si
2477 948 2656 1002 nimia
2705 949 2968 1002 siccitate
3015 949 3284 1004 aruerint
3329 947 3598 1004 locorum
3629 950 3726 1020 gi-

2059 1037 2318 1109 gnentia,
2353 1038 2551 1092 sorori
2577 1040 2770 1092 tamen
2803 1040 2919 1093 tua
2952 1040 3080 1092 sata
3126 1036 3239 1107 (12)
3279 1053 3398 1093 non
3429 1037 3728 1094 minuetur

2060 1126 2411 1180 fecunditas.
2444 1125 2568 1181 Sibi
2597 1126 2858 1182 ascribet
2886 1127 3089 1182 Latus
3134 1127 3531 1182 conditionem
3565 1127 3727 1182 obla-

2057 1213 2238 1269 tionis
2271 1230 2397 1270 sua
2431 1230 2443 1268 :
2479 1215 2532 1270 si
2562 1215 2951 1271 necessitates
2983 1218 3314 1286 temporum
3361 1219 3419 1270 et
3459 1219 3723 1272 extraor-

2057 1302 2305 1357 dinaria
2353 1303 2730 1359 incubuerint
2777 1305 3138 1374 exactiones,
3173 1319 3456 1376 germana
3489 1309 3585 1360 tua
3611 1305 3715 1360 be-

2058 1391 2269 1446 neﬂcio
2299 1393 2421 1462 tuo,
2453 1396 2516 1447 ut
2543 1393 2853 1463 dispendio
2885 1393 3050 1461 Lati,
3087 1393 3367 1448 immunis
3401 1393 3512 1448 erit
3545 1408 3557 1448 :
3594 1394 3724 1449 La-

2055 1483 2151 1534 tus
2180 1484 2374 1536 autem
2407 1496 2474 1536 se
2504 1481 2859 1552 proprietate
2887 1483 3158 1537 locorum
3189 1482 3504 1538 solabitur.

2123 1568 2178 1624 9.
2211 1569 2456 1624 Vicistis
2503 1585 2655 1642 ergo
2699 1586 2906 1626 omnes
2949 1586 2962 1626 :
2998 1571 3222 1640 Latus,
3273 1571 3410 1642 quia
3451 1570 3556 1643 jus
3601 1570 3720 1626 loci

2052 1657 2302 1729 adeptus
2331 1661 2441 1727 est,
2473 1660 2630 1728 quod
2659 1675 2776 1714 non
2793 1660 3031 1715 tenebat
3064 1676 3076 1714 :
3111 1675 3307 1729 soror,
3340 1660 3478 1732 quia
3510 1660 3724 1716 annuis

2052 1747 2309 1818 potietur
2337 1747 2632 1802 fructibus
2653 1747 2780 1819 jam
2810 1748 2940 1803 sine
2968 1747 3093 1817 lite,
3117 1749 3247 1803 sine
3262 1747 3470 1820 jurgio
3498 1764 3512 1818 ;
3547 1765 3720 1804 nemo

267 1854 387 1894 non
417 1838 612 1910 magis
663 1837 947 1910 injuriam
995 1837 1308 1909 accipitis?
1357 1852 1542 1908 quare
1593 1851 1711 1892 non
1750 1835 1944 1908 magis
1977 1839 2246 1925 B'tamen
2275 1835 2508 1905 plenus,
2561 1851 2734 1891 nemo
2784 1836 3114 1908 gloriosius
3163 1852 3339 1908 quam
3384 1839 3449 1891 tu
3498 1836 3716 1905 vicisti,

268 1925 537 1982 fraudem
565 1927 832 1999 patimini
861 1928 903 1998 (ι
936 1925 1072 1983 Cor.
1105 1943 1186 1996 VI,
1216 1926 1272 1996 '7)
1298 1927 1326 1982 ?
1359 1949 1382 1974 η

341 2034 394 2088 6.
426 2033 544 2090 Sed
573 2037 746 2104 putas
778 2038 834 2089 te
882 2037 1196 2106 gravatum
1227 2031 1470 2104 jactura
1508 2031 1694 2104 juris,
1728 2031 1941 2088 damno

265 2123 558 2196 pecunia.
582 2123 827 2178 Meliora
848 2123 1048 2194 utique
1071 2121 1488 2178 sacerdotibus
1507 2121 1739 2192 damna,
1764 2137 1939 2193 quam

263 2212 434 2268 lucra
477 2211 684 2268 saculi
716 2214 856 2267 sunt
889 2227 902 2267 :
941 2235 962 2259 σι
1000 2211 1239 2266 Beatius
1281 2212 1374 2266 est
1405 2210 1561 2265 enim
1589 2210 1732 2265 dare
1764 2225 1940 2281 quam

263 2300 539 2371 accipere
567 2301 726 2370 (Act.
779 2319 878 2370 xx,
927 2300 1042 2371 35).
1079 2323 1102 2348 ιι
1138 2299 1256 2354 Sed
1307 2298 1462 2354 forte
1505 2298 1670 2354 dicas
1704 2314 1716 2353 :
1750 2299 1940 2354 Frau-

264 2389 401 2444 dem
433 2404 552 2444 non
584 2389 762 2444 debui
805 2389 946 2459 pati,
994 2388 1274 2460 injuriam
1325 2403 1443 2444 non
1473 2386 1648 2444 debui
1688 2387 1936 2459 perpeti,

262 2479 544 2534 damnum
573 2478 802 2553 subire.
853 2477 1004 2544 Quid
1053 2493 1203 2550 ergo
1224 2478 1253 2532 ?
1283 2477 1512 2532 Inferre
1562 2477 1792 2531 velles?
1821 2475 1939 2532 Sed

262 2567 380 2623 etsi
411 2571 470 2622 tu
500 2581 617 2622 non
648 2566 932 2636 inferres,
957 2566 1054 2622 ille
1091 2581 1158 2621 se
1188 2581 1438 2637 passum
1461 2565 1706 2620 diceret.
1739 2565 1938 2636 Itaque

262 2656 401 2711 vide
422 2655 563 2728 quid
585 2656 741 2710 dicat
760 2655 1086 2727 Apostolus
1113 2671 1124 2709 :
1156 2678 1178 2703 ιι
1212 2653 1405 2720 Quare
1426 2670 1546 2710 non
1567 2653 1758 2728 magis
1780 2653 1938 2710 frau-

261 2747 400 2801 dem
427 2745 744 2816 patimini?
775 2768 798 2794 u
853 2745 931 2800 Ut
978 2759 1163 2816 prope
1193 2744 1481 2814 videatur,
1515 2743 1616 2814 qui
1646 2759 1763 2798 non
1793 2744 1937 2814 pati-

260 2837 380 2904 tur,
416 2835 670 2903 fecisse;
702 2834 958 2889 tolerare
987 2835 1142 2889 enim
1173 2833 1368 2902 debet,
1401 2833 1504 2905 qui
1536 2832 1748 2888 fortior
1774 2835 1886 2888 est.

335 2922 389 2978 Ἷ.
427 2923 650 2979 Verum
697 2923 838 2994 quid
884 2938 997 2996 ego
1046 2923 1124 2977 ita
1168 2925 1364 2978 tecum
1413 2937 1548 2995 ago,
1599 2921 1771 2993 quasi
1820 2921 1934 2978 hoc

267 3027 486 3081 meum,
523 3015 579 3066 et
608 3027 726 3068 non
758 3014 922 3068 tuum
951 3013 1076 3068 sit?
1123 3012 1212 3067 Tu
1243 3011 1398 3066 enim
1438 3011 1722 3079 obtulisti,
1756 3011 1931 3082 quasi

268 3101 491 3156 arbiter
516 3101 658 3171 litis,
692 3105 754 3157 ut
782 3117 960 3156 soror
987 3102 1049 3156 in
1079 3101 1234 3156 diem
1261 3101 1398 3156 vita
1436 3116 1563 3156 sua
1595 3100 1936 3171 possideret

269 3193 498 3261 partem
526 3189 735 3261 pradii
764 3189 863 3260 (9),
897 3195 1032 3261 post
1063 3190 1287 3246 obitum
1317 3188 1452 3262 ejus
1495 3190 1666 3244 fratri
1695 3189 1933 3244 cederet

272 3279 466 3334 omnis
496 3279 830 3350 possessio.
863 3279 1070 3351 Neque
1100 3281 1412 3351 quisquam
1432 3295 1564 3334 cum
1595 3278 1689 3333 vel
1716 3280 1816 3333 tuo
1837 3278 1932 3333 vel

267 3367 559 3423 Ecclesia
591 3367 932 3424 conveniret
962 3369 1199 3424 nomine
1235 3384 1247 3424 :
1281 3368 1389 3423 sed
1429 3368 1547 3422 sibi
1576 3367 1845 3438 haberet,
1876 3369 1931 3423 si

255 3457 337 3512 ita
368 3458 586 3526 mallet,
621 3459 684 3512 ut
713 3457 860 3512 nihil
891 3457 1265 3529 dispensaret
1295 3457 1601 3512 Ecclesia.
1637 3457 1765 3512 Hoc
1797 3473 1930 3512 cum

261 3561 376 3619 ego
403 3545 814 3616 pradicarem,
868 3549 925 3602 et
953 3547 1304 3618 praferrem
1355 3549 1575 3601 tantam
1603 3545 1798 3600 animo
1831 3548 1929 3600 tuo

260 3635 522 3690 infusam
555 3635 922 3691 liberalitatis
953 3635 1234 3708 gratiam,
1269 3635 1577 3707 respondit
1606 3651 1927 3706 germanus

261 3727 402 3780 tuus
433 3725 669 3796 placere
699 3724 818 3778 sibi
863 3724 1248 3793 oblationem,
1295 3725 1348 3778 si
1396 3727 1586 3778 metus
1636 3724 1927 3779 deterrio-

259 3813 466 3868 randa
530 3814 944 3883 possessionis
1018 3813 1348 3868 decederet.
1423 3811 1928 3878 Quemadmodum

263 3903 422 3957 enim
455 3901 691 3972 femina,
726 3906 783 3958 et
813 3902 970 3973 quod
1000 3905 1091 3957 est
1120 3902 1392 3972 amplius,
1443 3903 1640 3972 vidua,
1673 3917 1926 3972 posses-

255 3991 488 4046 sionem
508 3994 745 4064 regeret
760 3992 1127 4046 tributariam
1149 3992 1260 4062 (10)
1277 3993 1306 4046 ?
1325 3991 1474 4056 Quid
1508 3991 1621 4046 sibi
1653 3991 1924 4062 profutu-

252 4081 569 4153 rum,quod
583 4080 846 4152 sibijura
863 4081 1274 4153 possessionis
1288 4081 1585 4149 cederes(l
1596 4081 1619 4134 1
1631 4081 1731 4150 );si
1747 4079 1927 4154 majo-

253 4186 321 4224 ra
348 4185 420 4224 ex
438 4170 660 4225 incultu
681 4171 813 4242 agri
828 4170 1137 4226 subeunda
1156 4170 1270 4225 sibi
1285 4171 1495 4225 damna
1507 4169 1924 4224 arbitraretur?

323 4258 376 4312 8.
412 4259 684 4314 Movebat
713 4259 827 4314 hoc
857 4259 1168 4332 utriusque
1201 4259 1387 4330 patris
1431 4261 1688 4331 togatos.
1727 4258 1921 4323 1102

251 4347 486 4419 Itaque,
531 4348 794 4403 omnium
839 4348 1218 4420 conSpirante
1268 4363 1546 4416 assensu,
1596 4345 1815 4418 placuit
1858 4349 1922 4401 ut

250 4435 456 4491 Latus
486 4452 542 4490 v.
578 4451 629 4490 c.
663 4452 876 4508 agrum
897 4437 1253 4508 susciperet,
1279 4439 1334 4492 et
1357 4440 1582 4491 certum
1610 4450 1919 4490 numerum

245 4523 550 4593 frumenti,
585 4523 726 4592 vini,
776 4524 910 4593 olei,
954 4527 1154 4581 sorori
1201 4525 1536 4597 quotamnis
1566 4525 1913 4595 pensitaret,

242 4663 494 4742 Honorii
507 4662 654 4742 _lege
685 4667 1068 4742 temperatum
1101 4671 1194 4742 est
1213 4683 1335 4742 __an.
1367 4667 1472 4722 423
1501 4669 1872 4742 promulgata
1895 4711 1910 4740 ,

239 4753 358 4808 qua
385 4734 624 4808 quidem
673 4751 746 4792 ne
775 4734 846 4791 de
880 4737 1165 4808 impensis
1213 4738 1333 4793 litis
1365 4734 1520 4794 nova
1564 4734 1904 4796 instituatur

240 4807 416 4875 actio,
451 4807 828 4875 prohibetur.

310 4879 387 4948 (8)
420 4879 589 4934 Eras.
621 4882 680 4934 et
707 4894 836 4950 seq.
870 4879 1007 4934 edit.
1050 4895 1184 4934 cum
1229 4880 1435 4950 paucis
1465 4895 1636 4935 mss..
1675 4903 1696 4929 ι
1733 4895 1900 4936 com-

236 4950 531 5022 positione
575 4951 824 5014 sedare;
865 4971 905 5022 »ί
943 4952 1180 5006 Amerb.
1217 4967 1350 5006 cum
1388 4952 1520 5006 aliis
1551 4951 1731 5006 multo
1762 4953 1896 5022 plu-

238 5021 428 5086 ribus,
484 5043 506 5068 ιε
541 5037 731 5092 comp.
785 5021 1036 5090 cadere,
1088 5043 1109 5072 ι
1147 5023 1228 5077 Ita
1277 5038 1454 5092 porro
1495 5023 1718 5077 diceret
1765 5021 1902 5078 licet

242 5093 404 5164 litem
435 5093 706 5158 cadere;
740 5093 1230 5163 quemadmodum
1276 5093 1434 5149 litem
1480 5109 1689 5148 secare
1735 5097 1909 5164 atque

247 5163 545 5217 dirimere.

316 5234 395 5303 (9)
422 5235 591 5288 Hunc
611 5235 803 5288 locum
821 5234 1212 5290 Casaubonus
1235 5237 1297 5290 in
1319 5236 1720 5306 Spartmnum,
1742 5252 1903 5290 num.

243 5304 334 5373 26,
369 5306 602 5377 allegat.
655 5309 716 5358 ut
763 5321 827 5358 ea
859 5306 1108 5360 formula
1155 5304 1519 5362 demonstret
1548 5308 1702 5377 apud
1742 5307 1905 5362 Lati-

243 5391 357 5430 nos
389 5377 445 5429 in
476 5377 630 5430 diem
662 5377 868 5430 mortis
901 5378 1254 5447 signiﬁcari.

313 5447 427 5516 (10)
474 5447 934 5520 Possessionem
968 5449 1331 5504 tributariam
1379 5448 1495 5503 dici
1542 5452 1704 5520 putat
1738 5449 1904 5504 Man-

240 5517 398 5586 nius,
431 5519 588 5588 quod
619 5519 834 5572 tributa
866 5519 1174 5589 dependat,
1215 5537 1347 5591 qua
1395 5521 1448 5574 si
1481 5517 1591 5575 suo
1644 5521 1736 5574 die
1785 5535 1903 5574 non

240 5593 724 5662 repraesentetur,
759 5607 972 5661 magna
1004 5593 1181 5645 multa
1214 5591 1520 5646 involvunt
1567 5592 1900 5662 prOprieta-

240 5659 413 5734 rium.
445 5659 561 5734 Sed
613 5661 749 5734 hinc
797 5659 971 5734 etiam
995 5663 1236 5734 videtur
1273 5659 1615 5732 huiusmodi
1648 5659 1901 5734 posses-

240 5731 434 5788 sionis
480 5732 908 5790 administratio
949 5733 1144 5790 vidua
1192 5731 1527 5806 difﬁcilior,
1579 5731 1736 5809 quod
1784 5732 1901 5791 illa

2055 1924 2156 1996 qui
2185 1925 2323 1980 dum
2348 1939 2491 1996 erga
2521 1939 2795 1979 sororem
2817 1924 3161 1980 confirmari
3183 1925 3275 1979 vis
3307 1925 3722 1981 liberalitatem

2053 2016 2231 2080 tuam,
2267 2013 2327 2068 in
2355 2017 2666 2085 utrumque
2689 2030 2818 2068 eam
2842 2015 3118 2069 fraterna
3149 2019 3486 2070 consortem
3515 2030 3726 2070 neces-

2055 2103 2332 2158 situdinis
2364 2103 2686 2157 contulisti.
2723 2103 2872 2157 Nam
2903 2107 2960 2158 et
2991 2103 3161 2158 fratri
3195 2103 3554 2158 concessisti
3584 2119 3719 2173 pro-

2051 2192 2378 2261 prietatem,
2413 2193 2470 2246 et
2497 2191 2689 2246 sorori
2713 2207 2862 2247 usus
2897 2191 3284 2262 fructum(13)
3311 2208 3322 2246 :
3347 2191 3493 2246 nihil
3526 2196 3723 2247 autem

2052 2281 2328 2336 adimitur
2358 2278 2666 2348 Ecclesia,
2715 2279 2875 2352 quod
2919 2281 3119 2350 pietati
3168 2280 3524 2352 acquiritur;
3586 2281 3724 2335 cha-

2053 2369 2198 2424 ritas
2232 2368 2388 2424 enim
2419 2384 2537 2423 non
2567 2369 2864 2439 damnum,
2908 2368 3016 2423 sed
3058 2368 3290 2423 lucrum
3319 2368 3543 2424 Christi
3583 2372 3676 2424 est
3708 2387 3719 2423 :

2054 2459 2309 2530 denique
2341 2457 2598 2512 charitas
2623 2457 2852 2512 fruetus
2874 2457 3132 2528 Spiritus
3155 2458 3346 2512 sancti
3384 2460 3477 2512 est
3499 2456 3720 2528 (Galat.

2051 2565 2107 2618 v,
2130 2548 2239 2618 22).
2275 2546 2618 2618 Apostolico
2649 2547 2834 2618 igitur
2855 2546 3194 2601 charactere
3217 2546 3480 2618 cognitio
3505 2547 3724 2603 decur-

2046 2641 2102 2691 ta
2135 2639 2245 2692 est.
2282 2636 2639 2691 Dolebamus
2670 2637 2803 2690 ante
2842 2635 3001 2707 quod
3041 2635 3206 2691 litem
3237 2635 3497 2692 haberes
3531 2651 3543 2691 :
3581 2652 3725 2708 pro-

2050 2727 2162 2782 fuit
2181 2726 2482 2797 jurgium,
2513 2727 2577 2780 ut
2607 2725 2855 2780 formam
2885 2725 3167 2781 indueres
3206 2727 3556 2796 apostolica
3586 2727 3727 2783 vita

2049 2818 2107 2870 et
2135 2814 2572 2886 praceptionis.
2607 2813 2755 2868 Illud
2799 2815 3132 2870 sacerdotio
3163 2831 3282 2870 non
3313 2815 3720 2888 congruebat,

2049 2904 2180 2960 hac
2211 2905 2532 2959 transactio
2566 2907 2622 2958 et
2651 2903 3036 2974 apostolicam
3066 2904 3235 2959 decet
3266 2920 3556 2959 normam.

2121 3012 2207 3066 10.
2245 3011 2367 3067 Nec
2399 3025 2644 3066 vereare
2673 3025 2746 3065 ne
2764 3010 3041 3066 immunis
3071 3009 3149 3065 sit
3168 3014 3341 3082 atque
3370 3026 3586 3068 exsors
3608 3012 3717 3068 Ec-

2047 3100 2230 3156 clesia
2279 3099 2646 3155 liberalitatis
2691 3102 2828 3154 tua.
2865 3099 3054 3154 Habet
3084 3102 3142 3154 et
3171 3100 3267 3154 illa
3298 3101 3533 3156 fructus
3581 3106 3718 3158 tuos

1965 3217 2020 3286 ο
2047 3195 2104 3244 et
2131 3190 2368 3261 quidem
2397 3189 2741 3254 uberiores;
2778 3188 2954 3243 habet
2985 3189 3218 3243 fructus
3252 3189 3537 3245 doctrina
3576 3193 3714 3259 tua,

2047 3279 2224 3334 habet
2267 3282 2383 3334 tua
2431 3279 2569 3333 vita
2617 3277 3014 3348 stipendium;
3055 3277 3229 3332 habet
3259 3277 3713 3349 fecunditatem,

2045 3384 2221 3440 quam
2241 3369 2360 3423 tuis
2381 3367 2668 3422 institutis
2693 3367 2738 3421 ri
2746 3367 2925 3438 gasti.
2952 3365 3062 3421 His
3084 3366 3254 3422 dives
3273 3367 3716 3438 reditibus,non

2044 3458 2260 3530 quaerit
2280 3456 2622 3528 temporalia
2649 3472 2659 3510 :
2687 3456 2825 3527 quia
2859 3461 3080 3510 aterna
3101 3457 3387 3526 possidet.
3414 3457 3714 3513 Addidisti

2044 3551 2237 3601 autem
2259 3547 2312 3601 ei
2342 3561 2461 3600 non
2492 3545 2683 3600 solum
2706 3544 3088 3615 apostolicos,
3124 3545 3229 3600 sed
3253 3548 3424 3601 etiam
3457 3563 3714 3619 evange-

2044 3635 2194 3690 licos
2225 3636 2485 3699 fructus;
2523 3633 2808 3690 Dominus
2839 3634 2996 3688 enim
3027 3633 3173 3688 dixit
3206 3651 3216 3688 :
3258 3658 3279 3684 ι
3317 3635 3506 3691 Facite
3536 3637 3712 3692 vobis

2044 3725 2270 3779 amicos
2301 3724 2597 3795 de’iniquo
2630 3738 2956 3778 mammona
2986 3723 3278 3794 (Luc.xv1,
3311 3724 3388 3795 9).
3429 3745 3451 3776 ι
3488 3725 3714 3782 Fecisti
3811 3739 3816 3742 ‘

2044 3817 2101 3869 et
2131 3817 2190 3868 tu
2221 3812 2468 3880 amicos,
2515 3816 2572 3867 et
2603 3812 2758 3884 quod
2803 3811 3068 3867 mirabile
3117 3815 3228 3882 est,
3261 3828 3335 3868 ex
3365 3813 3707 3870 dissidenti-

2042 3902 2178 3957 bus.
2231 3901 2452 3957 Fecisti
2500 3901 2559 3956 in
2598 3900 2707 3972 jus
2754 3901 3159 3973 germanitatis
3208 3902 3404 3957 redire
3457 3903 3704 3975 fratres,

2040 3991 2234 4047 fecisti
2264 4006 2370 4046 eos
2393 3990 2502 4045 hac
2533 3990 2835 4057 charitate,
2871 3990 2980 4045 hac
3012 3991 3202 4062 gratia
3249 4007 3499 4048 securos
3541 4008 3703 4062 esse,

2039 4081 2197 4152 quod
2229 4081 2632 4151 suscipiantur
2662 4079 2720 4134 in
2752 4083 2969 4135 aterna
3000 4080 3404 4137 tabernacula.

2111 4169 2196 4224 11.
2228 4169 2462 4224 Christo
2491 4169 2674 4241 igitur
2703 4172 2942 4224 auctore
2971 4173 3027 4224 et
3060 4169 3296 4225 duobus
3325 4170 3568 4226 arbitris
3602 4188 3702 4226 sa-

2039 4258 2413 4329 cerdotibus,
2447 4261 2504 4312 te
2535 4258 2636 4329 qui
2685 4257 2932 4312 formam
2961 4258 3125 4328 prior
3169 4259 3424 4326 dedisti,
3460 4276 3553 4315 mc
3601 4261 3702 4332 qui

2037 4347 2386 4402 sententiam
2435 4345 2721 4417 prompsi,
2772 4346 2926 4400 facta
2974 4363 3087 4416 pax
3137 4363 3253 4402 non
3307 4349 3695 4414 claudicabit;

2033 4437 2268 4507 quando
2299 4439 2451 4490 tanta
2484 4434 2620 4489 fidei
2648 4439 3053 4490 convenerunt
3083 4435 3397 4507 suffragia,
3433 4442 3493 4492 ut
3524 4439 3698 4508 perii-

2031 4526 2125 4580 dia
2165 4541 2284 4582 non
2314 4525 2506 4596 possit
2535 4539 2674 4580 esse
2707 4525 2837 4580 sine
2868 4541 3061 4596 poena.

2029 4667 2259 4724 soleant
2284 4667 2344 4722 in
2389 4667 2740 4722 tributorum
2785 4667 3152 4738 aliorumque
3203 4682 3450 4723 onerum
3481 4669 3692 4725 distri-

2028 4741 2268 4813 butione
2297 4743 2479 4813 atque
2501 4739 2805 4813 exactione
2827 4740 3019 4813 magis
3042 4739 3242 4813 vexari
3270 4755 3284 4807 ;
3311 4741 3527 4812 quippe
3557 4757 3692 4813 qua

2026 4813 2100 4866 ab
2131 4811 2417 4881 injustitia
2449 4809 2766 4881 defendere
2799 4825 2865 4864 se
2895 4809 3091 4864 minus
3124 4809 3374 4866 valeant.

2095 4879 2210 4951 (ll)
2240 4881 2386 4956 Mss.
2421 4881 2634 4956 Long,
2661 4879 2835 4956 «jura
2865 4881 3279 4956 possessionis
3310 4883 3631 4956 crederes;
3661 4908 3682 4935 .

2023 4951 2210 5021 Gem.,
2250 4951 2434 5022 «jure
2467 4951 2771 5020 possionis
2804 4952 3078 5006 decedes.
3119 4975 3140 5001 ι

2095 5023 2208 5092 (12)
2240 5022 2412 5076 Eras.
2447 5027 2502 5076 et
2535 5037 2662 5092 seq.
2696 5022 2857 5092 edit.,
2895 5047 2916 5070 α
2955 5025 3152 5078 sorori
3183 5028 3378 5080 tamen
3420 5030 3537 5083 tua
3569 5031 3685 5084 sta-

2020 5096 2110 5169 ta;
2166 5119 2188 5169 ξ»
2241 5092 2480 5147 Amerb.
2519 5097 2906 5169 _et__mss.....‘._
2939 5101 3118 5169 sata;
3169 5095 3383 5169 Long,
3440 5106 3682 5154 sancta.

2021 5164 2184 5240 Quod
2203 5169 2410 5240 autem
2441 5165 2716 5240 subditur
2746 5179 2808 5240 :_«
2837 5165 2951 5219 sibi
2982 5167 3206 5221 acribet
3236 5164 3456 5237 Latus,
3497 5194 3518 5216 ι·
3545 5174 3680 5240 etc.,

2021 5237 2292 5310 Nannius
2341 5236 2609 5310 explicat
2666 5236 2745 5310 in_
2778 5236 2932 5310 hunc
2966 5253 3212 5292 sensum
3248 5257 3258 5292 :
3296 5240 3358 5294 Id
3406 5236 3518 5310 eat,
3571 5236 3681 5295 suo

2020 5308 2306 5381 periculo,
2337 5306 2544 5377 inquit,
2577 5307 3030 5381 pensitationem
3061 5311 3398 5379 sustinebit,
3434 5306 3679 5381 eamque

2017 5380 2091 5433 ab
2123 5379 2408 5434 oneribus
2428 5378 2914 5433 extraordinariis
2938 5381 3227 5450 expediet,
3252 5385 3307 5435 et
3330 5378 3464 5436 inde
3499 5378 3682 5436 muni-

2016 5452 2131 5504 tam
2163 5450 2488 5519 persolvet.

2086 5519 2199 5589 (13)
2235 5519 2513 5574 Nonnulli
2560 5537 2732 5588 mss.,
2772 5544 2792 5567 ιι
2830 5538 2978 5576 usus
3009 5523 3324 5576 fructuum.
3363 5546 3384 5569 »
3421 5522 3677 5576 Adverte

2013 5596 2206 5663 autem
2237 5607 2310 5645 ex
2340 5592 2732 5662 sequentibus
2763 5596 3043 5663 quantum
3069 5610 3100 5645 a
3132 5593 3401 5646 moribus
3435 5593 3679 5647 Ambro-

2013 5662 2202 5718 sianis
2231 5663 2288 5716 id
2321 5663 2592 5730 adfuerit,
2645 5667 2704 5717 ut
2739 5662 3067 5717 Esclesiam
3097 5678 3128 5716 e
3161 5663 3514 5721 familiarum
3557 5666 3675 5720 rui-

2010 5749 2086 5791 na
2112 5733 2205 5796 vel
2236 5735 2674 5810 perturbatione
2704 5734 2880 5794 vellet
2910 5734 3223 5794 ditescere.
