4098 6178
232 324 517 387 1337‘.

1379 317 1987 385 EPISTOLARUM
2034 317 2375 383 CLASSIS
2418 320 2500 384 ΙΙ.

3491 317 3663 385 1338ί

223 521 474 591 inutile;
508 534 700 594 neque
732 520 887 577 enim
935 525 1181 592 paterna
1231 521 1469 576 viscera
1510 520 1733 577 diutius
1768 521 1912 576 tole-
1946 501 2152 588 Atres,
2185 535 2293 576 eos
2324 521 2707 593 accusavisti,
2740 522 2841 593 qui
2857 521 3205 592 compositis
3218 519 3547 576 mendaciis
3579 519 3701 576 ani-

232 626 337 666 rar
350 625 383 666 e
411 612 681 682 possent.

304 718 358 772 5.
375 715 427 772 6.
446 715 704 772 Summae
728 715 1059 772 devotionis
1076 708 1380 788 proposito
1401 716 1707 773 Abraham
1722 716 1917 771 ﬁlium

234 822 413 862 suum
443 806 773 861 secundum
803 806 1107 861 oraculum
1157 806 1263 861 Dei
1306 805 1589 862 offerebat
1635 806 1695 860 in
1741 806 1917 860 holo-

246 897 526 950 caustum
552 913 565 961 ;
592 898 648 950 et
678 895 849 966 quasi
894 910 1109 950 exsors
1156 899 1405 963 naturae,
1456 884 1741 950 exerebat
1785 895 1916 967 gla-

234 982 421 1052 dium,
454 997 528 1037 ne
558 997 723 1037 mora
762 984 1126 1039 sacriﬁcium
1156 984 1567 1053 decoloraret;
1597 986 1796 1039 tamen
1813 982 1916 1037 ubi

237 1071 542 1127 abstinere
573 1087 606 1126 a
636 1068 757 1127 filio
792 1072 1014 1144 jussus
1059 1076 1151 1129 est
1172 1115 1185 1141 ,
1235 1072 1497 1146 gladium
1541 1073 1796 1128 libenter
1822 1087 1916 1127 re-

230 1159 478 1216 condit:
513 1163 570 1215 et
600 1161 701 1232 qui
746 1161 1049 1217 immolare
1093 1163 1483 1236 unigenitum,
1534 1162 1671 1217 ﬂdei
1712 1162 1914 1216 inten-

234 1249 398 1305 tione
427 1250 798 1320 properabat,
835 1250 1061 1322 majore
1091 1253 1326 1323 pietatis
1373 1250 1570 1307 studio
1612 1250 1918 1306 festinavit

239 1353 415 1393 ovem
446 1338 777 1411 subrogare
807 1340 1108 1395 sacriﬁcio
1134 1340 1312 1410 (Gen.
1346 1358 1491 1410 χχιι,
1526 1340 1561 1395 2
1591 1339 1748 1412 seq.)

276 1452 279 1455 ν
315 1424 367 1481 7.
402 1426 627 1496 Joseph
670 1441 905 1499 quoque
937 1427 1115 1496 (Gen.
1162 1444 1320 1499 κων,
1370 1430 1437 1484 15
1468 1431 1645 1501 seq.),
1698 1431 1762 1484 ut
1804 1428 1920 1483 fra-

239 1520 391 1571 trem
421 1514 723 1586 juniorem
751 1520 1014 1587 teneret,
1063 1516 1377 1573 simulabat
1406 1519 1770 1572 iracundiam
1802 1517 1920 1572 fra-

239 1603 458 1673 tribus,
509 1608 567 1659 et
608 1607 995 1675 compositam
1028 1605 1171 1662 furti
1218 1606 1523 1677 fraudem;
1574 1607 1918 1679 indignatus

240 1697 441 1748 tamen
461 1693 596 1764 (19),
630 1709 763 1748 cum
803 1695 1219 1751 advolveretur
1254 1697 1326 1750 ad
1369 1710 1561 1769 genua
1592 1694 1915 1767 ejus-unus

2029 624 2190 664 mum
2228 614 2392 665 tuum
2435 610 2754 666 adversum
2810 610 2967 666 filios
3007 610 3385 666 excitandum
3432 608 3703 664 arbitrati

2026 703 2185 754 sunt.
2220 697 2385 769 Vale,
2419 702 2477 754 et
2503 715 2614 754 nos
2646 699 2863 771 dilige;
2900 700 3038 770 quia
3069 715 3181 754 nos
3211 704 3267 754 te
3299 699 3627 772 diligimus.

2512 840 2889 897 EPISTOLA
2921 841 3232 899 LXXXIV.

2147 963 2457 1021 CYNIGIUI
2488 965 2563 1020 de
2592 964 3026 1021 consultatione
3057 982 3162 1021 sna
3206 965 3595 1021 commendat.

2457 1092 2799 1145 Auenosws
2831 1090 3092 1146 CYNEGIO
3124 1076 3259 1161 (22).

2097 1231 2149 1287 1.
2180 1230 2366 1298 Quam
2395 1232 2654 1305 ingenuo
2689 1234 3115 1289 commendasti
3147 1233 3390 1304 pudore,
3443 1232 3583 1304 quia
3618 1232 3695 1287 de

2027 1335 2097 1376 eo
2129 1322 2504 1391 consuleres,
2539 1320 2698 1393 quod
2730 1338 2846 1377 non
2875 1322 3184 1394 probares,
3218 1321 3327 1376 sed
3357 1336 3582 1376 morem
3604 1336 3703 1393 ge-

2026 1425 2195 1465 reres
2228 1410 2473 1480 parenti,
2523 1415 2585 1465 ut
2628 1411 2900 1482 pietatem
2947 1428 3066 1467 non
3106 1411 3396 1478 laederes,
3445 1423 3703 1465 securus

2029 1499 2187 1570 quod
2216 1515 2334 1554 non
2365 1499 2521 1554 aliud
2554 1515 2587 1554 a
2617 1515 2710 1555 me
2745 1504 2950 1572 posset
2984 1499 3215 1567 referri,
3238 1498 3355 1554 nisi
3375 1498 3533 1571 quod
3565 1513 3704 1552 san-

2033 1592 2159 1643 ctas
2191 1589 2430 1644 deceret
2458 1590 2962 1645 necessitudines.

2102 1677 2157 1732 2.
2193 1676 2320 1749 Ego
2349 1693 2492 1733 vero
2522 1677 2775 1734 libenter
2803 1683 2902 1734 tua
2922 1678 2985 1734 in
3009 1693 3103 1733 me
3136 1692 3318 1733 onera
3349 1676 3612 1746 suscepi,
3644 1677 3705 1731 et

242 1797 322 1836 ex
351 1782 633 1837 fratribus
662 1781 878 1852 Judas,
922 1784 1134 1839 flerent
1178 1783 1295 1854 alii,
1336 1764 1598 1839 fraterno
1628 1764 1827 1839 victus
1859 1789 1915 1839 et

2047 1781 2144 1820 avo
2175 1770 2432 1836 neptem,
2465 1770 2529 1820 ut
2558 1766 2791 1836 epinor,
2823 1766 3038 1821 retudi.
3083 1766 3269 1831 Quam
3299 1765 3509 1821 nescio
3535 1764 3727 1834 plane.

243 1886 601 1941 compassus
634 1870 1109 1941 aﬂ‘ectu,diutius
1135 1876 1339 1928 tenere
1369 1889 1486 1928 non
1518 1874 1703 1944 potuit
1725 1874 1914 1927 simu-

241 1959 523 2015 lationem
555 1961 935 2016 severitatis:
967 1963 1333 2033 mmotisque
1374 1961 1638 2031 arbitris,
1687 1963 1917 2032 aperuit

249 2047 541 2104 fratribus
582 2050 739 2120 quod
772 2051 1039 2122 germani
1082 2051 1177 2105 sui
1221 2056 1447 2121 essent,
1496 2055 1551 2106 et
1587 2052 1716 2121 ipse
1754 2036 1918 2106 esset

254 2137 505 2209 Joseph,
538 2154 716 2209 quem
743 2138 1157 2195 vendidissent
1189 2155 1335 2196 :nec
1368 2155 1771 2196 sememorem
1789 2156 1919 2195 suae

246 2242 392 2281 esse
422 2226 680 2298 injuriae,
727 2230 785 2283 et
813 2228 1095 2284 fraternae
1138 2228 1498 2284 venditionis
1540 2230 1921 2284 acerbitatem

242 2316 510 2371 fraterne
551 2333 868 2386 excusare,
918 2320 1092 2388 atque
1140 2318 1200 2372 id
1231 2319 1388 2390 quod
1434 2320 1642 2389 posset
1670 2318 1783 2388 (20)
1821 2334 1923 2372 ars

243 2418 457 2474 gnere,
491 2408 547 2461 et
577 2406 818 2462 altiores
849 2422 1065 2461 causas
1084 2406 1347 2477 referre;
1379 2422 1449 2463 eo
1471 2407 1631 2479 quod
1652 2407 1730 2461 ita
1748 2421 1920 2476 opor-

244 2493 465 2548 tuisset
514 2494 665 2566 ﬁeri,
710 2499 1065 2567 procurante
1106 2496 1259 2565 Deo;
1308 2499 1371 2551 ut
1406 2496 1601 2560 1105
1643 2496 1923 2551 transiret

246 2582 310 2635 in
355 2582 715 2656 Aﬁgyptum,
763 2585 865 2656 qui
912 2582 1148 2657 gentem
1186 2599 1358 2639 suam
1416 2585 1612 2658 frugis
1659 2588 1925 2640 externm

252 2680 494 2749 gentem
538 2679 833 2745 pasceret,
875 2679 940 2729 ut
1000 2672 1333 2730 sterilitatis
1380 2678 1644 2746 tempore
1697 2674 1927 2730 alendis

247 2767 405 2838 patri
434 2769 493 2820 et
521 2763 663 2819 filiis
696 2762 975 2819 subsidio
1006 2762 1179 2819 foret.

320 2871 376 2929 8.
411 2869 561 2935 Quid
591 2873 787 2925 autem
807 2870 878 2925 de
910 2872 1116 2935 sancto
1138 2869 1323 2924 David
1355 2870 1583 2941 loquar,
1619 2870 1721 2942 qui
1749 2869 1928 2944 dege-

249 2976 461 3017 nerem
491 2959 698 3028 filium,
730 2962 786 3014 et
809 2958 1076 3014 fraterno
1098 2957 1343 3014 oblitum
1377 2960 1671 3032 sanguine
1690 2960 1822 3030 (2i),
1854 2960 1927 3014 ad

246 3050 431 3105 unius
462 3046 732 3103 mulieris
760 3047 1100 3118 petitionem
1115 3048 1379 3119 paternis
1396 3048 1735 3104 visceribus
1756 3062 1924 3103 men-

248 3143 370 3194 tem
402 3137 703 3193 emollitus
737 3137 910 3191 domo
943 3138 1167 3208 recepit
1198 3136 1283 3207 (II
1308 3138 1456 3210 Reg.
1490 3154 1610 3207 xiv,
1645 3135 1733 3207 l2)
1754 3137 1783 3191 ?

321 3242 377 3299 9.
411 3243 546 3314 Ipse
588 3242 686 3298 ille
732 3242 1132 3315 Evangelicus
1180 3246 1346 3314 pater
1393 3243 1926 3299 adolescentiorem

250 3333 458 3402 filium,
492 3332 592 3403 qui
622 3332 978 3405 prodegerat
1011 3347 1243 3388 omnem
1276 3333 1668 3387 substantiam
1702 3348 1735 3386 a
1761 3336 1927 3403 patre

251 3424 554 3492 acceptam
584 3421 839 3476 vivendo
886 3421 1226 3488 luxuriose,
1265 3422 1701 3492 regredientem
1732 3423 1929 3475 tamen

249 3511 430 3566 unius
462 3511 759 3566 sermonis
791 3508 1046 3565 inﬂexus
1080 3500 1427 3577 humilitate,
1452 3511 1686 3581 quodin
1704 3513 1927 3581 patrem

249 3615 542 3672 peccasse
572 3615 639 3654 se
671 3598 984 3669 fatebatur,
1006 3614 1265 3654 occursu
1294 3600 1390 3669 pio
1405 3598 1572 3668 fovit,
1612 3615 1796 3669 supra
1818 3599 1933 3654 col-

249 3690 374 3745 lum
407 3688 542 3760 ejus
575 3688 807 3759 cecidit,
848 3688 1096 3757 primam
1136 3688 1220 3742 illi
1274 3688 1508 3758 stolam,
1558 3688 1839 3742 annulum
1877 3690 1935 3744 et

253 3778 652 3833 calceamenta
668 3776 888 3833 deferri
904 3775 1092 3849 jussit
1114 3793 1128 3847 ;
1144 3780 1318 3848 atque
1336 3777 1686 3832 honoratum
1700 3777 1927 3846 osculo,

261 3868 542 3922 donatum
600 3881 878 3935 munere,
941 3866 1276 3922 admirabili
1333 3867 1599 3938 suscepit
1656 3867 1931 3922 convivio

261 3957 430 4027 (Luc.
462 3972 562 4028 xv,
588 3955 803 4027 12-24).
1672 3962 1679 3965 ·

327 4062 415 4118 10.
450 4064 677 4119 Horum
716 4066 772 4119 te
816 4063 1169 4118 imitatorem
1217 4063 1527 4135 praebuisti
1571 4062 1785 4134 pietate
1832 4078 1931 4132 pa-

262 4154 534 4225 tria,:qua
564 4154 835 4224 proxime
863 4153 937 4207 ad
969 4153 1155 4208 Deum
1188 4152 1563 4221 accedimus;
1595 4154 1651 4208 et
1674 4151 1804 4207 ideo
1820 4166 1933 4223 ego

256 4246 527 4314 prompte
560 4242 736 4297 ﬁliam
765 4245 1032 4298 nostram
1062 4242 1409 4298 adhortatus
1459 4257 1627 4310 sum,
1659 4244 1724 4295 ut
1758 4239 1934 4295 etiam

247 4331 485 4386 hiemali
536 4333 801 4401 tempore
854 4332 968 4386 viae
1030 4331 1297 4386 laborem
1359 4331 1704 4401 exciperet;
1766 4343 1927 4384 eom-

250 4421 484 4476 modius
525 4420 907 4476 hibernatura
939 4436 1057 4476 non
1102 4422 1295 4476 solum
1352 4420 1411 4475 in
1463 4419 1758 4490 hospitio,
1818 4416 1925 4472 sed

257 4510 434 4564 etiam
481 4508 540 4560 in
593 4506 803 4562 affectu
848 4512 1091 4579 paterno
1125 4552 1139 4580 ,
1193 4526 1325 4565 cum
1378 4506 1505 4581 jam
1562 4508 1933 4564 successerit
1960 4522 2015 4584 ι)
2047 4507 2409 4563 adversariis
2455 4525 2466 4564 :

255 4594 648 4666 indignationi
680 4597 870 4668 gratia
903 4612 916 4651 :
953 4597 1433 4667 quandoquidem
1447 4601 1511 4652 ut
1553 4598 1728 4669 plene
1773 4600 1827 4653 te
1861 4597 1932 4651 ad

261 4684 709 4741 similitudinem
742 4688 917 4756 atque
948 4686 1330 4739 imitationem
1368 4689 1712 4742 sanctorum
1743 4686 1935 4741 refer-

334 4826 448 4897 (19)
482 4828 651 4881 Rom.
700 4828 864 4897 edit.,
914 4848 936 4873 «ι
990 4827 1316 4897 composita
1360 4842 1393 4881 a
1438 4841 1506 4881 se
1554 4826 1693 4882 furti
1726 4827 1934 4885 fraude

267 4900 610 4971 indignatus
643 4902 768 4964 est;
807 4922 828 4946 η
863 4902 1005 4969 vet.,
1043 4920 1063 4948 ι
1103 4898 1491 4968 compositam
1521 4914 1554 4953 a
1595 4913 1684 4967 se,
1723 4923 1745 4947 η
1781 4903 1930 4970 etc.;

265 4969 421 5025 mss.
447 4969 719 5024 omittunt
747 4985 779 5025 a
811 4985 896 5024 se.

337 5042 452 5111 (29)
483 5041 638 5114 Mss.
666 5057 783 5096 non
830 5041 1021 5111 pauci,
1058 5062 1080 5090 ι
1135 5041 1291 5112 quod
1338 5042 1737 5114 oportuisset;
1770 5064 1791 5089 υ
1826 5041 1929 5095 ali-

271 5114 395 5185 qui,
433 5135 454 5159 «
491 5113 646 5185 quod
675 5114 988 5183 potuisset,
1024 5128 1296 5185 arguere.
1335 5137 1357 5162 ι»

339 5184 452 5253 (2i)
481 5183 835 5253 Complures
870 5200 995 5237 mss
1027 5225 1040 5252 ,
1091 5183 1118 5231 ιζ
1149 5184 1475 5240 fraternum
1506 5183 1751 5240 oblitum
1784 5199 1928 5238 san-

264 5256 548 5380 guinem:
576 5279 597 5303 »ι
633 5256 844 5309 melius
874 5257 1069 5310 tamen
1098 5255 1216 5325 alii,
1250 5260 1308 5311 et
1339 5270 1545 5312 omnes
1574 5256 1737 5327 edit.,
1773 5277 1795 5305 α
1817 5255 1931 5311 fra-

290 5342 455 5380 erno.
491 5342 522 5380 e
552 5342 602 5380 c.
643 5346 664 5376 ι

264 5332 455 5381 terno.
491 5332 602 5381 etc.
643 5346 664 5376 ι

492 5368 810 5479 TV'et._:edit.
856 5412 933 5479 ac.
973 5412 1121 5479 mss.
1163 5399 1929 5479 nonnulli,AQuinegi9-seu

269 5468 546 5543 Quini'gio
577 5486 589 5522 :
629 5469 957 5543 Rom._edit.
976 5472 1201 5543 etmss.‘
1214 5471 1435 5541 caeteri,
1455 5468 1739 5543 Cynegio.
1760 5470 1930 5525 Hunc

265 5541 723 5612 autemi’aterni
756 5541 937 5593 tilium
979 5541 1145 5594 illum
1178 5540 1389 5608 fuisse,
1424 5540 1745 5612 'qu'em'his
1797 5557 1929 5595 cum

264 5609 705 5683 neptejungere
726 5612 1094 5684 matrimonio
1113 5613 1430 5684 cogitabat,
1450 5609 1639 5684 hujus
1661 5613 1929 5683 epistolas

269 5697 401 5740 cum
447 5697 516 5738 ea
572 5697 704 5756 quae
745 5683 819 5737 ad
860 5683 1131 5738 eumdem
1192 5683 1507 5739 Paternum
1547 5683 1930 5754 incribitur,

2033 1870 2150 1926 qua
2180 1854 2454 1925 opinione
2482 1871 2715 1910 murum
2745 1852 2860 1910 sibi
2881 1854 3007 1911 fieri
3025 1854 3421 1921 desiderabat,
3445 1856 3506 1908 ut
3523 1868 3703 1907 avum

2033 1958 2245 2000 socero
2277 1945 2545 1999 mutaret.
2576 1943 2755 1999 Plura
2784 1959 2904 1998 non
2953 1958 3105 2015 opus
3150 1947 3263 2008 est,
3298 1957 3371 1997 ne
3418 1942 3531 1996 hoc
3562 1955 3708 2013 quo-

2031 2047 2145 2103 que
2176 2032 2425 2088 excedat
2456 2032 2528 2086 ad
2560 2048 2700 2086 vere
2724 2032 3018 2087 cundiam.
3052 2031 3216 2102 Vale,
3249 2031 3353 2101 fili,
3388 2033 3447 2086 et
3474 2046 3586 2087 nos
3616 2028 3711 2085 di-

2031 2120 2171 2194 lige,
2205 2122 2344 2192 quia
2373 2136 2484 2177 nos
2516 2136 2753 2193 quoque
2786 2123 2841 2176 te
2872 2121 3199 2193 diligimus.

2518 2244 2887 2300 EPISTOLA
2918 2242 3210 2299 LXXXV.

2030 2370 2271 2442 Srmcxo
2298 2369 2519 2442 gratiis
2548 2370 2718 2442 actis,
2756 2369 2906 2441 quod
2952 2368 3196 2442 litteras
3240 2368 3317 2442 ad
3344 2383 3425 2442 se
3457 2366 3698 2442 miserit

2094 2437 2459 2513 perSirum
2487 2437 2937 2513 presbyterum.
2957 2437 3216 2513 celerem
3248 2439 3425 2513 hujus
3443 2438 3709 2513 reditum

2097 2508 2319 2586 "laudat,
2353 2518 2411 2569 et
2441 2508 2515 2569 de
2536 2508 2835 2586 sequendo
2867 2511 3114 2568 Christo
3147 2508 3412 2585 quedam
3444 2508 3695 2583 subjun-

2097 2584 2210 2657 git.

2544 2690 2884 2775 Aunuosms
2915 2690 3176 2745 Svmcxo.

2104 2816 2154 2871 1.
2187 2815 2430 2872 Gratum
2449 2819 2542 2870 est
2572 2814 2717 2871 mihi
2745 2830 2881 2872 cum
2915 2815 3145 2870 litteras
3189 2812 3416 2883 accipio
3450 2813 3603 2868 tuas.
3630 2812 3705 2866 At

2035 2920 2168 2960 cum
2199 2905 2271 2961 de
2306 2905 2664 2960 conservitio
2708 2907 2915 2960 nostro
2953 2904 3145 2969 1106
3180 2903 3414 2973 aliquos
3463 2900 3700 2974 dirigis,

2036 2997 2099 3049 ut
2130 2993 2370 3049 fratrem
2399 2997 2670 3049 nostrum
2702 2997 2758 3049 et
2778 2993 3331 3064 compresbyterum
3353 2991 3569 3063 Syrum
3586 2990 3707 3046 tuis

2039 3097 2106 3137 es
2137 3084 2495 3153 prosecutus
2526 3082 2760 3150 litteris,
2797 3081 3132 3154 geminatur
3179 3081 3402 3136 laetitia.
3434 3079 3553 3136 Sed
3596 3078 3711 3135 uti-

1962 3142 2014 3207 C
2039 3142 2173 3226 nam
2233 3171 2461 3226 fructus
2506 3171 2723 3226 fuisset
2748 3142 2881 3226 'is’te
2929 3167 3297 3227 diuturnior!
3330 3169 3485 3225 Nam
3515 3167 3711 3225 statim

2039 3264 2100 3317 ut
2131 3260 2311 3330 venit,
2343 3260 2767 3316 recurrendum
2799 3259 3023 3331 putavit
3053 3275 3065 3314 :
3103 3257 3260 3330 quod
3292 3256 3528 3329 quidem
3560 3255 3735 3310 desi--

2038 3350 2267 3407 derium
2313 3365 2511 3405 meum
2559 3349 2874 3421 plurimum
2924 3348 3151 3418 minuit,
3197 3347 3270 3404 ad
3319 3348 3416 3403 sui
3455 3346 3711 3421 gratiam

2037 3439 2285 3494 multum
2315 3438 2557 3495 addidit.

2106 3528 2159 3583 2.
2195 3528 2344 3582 Nam
2375 3544 2487 3601 ego
2519 3528 2700 3601 diligo
2733 3543 2838 3583 eos
2880 3527 2973 3583 vel
3016 3526 3405 3598 presbyteros
3451 3526 3561 3595 (23)
3601 3524 3698 3581 Vel

2034 3617 2339 3686 diaconos,
2374 3618 2626 3689 quicum
2648 3617 2842 3689 aliquo
2863 3616 3290 3687 processerint,
3315 3630 3688 3687 nequaquam

2036 3722 2103 3761 se
2132 3706 2429 3776 patiuntur
2471 3723 2503 3760 a
2552 3722 2662 3762 suo
2708 3706 2931 3761 diutius
2977 3706 3194 3761 abesse
3235 3719 3498 3760 munere.
3552 3702 3706 3758 Dicit

2037 3796 2195 3850 enim
2226 3795 2554 3866 prepbeta:
2594 3818 2615 3844 α
2668 3796 2800 3851 Non
2836 3794 3099 3850 laboravi
3151 3810 3414 3865 sequens
3459 3794 3594 3865 post
3646 3794 3703 3848 te

2038 3884 2429 3955 (Jerem.xvu,
2463 3884 2574 3954 16).
2614 3908 2635 3931 η
2669 3883 2814 3952 Quis
2846 3886 3037 3939 autem
3069 3886 3263 3955 potest
3283 3883 3555 3939 laborare
3585 3898 3708 3937 om-

2038 3988 2147 4028 nes
2180 3973 2279 4044 qui
2308 3973 2613 4046 laboratis,
2646 3978 2703 4029 et
2736 3974 2963 4029 onerati
3007 3974 3177 4042 estis,
3226 3977 3282 4029 et
3328 3988 3439 4045 ego
3470 3987 3580 4027 vos
3610 3987 3709 4027 re-

2037 4061 2231 4116 ﬁciam
2262 4062 2500 4133 (Matth.
2534 4080 2615 4133 χι,
2649 4063 2780 4133 28)?
2811 4063 3141 4134 Sequemur
3158 4079 3303 4135 ergo
3333 4050 3540 4117 Jesum
3560 4076 3711 4116 scm-

2037 4167 2142 4221 per
2182 4166 2290 4205 nec
2330 4152 2695 4208 desinamus.
2737 4151 2902 4217 Quod
2943 4152 2994 4206 si
3047 4168 3285 4221 semper
3341 4166 3667 4222 sequamur
3692 4190 3707 4219 ,

2036 4256 2338 4311 nunquam
2359 4240 2668 4296 deﬁcimus
2688 4258 2703 4311 ;
2735 4242 2833 4296 dat
2850 4242 3007 4297 enim
3019 4242 3182 4296 vires
3200 4240 3593 4312 sequentibus
3613 4250 3701 4293 se.

2040 4329 2241 4400 Itaque
2273 4345 2386 4401 quo
2414 4330 2659 4402 propior
2689 4331 2888 4385 virtuti
2918 4330 3126 4400 fueris,
3160 4344 3230 4384 eo
3266 4329 3471 4383 fortior
3491 4328 3634 4382 eris.

2113 4419 2168 4474 3.
2202 4417 2559 4492 Plerumque
2601 4435 2735 4474 cum
2782 4419 3106 4491 sequimur,
3153 4419 3368 4473 dicitur
3411 4415 3585 4472 nobis
3633 4414 3709 4470 ab

2522 4532 2544 4556 ε
2595 4507 2710 4563 Ubi
2760 4510 2851 4562 est
2893 4508 3142 4562 verbum
3184 4505 3460 4560 Domini?
3498 4502 3729 4573 Veniat~

2047 4597 2290 4668 (Jerem.
2328 4615 2492 4667 xvm,
2529 4595 2637 4667 15).
2683 4620 2707 4645 ιι
2751 4596 2869 4651 Sed
2924 4611 3035 4651 nos
3084 4611 3200 4650 non
3230 4594 3566 4666 .fatigcmur
3603 4607 3704 4647 se-

2046 4688 2279 4758 quendo
2305 4730 2318 4756 ,
2376 4702 2496 4741 non
2537 4688 2871 4741 avertamur
2914 4684 3184 4739 subdolae
3224 4681 3708 4756 interrogationis

2036 4829 2397 4901 comparatio
2424 4828 2659 4901 videtur
2686 4826 3219 4901 ostendere._Adde
3238 4827 3527 4899 praeterea
3545 4823 3703 4901 quod

2036 4897 2702 4981 haec—illisubju‘ngitur
2731 4898 2790 4953 in
2821 4901 2938 4980 ant.
2974 4898 3111 4981 edit.
3146 4912 3215 4952 ac
3246 4897 3394 4981 pene
3424 4897 3702 4981 omnibus

2034 4988 2206 5049 mss,
2239 4972 2310 5025 ad
2340 4968 2516 5042 quem
2545 4968 2813 5025 ordinem
2845 4969 2898 5023 si
2947 4970 3085 5040 quis
3128 4984 3257 5023 eam
3289 4969 3349 5023 in
3379 4968 3491 5024 hac
3524 4969 3698 5024 etiam

2033 5040 2501 5098 edit.’i’edactam
2533 5042 2872 5111 oportuisse
2921 5040 3309 5109 contenderit,
3354 5054 3469 5094 non
3499 5040 3698 5095 admo-

2035 5115 2174 5169 dum
2204 5113 2692 5182 rcpugnabimus.

2239 5155 2339 5238 is}:
2358 5155 2720 5257 bisuverbis,
2757 5197 2987 5257 necnon
3033 5198 3109 5238 ex
3140 5183 3217 5237 iis
3259 5182 3701 5257 quibus__epist.

2036 5253 2125 5326 12,
2173 5253 2333 5310 num.
2393 5254 2462 5319 Ἷ,
2513 5255 2890 5319 Ambrosius,
2938 5258 3056 5309 tam
3105 5270 3215 5310 suo
3249 5253 3423 5325 quam
3456 5253 3705 5326 aliorum

2032 5324 2211 5382 Italiae
2251 5325 2575 5380 antistitum
2606 5327 2859 5393 nomine,
2884 5324 3339 5395 imperatoribus
3372 5327 3434 5379 ut
3464 5324 3696 5395 legatos

2034 5416 2065 5453 a
2097 5414 2162 5453 se
2193 5398 2265 5451 ad
2294 5396 2641 5451 Comitatum
2673 5394 3000 5451 destinatos
3040 5397 3331 5450 maturius
3384 5394 3697 5459 dimittant,

2035 5468 2345 5539 supplicat,
2364 5472 2552 5539 'atque
2584 5483 2655 5523 ex
2681 5468 2813 5521 aliis
2832 5468 3129 5522 similibus
3148 5468 3298 5521 locis
3321 5463 3693 5539 intelligitur,

2034 5533 2216 5612 quam
2237 5541 2320 5612 ab,
2336 5533 2749 5594 ecclesiastico
2782 5539 2977 5612 officio
2996 5539 3199 5612 sancti
3230 5533 3694 5612 prmsulcs_a_lic-

2036 5603 2174 5665 rium
2198 5610 2596 5682 judicaverint
2627 5625 2835 5682 sacros
2864 5611 3173 5664 ministros
3204 5603 3245 5661 ι(
3282 5607 3412 5660 suis
3444 5603 3694 5657 sedibus

2035 5700 2103 5737 ac
2136 5682 2489 5738 stationibus
2521 5681 2621 5736 diu
2651 5681 2890 5736 abesse.
