4060 6178
159 287 311 351 1341
783 287 898 352 DE
939 288 1328 358 EXCESSU
1371 291 1734 358 FRATRIS
1777 293 1916 362 SUI
1960 293 2290 362 SATYRI.
2342 331 2412 346 -
2455 295 2965 363 ADMONI'I'IO.
3442 297 3602 362 1342

697 487 1067 545 EPISTOLA
1097 490 1216 546 xc.
1835 477 1894 540 A
1941 499 2003 554 ut
2061 501 2259 570 aperte
2316 514 2449 554 cum
2509 498 2812 556 individuo
2867 500 3128 572 pectoris
3189 499 3303 555 mei
3358 499 3603 572 loquar,

118 576 366 632 Aaroau
397 590 654 632 amorem
686 577 748 632 iu
779 593 873 642 se,
912 595 1194 660 suumque
1241 581 1504 638 vicissim
1534 584 1596 640 in
1627 584 1790 641 illum
1937 587 2326 643 verecundari
2357 603 2448 642 me
2477 587 2714 643 faciunt.
2751 588 2920 645 Unde
2951 592 3083 660 peto
3110 590 3171 644 ut
3201 589 3600 659 supersedeas

737 657 1171 707 commemorat.
1936 677 2258 748 gratiarum
2303 695 2340 732 ri

2000 677 2258 732 ~atiarum
2303 676 2529 746 relatu;
2591 677 2733 732 mihi
2783 679 2938 733 enim
2987 678 3100 733 mei
3161 678 3219 732 in
3267 693 3378 733 vos
3423 677 3603 733 officii

619 755 962 812 AIBROSIUS
1000 759 1288 816 Aaromo.
1936 780 2167 820 summa
2199 780 2429 821 merces
2460 768 2570 833 est,
2604 767 2658 820 si
2693 782 2782 820 me
2813 767 3008 822 debito
3040 783 3184 840 erga
3214 783 3323 821 vos
3369 767 3599 822 muneri

188 843 240 898 1.
287 843 598 916 Nunquam
642 859 709 900 es
759 845 972 902 tacitus
1022 848 1186 918 mihi,
1233 864 1342 904 nec
1389 865 1648 923 unquam
1692 854 1792 908 tuo
1935 868 2052 908 non
2101 853 2367 910 defuisse
2417 855 2736 910 arbitrarer
2783 855 2916 926 (3:3).
2950 856 3112 926 Vale,
3161 861 3216 912 et
3247 871 3358 912 nos
3392 855 3593 929 dilige,

115 948 208 988 me
256 933 680 988 transmissum
729 932 964 990 silentio
1007 951 1242 1008 querar,
1283 937 1386 1009 qui
1417 939 1603 994 sciam
1634 941 1794 1016 quod
1935 943 2070 1013 quia
2101 957 2214 1016 ego
2247 958 2482 1017 quoque
2515 946 2569 999 te
2601 944 2807 1016 diligo.

113 1025 213 1125 tuo
246 1038 366 1122 non
398 1022 599 1125 desim.
621 1022 1216 1125 pectori.”Nam.c‘um
1247 1025 1305 1081 id
1337 1029 1595 1125 pendas,
1635 1031 1792 1101 quod
2496 1068 2861 1124 EPISTULA
2901 1067 3027 1125 XCI

111 1111 307 1182 pluris
339 1114 469 1181 est;
503 1111 603 1183 qui
633 1113 802 1182 potes
835 1111 1008 1167 etiam
1060 1113 1120 1168 id
1167 1129 1409 1188 negare,
1441 1118 1600 1189 quod
1630 1135 1793 1191 saepe
2175 1174 2216 1191 η
2496 1111 2569 1124 ω
2594 1111 2861 1191 tut-tu
2902 1111 3048 1125 ⁴““’

111 1200 294 1255 etiam
323 1200 384 1255 in
412 1201 630 1256 multos
662 1201 884 1272 deﬂuit,
917 1218 1036 1258 non
1056 1204 1174 1259 tam
1195 1174 1416 1262 amoris
1447 1174 1584 1275 usu,
1617 1174 1793 1280 quam
2173 1174 2582 1231 CAND’D‘ANU'
2612 1175 2830 1245 Ῑθυᾱθίν
2865 1191 2932 1231 ⁸⁸
2962 1192 3028 1232 se
3057 1175 3360 1248 deprimi"

113 1289 302 1344 officii
331 1289 766 1346 vicissitudine.
2291 1300 2630 1356 Aunnosws
2671 1300 3030 1356 CANDIDIANO
3065 1300 3250 1356 fratri.

177 1378 232 1433 2.
271 1378 400 1451 Ego
443 1394 586 1435 vero
632 1381 807 1435 etiam
855 1395 930 1436 ex
977 1397 1109 1438 meo
1153 1382 1346 1439 animo
1391 1387 1550 1440 tuam
1598 1386 1788 1442 vicem
2006 1387 2055 1442 t.
2089 1386 2367 1444 Summus
2398 1390 2634 1462 quidem
2669 1391 2952 1460 splendor
2980 1391 3039 1445 in
3071 1405 3345 1446 sermone
3368 1392 3460 1446 est
3479 1391 3600 1459 tuo,

109 1467 369 1537 aestimo,
415 1471 480 1523 ut
524 1485 824 1540 nunquam
872 1487 965 1527 me
1009 1471 1136 1542 tibi,
1188 1475 1246 1528 et
1293 1474 1348 1528 te
1398 1473 1541 1528 mihi
1568 1476 1784 1532 absen-
1831 1491 1883 1553 Β
1933 1477 2040 1531 sed
2073 1478 2264 1550 magis
2294 1479 2353 1534 in
2385 1478 2598 1534 affectu
2629 1479 2820 1535 elucet
2850 1480 3032 1550 mihi;
3069 1496 3203 1534 nam
3233 1480 3292 1534 in
3324 1479 3594 1550 epistolis

107 1559 224 1614 tem
259 1561 493 1628 putem;
525 1558 802 1629 quoniam
835 1574 1074 1632 semper
1111 1561 1326 1617 animis
1359 1562 1733 1620 adhaeremus
1766 1581 1778 1622 :
1931 1567 2144 1622 mentis
2187 1571 2303 1623 tuas
2351 1569 2578 1640 sepicio
2626 1569 2939 1642 fulgorem,
2987 1569 3374 1624 dilectissime
3415 1569 3596 1624 frater

107 1663 414 1718 nunquam
469 1650 600 1702 tuas
661 1647 886 1703 litteras
944 1649 1088 1704 mihi
1144 1650 1361 1706 deesse
1406 1653 1632 1724 opiner,
1684 1657 1783 1710 aut
1928 1671 1997 1710 ac
2028 1655 2394 1712 beatissime.
2445 1657 2732 1712 Dominus
2777 1662 2831 1712 te
2881 1658 3208 1727 benedicat,
3257 1663 3313 1712 et
3362 1657 3459 1712 det
3488 1656 3594 1712 tibi

106 1751 278 1790 meas
309 1735 414 1790 tibi
447 1752 458 1790 :
495 1750 628 1791 cum
673 1739 727 1792 te
775 1737 1036 1809 quotidie
1086 1754 1286 1794 coram
1317 1739 1604 1813 alloquar,
1637 1742 1697 1797 in
1725 1746 1782 1800 te
1927 1761 2096 1799 suam
2127 1746 2413 1817 gratiam;
2447 1761 2582 1800 nam
2631 1750 2687 1800 et
2735 1746 2863 1816 ipse
2909 1745 2969 1800 in
3013 1745 3282 1817 epistolis
3313 1746 3431 1801 tuis
3461 1749 3597 1802 vota

104 1825 363 1896 oculos,
422 1825 656 1896 studia,
716 1829 891 1900 atque
949 1827 1144 1883 omnia
1201 1827 1398 1896 officia
1454 1846 1582 1886 mea
1635 1831 1782 1887 diri-
1924 1834 2118 1906 magis
2168 1849 2342 1905 quam
2388 1849 2518 1889 mea
2563 1835 2767 1888 merita
2818 1849 3210 1906 recognosco.
3253 1836 3396 1900 Quae
3441 1834 3598 1889 enim

103 1931 270 1988 gam-
1923 1923 2129 1978 merita
2155 1938 2282 1978 mea
2313 1923 2490 1978 tantis
2521 1923 2641 1978 tuis
2672 1927 2983 1994 aequentur
3032 1923 3411 1979 sermonibus
3433 1923 3462 1978 ‘i
3492 1921 3596 1978 Di-

172 2003 230 2060 3.
269 2003 381 2060 His
404 2005 596 2060 tecum
617 2001 866 2060 delectat
888 2005 1170 2078 congredi
1197 2021 1211 2079 ;
1245 2023 1380 2062 nam
1399 2007 1609 2066 litterae
1640 2012 1777 2083 tuas,
1920 2011 2041 2086 lige
2070 2027 2202 2082 nos,
2239 2012 2440 2083 frater,
2473 2013 2608 2086 quia
2642 2028 2753 2068 nos
2784 2016 2838 2068 te
2871 2011 3175 2086 diligimus
3206 2011 3340 2084 (35).

172 2153 293 2226 (33)
324 2154 473 2211 Mss.
506 2154 746 2228 aliquot,
787 2178 809 2206 ι
836 2171 954 2212 non
985 2156 1250 2215 defuisse
1281 2159 1608 2217 arbitreris.
1647 2186 1668 2210 ι»
1991 2163 2104 2234 (34)
2135 2162 2267 2220 Non
2295 2163 2467 2237 pauci
2499 2179 2671 2235 mss.,
2710 2182 2733 2215 ι
2768 2163 2905 2235 quia
2937 2165 2994 2219 et
3024 2176 3136 2236 ego
3166 2157 3222 2218 te
3255 2161 3462 2236 diligo.
3503 2186 3524 2210 η

519 2557 639 2622 ΙΝ
668 2525 1023 2625 LIBROS
1059 2561 1199 2626 DE
1233 2561 1677 2628 EXCESSU
1709 2565 1894 2628 ΓΒΑ
1917 2563 2128 2628 TRIS
2168 2563 2288 2628 SA
2310 2562 2548 2627 TYRI
2583 2561 3173 2630 ADMONITIO.

163 2851 482 2906 Arsacem
511 2857 728 2923 praeter
757 2853 1154 2911 Mareellinam
1185 2871 1476 2927 sororem,
1509 2872 1685 2930 quam
1715 2860 2016 2930 perpetua
2046 2857 2405 2931 virginitatis
2435 2861 2638 2913 votum
2667 2856 3024 2928 professam,
3074 2856 3280 2912 Rome
3311 2858 3374 2911 ut
3403 2855 3594 2927 pluri-

87 2955 258 2994 mum
292 2941 622 3013 habitasse,
655 2943 792 2999 libri
823 2945 912 3001 De
954 2944 1303 3019 Virginibus
1333 2949 1391 3002 et
1419 2947 1834 3004 Ambrosianw
1863 2949 1936 3004 ad
1968 2963 2098 3004 eam
2127 2947 2398 3019 epistolm
2427 2947 2618 3020 palam
2654 2947 2894 3018 faciunt,
2926 2947 3038 3002 fuit
3066 2947 3241 3002 etiam
3271 2943 3593 3019 germanus

87 3027 300 3098 frater,
337 3030 516 3102 cujus
549 3033 745 3089 obitus
778 3033 945 3090 hisce
976 3035 1187 3105 opellis
1221 3051 1465 3091 causam
1495 3036 1771 3108 prmbuit.
1806 3037 1959 3092 Huic
1991 3053 2206 3092 nomen
2255 3037 2465 3109 Satyro
2511 3037 2758 3093 inditum
2803 3039 3053 3106 constat,
3087 3052 3206 3108 quo
3235 3050 3371 3090 eum
3399 3037 3591 3090 sancti

85 3117 366 3173 doctoris
397 3122 737 3178 auctoritate
771 3123 1090 3179 Romanum
1120 3124 1620 3198 Martyrologium
1649 3125 1724 3180 ad
1753 3142 1832 3179 xv
1865 3125 1992 3180 Kal.
2034 3125 2240 3181 Octob.
2276 3131 2617 3182 sanctorum
2651 3141 2898 3181 numero
2929 3125 3198 3180 inseruit.
3231 3124 3350 3180 Sed
3397 3125 3591 3195 ipsum

82 3205 352 3277 insuper
382 3207 665 3265 Urianum
697 3212 1176 3285 cognominatum
1225 3229 1366 3269 esse
1413 3229 1488 3268 ex
1533 3213 1668 3285 ejus
1719 3213 2034 3284 epitaphio,
2068 3215 2225 3287 quod
2258 3219 2536 3286 tanquam
2564 3216 2638 3271 ab
2671 3216 2924 3286 ipsomet
2955 3214 3272 3269 Ambrosio
3303 3213 3591 3284 scriptum

82 3296 280 3350 refert
312 3297 624 3371 Dungalus
656 3300 768 3371 (De
815 3301 975 3356 cultu
1023 3302 1203 3374 Imag.
1257 3305 1395 3358 tom.
1448 3302 1524 3356 IV
1573 3303 1734 3358 Bibl.
1771 3304 1898 3360 PP.
1931 3309 2079 3375 part.
2115 3306 2197 3374 ιι),
2232 3304 2584 3377 intelligitur
2615 3320 2627 3360 :
2661 3304 2777 3359 nisi
2809 3303 3091 3359 malueris
3117 3315 3190 3383 τῷ
3221 3303 3443 3358 Uranio
3473 3318 3592 3358 non

81 3389 480 3458 cognominis
510 3391 796 3446 rationem
827 3393 1168 3464 attribuere,
1204 3393 1310 3448 sed
1341 3393 1583 3448 tandum
1611 3393 1854 3465 epitheti
1884 3409 2000 3465 quo
2032 3393 2246 3466 Satyri,
2273 3393 2399 3465 jam
2431 3395 2490 3449 in
2523 3393 2739 3449 coelum
2769 3394 3012 3464 recepti,
3045 3390 3345 3447 beatitudo
3392 3390 3587 3464 signi-

10 3545 20 3550 '
80 3476 328 3532 ﬁcetur.
365 3478 490 3536 Nos
520 3481 756 3551 quidem
789 3482 846 3536 in
877 3483 1070 3537 medio
1101 3499 1226 3539 rem
1257 3483 1686 3554 relinquemus,
1719 3483 2081 3555 epitaphium
2111 3498 2253 3538 vero
2288 3483 2683 3554 subjiciemus
2717 3482 2812 3537 his
2843 3481 3230 3553 praemonitis.

150 3566 418 3637 Satyrus
468 3569 661 3641 itaque
708 3571 960 3642 primum
1011 3571 1070 3625 in
1119 3572 1247 3627 foro
1293 3588 1506 3628 causas
1554 3574 1744 3627 oravit
1790 3572 1916 3642 (lib.
1967 3587 2004 3640 ι,
2057 3587 2196 3626 num
2237 3572 2349 3642 40),
2383 3571 2596 3626 deinde
2626 3570 3066 3642 provinciarum
3095 3567 3589 3624 administrationi

76 3655 422 3724 praefectus
457 3658 565 3714 fuit
595 3663 778 3729 (num.
812 3661 923 3732 58),
958 3661 1116 3733 quod
1145 3665 1460 3734 utrumque
1493 3677 1806 3718 commune
1836 3660 2041 3716 habuit
2073 3676 2206 3716 cum
2239 3661 2578 3716 Ambrosio.
2608 3660 2725 3716 Sed
2760 3659 2941 3715 multo
2972 3659 3143 3730 plura
3191 3657 3250 3712 in
3298 3657 3416 3712 illis
3445 3657 3589 3712 emi-

77 3749 351 3800 cuerunt
380 3762 553 3818 quam
584 3750 901 3820 simillima,
936 3754 992 3806 et
1021 3767 1212 3824 usque
1243 3752 1391 3806 adeo
1425 3751 1572 3806 alter
1600 3752 1849 3807 alterum
1879 3751 2064 3820 vultu,
2101 3749 2372 3820 corporis
2418 3749 2640 3818 habitu,
2691 3749 3047 3817 valetudine,
3100 3746 3361 3820 ingenio,
3413 3747 3591 3801 mori-

75 3835 199 3890 bus
233 3835 544 3896 referebat
573 3839 756 3908 (num.
789 3839 878 3910 38,
910 3841 998 3910 39,
1032 3841 1145 3911 ‘79),
1178 3843 1240 3896 ut
1269 3841 1428 3896 aliud
1460 3841 1706 3895 fratrum
1735 3857 1844 3912 par
1871 3842 1988 3894 tam
2019 3838 2280 3909 perfecte
2303 3838 2419 3893 sibi
2442 3838 2824 3893 consentiens
2856 3839 2955 3892 vix
2985 3852 3242 3909 unquam
3272 3837 3584 3892 exstiterit.

78 3922 246 3978 Hinc
279 3926 418 3979 nata
447 3925 563 3997 illa,
595 3943 728 3998 qum
759 3929 980 3984 arctius
1013 3945 1188 3996 quam
1218 3933 1424 3984 natura
1457 3929 1585 4000 ipsa
1619 3944 1724 3984 eos
1756 3929 2095 4001 colligabat,
2132 3927 2332 3983 intima
2363 3931 2421 3983 et
2451 3930 2648 3982 mutua
2679 3927 2940 3982 charitas
2983 3929 3165 3994 (num.
3216 3925 3305 3995 21,
3351 3923 3482 3996 22);
3515 3940 3589 3980 ex

73 4029 198 4083 qua
235 4012 463 4069 factum
486 4018 597 4084 est,
633 4020 696 4071 ut
727 4033 860 4072 cum
892 4017 1113 4073 invitus
1144 4034 1214 4074 ac
1242 4019 1545 4074 reluctans
1579 4017 1936 4073 Ambrosius
1983 4033 2137 4072 onus
2186 4015 2477 4071 subiisset
2527 4016 2890 4087 episcopale,
2940 4015 3187 4086 Satyrus
3227 4031 3459 4070 omnem
3492 4030 3591 4069 re-

71 4117 214 4155 rum
255 4101 717 4160 domesticarum
750 4109 923 4178 atque
955 4107 1364 4177 temporalium
1396 4122 1598 4161 curam
1628 4106 1688 4160 in
1721 4121 1787 4160 se
1819 4106 2110 4178 reciperet
2139 4106 2321 4176 (num.
2353 4106 2423 4161 20
2454 4107 2624 4179 seq),
2661 4106 2772 4160 hac
2801 4105 3011 4161 saltem
3043 4105 3265 4160 laboris
3307 4120 3375 4158 ac
3417 4104 3588 4160 solli-

71 4191 382 4245 citudinis
412 4197 577 4261 parte
609 4194 847 4250 fratrem
878 4196 1203 4251 levaturus.
1239 4195 1500 4265 Contigit
1529 4198 1723 4250 autem
1752 4197 1816 4249 ut
1842 4195 2106 4266 Prosper
2134 4195 2372 4266 quidam
2420 4196 2480 4249 in
2530 4195 2722 4266 aliqua
2762 4195 3202 4266 provinciarum
3237 4194 3452 4248 Africae
3483 4195 3590 4250 de-

70 4297 244 4354 gens
297 4280 555 4337 debitam
603 4283 886 4339 fratribus
935 4284 1246 4356 pecuniam
1294 4285 1530 4340 solvere
1581 4285 1933 4340 detrectaret
1981 4287 2164 4354 (num.
2211 4283 2324 4355 24).
2373 4283 2458 4340 Eo
2509 4285 2830 4356 proficisci,
2885 4285 3022 4339 licet
3065 4284 3243 4338 fratre
3274 4283 3588 4338 admodum

68 4371 438 4442 refragante
469 4387 537 4426 ac
568 4373 981 4445 frequentibus
1012 4374 1223 4428 litteris
1255 4374 1428 4429 etiam
1459 4376 1776 4429 revocante
1822 4374 2005 4444 (num.
2055 4373 2168 4444 25),
2221 4372 2524 4428 constituit
2571 4373 2838 4444 Satyrus.
2893 4372 3111 4428 Verum
3143 4372 3336 4427 soluta
3364 4371 3423 4425 in
3452 4371 3586 4442 ipso

69 4476 282 4516 cursu
312 4475 462 4515 nave
491 4478 606 4533 qua
639 4463 958 4533 ferebatur,
993 4479 1112 4518 non
1143 4463 1274 4518 sine
1306 4463 1508 4518 ultimo
1539 4462 1804 4534 periculo
1851 4463 2034 4530 (num.
2089 4461 2176 4532 17,
2227 4463 2316 4532 2'7)
2363 4462 2584 4533 appulit
2627 4463 2700 4516 ad
2733 4477 2895 4517 oram
2923 4461 3294 4516 destinatam.
3333 4460 3479 4515 Rem
3509 4474 3584 4514 ex

67 4549 273 4604 animi
308 4551 600 4606 sententia
631 4552 922 4624 transegit
952 4567 1085 4607 cum
1119 4552 1436 4622 Prospero.
1489 4553 1562 4606 At
1612 4551 1670 4606 in
1720 4551 1941 4606 Italiam
1989 4553 2162 4622 atque
2210 4551 2358 4607 adeo
2406 4551 2799 4607 Mediolanum
2835 4565 3140 4618 reversus,
3171 4549 3270 4602 vix
3303 4547 3583 4603 fraternis

63 4637 470 4709 amplexibus
501 4639 767 4695 redditus
800 4640 1010 4711 fuerat,
1047 4656 1179 4696 cum
1211 4639 1270 4695 in
1299 4639 1726 4712 gravissimum
1773 4640 1976 4696 incidit
2021 4641 2310 4711 morbum,
2358 4641 2533 4713 cujus
2578 4641 2634 4696 vi
2683 4645 2740 4696 et
2786 4639 3088 4694 atrocitate
3126 4638 3457 4694 exstinctus
3490 4639 3584 4693 est

61 4729 278 4796 (num.
317 4726 424 4795 1⁸7).

139 4816 458 4882 Quantum
490 4816 715 4872 doloris
746 4833 819 4873 ex
850 4817 984 4889 ejus
1016 4821 1202 4874 morte
1236 4817 1458 4890 ceperit
1485 4817 1866 4889 Ambrosius,
1902 4819 2074 4874 facile
2105 4818 2301 4891 quivis
2324 4835 2399 4874 ex
2420 4818 2730 4890 utriusque
2751 4831 2948 4872 amore
2970 4832 3038 4871 ao
3059 4815 3420 4872 suavissima
3442 4815 3578 4872 vitis

58 4906 378 4961 societate
411 4905 714 4977 intelligat.
749 4906 1188 4978 Verumtamen,
1223 4906 1337 4963 hoc
1369 4922 1514 4962 casu
1567 4907 1760 4979 frangi
1811 4921 1878 4962 se
1926 4922 2293 4978 nequaquam
2339 4921 2579 4978 passus,
2632 4923 2749 4962 non
2797 4905 2969 4962 modo
3017 4905 3271 4961 exanimi
3311 4906 3582 4976 corporis

59 4995 301 5050 oculos
336 5009 512 5050 manu
543 5011 650 5050 sua
683 4997 960 5051 claudere
991 4999 1173 5068 (num.
1214 4997 1322 5068 i9),
1357 5000 1531 5068 atque
1563 4996 1781 5050 feretro
1813 4996 2095 5051 humeros
2119 4995 2420 5066 subjicere
2442 4996 2557 5050 sibi
2582 4995 2888 5066 imperavit
2909 4996 3090 5065 (num.
3126 4995 3180 5060 1)
3213 5011 3227 5050 :
3262 4995 3369 5050 sed
3401 4996 3576 5050 etiam

57 5096 432 5140 conscenso
464 5083 714 5140 umbone
744 5086 1030 5155 basilicae,
1067 5087 1338 5142 audiente
1370 5085 1680 5140 innumera
1709 5086 1908 5157 populi
1941 5085 2290 5156 frequentia,
2325 5089 2381 5139 et
2419 5088 2652 5154 patente
2699 5085 3015 5156 praesentis
3063 5083 3373 5139 cadaveris
3423 5085 3576 5140 facie

55 5177 276 5243 (num.
312 5171 424 5240 ‘78),
461 5160 594 5226 eum
627 5173 883 5229 laudavit
914 5177 1108 5245 priore
1143 5175 1350 5230 harum
1379 5174 1729 5244 orationum,
1755 5175 1930 5247 cujus
1961 5190 2250 5230 summam
2283 5174 2378 5230 hic
2407 5175 2778 5230 exhibemus.
2817 5173 3110 5244 Principio
3140 5175 3322 5242 (num.
3362 5172 3385 5228 1
3421 5175 3572 5246 seq.)

52 5261 319 5336 gratias
352 5261 471 5331 agit
503 5263 659 5332 quod
695 5263 980 5319 Ecclesiae
1013 5264 1340 5336 periculum
1372 5263 1432 5318 in
1464 5263 1745 5318 familiam
1777 5279 1947 5318 suam
1978 5278 2333 5318 conversum
2367 5264 2672 5332 videatur;
2701 5269 2759 5318 et
2799 5278 2916 5317 non
2953 5265 3072 5317 tam
3113 5263 3228 5316 sibi
3259 5261 3576 5316 dolendum

53 5350 247 5423 quod
280 5349 523 5404 fratrem
556 5352 840 5420 amiserit,
877 5369 1052 5424 quam
1083 5353 1496 5426 gratulandum
1527 5353 1684 5424 quod
1717 5368 1851 5408 eum
1881 5353 2234 5425 quandoque
2265 5353 2554 5421 habuerit,
2600 5353 2942 5423 proﬁtetur;
2990 5352 3242 5406 maxime
3291 5352 3483 5404 autem
3515 5349 3573 5403 id

54 5441 194 5495 sibi
235 5453 383 5493 esse
416 5439 647 5510 solatio,
680 5441 836 5513 quod
867 5443 1162 5514 lacrymas
1194 5458 1337 5496 suas
1368 5445 1810 5514 prosequantur
1838 5442 2098 5497 omnium
2131 5441 2405 5514 lacrymae
2434 5445 2617 5512 (num.
2647 5444 2722 5512 5),
2766 5441 3041 5514 quodque
3065 5441 3190 5512 jam
3224 5454 3295 5493 ne
3329 5455 3360 5491 a
3394 5439 3575 5491 fratre

50 5544 354 5600 unquam
385 5528 697 5584 divellatur
725 5533 908 5599 (num.
960 5532 1036 5600 6),
1090 5531 1325 5584 minime
1374 5530 1592 5584 timeat.
1642 5531 1792 5584 Hinc
1842 5531 1940 5585 ubi
1989 5531 2391 5602 multiplicem,
2440 5547 2574 5602 quas
2620 5531 2736 5586 sibi
2775 5547 2908 5586 cum
2939 5531 3116 5584 fratre
3147 5526 3571 5594 intercedebat,

49 5618 212 5688 conj
226 5617 574 5672 unctionem
605 5619 921 5674 tenerrimo
953 5619 1174 5675 amoris
1206 5635 1393 5674 sensu
1424 5619 1905 5674 commemoravit
1938 5621 2120 5688 (num.
2153 5618 2184 5674 7
2216 5622 2390 5692 seq.),
2422 5620 2686 5676 dolorem
2719 5633 2893 5674 suum
2924 5618 3000 5671 ita
3028 5619 3296 5682 excusat,
3329 5618 3391 5668 ut
3439 5629 3574 5669 eum

45 5706 556 5778 temperandum,
592 5708 788 5778 petius
820 5725 995 5781 quam
1026 5707 1362 5777 delendum,
1398 5712 1652 5762 asserat.
1687 5707 1925 5782 Colligit
1957 5711 2151 5762 tamen
2181 5709 2466 5780 quasdam
2499 5706 2924 5765 consolationis
2969 5719 3206 5773 causas,
3239 5707 3296 5758 et
3325 5703 3574 5775 potissi-

48 5811 245 5856 mum
277 5795 469 5870 (num.
503 5793 569 5854 17
603 5799 752 5876 seq.)
782 5798 941 5874 quod
956 5797 1122 5857 fratri
1140 5813 1216 5857 ex
1231 5796 1433 5857 Africa
1454 5796 1657 5856 reduci
1675 5796 1876 5856 ultima
1895 5796 2131 5873 pietatis
2149 5796 2342 5856 ofﬁcia
2365 5799 2421 5854 et
2439 5797 2686 5856 reddere
2709 5794 2825 5852 sibi
2846 5792 3096 5852 licuerit.
3129 5792 3278 5852 Tum
3307 5792 3574 5869 repetitis
