4098 6178
486 283 647 352 1343
1953 292 2018 357 s.
2065 292 2507 358 AMBROSII.
2990 268 2997 279 ⁷
3743 306 3868 371 1344

491 486 763 560 ejusdem
794 488 995 546 fratris
1028 489 1086 546 in
1118 507 1185 548 se
1214 494 1464 566 meritis,
1498 494 1769 550 timorem
1801 509 1975 550 suum
2006 494 2080 549 ob
2114 492 2248 567 ejus
2280 495 2630 565 absentiam,
2675 495 3061 569 fallacemque
3110 512 3186 553 ex
3233 498 3426 568 ipsius
3474 500 3657 556 reditu
3696 503 3903 560 lmtitiam

489 576 776 633 describit
806 577 991 649 (num.
1023 578 1093 637 20
1125 583 1295 656 seq.).
1330 582 1451 639 Sub
1482 583 1632 654 haec,
1668 584 1929 639 instituta
1960 583 2112 639 inter
2140 583 2339 639 fratris
2371 588 2544 656 atque
2574 584 2842 640 Tabithae
2872 585 3095 643 luctum
3128 588 3582 659 comparatione,
3615 605 3712 644 cur
3739 592 3806 645 illi
3833 610 3903 648 re-

492 667 772 722 suscitari
803 684 921 725 non
945 671 1351 742 conduxisset,
1377 674 1617 744 exponit
1640 675 1821 743 (num.
1855 674 1923 728 28
1955 670 2125 746 seq.).
2162 673 2279 728 Ubi
2308 689 2417 728 sua
2449 677 2505 728 et
2534 673 2734 728 fratris
2768 675 3103 730 conditione
3135 676 3286 731 inter
3308 692 3375 732 se
3399 679 3737 747 comparatis
3764 681 3900 747 (num.

487 754 553 811 31
590 756 762 830 seq.),
800 758 992 815 denuo
1024 760 1096 814 ad
1127 775 1195 819 ea
1225 777 1357 833 quae
1391 762 1505 816 sibi
1536 762 1807 835 ejusdem
1838 765 2192 833 exasperent
2224 762 2606 831 desiderium,
2636 764 2788 818 redit
2817 765 2999 833 (num.
3052 763 3121 819 31
3172 764 3343 838 seq.).
3399 765 3638 836 Deinde,
3672 767 3736 822 ad
3761 772 3905 825 cardi-

493 842 661 899 nales
692 846 943 902 virtutes
976 864 1315 904 sermonem
1360 854 1735 922 convertens,
1785 856 2058 923 quantam
2105 851 2165 905 in
2214 851 2587 906 Eucharistia
2636 851 2910 907 fiduciam
2957 855 3309 925 reposuerit,
3346 858 3636 926 quantave
3663 858 3905 927 prudentia

493 934 715 989 caverit
746 951 819 991 ne
851 952 881 990 a
914 937 1298 996 sehismatico
1327 939 1684 1011 baptismum
1716 942 2032 1013 acciperet,
2066 940 2346 1010 praedicat
2378 940 2558 1007 (num.
2594 939 2664 995 42
2694 939 2863 1013 seq.).
2896 938 3040 1012 Illic,
3073 941 3207 1015 ejus
3230 942 3586 1015 eloquentia,
3610 944 3903 1013 fortitudine,

494 1020 891 1093 simplicitate,
928 1026 1218 1096 castitate,
1252 1030 1653 1099 temperantia,
1689 1033 1746 1084 et
1774 1029 2123 1084 liberalitate
2156 1044 2299 1101 erga
2332 1043 2626 1100 pauperes
2659 1030 3106 1102 commendatis,
3138 1032 3372 1104 qualem
3404 1045 3472 1087 se
3496 1031 3554 1087 in
3576 1032 3771 1088 fratres
3795 1052 3903 1104 prie-

492 1108 709 1181 buerit,
743 1127 817 1169 ex
845 1127 916 1169 eo
949 1115 1107 1186 quod
1137 1132 1246 1172 nec
1276 1119 1691 1187 patrimonium
1720 1118 2003 1184 dividere,
2038 1133 2147 1174 nec
2177 1111 2423 1173 uxorc'm
2456 1117 2693 1189 ducere,
2732 1134 2841 1173 nec
2863 1121 3279 1174 testamentum
3302 1120 3560 1175 condere
3584 1121 3903 1191 substituet-it,

497 1198 860 1257 demonstrat
891 1203 1071 1273 (num.
1107 1205 1175 1261 49
1203 1223 1328 1280 seq.
1332 1208 1379 1275 ).
1416 1208 1525 1262 His
1558 1209 1695 1264 licet
1725 1211 2014 1281 augeatur
2045 1210 2368 1276 conceptus
2401 1206 2589 1274 dolor,
2627 1222 2734 1262 cur
2761 1211 2954 1263 tamen
2986 1207 3386 1264 moderandus
3419 1209 3519 1280 sit,
3554 1210 3786 1265 rationes
3809 1226 3903 1282 pro-

493 1288 695 1358 ponit;
726 1306 913 1363 seque
943 1295 1225 1364 promittit
1258 1296 1416 1351 illius
1448 1297 1790 1351 memoriam
1823 1312 2121 1367 nunquam
2151 1296 2485 1367 positurum
2515 1296 2698 1366 (num.
2730 1294 2799 1351 63
2829 1296 3000 1371 seq.).
3047 1297 3264 1353 Ultimo
3296 1295 3601 1352 nonnullis
3630 1298 3697 1352 ad
3725 1298 3904 1354 Marcel-

497 1375 633 1432 linae
667 1380 1129 1438 consolationem
1162 1383 1512 1456 interjectis,
1546 1387 1909 1457 postremum
1943 1384 2073 1440 vale
2104 1383 2269 1440 fratri
2298 1384 2701 1441 amantissime
2732 1385 2891 1457 dicit,
2942 1389 3117 1461 atque
3161 1387 3493 1442 orationem
3524 1386 3673 1442 fusis
3700 1403 3789 1459 pro
3811 1388 3902 1459 ejus

495 1479 642 1538 pace
675 1481 742 1521 ac
771 1470 966 1540 quiete
998 1473 1277 1543 precibus
1308 1473 1524 1527 claudit
1554 1478 1735 1543 (num.
1767 1473 1836 1528 '76
1867 1474 2037 1546 seq).
3159 1516 3165 1519 -

565 1553 711 1610 Cum
740 1556 870 1613 dies
902 1565 1134 1632 septem
1164 1563 1352 1633 elapsi
1383 1562 1587 1618 essent
1618 1563 1741 1633 (lib.
1781 1580 1842 1630 ιι,
1885 1578 2043 1617 num.
2096 1561 2170 1631 2),
2218 1561 2392 1616 rediit
2440 1561 2513 1616 ad
2557 1559 2751 1633 Satyri
2801 1564 3243 1617 monumentum
3271 1561 3559 1633 populus,
3590 1565 3903 1619 caeremonias

494 1659 829 1718 precesque
861 1653 1180 1705 consuetas
1214 1651 1644 1706 celebraturus.
1680 1652 1789 1705 Hic
1821 1652 2064 1705 alteram
2095 1650 2305 1706 harum
2336 1651 2669 1705 orationum
2715 1651 3091 1721 Ambrosius,
3144 1651 3421 1723 quamvis
3473 1651 3546 1706 ad
3594 1651 3905 1707 meditandam

497 1747 626 1788 eam
657 1737 942 1805 temporis
974 1740 1269 1810 angustiis
1300 1743 1652 1806 coarctatus,
1687 1739 2000 1794 admodum
2031 1739 2224 1794 fusam
2257 1739 2659 1809 pronuntiavit
2690 1739 2800 1794 hoc
2833 1739 3019 1795 ferme
3067 1755 3273 1795 sensu.
3328 1739 3655 1812 Postquam
3690 1741 3906 1811 praemisit

496 1821 685 1891 priori
716 1823 866 1879 libro
897 1827 1162 1881 nonnihil
1195 1827 1385 1882 dolori
1416 1828 1703 1882 indultum
1734 1843 1891 1895 esse,
1917 1828 1975 1881 in
1999 1828 2112 1883 hoc
2136 1829 2327 1900 magis
2351 1828 2610 1883 omnium
2632 1828 2936 1883 hominum
2958 1828 3352 1885 conditionem
3380 1829 3904 1884 consideraturumse

498 1909 812 1980 pollicetur
842 1915 1025 1983 (num.
1060 1914 1083 1968 1
1118 1916 1290 1989 scq.).
1329 1916 1466 1970 Inde
1497 1918 1771 1987 proponit
1803 1917 1912 1971 tria
1945 1917 2269 1987 tractanda,
2314 1922 2566 1972 mortem
2613 1917 2842 1972 scilicet
2888 1933 3260 1973 communem
3303 1933 3470 1988 esse,
3506 1932 3615 1973 nos
3646 1917 3763 1989 ejus
3786 1932 3909 1987 opera

504 2001 714 2054 smculi
745 2004 1029 2057 mrumnis
1064 2004 1435 2073 tutos‘eftici,
1469 2021 1537 2059 ac
1569 2006 1802 2060 domum
1834 2022 1942 2076 per
1971 2022 2098 2061 eam
2130 2006 2200 2059 ad
2232 2005 2734 2061 resurrectionem
2785 2006 3003 2061 aditum
3033 2006 3161 2060 dari
3191 2006 3379 2076 (num.
3411 2007 3491 2077 3).
3524 2005 3600 2062 Ut
3628 2007 3906 2077 persuadeat

502 2102 873 2144 communem
906 2090 1057 2147 hanc
1087 2094 1281 2166 legem
1313 2095 1615 2150 ferendam
1648 2110 1808 2165 esse,
1864 2095 2023 2149 varia
2067 2096 2335 2166 exempla
2377 2096 2438 2148 in
2489 2094 2743 2150 medium
2790 2093 2978 2165 atl‘ert,
3029 2097 3167 2166 puta
3215 2110 3428 2155 eorum
3477 2096 3581 2167 qui
3627 2094 3906 2149 nativitatem

498 2175 757 2247 planctu,
810 2179 1031 2235 obitum
1082 2186 1275 2237 autem
1325 2184 1535 2253 plausu
1577 2184 2096 2255 prosequebantur
2137 2201 2148 2238 :
2202 2198 2432 2239 necnon
2483 2183 2821 2255 Lyciorum,
2872 2182 3025 2253 apud
3071 2198 3224 2254 quos
3274 2183 3392 2236 viri
3444 2184 3504 2238 in
3553 2184 3706 2238 luctu
3746 2188 3905 2237 vestem

500 2265 749 2321 induere
782 2268 1129 2325 muliebrem
1160 2271 1396 2343 legibus
1431 2274 1797 2345 cogebantur
1821 2280 2002 2343 (num.
2036 2272 2068 2328 4
2098 2274 2267 2345 seq.).
2306 2272 2549 2341 Dehinc,
2586 2271 2837 2343 adjectis
2877 2272 3207 2326 rationibus
3256 2272 3587 2343 nonnullis,
3634 2270 3905 2325 feminarum

498 2353 559 2408 in
589 2357 933 2411 maritorum
965 2359 1273 2415 funeribus
1305 2361 1703 2431 impotentiam
1734 2363 1994 2430 graviter
2026 2363 2277 2433 castigat
2305 2363 2489 2430 (num.
2521 2359 2555 2415 8
2584 2363 2735 2432 seq.)
2769 2376 2781 2414 :
2826 2363 2883 2414 et
2920 2360 3259 2429 patientiam
3288 2360 3347 2414 in
3398 2359 3715 2414 amicorum
3754 2363 3902 2422 morte,

503 2458 678 2515 quam
707 2445 766 2499 in
798 2446 1020 2501 diutina
1050 2464 1254 2503 eorum
1284 2450 1552 2505 absentia
1583 2450 1978 2506 difficiliorem
2030 2466 2147 2504 non
2192 2464 2331 2505 esse
2382 2449 2555 2505 docet
2602 2449 2784 2517 (num.
2840 2449 2905 2502 15
2932 2449 3103 2521 scq.).
3142 2449 3275 2502 Mox
3305 2447 3381 2502 ad
3413 2448 3724 2502 secundam
3748 2450 3906 2516 partem

501 2533 793 2589 accedens
826 2536 1005 2605 (num.
1043 2536 1113 2591 10
1140 2539 1311 2610 $07.),
1344 2538 1701 2609 multiplices
1734 2537 1975 2609 exponit
2004 2536 2278 2593 humanm
2311 2537 2449 2591 vitm
2479 2535 2865 2606 calamitates,
2899 2552 2972 2591 ex
3003 2535 3222 2608 quibus
3252 2551 3369 2590 nos
3419 2537 3537 2592 nisi
3582 2550 3684 2606 per
3725 2539 3907 2589 mortem

498 2637 615 2677 non
646 2622 909 2692 liberari,
945 2628 1287 2681 sanctorum
1317 2627 1584 2682 virorum
1618 2628 1906 2698 exemplis
1938 2628 2147 2698 probat
2177 2626 2359 2696 (num.
2391 2626 2462 2681 25
2494 2626 2665 2698 seq.).
2702 2625 2816 2681 Ubi
2847 2640 2993 2681 vero
3024 2629 3305 2697 quantum
3334 2625 3520 2681 iidem
3551 2623 3707 2695 passi
3731 2622 3905 2686 fuerint,

504 2712 919 2781 amplificavit;
951 2716 1322 2770 metuendam
1354 2717 1490 2772 inde
1521 2718 1745 2790 colligit
1795 2719 1977 2787 (num.
2030 2717 2097 2770 41
2140 2716 2291 2787 seq.)
2340 2717 2593 2769 mortem
2639 2728 2757 2768 non
2806 2728 2966 2783 esse,
3009 2714 3168 2785 quod
3202 2714 3472 2785 requies,
3508 2714 3743 2781 lucrum,
3772 2724 3908 2766 reme-

499 2799 681 2869 dium,
716 2815 789 2855 ac
814 2800 999 2857 decus
1031 2802 1087 2856 in
1120 2818 1189 2859 ea
1220 2804 1348 2874 ipsa
1378 2807 1770 2876 reperiantur.
1805 2806 2045 2861 Transit
2072 2804 2326 2876 denique
2357 2803 2429 2858 ad
2459 2806 2830 2874 postremum
2868 2803 3221 2872 membrum,
3273 2802 3346 2858 ad
3403 2802 3563 2876 quod
3605 2800 3910 2856 astruendum

500 2888 716 2959 triplici
747 2905 970 2962 genere
1001 2894 1333 2963 argumenti
1363 2895 1563 2965 utitur,
1597 2896 1877 2950 nimirum
1905 2895 2159 2964 ratione,
2197 2888 2618 2949 universuatis
2649 2891 2937 2963 exemplo,
2974 2892 3314 2947 testimonio
3342 2893 3445 2946 rei
3473 2896 3658 2963 gestae
3675 2892 3827 2960 (num.
3848 2885 3908 2953 50,

501 2977 613 3049 52).
650 2979 959 3036 Rationem
987 2982 1229 3054 exigere
1261 2985 1324 3038 ut
1354 2998 1573 3054 corpus
1602 2989 1661 3039 et
1687 2984 1881 3039 anima
1931 2982 2109 3039 simul
2158 2985 2258 3038 aut
2301 2982 2496 3053 poenis
2543 2984 2643 3036 aut
2691 2981 2956 3051 praemiis
2987 2980 3338 3051 afﬁciantur,
3376 2981 3586 3053 paucis
3617 2975 3909 3051 perstringit.

498 3066 573 3122 At
600 3083 742 3124 vero
775 3068 836 3125 in
864 3070 1129 3127 secunda
1159 3075 1327 3142 parte
1356 3073 1456 3129 diu
1488 3076 1754 3129 moratus
1786 3074 1968 3143 (num.
2003 3072 2072 3127 53
2103 3071 2273 3143 seq.),
2305 3070 2553 3141 pulchre
2584 3069 2655 3126 de
2688 3072 2915 3125 naturae
2948 3069 3443 3143 generationibus
3473 3084 3544 3124 ac
3568 3065 3910 3125 mutationibus

497 3156 953 3228 philosophatur
987 3175 999 3215 :
1033 3163 1169 3230 post
1196 3177 1352 3232 qum,
1383 3162 1582 3217 dubiis
1611 3162 1971 3233 quibusdam
1999 3161 2320 3231 prudenter
2350 3159 2667 3229 exsolutis,
2700 3159 3204 3214 resurrectionem
3231 3158 3555 3229 phoenicis,
3579 3163 3738 3229 atque
3756 3155 3907 3209 buma-

497 3262 590 3301 nm
621 3248 1024 3318 generationis
1054 3251 1348 3321 exemplo,
1381 3252 1578 3306 tlrmat
1609 3252 1792 3321 (num.
1826 3249 1915 3319 58,
1950 3250 2039 3320 60)
2073 3267 2086 3306 :
2123 3249 2511 3320 expositoque
2546 3246 2820 3319 ejusdem
2852 3247 3319 3302 resurrectionis
3369 3248 3581 3303 ordine
3622 3262 3687 3301 ac
3726 3244 3907 3305 ratione,
3990 3256 3991 3323 )

492 3334 800 3408 indignum
829 3353 970 3395 esse
1000 3338 1098 3409 ait,
1134 3341 1197 3394 ut
1227 3354 1296 3394 ea
1326 3355 1445 3396 non
1475 3340 1773 3409 credatur,
1807 3355 1943 3394 cum
1978 3336 2414 3411 philosophicis
2467 3336 2539 3390 de
2587 3336 2917 3393 animarum
2965 3335 3026 3391 in
3075 3335 3241 3391 varia
3288 3350 3547 3408 corpora
3593 3333 3907 3403 transmigra-

492 3424 650 3479 tione
680 3425 935 3496 deliriis,
986 3442 1056 3482 ac
1105 3428 1353 3498 poeticis
1400 3430 1472 3485 de
1523 3429 2008 3499 serpentinorum
2057 3427 2323 3485 dentium
2368 3424 2428 3478 in
2473 3423 2746 3480 homines
2794 3423 3191 3480 conversione
3238 3424 3483 3495 ineptiis
3523 3423 3667 3479 fides
3694 3420 3907 3476 habeatur

493 3515 680 3583 (num.
711 3512 802 3583 61,
835 3514 925 3583 65,
959 3515 1072 3585 70).
1108 3515 1276 3571 Unde
1307 3515 1532 3589 colligit
1562 3517 1981 3587 prophetarum
2013 3513 2393 3582 testimoniis,
2429 3528 2680 3584 quorum
2720 3512 2887 3568 locos
2921 3513 3215 3584 proponit,
3250 3517 3429 3599 atque
3461 3512 3741 3581 edisserit,
3770 3508 3903 3577 magis

500 3602 864 3659 credendum
894 3604 1079 3674 (num.
1109 3603 1179 3659 66
1208 3606 1381 3678 seq.).
1417 3606 1724 3661 Postremo
1774 3606 2009 3661 venitur
2057 3606 2131 3661 ad
2176 3605 2266 3660 rei
2314 3605 2503 3675 gestae
2552 3603 2905 3671 testimonia,
2960 3602 3061 3657 ubi
3110 3603 3379 3672 exposita
3421 3603 3594 3657 trium
3618 3600 3904 3688 mortuorum

507 3707 540 3744 a
567 3689 809 3747 Christo
839 3692 912 3747 ad
944 3692 1121 3747 vitam
1150 3697 1563 3749 revocatorum
1593 3694 1864 3764 historia,
1897 3709 2007 3749 nec
2038 3694 2079 3748 ii
2107 3694 2209 3765 qui
2240 3694 2314 3748 ab
2344 3691 2493 3759 Elia,
2548 3690 2723 3746 Petro
2773 3695 2830 3746 et
2874 3691 2936 3747 in
2985 3691 3267 3761 passione
3314 3692 3618 3748 Dominica
3643 3687 3902 3745 resuscitat:

496 3783 655 3851 sunt,
687 3782 1216 3851 praetermittuntur
1244 3784 1428 3853 (num.
1463 3781 1531 3837 7'7
1563 3786 1735 3856 seq.).
1768 3782 1987 3839 Contra
2018 3781 2412 3853 philosophos
2447 3783 2692 3837 sanctus
2722 3780 2947 3851 praesul
2971 3797 3188 3836 rursus
3210 3781 3560 3854 insurgens,
3590 3773 3903 3866 resurrectio:

497 3884 633 3924 nem
664 3871 878 3926 rationi
907 3886 1238 3928 consonam
1264 3887 1405 3928 esse
1434 3872 1769 3928 luculenter
1798 3874 2091 3928 monstiat
2121 3872 2302 3942 (num.
2334 3868 2403 3924 86
2433 3870 2604 3940 seq.).
2634 3869 2858 3941 Adjicit
2887 3869 3072 3938 (num.
3104 3869 3193 3941 90,
3224 3870 3316 3936 9t)
3347 3870 3473 3927 Deo
3505 3873 3561 3925 et
3589 3866 3815 3932 Christo,
3839 3875 3903 3931 qm

499 3973 683 4013 causa
712 3962 807 4014 est
835 3961 1326 4029 resurrectionis,
1360 3962 1535 4018 tidem
1565 3962 1947 4032 praebendam
1983 3978 1995 4016 :
2027 3965 2087 4016 et
2113 3960 2410 4031 quomodo
2444 3958 2766 4030 replendus
2797 3959 2876 4014 sit
2905 3959 2967 4014 in
2997 3975 3136 4015 aera
3162 3959 3408 4030 Paulus,
3447 3959 3751 4030 explanans
3776 3954 3903 4022 (num.
3986 4016 3987 4031 1

491 4044 605 4114 92),
639 4047 1009 4117 patriarchas
1040 4049 1244 4105 vivere
1272 4049 1467 4118 docet,
1501 4049 1574 4104 de
1602 4065 1855 4120 quorum
1889 4049 2211 4105 virtutibus
2243 4048 2337 4119 pie
2366 4048 2626 4118 disputat
2653 4047 2835 4119 (num.
2869 4046 2941 4102 95
2971 4048 3144 4121 seq.).
3171 4048 3281 4102 His
3310 4064 3428 4120 qua
3456 4048 3671 4104 ratione
3697 4042 3899 4098 Christus

499 4134 666 4191 inter
695 4141 958 4193 mortuos
987 4136 1147 4192 liber
1173 4134 1424 4208 dicatur,
1455 4138 1556 4193 ubi
1585 4138 1917 4210 subjunxit,
1968 4155 2102 4210 qua:
2152 4138 2224 4193 de
2272 4138 2434 4193 tubis
2464 4137 2668 4193 Moses
2696 4137 2998 4208 prmcepit,
3030 4137 3285 4207 spiritali
3313 4142 3551 4193 enarrat
3579 4150 3747 4189 sensu
3771 4132 3895 4200 (num-

502 4221 592 4293 95,
628 4223 793 4295 H7);
827 4225 1049 4301 quibus
1078 4226 1507 4297 expositionem
1537 4227 1928 4299 quorumdam
1959 4244 1991 4283 e
2020 4226 2279 4282 Canticis
2312 4229 2369 4283 et
2400 4226 2759 4299 Apocalypsi
2788 4226 3052 4281 locorum
3083 4226 3242 4281 addit
3272 4228 3456 4293 (num.
3492 4225 3590 4281 118
3615 4224 3768 4295 seq.).
3793 4218 3896 4310 Cell-

502 4315 689 4370 traeta
720 4314 958 4372 demum
986 4319 1261 4388 tanquam
1295 4317 1353 4372 in
1387 4317 1747 4387 manipulum
1777 4319 1897 4372 tota
1927 4317 2213 4386 oratione,
2248 4315 2523 4387 votisque
2547 4319 2609 4370 ut
2638 4315 2880 4370 fratrem
2900 4314 3073 4371 brevi
3095 4318 3405 4387 sequatur,
3438 4314 3624 4386 palam
3653 4307 3897 4376 conceptis.

504 4419 844 4460 sermonem
873 4404 1133 4461 absolvit
1160 4405 1344 4476 (num.
1379 4404 1483 4461 130
1513 4406 1688 4478 seq.).

569 4493 749 4550 Extra
778 4494 1023 4550 dubium
1054 4498 1147 4551 est
1174 4495 1287 4551 bos
1319 4496 1470 4551 duos
1502 4496 1691 4555 libros
1721 4496 2001 4550 constare
2046 4494 2287 4551 totidem
2339 4492 2733 4563 orationibus,
2787 4509 2936 4566 quas
2979 4492 3041 4548 in
3069 4510 3251 4549 unum
3283 4510 3457 4566 Opus,
3489 4492 3660 4548 indito
3690 4489 3898 4576 librorum

494 4582 684 4654 titulo,
717 4587 775 4639 et
803 4583 953 4641 forte
984 4586 1161 4640 etiam
1189 4584 1493 4641 nonnullis
1524 4583 1778 4655 adjectis
1810 4586 1907 4638 aut
1937 4582 2278 4652 immutatis,
2310 4581 2599 4654 conjungi
2636 4582 2822 4638 voluit
2869 4583 3124 4653 ipsemet
3170 4583 3529 4639 Ambrosius
3555 4601 3570 4655 ;
3604 4578 3740 4636 unde
3765 4572 3896 4667 ξιῆξίω
3984 4572 3985 4589 ¹

494 4671 659 4728 initio
691 4673 938 4728 secundi
968 4672 1104 4728 libri
1134 4672 1265 4729 haec
1294 4673 1478 4727 verba
1509 4673 1670 4742 ponit
1703 4688 1714 4727 :
1770 4671 2097 4744 Superiora
2133 4671 2291 4726 libro
2322 4669 2546 4742 aliquid
2574 4669 2948 4741 indulsimus,
3002 4673 3112 4726 etc.
3167 4670 3386 4725 Eadem
3436 4672 3595 4743 operi
3653 4660 3897 4751 pmﬁgillll‘

504 4759 567 4815 in
594 4761 1019 4832 manuscriptis
1051 4761 1180 4818 haec
1209 4761 1516 4832 inscriptio
1550 4776 1562 4816 :
1600 4760 1889 4833 Incipiunt
1926 4760 2075 4815 libri
2103 4759 2299 4817 sancti
2326 4758 2639 4816 Ambrosii
2667 4759 2930 4833 episcOpi
2957 4758 3032 4815 de
3063 4759 3337 4816 Excessu
3367 4759 3578 4835 Satyri
3602 4753 3790 4815 fratris
3806 4760 3884 4841 sat.

495 4854 558 4903 et
589 4849 665 4904 de
696 4849 1167 4906 Resurreetione
1195 4858 1581 4907 mortuorum.
1614 4850 1680 4905 In
1710 4850 2071 4923 quibusdam
2116 4852 2310 4905 tamen
2359 4848 2669 4904 codicibus
2717 4848 2912 4921 aliqua
2955 4849 3213 4904 varietas
3247 4852 3377 4918 est;
3410 4847 3648 4919 exempli
3676 4845 3896 4932 causai?

503 4937 804 4994 nonnullis
834 4938 947 4995 hoc
979 4940 1155 4995 modo
1185 4939 1535 4995 inscribitur
1567 4955 1583 4995 :
1634 4939 1893 4996 Flebilis
1938 4939 2305 5013 querimonta
2350 4937 2516 4994 beati
2561 4937 2874 4994 Ambrosii
2914 4939 3212 4994 antistitis
3250 4938 3324 4994 de
3365 4954 3608 4995 excessu
3635 4931 3894 5013 cbarisslwf

493 5028 591 5083 sui
618 5026 880 5091 fratris;
929 5029 1039 5084 sed
1084 5029 1144 5084 in
1189 5029 1488 5084 similibus
1531 5029 1813 5084 librarios
1862 5029 2118 5084 maxima
2162 5028 2401 5091 licentia
2432 5041 2579 5082 usos
2610 5027 2962 5098 reperimus.
2997 5027 3252 5100 Majoris
3290 5026 3643 5084 auctoritatis
3668 5022 3761 5085 est,

494 5116 870 5191 Augustinus
901 5118 1030 5190 (lib.
1064 5136 1103 5174 ιι
1136 5117 1222 5173 De
1238 5133 1411 5189 pecc.
1446 5118 1598 5188 orig.
1634 5132 1763 5186 cap.
1798 5118 1889 5187 41)
1921 5118 2142 5172 librum
2172 5116 2502 5172 secundum
2535 5116 2630 5171 his
2663 5116 2865 5172 verbis
2896 5116 3113 5189 allegat
3149 5134 3160 5171 :
3217 5116 3282 5171 In
3330 5133 3506 5190 apere
3544 5111 3679 5189 quod
3712 5100 3891 5191 scripsi!

491 5206 584 5262 De
598 5187 1127 5272 vResurreetione;
1157 5187 1474 5277 utrumque
1505 5187 1701 5261 autem
1733 5206 2091 5262 Ambrosius
2122 5206 2372 5273 (Enarr.
2405 5204 2571 5260 Psal.
2605 5222 2645 5275 ι,
2678 5221 2737 5259 ιι.
2769 5204 2862 5275 51)
2892 5204 3007 5260 isto
3025 5187 3307 5261 lemmate
3343 5187 3374 5261 ε’
3391 5205 3458 5260 In
3488 5187 3654 5261 libris
3683 5187 3889 5253 Consola-

499 5298 679 5353 tionis
726 5302 784 5352 et
832 5297 1344 5352 Resurrectionis.
1404 5296 1486 5350 De
1536 5296 1734 5365 priore
1782 5294 1967 5366 hujus
2019 5295 2436 5365 inscriptionis
2484 5297 2649 5365 parte
2698 5294 2965 5349 dicemus
3009 5295 3071 5348 in
3107 5295 3517 5349 Admonitione
3545 5292 3609 5346 ad
3636 5284 3888 5379 Gratim)?“-l

499 5387 574 5443 de
607 5386 785 5442 Obitu
832 5386 1253 5453 Valentiniani,
1289 5400 1447 5439 nunc
1496 5401 1637 5439 vero
1686 5386 1910 5439 tantum
1950 5384 2325 5440 monebimus
2375 5384 2674 5439 communi
2719 5383 2884 5438 titulo
2933 5384 3229 5438 sermonis
3262 5384 3654 5455 argumentum
3681 5367 3885 5455 liquidius

493 5475 719 5533 etl‘erri.
754 5474 921 5541 Quod
951 5474 1024 5530 ad
1053 5474 1284 5530 titulum
1318 5474 1568 5528 secundi
1598 5474 1755 5543 libri,
1790 5474 1913 5528 fere
1943 5474 1997 5528 is
2028 5474 2357 5543 concipitur
2402 5474 2464 5528 in
2504 5473 2663 5527 illam
2697 5473 2947 5528 formam
2980 5491 2992 5528 :
3039 5472 3126 5527 De
3169 5472 3286 5528 [ide
3331 5446 3885 5552 Itesurrectionis,m\'9l

495 5565 586 5622 De
634 5565 1090 5621 resurrectione
1137 5570 1535 5629 mortuorum;
1582 5566 1641 5619 et
1680 5541 1816 5618 eum
1865 5567 2066 5636 aptum
2109 5580 2249 5621 esse
2291 5566 2468 5636 atque
2519 5579 2849 5637 congruum
2898 5563 3215 5634 prmmissa
3255 5563 3517 5635 analysis
3546 5555 3771 5631 ejusdem
3794 5541 3883 5598 111’“

502 5655 678 5723 plane
708 5654 1029 5711 convincit.
3655 5732 3683 5738 ,,
3792 5730 3845 5738 ι-
3867 5730 3873 5738 .

560 5741 713 5798 Illud
743 5742 946 5815 operis
979 5758 1051 5801 eo
1083 5743 1216 5815 ipso
1249 5758 1402 5800 anno
1434 5743 1829 5815 compositum
1861 5742 2074 5814 fuisse,
2106 5757 2224 5815 quo
2257 5741 2503 5815 Satyrus
2533 5742 2811 5816 migravit
2840 5742 2913 5799 ad
2942 5756 3221 5819 superos,
3264 5740 3494 5798 inficias
3540 5732 3705 5820 iverit,
3724 5730 3874 5820 11990}

450 5872 455 5879 .
496 5828 607 5885 sed
635 5814 815 5901 quoto
844 5847 997 5889 anno
1025 5814 1158 5891 haec
1187 5832 1396 5890 eadem
1427 5814 1593 5890 mors
1624 5830 1916 5904 inciderit,
1951 5814 2272 5888 obscurius
2320 5835 2431 5890 est.
2484 5814 2781 5891 Beronius
2831 5814 3105 5891 eumdem
3149 5832 3257 5906 illi,
3303 5848 3478 5907 quem
3519 5823 3648 5887 cadi
3671 5814 3874 5877 Gram"
