4098 6178
198 331 358 395 1345
1008 328 1122 394 DE
1159 323 1547 394 EXCESSU
1590 325 1816 392 FRAT

2021 323 2138 392 SUI
2184 321 2491 391 SATYRI
2534 325 2694 392 LIB.
2743 323 2791 390 Ῑ.
3479 329 3639 396 1346

197 539 578 596 tribuendum
607 539 788 610 putat,
826 538 883 592 id
914 540 1006 593 est
1035 536 1171 606 388;
1206 551 1492 606 suamque
1524 534 1859 605 opinionem
1891 535 2025 590 inde
2057 534 2395 604 communit,
2431 551 2548 606 quo
2580 534 2721 591 belli
2751 536 2925 608 atque
2961 534 3358 593 Barbarorum
3386 537 3680 615 timorem,

201 631 276 684 de
308 644 424 699 quo
457 628 552 681 hic
583 627 797 698 agitur,
835 625 948 680 alio
982 625 1194 679 referri
1222 639 1405 694 posse
1437 636 1555 677 non
1588 623 1902 691 existimat,
1937 624 2054 677 nisi
2084 624 2156 678 ad
2187 623 2590 694 irruptionem,
2626 640 2798 696 quam
2832 625 3122 680 exstincto
3155 630 3476 683 memorato
3512 630 3679 699 prin-

202 720 351 788 cipe,
406 715 697 770 Maximus
746 715 924 769 Italiae
972 713 1366 767 minitabatur.
1403 713 1838 781 Verumtamen,
1892 715 2286 782 praeterquam
2334 713 2488 784 quod
2538 728 2730 783 neque
2783 713 3096 784 Maximus,
3148 731 3337 786 neque
3380 717 3686 789 Eugenius

197 797 498 860 Barbaros
551 804 757 874 quales
807 804 1002 872 priore
1053 803 1204 856 libro
1251 800 1536 856 describit
1587 805 1829 854 sanctus
1879 802 2122 871 praesul,
2175 818 2379 854 secum
2419 801 2744 855 adduxisse
2777 818 3026 872 usquam
3060 804 3355 876 leguntur,
3391 809 3686 877 quomodo

198 895 356 950 idem
406 893 770 947 Ambronius
803 896 904 946 aut
935 891 1286 945 mentionem
1316 893 1434 944 tam
1483 891 1738 944 recentis
1771 890 1996 944 doloris
2029 890 2535 959 praetermisisset,
2570 894 2667 944 aut
2695 893 2814 943 tam
2848 891 3096 946 ﬁdenter
3128 893 3188 946 in
3221 893 3457 948 domum
3491 912 3683 971 suam,

199 982 489 1055 quidquid
540 982 854 1035 timebatur
903 981 1199 1047 omnibus,
1249 979 1510 1032 fraterna
1554 982 1739 1032 morte
1789 994 2144 1034 conversum
2195 993 2332 1032 esse
2384 982 2556 1050 atque
2590 979 2888 1048 expiatum
2919 981 3360 1050 pronuntiasset
3382 985 3409 1037 ‘P
3439 987 3685 1042 Accedit

199 1073 362 1144 quod
393 1087 524 1125 cum
555 1070 746 1140 Satyri
776 1070 1210 1140 navigationem
1244 1066 1618 1121 Ambrosiani
1654 1068 2028 1137 pontiﬁcatus
2061 1067 2221 1120 initio
2255 1071 2595 1136 susceptam
2626 1083 2764 1122 esse
2798 1067 2940 1121 illud
2975 1069 3238 1137 suadeat,
3281 1072 3438 1141 quod
3479 1074 3539 1128 in
3588 1091 3687 1131 oc-

202 1163 506 1216 casionem
538 1175 654 1213 non
688 1157 958 1212 solvendi
990 1157 1169 1214 debiti
1199 1155 1465 1210 eamdem
1498 1155 1799 1210 Ambrosii
1831 1156 2174 1226 dignitatem
2205 1156 2473 1210 trahebat
2505 1157 2784 1226 Prosper,
2830 1173 3084 1228 eumque
3127 1158 3398 1228 Satyrum
3447 1161 3507 1216 in
3555 1163 3685 1233 ipso

204 1251 396 1306 aetatis
429 1249 572 1303 flore
603 1247 956 1301 Ambrosius
990 1246 1286 1302 sublatum
1318 1247 1515 1298 narret
1545 1243 1668 1313 (lib.
1703 1261 1741 1313 ι,
1777 1261 1834 1298 n.
1869 1244 1990 1314 31);
2024 1259 2094 1298 ex
2127 1243 2222 1297 his
2255 1244 2478 1301 clarum
2509 1244 2571 1298 ﬁt
2600 1245 2850 1299 bellicos
2884 1244 3017 1300 illos
3047 1249 3240 1300 motus
3283 1263 3349 1300 ac
3376 1247 3686 1316 Barbaro-

198 1355 333 1394 rum
365 1337 555 1391 minas
587 1351 720 1393 cum
751 1335 927 1389 exitio
962 1333 1226 1392 Valentis
1256 1331 1627 1403 imperatoris
1661 1347 1813 1386 anno
1844 1331 1968 1400 3'18,
2003 1350 2059 1385 IV
2093 1331 2220 1386 Kal.
2253 1331 2413 1403 Sept.
2446 1333 2504 1386 in
2535 1333 2772 1404 tugurio
2793 1333 3108 1402 combusti,
3143 1336 3336 1407 magis
3359 1339 3680 1411 quadrare;

200 1427 314 1482 hac
347 1425 502 1480 enim
533 1427 878 1494 tempestate
912 1423 1125 1496 ingens
1155 1438 1188 1474 a
1220 1421 1499 1475 Barbaris
1528 1423 1721 1475 metus
1755 1419 1977 1476 Italiam
2011 1437 2077 1474 ac
2109 1420 2336 1475 vicinas
2368 1423 2708 1490 provincias
2754 1423 2991 1476 invasit.
3045 1421 3412 1493 Quapropter
3458 1431 3687 1483 utrum-

202 1531 318 1587 que
350 1515 506 1568 hunc
537 1513 750 1568 librum
782 1527 934 1566 anno
963 1509 1318 1581 insequenti,
1353 1509 1467 1564 hoc
1499 1511 1591 1563 est
1617 1507 1743 1576 3'79,
1777 1509 2062 1578 scriptum
2094 1525 2230 1564 esse
2263 1509 2405 1563 nulli
2438 1508 2773 1565 dubitamus
2800 1527 2813 1580 ;
2849 1511 3023 1583 idque
3055 1513 3167 1566 sub
3201 1515 3425 1569 aestatis
3459 1516 3687 1574 initium

201 1603 533 1674 contigisse
568 1603 915 1672 argumento
947 1602 1057 1663 est,
1094 1599 1250 1670 quod
1281 1598 1638 1654 Ambrosius
1669 1597 1910 1652 fratrem
1943 1601 1999 1653 et
2029 1614 2134 1669 per
2163 1597 2412 1653 hiberna
2442 1597 2666 1671 frigora
2697 1600 3040 1672 navigasse,
3084 1603 3140 1655 et
3172 1603 3378 1672 paucis
3417 1620 3450 1660 a
3496 1608 3688 1664 reditu

199 1691 514 1747 mensibus
548 1690 859 1760 expirasse
891 1691 1164 1743 testatum
1199 1687 1356 1742 facit.

273 1779 517 1852 Antiqui
549 1779 733 1834 moris
768 1778 876 1832 fuit
907 1778 1059 1848 apud
1089 1776 1512 1845 Athenienses,
1548 1777 1610 1830 ut
1644 1775 1743 1846 qui
1775 1791 1882 1846 pro
1911 1775 2097 1844 patria
2130 1773 2360 1828 fortiter
2408 1774 2740 1830 dimicando
2791 1775 3238 1846 occubuissent,
3288 1779 3524 1849 publica
3568 1783 3695 1839 lau-

203 1869 438 1924 datione
471 1868 922 1934 honorarentur,
968 1865 1461 1937 quemadmodum
1489 1863 1654 1919 Plato
1686 1869 1891 1919 auctor
1920 1868 2012 1918 est
2040 1863 2100 1916 in
2131 1864 2468 1918 .llenexeno
2492 1884 2508 1923 .-
2543 1864 2791 1919 Romani
2825 1879 2965 1918 vero
2998 1865 3264 1946 illustres
3311 1868 3478 1924 viros
3517 1874 3691 1944 atque

203 1959 456 2014 feminas
489 1957 697 2012 eodem
728 1957 953 2010 honore
985 1953 1517 2026 prosequebantur,
1554 1969 1728 2024 quam
1762 1952 2251 2008 consuetudinem
2282 1968 2314 2006 a
2353 1952 2420 2007 P.
2454 1952 2581 2006 Val.
2625 1952 2931 2006 Publicola
2983 1953 3250 2023 consule,
3303 1956 3404 2027 qui
3451 1957 3694 2016 Junium

204 2047 494 2120 collegam
525 2045 764 2117 publice
794 2045 1070 2112 laudavit,
1107 2046 1374 2097 exortam
1406 2057 1544 2096 esse
1575 2041 1900 2096 observant
1931 2041 2221 2095 historici.
2257 2039 2374 2095 Sed
2401 2041 2732 2112 antiquiora
2761 2041 2953 2096 adhuc
2975 2041 3248 2113 ejusdem
3267 2044 3414 2099 ritus
3437 2049 3691 2121 vestigia

205 2140 441 2192 exstant
475 2137 533 2189 in
565 2134 762 2188 Libris
794 2133 1010 2187 sacris.
1044 2131 1194 2185 Nam
1225 2130 1318 2186 vel
1353 2130 1593 2184 Davidis
1623 2130 1894 2200 planctus
1925 2144 2107 2198 super
2137 2129 2311 2183 Saule
2342 2145 2410 2182 ac
2441 2130 2714 2199 Jonatha,
2753 2131 2852 2200 qui
2885 2130 3040 2184 libro
3083 2131 3132 2185 II
3178 2132 3408 2204 Regum
3449 2135 3637 2204 capite
3669 2155 3690 2192 ι

204 2223 568 2278 describitur
600 2239 611 2275 :
649 2219 742 2274 vel
776 2219 1049 2274 Jeremiae
1080 2219 1334 2272 lamenta
1365 2232 1548 2288 super
1578 2217 1743 2271 Josia
1773 2233 1936 2288 rege,
1971 2216 2043 2271 de
2077 2217 2294 2288 quibus
2323 2216 2476 2271 libro
2510 2216 2556 2270 II
2595 2217 3104 2289 Paralipomenon,
3149 2220 3289 2292 quid
3327 2224 3484 2278 aliud
3527 2228 3686 2296 sunt,

203 2313 320 2367 nisi
351 2311 635 2365 funebres
668 2309 1078 2364 laudationes?
1107 2307 1241 2361 Non
1269 2307 1450 2378 igitur
1480 2305 1690 2360 mirum
1722 2306 1909 2360 videri
1942 2306 2134 2374 debet,
2169 2307 2221 2361 si
2254 2309 2336 2361 tot
2366 2308 2665 2362 orationes
2699 2307 2758 2362 in
2789 2307 3021 2362 laudem
3039 2323 3264 2380 eorum,
3301 2327 3429 2366 Sive
3451 2314 3551 2385 qui
3581 2331 3690 2384 pro

205 2401 427 2455 Christi
477 2400 589 2454 ﬁde
638 2415 705 2452 ac
753 2397 988 2452 nomine
1035 2396 1388 2467 sanguinem
1437 2395 1866 2465 profudissent,
1903 2396 2030 2450 sive
2071 2395 2172 2465 qui
2199 2396 2480 2450 virtutum
2513 2395 2885 2467 singularum
2936 2397 3254 2467 splendore
3286 2399 3686 2458 Christianum

203 2506 420 2546 nomen
452 2488 938 2556 illustravissent,
974 2486 1189 2541 habitae
1223 2484 1593 2556 reperiantur
1621 2484 1775 2554 apud
1810 2484 2013 2538 Patres
2043 2484 2332 2538 Ecclesiae
2364 2484 2588 2539 ercae
2620 2501 2689 2539 ac
2724 2484 2986 2556 Latinae;
3020 2485 3137 2541 sed
3170 2487 3312 2543 illud
3341 2488 3492 2545 forte
3525 2491 3686 2547 vide-

199 2579 362 2633 bitur
392 2577 768 2645 insolentius,
806 2575 963 2647 quod
995 2575 1196 2628 fratris
1226 2573 1434 2627 laudes
1464 2573 1646 2626 frater
1677 2574 1806 2643 ipse
1837 2572 2138 2627 celebrare
2171 2589 2506 2645 aggressus
2541 2573 2735 2628 fuerit.
2774 2575 2995 2630 Verum
3039 2575 3373 2632 clarissima
3419 2582 3690 2652 exempla

205 2667 388 2722 habet
418 2666 796 2732 Ambrosius,
832 2664 1050 2736 quibus
1084 2679 1150 2718 se
1184 2662 1476 2717 defendat.
1510 2662 1797 2732 Namque,
1832 2663 1895 2716 ut
1924 2661 2258 2714 omittamus
2292 2660 2435 2715 illud
2469 2661 2735 2732 profanis
2767 2678 2882 2716 usu
2915 2664 3178 2735 venisse,
3224 2669 3286 2719 ut
3335 2669 3532 2739 magni
3573 2671 3688 2725 viri

202 2760 571 2811 mortuorum
601 2754 715 2808 sibi
749 2752 1086 2807 arctissimo
1121 2750 1560 2822 conjunctionis
1593 2766 1749 2804 nexu
1781 2749 2185 2820 copulatorum
2216 2750 2613 2805 encomiastas
2647 2767 2712 2806 se
2742 2753 3126 2822 praebuerint,
3161 2754 3320 2826 quod
3347 2756 3566 2813 factum
3605 2760 3688 2815 le-

200 2847 368 2918 gitur
401 2862 432 2898 a
463 2844 619 2899 Julio
654 2842 914 2910 Caesare,
949 2842 1048 2912 qui
1085 2841 1298 2896 Juliam
1329 2841 1562 2894 amitam
1595 2842 1652 2894 et
1682 2839 2014 2895 Corneliam
2043 2855 2287 2893 uxorem
2317 2838 2583 2894 laudant
2616 2856 2647 2895 θ
2676 2857 2838 2896 more
2861 2859 2973 2914 pro
3021 2845 3262 2914 rostris,
3317 2849 3382 2900 ut
3425 2847 3502 2901 ait
3545 2849 3690 2906 Sue-

202 2933 405 2989 tonius
440 2933 499 2986 in
532 2931 665 3002 ejus
698 2931 869 2998 Vita;
901 2932 963 2983 ut
992 2929 1320 3000 Gregorius
1351 2928 1779 2998 Nazianzenus,
1817 2928 1992 2999 cujus
2027 2930 2324 2983 orationes
2356 2931 2415 2984 in
2468 2930 2676 3000 patris,
2733 2929 2932 2986 fratris
2981 2949 3049 2987 ac
3093 2932 3323 2988 sororis
3375 2935 3686 2996 funeribus

203 3023 376 3078 dictae
411 3022 751 3091 supersunt,
787 3018 1104 3072 Ambrosio
1139 3016 1416 3072 sufﬁcere
1450 3020 1655 3087 posset
1687 3017 1758 3071 ad
1791 3017 2181 3087 patrocinium
2219 3032 2230 3072 :
2265 3020 2472 3088 postea
2509 3035 2651 3074 vero
2695 3022 2752 3074 et
2795 3019 3148 3094 Gregorium
3201 3027 3257 3078 et
3302 3025 3686 3085 Ambrosium

209 3110 550 3166 Bernardus
582 3109 638 3162 in
671 3107 960 3162 laudando
992 3106 1238 3162 Girardo
1273 3106 1452 3160 fratre
1486 3106 1744 3160 imitatus
1778 3109 1888 3160 est.

276 3197 765 3261 Admonebimus,
799 3200 1111 3266 antequam
1143 3195 1213 3249 de
1241 3195 1441 3249 tabula
1471 3211 1681 3249 manus
1714 3193 1969 3263 tollatur,
2004 3193 2335 3266 Dungalum
2361 3211 2390 3248 a
2423 3194 2684 3250 librariis
2707 3197 3082 3268 quibusdam,
3119 3199 3217 3270 qui
3249 3198 3323 3255 ob
3346 3203 3688 3264 nonnullam

203 3289 537 3362 argumenti
569 3287 911 3340 afﬁnitatem
943 3285 1160 3339 librum
1193 3284 1282 3337 De
1312 3283 1607 3338 Paradiso
1637 3283 1731 3337 his
1763 3283 1995 3338 duobus
2027 3283 2197 3337 libris
2230 3300 2344 3338 una
2395 3283 2863 3356 descripserunt,
2915 3289 3243 3359 deceptum,
3295 3292 3567 3349 eumdem
3612 3296 3687 3350 li-

202 3380 375 3434 brum
406 3382 680 3448 tanquam
713 3377 945 3430 tertium
978 3373 1048 3428 de
1090 3373 1270 3427 .vIorte
1300 3371 1494 3443 Satyri
1527 3371 1909 3444 allegavisse,
1945 3373 2004 3426 in
2036 3389 2152 3443 quo
2186 3374 2381 3442 ipsum
2415 3375 2681 3446 graviter
2707 3374 3108 3431 hallucinasse
3139 3393 3311 3433 nemo
3333 3396 3450 3435 non
3472 3382 3686 3443 videat.

203 3467 372 3532 Quod
404 3469 595 3519 autem
626 3463 697 3518 ad
731 3461 1092 3534 epitaphium
1121 3460 1194 3515 ab
1225 3475 1295 3515 eo
1327 3463 1736 3530 memoratum,
1772 3461 1901 3517 haec
1933 3460 2068 3532 ejus
2101 3462 2282 3516 verba
2314 3465 2453 3517 sunt
2484 3463 2801 3519 Ambrosio
2834 3467 3040 3520 nostro
3073 3465 3206 3536 (Ioc.
3243 3483 3369 3540 sup.
3406 3470 3535 3536 cit.)
3568 3489 3687 3532 non

209 3557 382 3611 dlane
415 3555 656 3627 indigna
693 3569 704 3608 :

1044 3649 1236 3710 Uranie
1268 3647 1781 3710 Satyrosupr‘emum
1807 3649 1965 3710 frater
1990 3649 2239 3696 honorem

1142 3708 1387 3772 Martyris
1411 3709 1479 3774 (1)
1507 3708 1570 3758 ad
1601 3708 1784 3758 laevam
1808 3709 1993 3759 detulit
2016 3711 2352 3761 Ambrosiu.

1047 3770 1176 3837 Haec
1198 3770 1367 3837 meriti
1398 3770 1616 3831 merces,
1641 3779 1698 3821 ut
1723 3773 1862 3837 sacri
1889 3774 2167 3837 sanguinis
2187 3775 2375 3823 humor

1140 3835 1415 3885 Finitimas
1439 3840 1717 3897 penetrans
1742 3835 1903 3885 alluat
1927 3835 2162 3884 exuvias.

269 3931 335 3995 (l)
371 3928 550 3980 Sancti
578 3925 813 3978 Victoris
836 3923 1102 3974 videlicet.

829 4198 1730 4377 SANCTI
1866 4201 3086 4379 AMBROSII
3204 4258 3211 4266 -

1390 4442 2083 4530 MEDIOLANENSIS
2145 4442 2531 4530 EPISCOPI

728 4642 913 4754 DE
997 4639 1626 4756 EXCESSU
1701 4641 2302 4757 FBATBIS
2365 4642 2589 4757 SUI
2668 4639 3178 4781 SATYBI

1670 4861 1900 4923 LIBRI
1945 4863 2120 4927 DUO
2168 4865 2254 4941 (2)
2751 4877 2760 4890 λ

1513 5097 1866 5180 LIBER
1922 5099 2384 5186 PRIMUS.

315 5363 506 5430 1113
554 5373 606 5428 1.
649 5370 1037 5443 Deduximus,
1093 5370 1307 5429 fratres
1353 5372 1748 5443 dilectissimi,
1799 5375 1902 5431 ho-
1935 5359 1991 5418 Α
2021 5375 2366 5445 placentem,
2401 5368 2679 5432 domnum
2711 5377 2766 5434 et
2786 5374 3023 5437 fratrem
3055 5375 3132 5454 (3)
3170 5397 3363 5438 meum
3385 5379 3676 5456 Satyrum.

233 5465 409 5519 stiam
437 5479 647 5534 meam,
672 5463 927 5519 hostiam
945 5462 1478 5533 incontaminatam,
1504 5464 1758 5518 hostiam
1781 5465 1903 5519 Deo
2019 5465 2400 5522 Memineram
2429 5481 2569 5523 esse
2599 5469 2923 5541 mortalem,
2957 5486 3066 5526 nec
3098 5471 3303 5526 fefellit
3325 5472 3540 5542 opinio,
3575 5471 3683 5526 sed

329 5614 386 5685 2)
423 5614 636 5686 Seripti
669 5629 823 5670 anno
851 5611 977 5670 8'79.
2018 5615 2300 5686 fratrem;
2350 5617 2449 5673 alii
2496 5633 2646 5674 mss.
2697 5619 2899 5690 plures
2939 5622 2998 5674 et
3065 5622 3307 5689 otiores,
3347 5643 3367 5668 ι
3400 5621 3682 5677 domuum

305 5615 386 5762 £3)
424 5685 644 5743 Omnes
675 5686 814 5744 edit.
847 5699 916 5743 ac
947 5700 1095 5742 mss.
1129 5685 1419 5761 nonnulli,
1457 5709 1479 5735 α
1513 5685 1815 5745 dominum
1845 5690 1904 5746 et
2018 5691 2078 5746 et
2104 5689 2365 5748 fratrem.
2400 5713 2423 5740 η
2457 5689 2748 5749 Observat
2777 5694 2971 5748 autem
3011 5637 3330 5749 ﬁenardus
3367 5695 3574 5752 noster
3617 5693 3680 5757 in

331 5685 386 5761 3)
424 5685 644 5743 Omnes
675 5686 814 5744 edit.
847 5699 916 5743 ac
947 5700 1095 5742 mss.
1129 5685 1419 5761 nonnulli,
1457 5709 1479 5735 α
1513 5685 1815 5745 dominum
1845 5690 1904 5746 et
2018 5691 2078 5746 et
2104 5685 2365 5748 fratrem.
2400 5713 2423 5740 η
2457 5685 2748 5749 Observét
2777 5694 2971 5748 autem
3011 5685 3330 5749 Menardus
3367 5695 3574 5752 noster
3617 5693 3680 5757 in
