4098 6178
258 340 420 408 1949
1089 330 1202 403 DE
1245 333 1631 406 EXCESSU
1674 329 2041 405 murus
2085 332 2223 405 sm
2256 294 2575 405 sA'rYRI
2620 336 2785 407 LIB.
2831 333 2883 407 ι.
3549 337 3710 407 1350

263 543 421 600 enim
449 543 609 597 totus
642 541 701 596 in
729 556 823 597 me
851 540 957 612 fui,
990 541 1098 597 sed
1128 541 1189 596 in
1218 541 1404 597 altero
1436 541 1625 597 nostri
1648 556 1791 613 pars
1814 556 1933 596 ma-
1952 523 2009 593 Α
2038 557 2159 597 non
2190 542 2389 596 omnis
2432 542 2793 597 infidelitatis
2834 543 2933 597 aut
2977 541 3334 598 infirmitatis
3372 544 3466 598 est
3501 543 3697 600 ﬂetus.

255 632 358 705 jor
385 632 762 685 ambrorum:
804 634 1052 702 uterque
1084 634 1276 685 autem
1316 645 1553 685 eramus
1584 631 1641 685 in
1671 630 1930 700 Christo,
2040 631 2211 685 Alius
2245 634 2335 685 est
2366 635 2591 686 natura:
2610 631 2797 701 dolor,
2822 632 2932 686 alia
2955 636 3047 686 est
3069 632 3308 687 tristitia
3328 632 3699 690 diffidentiae:

261 723 320 776 in
343 739 459 793 quo
479 726 534 775 et
553 737 782 774 summa
804 719 1233 789 universitatis,
1258 724 1314 774 et
1346 723 1535 791 portio
1559 720 1933 792 singulorum
2041 723 2098 774 et
2138 720 2455 790 plurimum
2497 721 2679 775 refert
2717 720 3057 776 desiderare
3098 722 3254 793 quod
3296 722 3600 793 habueris,
3650 728 3705 778 et

266 817 379 866 est.
420 810 529 864 llic
564 810 703 863 mihi
736 810 999 864 tumulus
1034 809 1273 880 genitali
1304 810 1431 864 solo
1463 809 1703 881 gratior,
1740 809 1798 863 in
1815 825 1930 880 quo
2040 809 2247 880 lugere
2280 809 2437 880 quod
2482 809 2779 864 amiseris.
2816 811 2946 864 Non
2989 812 3156 866 solus
3198 811 3366 865 dolor
3410 812 3704 882 lacrymas

260 916 379 955 non
410 906 501 953 na‘
516 916 657 965 une,
700 898 806 952 sed
857 899 1067 970 gratim
1112 914 1257 952 mem
1297 899 1525 953 fructus
1556 902 1681 967 est;
1728 898 1785 952 in
1816 899 1931 953 isto
2040 897 2245 967 habet;
2281 898 2458 953 habet
2486 902 2541 953 et
2571 899 2769 953 laetitia
2802 900 3091 971 lacrymas
3124 916 3287 969 suas,
3312 904 3368 955 et
3398 901 3585 970 pietas
3604 902 3706 957 tle-

258 991 417 1044 enim
438 1003 711 1058 corpore,
738 988 897 1057 quod
920 1003 1074 1041 nunc
1091 986 1932 1058 examinumjacet,praestan-
2036 988 2160 1040 tum
2204 987 2437 1056 excitat,
2485 990 2542 1042 et
2586 988 2770 1042 oratio
2822 991 3066 1043 stratum
3116 990 3286 1061 rigat,
3321 995 3377 1044 et
3418 991 3700 1062 precatio,

260 1080 379 1133 tior
415 1079 555 1132 vitze
596 1092 743 1131 meae
781 1077 1042 1146 functio;
1082 1077 1217 1147 quia
1260 1076 1319 1131 in
1352 1076 1464 1131 hoc
1504 1092 1739 1149 quoque
1778 1076 1934 1147 quod
2030 1073 2201 1146 juxta
2234 1076 2641 1145 propheticum
2669 1077 2784 1148 (1⁸7)
2818 1078 3034 1132 dictum
3073 1078 3260 1147 (Psel.
3295 1095 3373 1149 vx,
3407 1080 3480 1149 Ἴ),
3515 1080 3699 1135 lectu-

260 1183 408 1241 gero
440 1180 712 1236 corpore,
745 1166 988 1219 uberior
1017 1165 1100 1218 tui
1131 1165 1349 1235 portio.
2035 1164 2156 1218 lum
2206 1165 2379 1219 lavat.
2416 1164 2707 1220 Fecerunt
2754 1170 2810 1220 et
2859 1167 3056 1221 ﬂetum
3098 1184 3377 1240 magnum
3429 1170 3522 1224 sui
3570 1184 3704 1225 cum

336 1256 390 1310 Ἳ.
417 1257 607 1326 Atque
627 1254 847 1308 utinam
864 1258 926 1307 ut
948 1255 1267 1323 memoriae,
1292 1258 1355 1309 ut
1384 1254 1623 1327 gratim;
1654 1255 1733 1308 ita
1762 1254 1934 1308 etiam

266 1346 405 1399 vitae
433 1348 549 1399 tua:
582 1343 695 1398 hoc
725 1342 1012 1413 quidquid
1034 1346 1145 1412 est,
1179 1343 1336 1414 quod
1359 1345 1683 1415 spiramus,
1708 1344 1935 1413 spirare

265 1448 587 1505 possemus
638 1432 779 1502 (14),
830 1431 1253 1504 dimidiumque
1313 1448 1577 1489 meorum
1637 1431 1936 1487 decideret

266 1527 622 1592 temporum,
655 1520 812 1592 quod
841 1521 912 1575 ad
947 1525 1177 1575 tuorum
1221 1521 1533 1591 proficeret
1562 1518 1769 1581 usum!
1824 1521 1936 1575 Par

266 1611 426 1666 enim
456 1615 603 1680 erat,
628 1614 690 1664 ut
719 1610 937 1681 quibus
969 1609 1287 1664 indivisum
1328 1625 1566 1679 semper
1603 1609 1711 1664 fuit
1748 1610 1934 1680 patri-

266 1700 529 1755 monium
565 1698 926 1768 facultatum,
969 1714 1086 1754 non
1126 1703 1289 1754 esset
1335 1700 1471 1753 vitae
1515 1702 1748 1769 tempus
1780 1698 1933 1753 divi-

268 1805 402 1845 sum
430 1787 582 1860 (15):
625 1787 722 1843 vel
753 1791 913 1843 certe
953 1788 1054 1859 qui
1086 1788 1421 1843 indistincta
1455 1803 1694 1859 semper
1722 1788 1934 1843 habui-

2035 1252 2389 1323 patriarchm
2432 1255 2845 1325 sepelirentur.
2893 1256 3196 1327 Lacrymm
3245 1273 3420 1329 ergo,
3467 1258 3702 1328 pietatis

2034 1342 2283 1410 indices,
2319 1357 2436 1397 non
2468 1343 2658 1398 illices
2691 1348 2828 1399 sunt
2868 1345 3115 1400 doloris.
3151 1347 3498 1417 Lacrymavi
3529 1364 3699 1420 ergo,

2036 1429 2244 1501 fateor,
2265 1431 2438 1486 etiam
2461 1448 2595 1505 ego,
2621 1434 2727 1488 sed
2749 1434 3093 1505 lacrymavit
3114 1440 3171 1489 et
3202 1435 3484 1491 Dominus
3509 1437 3698 1506 (Joan.

2036 1536 2115 1588 xi,
2147 1520 2259 1590 35).
2297 1519 2398 1575 Ille
2429 1521 2704 1593 alienum,
2739 1538 2851 1595 ego
2892 1524 3169 1580 fratrem:
3222 1524 3318 1579 ille
3357 1525 3415 1579 in
3457 1541 3572 1581 uno
3615 1526 3701 1581 la-

2036 1608 2325 1679 crymavit
2365 1624 2592 1679 omnes,
2644 1626 2756 1683 ego
2805 1613 2865 1667 in
2920 1612 3196 1668 omnibus
3241 1613 3579 1686 lacrymabo
3623 1619 3700 1686 te,

2036 1695 2238 1751 frater.

2109 1785 2196 1840 11.
2231 1785 2333 1841 Ille
2364 1790 2590 1856 nostro,
2621 1803 2739 1842 non
2768 1805 2879 1844 suo
2910 1788 3255 1861 lacrymavit
3298 1789 3545 1861 affectu;
3594 1809 3700 1849 ne-

264 1895 401 1933 mus
444 1876 683 1932 vivendi
723 1878 1045 1947 consortia,
1090 1893 1206 1932 non
1248 1876 1609 1933 haberemus
1659 1877 1934 1932 distincta
1954 1902 2011 1974 Β
2039 1890 2153 1947 que
2182 1875 2337 1930 enim
2366 1874 2642 1931 divinitas
2669 1876 2961 1949 lacrymas
2985 1877 3197 1934 habet:
3232 1880 3338 1935 sed
3356 1880 3703 1953 lacrymavit

266 1967 557 2023 moriendi
589 1966 724 2037 (16).
1760 1992 1763 1993 ν
1954 1962 2006 1974 “’
2040 1980 2110 2021 eo
2138 1962 2272 2034 (18),
2305 1979 2421 2036 quo
2466 1965 2655 2019 tristis
2697 1964 2805 2020 fuit
2845 1966 3084 2036 (Matth.
3138 1985 3297 2040 xxw,
3334 1968 3463 2040 88):
3514 1970 3705 2043 lacry-

338 2057 392 2112 8.
426 2057 598 2111 Nunc
629 2072 794 2125 vero,
830 2054 1034 2124 frater,
1058 2070 1175 2127 quo
1196 2056 1539 2128 progediar,
1571 2070 1764 2128 quove
1790 2071 1936 2111 con-
2037 2054 2218 2108 mavit
2266 2068 2358 2123 eo,
2409 2069 2527 2124 quo
2574 2054 2902 2109 crucifixus
2942 2059 3052 2125 est,
3095 2072 3212 2128 quo
3253 2063 3543 2129 mortuus,
3587 2075 3705 2132 quo

265 2147 511 2201 vertar?
534 2146 652 2200 Bos
675 2144 887 2199 bovem
907 2145 1173 2216 requirit,
1201 2160 1389 2216 seque
1409 2161 1524 2200 non
1548 2150 1730 2201 totum
1751 2149 1932 2216 putat,
2040 2142 2308 2214 sepultus
2326 2144 2445 2197 est:
2479 2142 2824 2214 lacrymavit
2856 2144 2918 2198 in
2948 2159 3038 2214 eo,
3065 2144 3137 2200 de
3171 2162 3288 2217 quo
3320 2144 3495 2202 hodie
3527 2148 3704 2204 nobis

270 2239 328 2290 et
358 2234 652 2305 frequenti
668 2234 895 2306 mugitu
918 2234 1077 2304 pium
1106 2237 1357 2288 testatur
1386 2249 1667 2304 amorem,
1704 2234 1757 2288 si
1786 2234 1937 2289 forte
2036 2231 2361 2287 insinuavit
2389 2232 2702 2301 Propheta,
2736 2232 2979 2288 dicens:
3033 2256 3055 2281 α
3108 2233 3296 2290 Mater
3340 2235 3479 2291 Sion
3512 2236 3703 2296 dicet:

271 2323 556 2378 defecerit
585 2338 718 2376 cum
746 2338 862 2393 quo
895 2322 1114 2377 ducere
1154 2322 1305 2377 collo
1354 2326 1548 2377 aratra
1592 2325 1933 2378 consuevit:
2039 2321 2251 2390 Homo,
2283 2323 2339 2375 et
2370 2319 2546 2375 homo
2578 2320 2771 2375 factus
2802 2324 2895 2376 est
2932 2321 2992 2375 in
3042 2338 3131 2392 ea,
3165 2326 3222 2378 et
3267 2323 3396 2394 ipse
3440 2325 3708 2382 fundavit

270 2416 328 2467 et
359 2428 472 2484 ego
505 2416 579 2481 te,
614 2410 815 2480 frater,
846 2426 960 2465 non
1008 2411 1355 2482 requiram?
1394 2413 1509 2465 Aut
1538 2427 1787 2483 possum
1826 2427 1939 2466 un-
2038 2425 2166 2466 eam
2191 2408 2536 2463 Altissimus
2567 2409 2753 2478 (Psal.
2788 2426 3026 2480 Lxxxvi,
3064 2412 3141 2481 5).
3172 2435 3194 2459 ιι
3230 2411 3314 2467 Eo
3343 2412 3705 2487 lacrymavit,

270 2516 447 2573 quam
493 2499 765 2555 oblivisci
812 2499 916 2569 tui,
960 2516 1093 2554 cum
1135 2515 1251 2571 quo
1291 2500 1429 2555 vitae
1473 2499 1656 2572 hujus
1703 2515 1942 2571 semper
2039 2514 2157 2570 quo
2196 2501 2441 2552 matrem
2479 2496 2621 2551 Sion
2661 2497 2828 2568 dixit,
2863 2500 3104 2570 genitus
3142 2500 3203 2554 in
3240 2500 3467 2573 Judaea,
3501 2519 3711 2559 susce-

271 2594 465 2645 aratra
496 2588 751 2644 sustinui
779 2589 807 2643 ε)
857 2588 1085 2643 Labore
1117 2588 1380 2661 inferior,
1413 2590 1520 2644 sed
1560 2604 1759 2645 amore
1802 2606 1940 2645 con-
2038 2590 2177 2658 ptus
2208 2602 2283 2641 ex
2315 2586 2582 2658 Virgine.
2609 2585 2851 2641 Matrem
2883 2592 3078 2643 autem
3099 2590 3429 2645 secundum
3450 2592 3714 2647 divinita-

269 2679 569 2752 junctior:
622 2693 737 2731 non
783 2681 898 2731 tam
944 2694 1071 2731 mea
1109 2678 1325 2733 virtute
1365 2678 1603 2749 habilis,
1637 2695 1811 2750 quam
1844 2683 1942 2734 tua
2040 2679 2159 2732 tem
2189 2676 2410 2730 habere
2440 2691 2557 2730 non
2589 2676 2794 2747 potuit,
2820 2677 2958 2748 quia
2988 2680 3195 2733 auctor
3224 2684 3316 2734 est
3346 2681 3573 2736 matris.
3610 2680 3713 2737 ille

271 2767 548 2839 patientia
568 2766 915 2835 tolerabilis,
946 2757 1137 2821 1116
1162 2768 1258 2838 qui
1280 2768 1378 2838 pio
1397 2783 1633 2838 semper
1650 2768 1941 2823 sollicitus
2045 2766 2239 2821 factus
2277 2767 2370 2820 est
2408 2779 2526 2819 non
2574 2764 2772 2819 divina
2816 2768 3217 2837 generatione,
3266 2770 3374 2824 sed
3422 2769 3712 2841 humana;

273 2856 484 2912 affectu
514 2856 669 2911 latus
698 2871 893 2910 meum
924 2860 1024 2911 tuo
1054 2856 1237 2911 latere
1270 2857 1545 2926 sepiebas
1571 2873 1583 2912 :
1636 2857 1938 2927 charitate,

276 2952 343 3001 ut
374 2947 592 3001 frater:
627 2962 791 3015 cura,
825 2949 888 2999 ut
917 2949 1119 3016 pater;
1162 2945 1576 3017 sollicitudine,
1609 2951 1672 3002 ut
1702 2948 1939 3003 senior:

278 3035 630 3105 reverentia,
664 3040 727 3089 ut
749 3033 971 3106 junior.
1017 3035 1098 3089 Ita
1145 3035 1205 3089 in
1254 3036 1431 3090 unius
1479 3037 1941 3091 necessitudinis

276 3124 464 3197 gradu
497 3124 887 3193 complurium
914 3124 1059 3177 mihi
1088 3124 1595 3179 necessitudinum
1625 3125 1945 3179 officiaim-

276 3214 615 3284 pandebas;
655 3217 717 3267 ut
746 3212 804 3266 in
836 3217 891 3266 te
922 3228 1039 3268 non
1070 3229 1269 3283 unum,
1304 3214 1411 3268 sed
1450 3214 1653 3285 plures
1684 3215 1941 3269 amissos

279 3303 597 3374 requiram,
633 3302 693 3356 in
733 3317 848 3373 quo
883 3317 997 3356 uno
1038 3301 1309 3373 ignorata
1348 3304 1623 3373 adulatio,
1656 3319 1944 3374 expressa

278 3396 371 3447 est
400 3392 608 3462 pietas.
645 3391 851 3461 Neque
881 3392 1037 3445 enim
1078 3391 1341 3445 habebas
1370 3393 1529 3463 quod
1568 3393 1941 3449 simulatione

279 3480 552 3551 adderes,
587 3481 689 3552 qui
721 3484 902 3534 totum
932 3481 1144 3551 pietate
1166 3481 1721 3553 comprehenderes,
1754 3486 1816 3539 ut
1834 3499 1943 3539 nec

279 3571 639 3626 incrementa
670 3569 990 3640 receperis,
1023 3585 1131 3624 nec
1162 3570 1355 3625 vicem
1385 3573 1773 3641 exspectaris.

350 3658 405 3715 9.
437 3658 551 3714 Sed
584 3673 701 3730 quo
730 3659 1039 3713 immemor
1067 3657 1268 3728 ofﬁcii,
1302 3674 1528 3714 memor
1572 3661 1802 3732 gratiae,
1834 3660 1947 3715 im-

281 3748 509 3803 modico
542 3748 744 3802 dolore
776 3747 1175 3819 progredior?
1226 3748 1489 3803 Revocat
1516 3750 1861 3821 Apostolus,
1896 3755 1953 3806 et

280 3842 557 3909 tanquam
576 3836 783 3892 frenos
815 3837 1057 3892 mmrori
1083 3836 1326 3907 inducit,
1349 3836 1555 3892 dicens
1580 3838 1735 3893 sicut
1764 3854 1952 3909 nuper

280 3927 530 3982 audistis
557 3942 571 3983 :
611 3950 633 3974 ιι
669 3926 961 3981 Nolumus
992 3942 1103 3981 vos
1132 3926 1434 3999 ignorare,
1460 3926 1697 3999 fratres,
1720 3929 1792 3983 de
1814 3930 1948 3984 dor-

281 4016 602 4071 mientibus
627 4034 641 4082 ;
676 4020 738 4070 ut
767 4031 882 4070 non
913 4015 1119 4070 tristes
1150 4016 1307 4087 sitis,
1341 4015 1497 4071 sicut
1534 4020 1591 4071 et
1619 4018 1818 4073 caeteri
1848 4017 1948 4089 qui

286 4120 453 4176 spem
485 4120 600 4159 non
631 4103 847 4159 habent
878 4104 935 4175 (Ι
967 4104 1172 4175 Thess,
1207 4121 1285 4176 ιν,
1321 4105 1429 4176 12).
1467 4129 1489 4154 ιι
1525 4106 1666 4161 Date
1695 4106 1945 4175 veniam,

287 4193 503 4248 fratres
543 4192 904 4248 charissimi.
939 4192 1146 4265 Neque
1186 4193 1341 4249 enim
1380 4210 1587 4251 omnes
1624 4211 1949 4266 possumus

288 4283 485 4338 dicere
512 4301 523 4339 :
562 4306 584 4331 α
618 4283 949 4338 Imitatores
978 4283 1093 4337 mei
1122 4286 1331 4354 estote,
1363 4285 1519 4340 sicut
1548 4289 1607 4340 et
1635 4300 1747 4357 ego
1777 4284 1952 4340 Chri-

288 4372 364 4427 sti
394 4372 449 4443 (I
479 4372 616 4428 Cor.
647 4388 726 4442 iv,
759 4371 889 4443 16);
928 4392 951 4423 ι
987 4371 1095 4427 sed
1118 4372 1191 4427 ad
1212 4373 1554 4429 imitandum
1571 4375 1625 4428 si
1653 4378 1952 4430 auctorem

285 4460 824 4533 quaeritis,habetis
846 4477 1022 4533 quem
1050 4462 1296 4532 possitis
1329 4463 1565 4518 imitari.
1592 4463 1723 4519 Non
1746 4478 1953 4519 omnes

288 4550 361 4603 ad
392 4548 721 4603 docendum
751 4550 968 4620 idonei,
1002 4552 1222 4606 utinam
1252 4569 1458 4607 omnes
1500 4553 1572 4607 ad
1602 4553 1952 4609 discendum

288 4636 521 4693 habiles
546 4635 559 4692 Ι

361 4726 448 4781 10.
474 4727 548 4780 At
569 4741 685 4782 non
706 4742 953 4800 gravem
971 4727 1251 4802 lacrymis
1269 4729 1671 4786 contraximus
1689 4731 1949 4804 culpam:

362 4900 474 4977 (14)
500 4903 653 4987 Mss.
687 4905 985 4989 nonnulli,
1011 4929 1033 4955 κ
1069 4920 1380 4978 speramus
1412 4908 1692 4984 (quidam,
1724 4927 1829 4983 spe
1852 4928 1956 4984 pa-

292 4984 513 5048 ramus)
546 4994 790 5050 sperare
819 4984 1146 5050 possimus.
1184 5004 1205 5028 η

362 5051 474 5125 (15)
519 5050 799 5106 Nonnulli
839 5067 1011 5122 mss.,
1057 5074 1077 5099 ιι
1114 5051 1247 5109 Non
1286 5056 1448 5109 esset
1480 5054 1599 5109 vita
1628 5055 1685 5109 et
1724 5058 1954 5125 tempus

292 5120 568 5177 divisum.
607 5142 630 5171 ι

292 5192 479 5319 be(r16)
518 5192 720 5249 Codex
756 5193 1001 5265 Turon.,
1039 5216 1060 5243 α
1094 5192 1381 5252 Distincta
1419 5197 1708 5254 moriendi
1746 5203 1955 5254 contu-

405 5281 520 5319 ma.
558 5285 579 5314 ιι

405 5281 520 5319 ma.
558 5285 579 5314 ι

363 5335 476 5407 (17)
524 5337 695 5413 Rom.
747 5337 909 5410 edit.,
954 5359 978 5390 ι
1020 5342 1076 5395 et
1122 5336 1401 5411 lacryma,
1442 5340 1609 5413 juxta
1646 5342 1952 5413 propheti-

296 5407 607 5556 cuiiéfiii
635 5432 803 5536 "mss.
846 5481 1070 5556 plures,
1109 5496 1176 5556 ac
1210 5482 1617 5556 probatiores,
1659 5502 1690 5539 a
1737 5486 1955 5556 quibus

297 5556 412 5628 vet.
448 5549 586 5605 edit.
619 5567 735 5628 non
766 5549 1069 5628 recedunt,
1105 5549 1412 5625 nisi'quod
1439 5571 1546 5625 pro
1577 5549 1840 5628 lacrybia
1854 5563 1953 5620 vzt,

295 5621 516 5693 ubique
548 5622 871 5696 praeferunt
900 5621 1730 5696 Iacrymatus'estfnonnull'i
1765 5632 1959 5682 autem

294 5708 451 5772 mss,
479 5695 753 5772 «diem:
798 5696 958 5767 edit.,
1005 5695 1044 5772 «ᾗ
1072 5696 1179 5772 sed
1228 5696 1570 5772 lacrymavit
1616 5699 1679 5772 i_n_
1724 5713 1813 5770 eo,
1859 5698 1961 5772 qui

297 5764 491 5825 tristis
532 5764 676 5825 fuit:
726 5763 1073 5849 lacrvm'avit
1108 5767 1168 5827 in
1206 5781 1299 5844 eo,
1346 5763 1450 5849 qui
1488 5763 1809 5829 cruciﬁxus
1844 5763 1958 5849 e'et,

2046 2856 2183 2927 quia
2216 2854 2390 2908 homo
2421 2853 2614 2908 factus
2643 2857 2753 2923 est,
2789 2854 2947 2909 Deus
2977 2859 3150 2911 natus
3172 2861 3264 2912 est
3295 2858 3426 2929 (19).

2119 2943 2207 2997 12.
2241 2942 2339 2997 Sic
2370 2945 2427 2997 et
2455 2942 2593 2997 alibi
2639 2941 2855 3000 babes:
2913 2966 2935 2992 α
2969 2945 3129 3001 Puer
3170 2950 3343 3002 natus
3383 2952 3475 3003 est
3516 2949 3711 3019 nobis,

2048 3031 2234 3086 Filius
2265 3031 2438 3085 datus
2467 3034 2558 3085 est
2589 3032 2763 3086 nobis
2794 3032 2931 3102 (Isa.
2967 3050 3045 3104 ix,
3078 3034 3155 3104 6).
3192 3058 3214 3083 η
3249 3035 3313 3090 In
3341 3052 3526 3106 puero
3559 3039 3716 3094 enim

2050 3136 2264 3175 nomen
2307 3120 2518 3191 aetatis,
2566 3120 2626 3174 in
2678 3119 2826 3176 Filio
2872 3122 3173 3193 plenitudo
3217 3123 3541 3180 divinitatis
3600 3133 3712 3182 est.

2050 3208 2269 3264 Factus
2300 3224 2371 3263 ex
2403 3212 2607 3278 matre,
2643 3213 2817 3264 natus
2864 3226 2939 3265 ex
2978 3212 3188 3282 Patre;
3236 3212 3388 3268 idem
3438 3217 3631 3270 tamen
3660 3220 3718 3271 et

2050 3302 2222 3355 natus
2242 3301 2333 3354 est
2353 3302 2409 3353 et
2428 3299 2634 3354 datus:
2678 3314 2795 3353 non
2826 3299 3152 3372 diversum,
3177 3303 3284 3357 sed
3311 3318 3492 3358 unum
3520 3307 3715 3375 putes.

2052 3389 2222 3445 Unus
2255 3389 2411 3443 enim
2442 3388 2547 3442 Dei
2576 3388 2784 3458 Filius,
2818 3392 2876 3443 et
2904 3392 3076 3445 natus
3108 3406 3182 3445 ex
3221 3391 3413 3465 Patre,
3447 3397 3505 3449 et
3553 3398 3719 3450 ortus

2051 3494 2125 3535 ex
2155 3478 2421 3550 Virgine,
2454 3478 2693 3533 distanti
2726 3479 2951 3547 ordine,
2995 3479 3103 3534 sed
3142 3482 3202 3535 in
3245 3498 3427 3537 unum
3467 3498 3720 3539 concur-

2051 3572 2217 3623 rente
2248 3568 2483 3623 nomine
2513 3567 2649 3638 (20),
2683 3567 2838 3623 sicut
2883 3572 2939 3623 et
2985 3585 3260 3639 prmsens
3306 3572 3479 3628 lectio
3527 3572 3720 3645 docet,

2053 3658 2190 3729 quia
2226 3680 2246 3703 α
2280 3660 2336 3712 et
2368 3656 2543 3712 homo
2582 3657 2774 3713 factus
2814 3661 2908 3712 est
2946 3659 3006 3712 in
3054 3674 3143 3729 ea,
3179 3663 3235 3714 et
3280 3661 3408 3732 ipse
3457 3661 3723 3718 fundavit

2058 3738 2252 3801 1117
2292 3761 2421 3799 eam
2462 3745 2807 3800 Altissimus
2847 3745 3036 3817 (Psal.
3067 3764 3310 3820 Lxxxvx,
3354 3750 3430 3820 5).
3471 3772 3493 3799 ι
3545 3751 3721 3806 homo

2054 3834 2255 3905 utique
2289 3848 2561 3903 corpore,
2593 3833 2940 3890 Altissimus
2970 3840 3281 3907 potestate.
3317 3834 3443 3893 Etsi
3474 3839 3634 3895 Deus
3666 3843 3725 3896 et

2056 3922 2234 3979 homo
2283 3923 2625 3978 diversitate
2675 3927 2939 3994 naturae;
2988 3925 3144 3987 idem
3183 3930 3375 3982 tamen
3417 3942 3532 3983 non
3574 3928 3723 3984 alter

2056 4011 2117 4066 in
2149 4015 2419 4083 utroque.
2452 4011 2628 4065 Aliud
2659 4027 2805 4084 ergo
2837 4013 3097 4083 speciale
3126 4018 3351 4072 naturae
3379 4033 3528 4087 suae,
3565 4017 3725 4072 aliud

2058 4116 2368 4156 commune
2399 4100 2711 4157 nobiscum
2737 4119 2749 4157 :
2786 4102 2893 4157 sed
2925 4103 2984 4158 in
3013 4109 3265 4178 utroque
3296 4122 3473 4179 unus,
3493 4110 3550 4164 et
3568 4111 3726 4164 utro-

2054 4206 2172 4265 que
2202 4190 2526 4263 perfectus.

2129 4281 2217 4335 13.
2252 4280 2387 4335 Non
2425 4281 2611 4353 igitur
2648 4280 2980 4337 mirandum
3010 4286 3121 4354 est,
3157 4284 3294 4356 quia
3323 4288 3380 4341 et
3412 4284 3725 4340 Dominum

2056 4386 2193 4426 eum
2238 4374 2296 4427 et
2336 4369 2639 4424 Christum
2684 4370 2822 4425 fecit
2867 4371 3048 4427 Deus.
3092 4371 3254 4428 Fecit
3299 4387 3444 4445 ergo
3492 4374 3721 4444 Jesum,

2059 4474 2193 4516 eum
2231 4460 2433 4531 utique
2473 4459 2574 4530 qui
2605 4473 2679 4513 ex
2719 4475 2971 4531 corpore
3011 4475 3226 4516 nomen
3268 4462 3534 4531 accepit;
3585 4461 3726 4516 fecit

2059 4567 2193 4605 eum
2225 4550 2296 4604 de
2327 4565 2443 4620 quo
2475 4549 2647 4603 etiam
2677 4549 3009 4618 patriarcha
3038 4550 3248 4604 scribit
3278 4549 3491 4605 David:
3541 4572 3563 4597 ιι
3596 4551 3723 4604 Ma-

1980 4636 2037 4704 D
2060 4642 2148 4695 ter
2175 4639 2318 4694 Sion
2347 4638 2533 4693 dicet:
2578 4637 2789 4707 Homo,
2822 4640 2881 4692 et
2917 4637 3093 4692 homo
3134 4637 3327 4692 factus
3359 4641 3452 4692 est
3481 4638 3541 4692 in
3569 4654 3657 4694 ea.
3695 4662 3716 4689 ιι

2060 4728 2251 4784 Homo
2291 4730 2487 4782 autem
2525 4725 2716 4782 factus
2756 4724 3070 4780 dissimilis
3109 4725 3311 4798 utique
3342 4726 3455 4799 (21)
3487 4730 3579 4784 est
3607 4744 3724 4784 non

2067 4907 2169 4979 qui
2198 4907 2469 4979 mortuus
2498 4905 2611 4979 est,
2643 4902 2742 4974 qui
2775 4903 3188 4979 sepultusest.
3232 4945 3247 4960 .
3292 4946 3306 4961 .
3350 4947 3365 4962 .
3410 4947 3423 4962 .
3456 4903 3522 4962 In
3551 4922 3621 4964 eo
3650 4906 3726 4963 la«

2065 4976 2368 5049 erymavit,
2401 4976 2833 5049 quodﬁmatrem
2864 4976 3005 5049 Sion
3036 4977 3202 5049 dixit.
3236 5000 3259 5026 ιι

2138 5047 2251 5120 (19)
2306 5047 2507 5102 Codex
2551 5047 2891 5120 Remigrat
2938 5048 3210 5120 Benign.,
3261 5070 3281 5098 α
3332 5047 3492 5104 Deus
3549 5049 3726 5115 homo

2069 5118 2242 5178 natus
2272 5123 2391 5174 est:
2431 5139 2453 5167 ι
2486 5118 2698 5192 melius
2730 5118 2847 5189 alii,
2880 5123 2937 5173 et
2968 5118 3129 5192 edit.,
3166 5144 3187 5167 ιι
3225 5120 3408 5175 Datus
3440 5124 3612 5175 natus
3640 5137 3653 5192 ;
3698 5143 3721 5169 ιι

2068 5194 2163 5249 hic
2193 5191 2350 5247 enim
2378 5190 2683 5261 temporali
2729 5191 3095 5262 generationi
3134 5196 3354 5246 aeterna
3392 5190 3723 5262 opponitur.

2066 5264 2222 5320 Infra
2270 5262 2444 5319 etiam
2486 5277 2593 5331 pro
2637 5284 2658 5309 α
2704 5268 2761 5334 et
2801 5265 2973 5317 natus
3014 5266 3070 5318 et
3106 5262 3298 5334 datus,
3337 5282 3359 5313 ι
3400 5263 3576 5318 iidem
3616 5262 3725 5316 ha-

2065 5338 2223 5404 bent,
2264 5359 2285 5383 u
2322 5339 2379 5389 et
2409 5334 2600 5389 factus
2630 5336 2687 5388 et
2715 5332 2907 5389 datus.
2944 5357 2967 5382 ι

2138 5403 2251 5479 (ἓο)
2286 5406 2557 5479 Plerique
2595 5421 2768 5475 mss.,
2806 5426 2828 5454 ι
2852 5405 2980 5479 sed
3020 5404 3079 5459 in
3119 5420 3236 5461 uno
3276 5403 3576 5479 concurrit
3615 5417 3726 5479 n9-

2068 5473 2244 5535 mine.
2282 5499 2304 5528 ι
2347 5479 2412 5533 Et
2441 5473 2611 5546 infra,
2645 5473 2761 5547 pro
2789 5500 2809 5523 α
2846 5476 2907 5530 in
2945 5480 3194 5548 utroque
3230 5476 3551 5547 perfectus,
3588 5493 3610 5522 ι
3654 5473 3727 5528 fl-

2068 5549 2542 5625 demexhibent,
2568 5571 2589 5595 οι
2626 5548 2903 5625 utrinque
2930 5548 3253 5625 perfectus.
3292 5567 3315 5596 ι
3406 5615 3472 5625 __
3556 5614 3567 5625 θ

2138 5621 2252 5693 (21)
2282 5621 2428 5677 Mss.
2470 5613 2712 5694 aliquot,
2758 5640 2780 5669 α
2804 5613 3018 5677 ’ἰαοῐιιο
3055 5621 3148 5677 est
3184 5617 3246 5683 in
3283 5630 3374 5676 ea.
3406 5613 3730 5678 Dissimilis

2065 5696 2289 5770 utique,
2318 5697 2433 5752 etc.
2468 5715 2491 5743 η
