4060 6178
420 286 575 352 1351

1859 276 1926 345 S.
1958 273 2405 350 AMBROSII.

3692 276 3895 343 1352

425 486 748 556 divinitate,
773 483 881 540 sed
901 497 1180 555 corpore:
1204 496 1323 545 nec
1353 479 1660 539 discretus
1693 497 1727 535 a
1757 481 1957 550 Patre,
1989 459 2185 539 sedﬁ
2291 477 2380 534 16.
2412 479 2490 534 At
2530 480 2690 535 certe
2734 477 2911 539 nobis
2942 481 3004 534 tu
3043 479 3216 536 etiam
3257 478 3535 536 mceror-is
3565 479 3749 536 istius
3781 480 3895 535 mi-

429 578 716 647 exceptus
746 574 809 628 in
837 588 1109 629 munere:
1146 588 1392 628 manens
1422 572 1483 627 in
1515 570 1818 626 consortio
1839 570 2097 640 potesta-

426 665 526 735 tis,
560 665 919 736 segregatus
950 662 1011 717 in
1044 662 1325 732 mysterio
1359 660 1683 732 passionis.

499 753 587 809 14.
620 752 799 807 Plura
828 750 943 805 loci
972 750 1156 822 hujus
1189 752 1475 805 tractatus
1506 749 1778 819 exposcit
1809 747 1941 818 (22),
1963 745 2097 819 qui-

426 843 544 900 bus
574 841 883 914 possimus
915 840 1230 895 ostendere
1264 838 1669 896 auctoritatem
1707 836 1923 904 Patris,
1956 849 2098 906 pro-

423 933 731 1004 prietatem
754 930 907 999 Filii,
931 928 1234 983 Trinitatis
1258 928 1437 982 totius
1470 927 1779 981 unitatem:
1815 924 1919 979 sed
1952 938 2098 979 con-

425 1020 660 1077 solandi
708 1018 883 1074 hodie
935 1018 1070 1089 (23),
1125 1033 1244 1072 non
1296 1016 1584 1071 tractandi
1626 1017 1826 1086 partes
1862 1013 2097 1082 recepi;

428 1122 766 1182 quanquam
796 1106 1095 1161 abducere
1125 1122 1159 1160 a
1190 1121 1443 1160 maerore
1483 1105 1742 1159 animum
1778 1102 2099 1157 intentione

426 1196 714 1259 tractandi
746 1195 1174 1252 consolationis
1205 1195 1284 1249 sit
1320 1210 1493 1252 usus.
1527 1193 1644 1248 Sed
1681 1189 2100 1262 temperandus

424 1286 793 1358 mihimegis
822 1299 1043 1339 maeror
1074 1283 1209 1353 (24),
1236 1298 1412 1353 quam
1442 1280 1790 1339 alienandus
1822 1278 2099 1349 affectus;

412 1360 488 1432 ‘ut
536 1375 907 1430 mulceantur
962 1372 1156 1444 magis
1201 1371 1499 1427 desideria
1547 1386 1725 1440 quam
1772 1368 2098 1441 sopiantur.

426 1465 564 1520 Non
590 1463 738 1519 libet
764 1462 920 1518 enim
961 1462 1127 1517 abire
1164 1476 1199 1516 a
1239 1459 1418 1521 fratre
1456 1459 1721 1531 longius,
1755 1461 1812 1523 et
1851 1473 2103 1528 occupa-

426 1553 588 1608 tione
641 1551 932 1621 subduci;
991 1564 1127 1608 cum
1173 1548 1335 1608 velut
1372 1546 1689 1603 comitandi
1728 1545 1864 1617 ejus
1913 1545 2103 1618 gratia

421 1642 519 1698 hic
542 1657 739 1697 sermo
761 1641 1080 1717 susceptus
1111 1638 1209 1709 sit,
1234 1641 1297 1694 ut
1318 1637 1540 1695 diutius
1564 1650 1753 1691 sensu
1774 1650 2102 1710 prosequar

424 1729 943 1802 proﬁciscentem:
980 1730 1038 1783 et
1066 1741 1244 1799 quem
1274 1726 1465 1782 oculis
1496 1727 1689 1796 teneo,
1724 1727 1918 1785 mente
1949 1738 2104 1778 com-

429 1996 596 2052 illum
651 1997 772 2051 toto
822 1993 1242 2053 blanditiarum
1289 1991 1515 2050 ambire
1571 1990 1901 2062 obsequio;
1962 1989 2101 2047 dum

433 2086 632 2157 stupet
669 2084 928 2153 animus,
972 2096 1082 2137 nec
1120 2080 1413 2137 amissum
1452 2079 1652 2149 credo,
1695 2094 1870 2151 quem
1908 2078 2102 2133 adhuc

432 2189 611 2231 cerno
641 2175 1001 2244 praesentem
1027 2186 1038 2226 :
1071 2184 1185 2224 nec
1205 2172 1503 2225 mortuum
1526 2170 1686 2239 puto,
1710 2166 1887 2239 cujus
1908 2167 2102 2233 adhuc

431 2263 628 2320 ofﬁcia
657 2277 777 2317 non
808 2259 1070 2332 requiro,
1096 2258 1316 2331 quibus
1346 2273 1460 2331 ego
1494 2259 1631 2312 vitae
1661 2272 1809 2312 meae
1839 2271 2017 2313 usum
2047 2257 2105 2312 et

431 2351 700 2425 spirandi
728 2364 900 2405 omne
931 2363 1150 2403 munus
1180 2346 1545 2402 addixeram.

506 2443 592 2498 15.
635 2439 788 2506 Quid
827 2438 985 2494 enim
1026 2436 1285 2493 referam
1324 2438 1500 2490 tantae
1544 2434 1773 2508 gratiae,
1813 2436 1973 2489 tanto
2012 2433 2101 2488 la-

430 2531 612 2589 bori?
659 2530 788 2602 Ego
833 2530 913 2598 te,
963 2526 1166 2595 frater,
1224 2523 1522 2580 haeredem
1571 2523 1851 2594 feceram,
1901 2526 1964 2578 tu
2010 2536 2102 2576 me

432 2619 735 2678 haeredem
764 2615 1089 2687 reliquisti:
1135 2629 1249 2686 ego
1294 2618 1350 2668 te
1389 2614 1770 2684 superstitem
1808 2612 2099 2683 optabam,

430 2714 495 2768 tu
542 2724 636 2769 me
683 2706 1067 2777 superstitem
1107 2702 1407 2757 dimisisti.
1442 2702 1569 2774 Ego
1608 2718 1715 2774 pro
1754 2701 2103 2757 muneribus

436 2798 581 2867 tuis,
617 2799 681 2851 ut
710 2808 1159 2864 compensarem
1202 2792 1513 2862 beneﬁcia,
1560 2795 1697 2847 vota
1733 2790 2100 2847 referebam:

431 2902 591 2947 nunc
621 2889 678 2941 et
706 2888 841 2939 vota
871 2882 1119 2954 perdidi,
1155 2882 1261 2937 sed
1293 2885 1487 2936 tamen
1526 2884 1627 2936 tua
1665 2880 1954 2935 beneﬁcia
1985 2894 2105 2933 non

432 2975 636 3035 amisi.
667 2973 818 3040 Quid
847 2987 1041 3045 agam,
1074 2971 1188 3026 mei
1233 2984 1560 3026 successor
1608 2969 1866 3026 haeredis
1886 2970 1915 3024 ?
1963 2968 2106 3040 quid

2131 1770 2185 1834 Β

426 1820 670 1891 plectar.
705 1816 770 1872 In
811 1816 913 1873 illo
945 1816 1103 1871 enim
1140 1817 1321 1870 totam
1361 1812 1667 1871 oculorum
1697 1812 1884 1869 aciem
1913 1812 2149 1889 ﬁgere;

427 1909 591 1978 libet,
640 1921 773 1963 cum
822 1904 921 1961 illo
962 1904 1102 1959 totis
1149 1905 1481 1961 animorum
1519 1901 1739 1958 ofﬁciis
1777 1892 2147 1971 immorari,“

2214 567 2356 622 nuis
2386 566 2499 638 (25)
2531 566 2937 624 acerbitatem:
2971 583 3086 623 non
3122 569 3311 624 habeo
3334 569 3489 640 quod
3508 569 3775 634 timeam,
3796 570 3893 639 qui

2215 657 2492 712 timebam
2523 656 2666 726 tibi;
2715 673 2835 712 non
2872 655 3064 714 habeo
3098 659 3255 728 quod
3295 658 3440 713 mihi
3468 657 3599 729 jam
3630 657 3890 711 mundus

2217 746 2442 816 eripiat.
2485 745 2613 800 Etsi
2644 749 2850 801 sancta
2882 747 3146 816 supersit
3186 762 3378 817 soror,
3412 747 3759 818 integritate
3792 762 3892 800 ve-

2216 834 2523 905 nerabilis,
2559 835 2808 906 aqualis
2837 835 3124 905 moribus,
3149 851 3267 891 non
3291 837 3476 906 impar
3491 835 3749 905 ofﬁciis;
3784 835 3886 889 tibi

2216 926 2411 978 tamen
2440 924 2613 978 ambo
2644 924 2778 994 plus
2810 924 3183 994 timebamus,
3217 926 3277 979 in
3310 928 3363 979 te
3393 925 3531 978 vitae
3563 923 3759 995 hujus
3796 923 3891 994 ju-

2217 1013 2574 1068 cunditatem
2590 1014 2910 1083 repositam
2931 1013 3304 1083 putabamus.
3334 1014 3581 1084 PrOpter
3606 1016 3665 1067 te
3688 1014 3890 1067 vivere

2217 1101 2565 1172 delectabat,
2600 1105 2841 1172 propter
2870 1106 2925 1157 te
2958 1102 3108 1157 mori
3148 1118 3266 1157 non
3305 1102 3585 1175 pigebat;
3636 1106 3695 1156 te
3740 1103 3889 1159 enim

2214 1190 2390 1246 ambo
2412 1190 2793 1261 superstitem
2809 1191 3220 1262 precabamur,
3234 1192 3340 1247 tibi
3360 1207 3474 1247 nos
3497 1191 3887 1263 supervivere

2217 1295 2337 1337 non
2377 1278 2641 1350 juvabat.
2683 1278 2928 1345 Quando
2972 1297 3089 1335 non
3132 1281 3437 1336 cohorruit
3476 1282 3727 1335 animus
3757 1279 3883 1349 (26),

2218 1385 2351 1424 cum
2381 1373 2574 1424 metus
2606 1368 2948 1440 hujusmodi
2966 1368 3266 1429 titillaret?
3296 1370 3605 1435 Quomodo
3631 1372 3899 1447 constet:

2214 1461 2350 1514 nata
2378 1473 2549 1518 mens
2581 1460 2706 1515 erat
2737 1458 3109 1532 mgritudinis
3138 1461 3255 1515 tum
3283 1459 3488 1514 nuntio
3512 1456 3527 1514 Ι

2291 1547 2377 1602 1Ἳ.
2412 1547 2516 1603 Vw
2547 1547 2783 1605 miseras
2823 1546 3125 1626 opinioni!
3170 1548 3534 1605 Putabamus
3571 1547 3888 1617 redditum,

2218 1651 2394 1709 quem
2422 1634 2696 1694 videmus
2725 1634 2966 1694 dilatum
2991 1651 3007 1705 ;
3038 1637 3157 1695 tuis
3186 1637 3343 1693 enim
3370 1638 3530 1692 votis
3560 1636 3727 1707 apud
3757 1653 3889 1691 san-

2216 1728 2378 1782 ctum
2406 1726 2722 1798 martyrem
2754 1725 3135 1784 Laurentium
3161 1726 3539 1797 impetratum
3561 1741 3712 1781 esse
3744 1741 3889 1780 nunc

2219 1813 2643 1886 cognoscimus
2675 1817 3062 1870 commeatum
3107 1813 3241 1885 (27).
3276 1816 3470 1886 Atque
3508 1814 3745 1871 utinam
3782 1829 3888 1870 non

2219 1903 2414 1958 solum
2447 1905 2859 1973 commeatum,
2891 1902 3000 1959 sed
3029 1903 3203 1959 etiam
3239 1903 3541 1974 prolixum
3567 1903 3715 1958 vitae
3747 1907 3884 1958 tem-

2217 2008 2332 2064 pus
2361 1989 2687 2065 rogassesl
2732 1990 2983 2047 Potuisti
3018 2007 3208 2048 annos
3246 1992 3537 2063 plurimos
3576 1992 3888 2063 impetrare

2218 2079 2477 2150 vivendi,
2526 2080 2627 2153 qui
2675 2079 2919 2153 potuisti
2964 2085 3352 2137 commeatum
3411 2082 3744 2152 impetrare
3800 2095 3888 2134 ve-

2220 2170 2417 2226 niendi
2468 2170 2604 2240 (28).
2658 2168 2730 2225 Et
2774 2170 3013 2243 quidem
3058 2170 3184 2241 tibi,
3235 2170 3620 2241 omnipotens
3679 2173 3887 2227 eterna

2222 2260 2404 2330 Deus,
2445 2259 2671 2331 gratias
2712 2274 2850 2331 ago,
2886 2260 3044 2329 quod
3086 2260 3181 2315 vel
3223 2260 3354 2315 haec
3391 2260 3569 2315 nobis
3615 2274 3888 2329 suprema

2226 2348 2437 2404 solatia
2481 2363 2602 2404 non
2648 2348 2903 2420 negasti,
2945 2349 3104 2419 quod
3142 2348 3533 2404 amantissimi
3572 2348 3785 2402 fratris
3824 2362 3889 2403 ex

2219 2437 2437 2494 Siculis
2467 2437 2843 2493 Africanisve
2864 2437 3216 2510 regionibus
3237 2440 3577 2508 exoptatum
3595 2436 3781 2492 nobis
3802 2452 3887 2490 re-

2219 2527 2404 2582 ditum
2434 2526 2762 2583 contulisti:
2797 2527 2876 2581 ita
2908 2527 3061 2581 enim
3095 2531 3338 2596 mature,
3363 2530 3692 2598 postquam
3713 2527 3888 2593 venit,

2219 2619 2461 2687 ereptus
2502 2617 2631 2671 est:
2682 2615 2855 2686 quasi
2901 2618 3142 2685 propter
3183 2616 3296 2670 hoc
3343 2617 3541 2671 solum
3587 2615 3891 2670 videretur

2218 2721 2361 2761 esse
2385 2705 2631 2773 dirutus,
2661 2707 2721 2759 ut
2750 2704 2823 2758 ad
2854 2703 3066 2759 fratres
3093 2704 3330 2760 rediret.

2291 2794 2378 2849 18.
2413 2794 2617 2849 Habeo
2648 2793 2821 2864 plane
2852 2794 3070 2866 pignus
3102 2809 3316 2865 meum,
3348 2792 3508 2866 quod
3548 2794 3715 2849 nulla
3756 2793 3890 2848 mihi

2219 2882 2617 2955 peregrinatio
2639 2881 2765 2952 jam
2794 2882 2986 2953 possit
3018 2882 3272 2939 avellere
3297 2899 3310 2938 :
3346 2883 3539 2939 habeo
3561 2899 3721 2954 quas
3745 2899 3891 2937 como

2220 2972 2464 3043 plectar,
2496 2971 2817 3042 reliquias:
2860 2971 3049 3027 habeo
3078 2972 3385 3042 tumulum,
3421 2988 3602 3043 quem
3645 2987 3890 3042 corpore

437 3082 633 3139 agam,
664 3078 813 3119 meae
844 3061 1363 3150 vitaasuperstes?
1391 3060 1532 3131 quid
1562 3074 1735 3131 agam
1763 3073 1975 3115 exsors
2005 3058 2107 3113 hu-
2145 3086 2197 3150 ο
2223 3064 2454 3133 tegam;
2496 3060 2683 3150 habeo
2713 3059 3073 3150 sepulcrum,
3108 3076 3289 3131 super
3327 3061 3485 3132 quod
3521 3060 3764 3132 jaceam
3792 3077 3807 3120 '.
3846 3062 3890 3114 et

423 3156 534 3230 jus
565 3153 723 3227 quod
755 3152 921 3223 capio
952 3149 1193 3206 luminis
1213 3150 1241 3203 ?
1271 3165 1421 3221 quas
1450 3152 1675 3221 grates,
1698 3164 1832 3219 qum
1862 3162 2103 3202 munera

432 3226 693 3303 referam
730 3241 883 3297 tibi?
923 3239 1085 3295 Nihil
1114 3255 1149 3294 a
1191 3254 1283 3297 me
1316 3241 1532 3309 praeter
1569 3237 1861 3309 lacrymas
1893 3226 2137 3291 habes.“

436 3336 556 3392 Aut
583 3333 841 3390 fortasse
870 3344 1125 3387 securus
1155 3327 1346 3389 meriti
1374 3327 1480 3397 tui,
1513 3341 1664 3398 quas
1697 3325 1860 3381 solas
1890 3341 2104 3395 super-

438 3423 611 3480 stites
633 3421 823 3477 habeo
844 3418 1161 3490 lacrymas,
1177 3432 1295 3473 non
1316 3416 1593 3487 requiris.
1610 3415 1759 3470 Nam
1777 3416 1950 3470 etiam
1972 3430 2106 3469 cum

436 3512 633 3573 adhuc
664 3510 924 3579 viveres,
947 3508 1090 3562 ﬂere
1111 3505 1503 3577 prohibebas:
1537 3519 1971 3575 maeroremque
1993 3520 2110 3558 ma-

433 3603 534 3678 gis
564 3602 855 3672 nostrum,
880 3611 1057 3669 quam
1083 3598 1243 3650 tuam
1273 3596 1521 3651 mortem
1548 3593 1657 3648 tibi
1686 3608 1826 3649 esse
1857 3593 2107 3648 testaba-

442 3693 530 3750 ris
594 3688 803 3746 dolori.
851 3685 1174 3742 Prohibent
1218 3684 1468 3740 ulterius
1507 3682 1747 3754 prodire
1791 3681 2065 3754 lacrymm
2086 3721 2103 3751 ,

441 3770 638 3837 1118
672 3778 965 3847 ﬂetusque
996 3775 1297 3828 revocant.
1331 3771 1615 3827 Prohibet
1644 3770 1817 3829 etiam
1847 3772 1931 3826 tui
1960 3786 2104 3843 gra-

436 3870 516 3925 tia
539 3884 554 3939 ;
587 3882 661 3922 ne
683 3866 822 3921 dum
844 3864 1047 3919 nostra
1067 3861 1376 3933 deﬂemus,
1401 3861 1474 3916 de
1495 3861 1614 3916 tuis
1636 3860 1864 3916 meritis
1888 3860 2105 3933 despe-

439 3972 573 4014 rare
608 3954 932 4010 videamur.

512 4094 972 4170 (22)7Trac_tatus
1017 4091 1370 4170 quandoque
1410 4089 1565 4170 idem
1604 4093 1697 4170 c_s_t
1734 4108 1802 4147 ac
1833 4091 2106 4170 simplex

441 4163 735 4233 expositio
761 4182 774 4222 :
810 4165 906 4220 hic
934 4179 1077 4218 vero
1109 4163 1263 4216 idem
1295 4166 1486 4232 sonat,
1520 4179 1588 4217 ac
1619 4163 1973 4233 disceptatio
1996 4180 2105 4219 seu

436 4233 728 4318 polemica
771 4237 1114 4318 disputatio:
1162 4233 1287 4289 Nec
1332 4234 1658 4318 absurdum
1694 4235 2106 4318 videri.debet

439 4305 601 4388 quod
645 4311 758 4366 hoc
802 4305 934 4388 loco
986 4305 1453 4388 controversiam
1477 4306 1643 4388 “fidei
1698 4307 2105 4388 perstringere

406 4384 409 4387 ’
439 4377 779 4455 neutiquam
810 4380 1064 4455 alienum
1101 4378 1325 4455 putavit
1361 4377 1739 4455 Ambrosius.
1760 4377 2103 4455 _H_oc_nam_-

437 4473 551 4531 que
582 4448 1014 4531 attribuendum
1046 4452 1139 4531 est
1177 4448 1944 4531 Arianorum_improbitati,
1980 4451 2101 4522 qui,

436 4518 572 4585 cum
593 4526 784 4581 adhuc
804 4524 1146 4593 frequentes
1171 4523 1377 4593 essent
1398 4518 1734 4593 Mediolani,
1762 4518 1973 4576 crebro
1997 4518 2098 4576 ea;

434 4600 689 4656 tholicos
720 4591 1005 4651 versutiis
1032 4592 1165 4648 suis
1206 4591 1602 4662 exagitabant.
1722 4591 1727 4593 ⁷
2120 4594 2133 4603 ’

514 4671 627 4742 (23)
668 4665 949 4724 Nonnulli
993 4679 1167 4734 mss.,
1220 4686 1241 4712 α
1293 4662 1405 4721 sed
1448 4662 1798 4721 consulendi
1840 4663 2034 4734 hodie,
2082 4684 2105 4713 ι

441 4746 555 4797 etc.

515 4809 628 4880 (21)
676 4809 859 4864 Pauci
914 4823 1089 4878 mss.,
1139 4828 1161 4854 α

443 4892 683 4938 mceror.
720 4902 741 4929 η

517 4953 630 5024 (25)
670 4952 753 5024 Ita
789 4965 938 5005 mss.
979 4949 1276 5024 prope‘ad
1322 4963 1535 5024 unum;
1591 4949 1730 5005 edit.
1767 4964 1934 5024 vero,
1980 4971 2004 4997 α
2047 4952 2112 5024 ut

444 5021 623 5084 nobis
653 5021 825 5077 etiam
851 5022 1131 5076 maeroris
1170 5021 1347 5076 istius
1378 5022 1653 5092 minuas;
1697 5043 1718 5070 η
1766 5021 1961 5093 Rom.,
1993 5021 2110 5074 mi-

447 5095 652 5154 nuisti.

1219 4805 1326 4862 sed
1382 4803 1763 4878 imperandus
1814 4809 1909 4862 est
1966 4806 2110 4862 mihi

516 5164 810 5252 (26)“Mssl.
841 5161 1219 5252 haud-pauci,
1241 5179 1418 5252 anon
1442 5163 1762 5252 coarctavit
1781 5163 2048 5252 animus;
2082 5185 2103 5252 iw

444 5235 545 5305 alii
589 5235 899 5311 aliquot,_-~_n
953 5249 1072 5311 non
1119 5236 1340 5311 corruit
1386 5236 1654 5307 animus;
1701 5258 1722 5283 η
1776 5235 2109 5307 elegantius

448 5310 649 5371 cmteri
681 5306 750 5364 ac
782 5306 918 5363 edit.
952 5309 1015 5359 ut
1046 5306 1107 5357 in
1135 5307 1318 5358 textu.

518 5383 632 5455 (2'1)
661 5380 845 5446 Quam
874 5376 1251 5455 antiquus‘ac
1283 5374 1565 5455 frequens
1604 5377 1676 5455 in
1702 5376 2110 5455 Ecclesia_vo-

446 5448 639 5512 torum
658 5466 807 5506 usus
828 5449 1099 5517 exsistat,
1125 5448 1183 5520 et
1212 5448 1632 5520 quampeﬂicax
1661 5451 1778 5520 tam
1809 5449 2111 5520 depellen-

446 5528 542 5583 dis
580 5521 884 5595 periculis,
918 5534 1103 5595 quam
1133 5516 1453 5595 beneﬁciis
1482 5533 1535 5595 a_
1562 5519 1681 5595 Deo
1726 5516 2112 5595 impetrandis

448 5587 789 5654 sanctorum
819 5587 1230 5664 patrocinium,
1261 5587 1768 5664 locupletissimus
1806 5587 1978 5646 testis
2019 5595 2112 5664 est

448 5659 838 5739 Ambrosius:
865 5662 1083 5753 genter
1120 5675 1255 5719 cum
1293 5659 1406 5720 hoc
1444 5659 1575 5720 10cc
1602 5660 1779 5719 alium
1808 5675 1986 5739 quam
2014 5663 2103 5723 si-

2225 3148 2848 3207 commendabiliorem
2880 3149 3001 3204 Deo
3031 3148 3293 3205 futurum
3331 3165 3471 3206 esse
3505 3165 3601 3205 me
3634 3151 3885 3218 credam,

2223 3237 2379 3309 quod
2412 3254 2593 3310 supra
2622 3239 2813 3294 sancti
2845 3239 3114 3308 corporis
3147 3254 3289 3294 ossa
3327 3240 3732 3311 requiescam.
3768 3240 3886 3294 Uti-

2219 3343 2359 3383 nam
2382 3327 2477 3382 sic
2506 3327 2838 3398 potuissem
2867 3328 3156 3383 adversus
3187 3332 3433 3383 mortem
3463 3344 3708 3399 quoque
3740 3332 3887 3383 tuam

2221 3431 2419 3473 meum
2457 3432 2677 3487 corpus
2719 3415 3023 3490 objicerel
3072 3416 3136 3473 Si
3173 3417 3391 3489 gladiis
3428 3420 3657 3488 petitus
3694 3433 3883 3485 esses,

2222 3521 2315 3561 me
2345 3521 2451 3577 pro
2480 3507 2538 3562 te
2566 3507 2764 3577 potius
2793 3506 3199 3579 sufﬁgendum
3219 3505 3561 3562 dedissem:
3597 3507 3657 3562 si
3677 3523 3886 3563 exeun-

2222 3598 2339 3650 tem
2367 3595 2699 3666 potuissem
2730 3609 3013 3652 revocare
3043 3595 3320 3666 animam,
3343 3611 3536 3651 meam
3566 3597 3771 3668 potius
3800 3597 3885 3651 ob-

2221 3683 2516 3739 tulissem.

2296 3770 2383 3828 19.
2417 3771 2579 3829 Nihil
2609 3772 2750 3831 mihi
2771 3741 2992 3845 profuit
3012 3773 3252 3829 ultimos
3268 3773 3553 3830 hausisse
3569 3774 3878 3841 anhelitus,

2222 3862 2369 3918 nihil
2400 3862 2597 3921 ﬂattus
2625 3863 2686 3917 in
2704 3878 2774 3920 os
2795 3862 3128 3935 inspirasse
3145 3862 3260 3934 (29)
3276 3864 3585 3934 morienti;
3617 3864 3881 3936 putabam

2222 3952 2381 4009 enim
2409 3951 2568 4024 quod
2595 3955 2696 4007 aut
2726 3954 2883 4008 tuam
2920 3955 3171 4008 mortem
3201 3952 3334 4023 ipse
3362 3952 3767 4024 susciperem,
3796 3954 3882 4007 aut

2219 4093 2527 4167 millimum
2556 4093 2620 4167 in
2649 4093 2906 4167 Exhort.
2948 4092 3168 4167 virgin.
3193 4111 3321 4166 cap.
3354 4094 3409 4165 3,
3443 4111 3610 4150 num.
3649 4096 3738 4150 15.
3759 4092 3878 4158 Qui-

2218 4166 2334 4222 bus
2364 4165 2606 4220 addesis
2637 4166 2811 4231 etiam
2849 4180 2982 4236 quae
3022 4165 3092 4221 de
3134 4165 3507 4223 invocatione
3548 4167 3876 4222 earumdem

2220 4240 2562 4366 sanftorum
2590 4236 2692 4292 lib.
2728 4237 2817 4293 De
2852 4237 3050 4293 wduis
3086 4252 3214 4308 cap.
3246 4237 3301 4309 9,
3323 4239 3641 4293 traduntur
3670 4256 3703 4292 a
3726 4240 3876 4293 beato

2263 4324 2333 4365 oc
2360 4324 2482 4364 ore.

2263 4313 2482 4365 octore.

2294 4382 2408 4453 (28)
2452 4378 2732 4453 Nonnulli
2772 4395 2921 4435 mss.
2960 4383 3415 4453 «commeatum
3451 4381 3774 4451 impetrare
3798 4381 3873 4433 vi-

2222 4451 2418 4507 vendi.
2458 4474 2480 4499 ιι
2514 4451 2709 4505 Minus
2741 4451 3067 4506 commode.

2296 4522 2409 4594 (29)
2439 4522 2567 4577 Vet.
2601 4522 2841 4594 edit.iac
2871 4523 3074 4593 plures
3103 4538 3273 4590 mss.,
3311 4544 3335 4570 α
3377 4523 3556 4578 ﬂatus
3594 4538 3764 4578 meos
3796 4523 3871 4576 in-

2225 4594 2534 4664 Spirasse;
2585 4616 2607 4641 »ι
2650 4593 2865 4649 melius
2915 4595 3084 4648 Rom.
3136 4594 3295 4652 edit..
3348 4608 3483 4648 cum
3534 4594 3678 4649 aliis
3722 4608 3866 4659 mss.,

2228 4687 2251 4716 ι
2286 4665 2460 4720 ﬂatus
2490 4664 2551 4719 in
2583 4679 2653 4719 os
2693 4665 3046 4736 inspirasse.
3095 4685 3117 4715 ι
3158 4664 3222 4719 1n
3269 4664 3428 4719 hunc
3474 4681 3661 4735 porro
3702 4667 3867 4723 locum

2225 4737 2503 4792 observat
2535 4735 2804 4790 Nannius
2845 4736 3227 4791 Ambrosium
3266 4735 3362 4790 hic
3404 4736 3719 4793 decertare
3762 4750 3871 4791 cum

2223 4808 2457 4878 Virgilii
2488 4807 2669 4878 luctu,
2704 4809 2761 4861 et
2796 4808 2855 4860 in
2894 4823 3073 4878 prosa
3116 4809 3247 4878 ipsa
3284 4823 3570 4878 superare
3612 4806 3867 4863 carminis

2222 4877 2491 4951 gratiam.
2522 4877 2690 4951 Quod
2720 4881 2914 4932 autem
2946 4877 3105 4932 addit
3133 4877 3402 4951 eumdem
3451 4882 3728 4951 sanctum
3772 4891 3870 4951 non

2223 4949 2493 5005 secutum
2526 4949 2622 5003 hic
2652 4964 2790 5003 esse
2819 4964 3058 5021 errores
3089 4949 3416 5021 gentilium,
3442 4950 3545 5021 qui
3575 4966 3651 5004 ex
3686 4949 3873 5019 Pytha-

2266 5021 2428 5076 orica
2455 5018 2958 5091 metempsychosi
2988 5018 3294 5075 morientis
3325 5018 3577 5074 animam
3609 5018 3871 5091 excepta-

2222 5036 2428 5146 gorica
2455 5036 2958 5091 metempsycnos:
2988 5036 3294 5075 morientis
3325 5036 3577 5074 animam
3609 5036 3867 5090 excepta-

2265 5096 2367 5174 ant
2386 5091 2569 5146 hianti
2590 5106 2712 5173 ore,
2737 5092 2908 5174 quasi
2938 5091 3073 5174 ejus
3111 5091 3323 5174 spiritu
3353 5092 3603 5172 posthac
3641 5090 3867 5174 victuri:

2224 5163 2369 5219 nihil
2402 5178 2546 5218 sane
2577 5161 2780 5218 verius
2821 5162 2918 5216 illa
2958 5161 3175 5217 Nannii
3214 5161 3511 5232 opinione,
3559 5179 3692 5217 cum
3738 5161 3869 5215 alias

2226 5250 2441 5290 causas
2490 5233 2846 5289 Ambrosius
2900 5234 3217 5305 confestim
3272 5233 3506 5288 subdat.
3560 5232 3868 5305 Vir-giliensi

2223 5306 2660 5432 veri'cargiina
2690 5320 2823 5377 quae
2852 5304 2949 5360 ille
2980 5304 3180 5375 refert,
3207 5305 3514 5376 sequentia
3537 5303 3749 5359 suntet
3769 5303 3865 5355 lib.

2224 5394 2283 5432 1v
2406 5393 2503 5432 ne:
2553 5417 2566 5431 .

2224 5394 2283 5432 IV
2313 5393 2566 5432 Λςηθια.

2442 5503 2508 5551 Et
2531 5507 2796 5553 extremus
2831 5501 2878 5552 si
2905 5500 3027 5563 quis
3058 5514 3219 5564 super
3240 5499 3438 5550 halitus
3466 5504 3614 5561 errat,

2352 5565 2451 5615 Ore
2477 5565 2666 5630 legam.

2230 5662 2554 5753 Subjungit
2581 5665 2640 5723 et
2665 5663 2815 5724 alios
2858 5661 3026 5724 Statii
3068 5677 3281 5739 versus
3320 5676 3354 5725 e
3390 5661 3492 5723 lib.
3531 5679 3574 5722 ιι
3609 5656 3865 5744 Sylva,
