4098 6178
303 392 461 458 1353

1141 391 1252 457 DE
1291 392 1677 458 EXCESSU
1721 389 2086 456 FRATRIS
2132 391 2269 457 SUI
2310 389 2615 458 SATYRI
2662 391 2820 457 LIB.
2869 393 2918 455 Ι.

3606 394 3633 457 1
3645 394 3763 458 354

305 608 498 648 meam
528 593 707 647 vitam
738 593 796 647 in
829 596 885 648 te
916 592 1046 664 ipse
1075 593 1576 649 transfunderem.
1624 591 1671 649 Ο
1717 593 1976 648 infelicia
2004 576 2056 637 Α
2092 593 2224 664 tris,
2259 597 2357 649 aut
2388 594 2518 649 sine
2549 593 2914 667 lacrymabili
2943 596 3195 666 quadam
3239 595 3585 651 meminisse
3631 613 3760 668 gra-

302 682 426 752 illa,
459 682 568 738 sed
599 685 793 737 tamen
823 682 1015 737 dulcia
1048 699 1327 754 suprema
1350 683 1659 738 oculorum
1689 680 1971 755 pignoral

304 771 352 826 Ο
381 772 692 842 amplexus
724 771 949 843 miseri,
982 772 1137 827 inter
1180 788 1332 843 quos
1378 772 1713 827 exanimum
1757 787 1975 841 corpus

309 860 606 933 obriguit,
654 860 873 915 halitus
919 876 1237 932 supremus
1282 860 1551 916 evanuit!
1600 860 1976 933 Stringebam

304 949 546 1021 quidem
574 948 837 1020 brachia,
871 950 979 1004 sed
1015 948 1143 1021 jam
1189 950 1563 1021 perdideram
1601 965 1778 1021 quem
1812 954 1977 1003 tene-

306 1038 465 1108 bam,
511 1043 569 1093 et
611 1041 939 1093 extremum
984 1039 1257 1110 spiritum
1303 1055 1406 1094 ore
1451 1036 1792 1111 relegebam
1841 1038 1975 1109 (30),

305 1130 372 1183 ut
402 1127 768 1182 consortium
797 1128 1005 1181 mortis
1039 1128 1232 1192 1119
1264 1127 1584 1183 haurirem.
1618 1126 1734 1182 Sed
1775 1125 1979 1181 nescio

306 1215 604 1287 quomodo
631 1215 832 1271 vitalis
861 1215 959 1271 ille
988 1216 1133 1270 mihi
1163 1215 1380 1271 halitus
1402 1215 1596 1270 factus
1627 1221 1739 1286 est,
1773 1220 1830 1271 et
1860 1231 1983 1270 ma-

300 1304 502 1376 jorem
542 1305 792 1378 gratiam
835 1304 896 1360 in
943 1305 1074 1377 ipsa
1116 1309 1306 1361 morte
1349 1304 1651 1361 redolebat
1692 1303 1827 1375 (31).
1875 1308 1983 1359 At-

308 1409 428 1466 que
483 1393 706 1450 utinam
748 1394 802 1449 si
846 1397 1005 1450 tuam
1048 1393 1289 1466 nequivi
1344 1408 1478 1449 meo
1536 1393 1750 1464 spiritu
1803 1393 1985 1448 vitam

311 1481 677 1552 producere,
721 1482 817 1538 vel
861 1482 1049 1538 ultimi
1097 1482 1393 1538 anhelitus
1435 1482 1521 1536 tui
1565 1484 1740 1555 vigor
1784 1486 1984 1537 trans-

311 1570 479 1626 fundi
506 1572 801 1643 potuiaset
832 1571 893 1626 in
923 1587 1115 1628 meam
1144 1574 1420 1640 mentem,
1458 1574 1515 1626 et
1546 1571 1705 1625 illam
1735 1571 1820 1626 tui
1855 1572 1983 1626 ani-

313 1660 393 1715 mi
421 1661 734 1731 puritatem
784 1665 962 1733 atque
1006 1661 1400 1718 innocentiam
1447 1663 1652 1715 noster
1692 1660 1984 1730 spirasset

312 1746 595 1805 affectus!
645 1749 809 1804 Hanc
853 1749 997 1805 mihi
1045 1749 1478 1819 hereditatem,
1524 1749 1709 1803 frater
1753 1748 1981 1804 charis-

314 1837 485 1909 sima,
514 1838 894 1911 reliquisses,
928 1854 1062 1910 quae
1093 1854 1210 1893 non
1239 1837 1605 1908 lacrymabili
1634 1836 1837 1892 dolore
1860 1853 1986 1908 per-

314 1931 543 1983 cuteret
573 1925 847 1983 affectum
878 1927 1013 1998 (32),
1047 1927 1157 1982 sed
1194 1926 1563 1982 memorabili
1595 1927 1785 1999 gratia
1818 1942 1982 1981 com-

315 2017 617 2072 mendaret
648 2016 968 2072 haeredem.

385 2105 475 2160 20.
507 2104 659 2170 Quid
691 2105 873 2177 igitur
902 2121 1058 2160 nunc
1087 2120 1291 2177 agam,
1325 2120 1458 2160 cum
1489 2120 1697 2160 omnes
1727 2105 1864 2160 vitae
1897 2105 1985 2158 is-

316 2194 435 2249 tius
467 2195 813 2265 suavitates,
849 2199 1059 2249 cuncta
1090 2195 1321 2265 solatia,
1356 2198 1567 2249 cuncta
1604 2194 1857 2265 denique
1889 2210 1984 2248 or-

315 2287 590 2338 namenta
620 2283 968 2338 amiserim?
997 2283 1085 2338 Tu
1113 2283 1270 2338 enim
1300 2283 1444 2337 mihi
1474 2298 1629 2337 unus
1662 2298 1799 2337 eras
1829 2283 1986 2337 domi

315 2372 548 2441 solatio,
584 2371 732 2427 foris
763 2372 998 2428 decori:
1032 2375 1116 2442 tu,
1147 2372 1404 2443 inquam,
1439 2373 1501 2426 in
1530 2372 1799 2427 consiliis
1832 2372 1987 2427 arbi-

316 2465 429 2531 ter,
462 2475 624 2516 curae
653 2461 972 2533 particeps,
1006 2461 1356 2532 deprecator
1389 2460 1828 2528 sollicitudinis,
1879 2461 1986 2516 de-

313 2550 523 2622 pulsor
552 2550 834 2605 mmroris
867 2566 880 2606 :
913 2553 976 2605 tu
1004 2564 1274 2605 meorum
1304 2553 1575 2605 assertor
1604 2553 1861 2620 actuum,
1895 2565 1988 2605 co-

318 2639 764 2712 gitationunque
792 2639 1077 2694 defensor
1109 2654 1122 2694 :
1155 2642 1215 2693 tu
1246 2642 1548 2713 postremo
1580 2654 1754 2709 unus,
1789 2639 1849 2693 in
1871 2654 1987 2710 quo

317 2728 642 2783 domestica
688 2728 1026 2783 sollicitudo
1061 2728 1374 2798 resideret,
1420 2728 1655 2799 publica
1701 2744 1845 2783 cura
1888 2743 1986 2784 re-

316 2817 680 2889 quiesceret.
712 2817 926 2872 Testor
967 2822 1234 2873 sanctam
1277 2818 1532 2872 animam
1577 2822 1754 2886 tuam,
1804 2833 1896 2871 me
1929 2818 1988 2871 in

319 2905 565 2961 fabricis
610 2906 898 2962 Ecclesiaa
943 2907 1051 2977 (33)
1096 2907 1155 2962 id
1198 2922 1361 2978 saepe
1404 2907 1658 2962 veritum
1704 2922 1863 2976 esse,
1914 2922 1987 2961 nc

319 2994 701 3066 displicerem
732 2995 858 3050 tibi.
892 2995 1159 3067 Denique
1206 2996 1308 3051 ubi
1350 2995 1602 3064 rediisti,
1650 2995 1990 3069 objurgasti

318 3099 578 3152 moram;
627 3085 704 3139 ita
751 3084 908 3140 domi
939 3084 1207 3156 forisque
1238 3084 1503 3140 eruditor
1535 3085 1772 3155 quidam
1805 3088 1860 3139 et
1891 3101 1989 3138 ar-

318 3174 476 3230 biter
504 3173 858 3242 sacerdotis,
891 3176 955 3228 ut
983 3173 1309 3230 domestica
1357 3174 1618 3246 cogitare
1666 3189 1783 3228 non
1833 3174 1991 3229 sine-

319 3278 442 3332 res,
488 3263 724 3333 publica
768 3279 978 3318 curare
1025 3278 1328 3318 censeres.
1376 3264 1450 3318 At
1490 3279 1607 3318 non
1655 3278 1885 3332 verear,
1918 3278 1990 3317 ne

2096 683 2219 737 tia?
2247 682 2399 748 Quid
2429 684 2582 738 enim
2616 685 2759 738 mihi
2788 701 3044 755 unquam
3072 685 3420 757 jucundum,
3457 686 3613 757 quod
3644 702 3762 740 non

2091 775 2256 827 esset
2289 788 2363 826 ex
2391 777 2446 827 te
2478 772 2854 843 profectum?
2879 773 3046 843 Quid,
3072 774 3328 844 inquam,
3351 774 3493 828 mihi
3525 776 3652 828 sine
3682 778 3758 843 te,

2093 865 2190 916 aut
2222 862 2326 915 tibi
2358 877 2616 933 unquam
2647 864 2775 917 sine
2809 877 2901 916 me
2937 863 3219 933 voluptati
3263 863 3416 918 fuit?
3457 863 3601 928 Quis
3645 880 3764 917 non

2092 966 2243 1005 usus
2274 951 2468 1021 nobis,
2503 954 2559 1005 et
2590 966 2771 1021 prope
2802 951 2973 1005 visus
3004 951 3154 1021 ipse,
3197 967 3563 1023 somnusque
3596 967 3763 1006 com-

2095 1040 2291 1093 munis
2312 1041 2342 1093 ‘?
2369 1038 2512 1104 Qua:
2545 1039 2804 1094 discreta
2835 1055 3092 1111 unquam
3123 1039 3442 1095 voluntas?
3461 1039 3628 1104 Quod
3646 1056 3765 1095 non

2097 1143 2407 1183 commune
2441 1128 2809 1201 vestigium?
2858 1128 2984 1183 fere
3024 1132 3088 1182 ut
3134 1145 3268 1183 cum
3310 1128 3560 1201 gradum
3591 1128 3764 1184 tolle-

2096 1232 2223 1272 rem
2255 1215 2408 1286 (33‘),
2441 1218 2536 1271 vel
2568 1221 2629 1272 tu
2661 1232 2878 1288 meum,
2910 1218 3004 1273 vel
3035 1233 3148 1289 ego
3191 1220 3355 1273 tuum
3403 1233 3624 1289 corpus
3671 1219 3766 1272 vi-

2099 1305 2379 1360 deremur
2407 1306 2694 1361 attollere.

2170 1391 2258 1448 22.
2292 1393 2457 1459 Quod
2488 1395 2542 1449 si
2574 1395 2808 1467 quando
2839 1395 2969 1451 sine
3001 1395 3182 1452 altero
3204 1394 3615 1468 prodeundum
3636 1396 3764 1466 fuit,

2100 1483 2381 1538 intectum
2423 1483 2579 1538 latus
2624 1487 2886 1555 putares,
2935 1484 3207 1541 affectum
3236 1484 3462 1541 vultum
3490 1485 3605 1557 (34)
3635 1502 3769 1541 cer-

2098 1587 2297 1642 neres,
2345 1577 2625 1627 moestum
2672 1574 2929 1629 animum
2967 1574 3278 1647 judicares
3314 1590 3327 1630 :
3362 1590 3480 1630 non
3527 1579 3773 1631 assueta

2102 1662 2329 1733 gratia,
2378 1677 2495 1716 non
2547 1664 2721 1734 vigor
2765 1664 2979 1720 solitus
3026 1664 3376 1735 praenitebat
3423 1682 3434 1718 :
3490 1668 3772 1735 suspecta

2103 1750 2379 1805 omnibus
2413 1750 2670 1806 solitudo
2701 1754 2920 1806 metum
2949 1752 3205 1824 alicujus
3238 1753 3609 1825 aegritudinis
3638 1751 3773 1807 affe-

2102 1838 2290 1894 rebat.
2328 1838 2410 1893 Ita
2454 1855 2673 1893 novum
2721 1840 3037 1895 videbatur
3084 1841 3358 1895 omnibus
3400 1857 3511 1896 nos
3556 1839 3773 1897 dividi!

2103 1926 2230 1999 Ego
2265 1931 2424 1983 certe
2456 1927 2735 1983 fraternm
2785 1928 3096 2000 impatiens
3146 1933 3202 1985 et
3251 1945 3369 1984 non
3417 1928 3637 1984 oblitus
3675 1929 3775 1984 ab—

2104 2016 2313 2072 scntiaa
2346 2017 2479 2087 (35),
2513 2018 2686 2088 quasi
2714 2020 3072 2089 praesentem
3106 2019 3327 2073 reﬂexa
3378 2019 3604 2087 saepius
3649 2033 3775 2072 cer-

2103 2105 2234 2160 vice
2265 2106 2628 2177 quaerebam,
2681 2110 2738 2160 et
2788 2122 2988 2161 coram
3029 2106 3250 2177 alloqui
3301 2110 3473 2177 atque
3507 2101 3787 2178 aspiccrt!

2105 2194 2353 2249 videbar
2382 2194 2528 2248 mihi
2561 2211 2572 2248 :
2610 2194 2716 2248 sed
2748 2199 3024 2265 tanquam
3048 2210 3347 2265 suspenso
3371 2194 3772 2267 collojugum,

2106 2283 2205 2338 ubi
2223 2282 2482 2353 speratis
2505 2282 2866 2351 excideram,
2893 2284 2926 2344 1
2945 2284 2976 2345 1
2991 2283 3087 2346 20
3109 2282 3342 2337 trahere
3361 2298 3453 2337 me
3474 2282 3773 2353 putabam,

2105 2370 2367 2425 difﬁcilis
2411 2370 2717 2442 progredi,
2776 2370 3151 2425 verecundus
3210 2371 3433 2441 videri,
3484 2375 3541 2426 et
3582 2370 3777 2426 redire

2103 2475 2453 2531 properans,
2487 2458 2644 2530 quod
2678 2458 2807 2513 sine
2837 2461 2895 2512 te
2925 2459 3248 2528 procedere
3278 2475 3396 2515 non
3424 2459 3654 2515 liberet.

2175 2549 2264 2603 23.
2298 2548 2373 2602 At
2404 2563 2547 2603 vero
2577 2546 2678 2601 ubi
2710 2546 2999 2602 ambobus
3030 2549 3438 2618 prodeundum
3480 2548 3607 2619 fuit,
3657 2564 3777 2604 non

2104 2637 2273 2709 plura
2304 2638 2358 2690 in
2391 2637 2641 2691 intincre
2672 2637 2948 2708 vestigia,
2982 2653 3157 2707 quam
3187 2637 3403 2704 verba;
3436 2653 3546 2693 nec
3574 2638 3777 2693 inces-

2108 2742 2236 2795 sus,
2273 2742 2447 2797 quam
2498 2741 2698 2780 sermo
2735 2726 3037 2792 crebrior;
3089 2742 3199 2781 nec
3240 2725 3577 2781 ambulandi
3608 2743 3771 2796 cura,

2107 2816 2215 2871 sed
2248 2813 2621 2886 colloquendi
2654 2814 2883 2885 gratia;
2934 2818 3182 2885 uterque
3213 2815 3368 2870 enim
3400 2819 3669 2871 nostrum
3701 2831 3777 2871 ex

2108 2905 2351 2960 alterius
2383 2919 2487 2958 ore
2521 2902 2831 2974 pendebat.
2867 2903 2998 2957 Non
3029 2904 3249 2959 intento
3282 2908 3527 2975 aspectu
3572 2904 3777 2977 legere

2108 2996 2239 3064 iter,
2274 2993 2382 3048 sed
2411 2996 2615 3047 mutuo
2648 2992 2937 3047 sollicitos
2984 2992 3242 3063 experiri
3291 3008 3602 3049 sermones
3641 2993 3774 3065 (36),

2108 3083 2347 3137 haurire
2380 3081 2688 3136 oculorum
2730 3081 3000 3153 gratiam,
3052 3081 3280 3151 spirare
3321 3081 3597 3136 fraternae
3629 3083 3777 3136 ima-

2110 3171 2268 3244 ginis
2302 3170 2655 3240 voluptates.
2678 3168 2862 3234 Quam
2881 3170 3135 3224 virtutes
3157 3171 3290 3223 tuas
3310 3171 3524 3224 tacitus
3547 3186 3779 3225 mecum

2110 3261 2238 3332 ipse
2286 3256 2581 3314 mirabar!
2634 3273 2809 3329 quam
2852 3256 3205 3329 plaudebam
3252 3257 3426 3327 mihi,
3477 3258 3634 3330 quod
3681 3259 3782 3313 tali

317 3351 526 3407 videar
565 3356 917 3425 arroganter
958 3351 1196 3418 dicere;
1248 3352 1378 3407 haec
1423 3352 1579 3407 enim
1625 3351 1819 3406 laudis
1875 3356 1991 3406 tuae
2031 3325 2202 3404 Cme
2248 3349 2535 3404 Dominus
2584 3348 2765 3402 fratre
2813 3348 3153 3425 donaverat,
3201 3347 3319 3400 tam
3366 3347 3616 3418 pudico,
3664 3350 3783 3401 tam

320 3441 514 3512 portio
563 3444 677 3511 est,
724 3441 863 3513 quia
892 3441 1021 3496 sine
1053 3439 1378 3498 offensione
1406 3440 1526 3495 ulla
1557 3444 1614 3496 et
1644 3440 1992 3513 gubernasti

220 3538 229 3551 ‘
320 3530 527 3585 fratris
559 3530 817 3601 domum,
851 3533 909 3585 et
937 3529 1365 3585 commendasti
1395 3529 1813 3584 sacerdotium.

392 3619 482 3675 21.
516 3618 717 3675 Sentio
741 3619 1015 3692 equidem
1046 3619 1204 3690 quod
1231 3619 1551 3689 repetentis
1586 3618 1804 3673 officiis
1851 3619 1989 3687 tuis,

322 3708 831 3780 recensendisque
859 3708 1212 3779 virtutibus,
1248 3707 1541 3763 afficiatur
1570 3707 1802 3762 animus
1838 3723 1849 3761 :
1886 3707 1995 3762 sed

321 3802 518 3854 tamen
547 3797 608 3852 in
639 3797 772 3868 ipsa
801 3797 918 3853 mei
945 3793 1253 3853 affectione
1297 3795 1633 3868 requiesco,
1681 3800 1857 3868 atque
1900 3796 1994 3851 hae

321 3886 469 3943 mihi
495 3886 940 3943 recordationes
988 3886 1104 3941 etsi
1150 3885 1414 3941 dolorem
1459 3889 1767 3954 renovant,
1801 3888 1994 3941 tamen

323 3976 575 4033 afferunt
602 3976 982 4048 voluptatem.
1015 3976 1106 4030 An
1138 3990 1252 4047 ego
1280 3990 1530 4045 possum
1563 3977 1662 4029 aut
1692 3989 1809 4029 non
1840 3973 1998 4046 cogi-

323 4071 450 4124 tare
496 4065 571 4121 de
614 4069 692 4136 te,
739 4068 838 4120 aut
880 4080 1140 4137 unquam
1182 4066 1313 4119 sine
1361 4063 1641 4135 lacrymis
1688 4063 1997 4135 cogitare?

325 4155 399 4212 Et
444 4159 646 4227 potero
697 4169 957 4228 unquam
995 4156 1096 4209 aut
1140 4154 1284 4209 tanti
1329 4169 1446 4209 non
1492 4152 1838 4208 meminisse
1887 4153 1998 4207 fra-

324 4306 435 4362 sed
476 4306 751 4362 eamdem
792 4305 1145 4362 sententiam
1185 4304 1357 4377 plane
1398 4302 1735 4360 efferentes.
1767 4303 1829 4358 Si
1859 4303 1997 4374 quis

325 4383 521 4433 autem
550 4377 702 4434 alios
732 4382 1000 4434 veterum
1032 4378 1180 4432 ritus
1212 4378 1371 4432 circa
1396 4377 1716 4431 morientes
1747 4379 1878 4429 avet
1909 4391 1999 4428 co-

328 4465 649 4522 gnoscere,
685 4448 866 4522 adeat
911 4450 1040 4504 Jos.
1088 4448 1390 4504 Laurentii
1427 4446 1860 4522 _Polymathiam
1894 4445 1996 4522 lib.

324 4518 414 4588 fu,
450 4519 699 4589 synopSi
727 4519 781 4589 9,
815 4520 970 4574 sicut
1001 4524 1057 4575 et
1078 4524 1363 4593 auctores
1391 4518 1465 4573 ab
1499 4519 1705 4573 eodem
1748 4518 1868 4571 illic
1917 4518 1997 4571 ci-

329 4593 509 4645 tates.

401 4660 514 4731 (30)
557 4659 708 4715 Mss.
741 4659 984 4732 aliquot,
1023 4682 1046 4707 «ι
1077 4676 1185 4732 ore
1215 4661 1583 4732 religabam;
1619 4684 1641 4709 ι»
1675 4659 1876 4732 caeteri
1908 4663 1997 4714 at-

328 4748 445 4803 que
480 4732 642 4801 edit.,
679 4751 706 4781 «
740 4746 841 4803 ore
872 4731 1230 4803 relegebam,
1270 4753 1291 4779 ι
1341 4731 1646 4803 Ἠοηιηεχ
1697 4731 1862 4802 Virg.
1899 4747 1997 4785 su-

327 4801 435 4874 pra
480 4804 676 4873 citato,
730 4801 1022 4873 legebam.
1068 4802 1230 4874 Infra,
1271 4817 1412 4874 vero
1458 4802 1557 4855 ubi
1604 4801 1827 4874 omnes
1857 4802 1994 4856 edit.

331 4872 399 4929 ac
430 4874 606 4945 pauci
635 4872 808 4942 mss.,
858 4894 882 4919 α
916 4877 1105 4945 morte
1136 4872 1477 4938 redolebat;
1517 4894 1536 4921 ιι
1590 4873 1803 4945 reliqui
1846 4888 1995 4926 mss.

330 4943 546 5014 magno
578 4959 824 5000 numero
853 4944 1195 5014 prmferunt,
1230 4965 1254 4991 α
1288 4947 1473 4999 morte
1505 4943 1876 5014 redolebam.
1904 4967 1924 4990 η

332 4963 424 5000 ma
470 4963 546 5001 no
578 4963 824 5000 numero
853 4963 1195 5014 praeierunt,
1230 4965 1254 4991 α
1288 4963 1473 4999 morte
1505 4963 1865 4997 reuonenam.
1904 4967 1924 4990 »

332 5089 370 5145 b
404 4963 519 5088 (gl)
574 5016 724 5072 Mss.
774 5031 890 5070 non
938 5015 1130 5086 pauci,
1185 5035 1207 5063 α
1261 5015 1319 5068 in
1368 5015 1500 5086 ipsa
1548 5017 1734 5069 morte
1779 5012 2002 5068 redole-

375 5104 487 5143 am.
524 5111 546 5136 η

375 5104 487 5143 am.
524 5111 546 5136 η

404 5160 517 5231 (32)
568 5157 848 5231 Nonnulli
903 5174 1087 5228 mss.,
1151 5179 1173 5204 α
1220 5160 1558 5227 percuteret
1613 5158 1937 5227 aspectum.
1974 5175 1996 5205 ι

335 5230 503 5285 Haud
536 5230 690 5285 malo
722 5244 926 5284 sensu.

406 5299 517 5372 (33)
567 5301 786 5356 Omnes
831 5300 992 5370 edit.,
1033 5323 1071 5372 tu
1106 5299 1164 5353 in
1203 5298 1460 5372 publicis
1492 5298 1801 5364 ecclesiae;
1839 5320 1860 5346 ι»
1894 5299 2002 5351 Pa-

330 5373 437 5427 ris.
473 5372 765 5443 qumdam,
798 5371 1144 5443 Ecclesiis__:
1178 5371 1394 5442 optime
1443 5386 1586 5443 vero
1632 5385 1782 5443 mss.
1824 5384 2001 5439 prope

334 5444 405 5497 ad
439 5440 639 5511 unum,
677 5466 698 5492 α
725 5444 783 5496 in
815 5442 1059 5496 fabricis
1095 5440 1402 5497 Ecclesia}.
1432 5464 1454 5490 η
1490 5442 1646 5495 Infra
1675 5442 1848 5495 etiam
1870 5456 2001 5509 pro,

338 5536 360 5562 κ
400 5514 475 5569 Ut
504 5531 717 5569 vereor
752 5538 774 5562 ιι
810 5514 969 5584 quod
1000 5517 1128 5568 erat
1158 5512 1217 5566 in
1247 5514 1521 5568 omnibus
1554 5513 1691 5584 edit.
1736 5528 1804 5565 ac
1853 5527 2001 5565 mss.

335 5585 714 5657 quibusdam,
759 5583 857 5657 alii
905 5600 1054 5657 mss.
1108 5584 1577 5657 frequentissimi
1622 5583 1846 5657 legunt,
1884 5605 1907 5657 ιε
1944 5584 2007 5657 ut

334 5652 458 5736 non
481 5652 714 5736 verear.
753 5676 775 5704 ιι
809 5654 977 5736 Quod
1006 5658 1201 5736 autem
1218 5652 1606 5736 praemittitur
1634 5652 1706 5708 de
1758 5652 2006 5736 fabricis

335 5726 632 5796 ecclesia,
665 5727 740 5782 de
771 5727 1211 5782 constructione
1235 5723 1687 5797 intelligendum
1726 5726 1819 5778 est
1848 5723 2009 5797 illius

334 5793 626 5872 basilicm,
659 5813 838 5872 quam
881 5798 973 5872 vir
1021 5801 1268 5872 sanctus
1313 5793 1627 5872 Mediolani
1655 5793 2006 5872 construxit,

323 5867 698 5963 obtundam:
721 5883 864 5941 esse
892 5868 967 5926 ad
992 5869 1307 5957 epistolam
1334 5869 1405 5929 22
1434 5867 1868 5943 adnotavimus,
1901 5880 2008 5927 cu-

763 5967 1022 6039 PAﬂtOL.
1062 5966 1219 6037 XVI.

2029 4564 2084 4628 D

2111 3438 2339 3494 efﬁcaci
2382 3437 2515 3508 (3'7),
2565 3442 2681 3492 tam
2732 3422 3047 3507 innocenti,
3092 3440 3208 3491 tam
3249 3436 3524 3507 simplici,
3557 3438 3619 3490 ut
3648 3452 3782 3491 cum

2110 3530 2268 3582 tuam
2302 3526 2694 3581 innocentiam
2726 3525 3067 3597 cogitarem,
3110 3525 3439 3579 efﬁcaciam
3487 3525 3774 3595 despera-

2110 3631 2236 3670 rem
2271 3630 2282 3669 :
2319 3631 2453 3669 cum
2484 3614 2809 3669 efficaciam
2853 3629 3181 3681 cernerem,
3234 3613 3626 3669 innocentiam
3661 3630 3778 3668 non

2111 3701 2412 3775 putarem!
2448 3703 2564 3758 Sed
2596 3706 2910 3773 utrumque
2942 3703 3090 3756 mira
3120 3703 3373 3773 quadam
3400 3703 3617 3757 virtute
3641 3700 3780 3774 jun-

2114 3793 2322 3867 gebas.
3558 3796 3567 3803 '

2183 3882 2272 3937 24.
2308 3881 2570 3953 Denique
2603 3897 2671 3936 ea
2700 3897 2834 3953 quae
2867 3881 3038 3936 ambo
3071 3881 3530 3953 nequiveramus
3550 3881 3781 3937 conclu-

2112 3973 2274 4041 dere,
2301 3970 2471 4026 solus
2494 3970 2771 4041 implesti.
2800 3970 3119 4025 Plaudebat
3140 3970 3276 4041 sibi,
3302 3973 3363 4024 ut
3385 3971 3577 4026 audio.
3601 3971 3781 4026 Pros-

2110 4077 2237 4133 per,
2270 4059 2428 4132 quod
2461 4059 2778 4114 sacerdotii
2807 4060 2923 4113 mei
2952 4058 3266 4113 occasione
3288 4059 3657 4114 redditurum
3689 4076 3776 4128 se,

2112 4166 2246 4223 quae
2287 4149 2632 4220 abstulerat,
2665 4163 2781 4203 non
2811 4148 3049 4219 putabat
3084 4162 3096 4203 :
3143 4147 3249 4203 sed
3278 4148 3780 4209 vehementiorem

2105 4302 2213 4373 jus
2244 4300 2317 4356 ab
2347 4316 2417 4373 eo
2450 4298 2669 4373 ibidem
2718 4297 2799 4373 fit
2823 4299 3075 4373 mentio._
3111 4298 3260 4373 Ejus
3295 4298 3480 4373 _eti_a_m
3517 4297 3779 4353 meminit

2113 4369 2443 4445 Gregorius
2472 4369 2847 4445 Turonensis
2870 4370 2970 4424 lib.
2995 4369 3111 4445 ncte
3135 4369 3337 4445 (flor-ia
3359 4369 3621 4440 Martyr.
3647 4384 3775 4445 cap.

2114 4445 2203 4514 4'7,
2238 4438 2394 4498 sicut
2424 4446 2481 4514 et
2512 4440 2807 4514 Ughcllus
2829 4444 3001 4514 _tomo
3024 4438 3263 4514 IV_Ita(.
3296 4454 3505 4514 sacrae,
3528 4438 3662 4514 pag.
3686 4438 3776 4514 34.

2114 4508 2322 4585 Neque
2372 4508 2597 4579 officit;
2622 4510 2781 4581 quod
2829 4509 2939 4563 hac
2987 4510 3044 4561 in
3089 4509 3388 4585 oratione
3422 4508 3778 4585 Ambrosius

2114 4578 2365 4641 testatur
2394 4578 2598 4638 curam
2629 4578 2828 4634 rerum
2862 4581 3267 4649 temporalium
3299 4596 3331 4650 a
3361 4578 3540 4633 fratre
3570 4580 3778 4650 Satyro

2115 4660 2455 4726 susceptam
2473 4668 2662 4732 _esse_;
2697 4651 2987 4732 quidquid
2991 4651 3158 4732 enim
3181 4651 3254 4703 ad
3276 4649 3573 4732 Ecclesim_
3586 4649 3778 4732 decus

2114 4721 2384 4800 pertinet,
2438 4726 2534 4800 ab_
2555 4721 2877 4800 episcopali
2922 4721 3118 4800 officio
3164 4737 3281 4774 non
3326 4736 3465 4800 esse
3522 4722 3779 4777 alienum

2115 4791 2701 4870 ipsemet—profitetur
2730 4794 2831 4847 lib.
2866 4810 2905 4845 ιι
2936 4791 3207 4870 Οίζὶσίοιθ.
3236 4808 3370 4870 _cap.
3403 4791 3492 4846 21.

2186 4870 2318 4939 (33')
2350 4862 2480 4921 Non
2512 4864 2684 4936 pauci
2714 4879 2887 4932 mss.,
2927 4886 2949 4909 α
2984 4862 3157 4933 Vere,
3190 4867 3251 4917 ut
3283 4879 3414 4917 cum
3444 4863 3714 4936 gradum,
3754 4889 3773 4915 ιο

2115 4943 2225 4996 etc.

2186 5010 2297 5079 (34)
2339 5008 2540 5063 Codex
2587 5006 2726 5060 Tur.
2779 5006 2947 5060 solus
2969 5046 2995 5079 ,ἓ
3033 5027 3056 5079 _u
3093 5003 3365 5079 allectum
3409 5010 3713 5079 mutatum.
3753 5030 3773 5056 υ

2115 5076 2395 5152 Sequenti
2424 5084 2617 5152 autem
2648 5093 2830 5152 versu
2881 5076 3045 5152 multi
3092 5077 3226 5130 cod.
3262 5077 3469 5152 _simul,
3508 5101 3530 5126 α
3564 5095 3679 5152 non
3709 5080 3779 5132 ad

2116 5146 2659 5232 sanctam‘gratiam
2688 5149 2860 5219 vigor
2877 5146 3096 5232 solitus
3120 5149 3436 5232 pmnitebat
3462 5165 3476 5219 ;
3511 5174 3532 5197 »ι
3567 5150 3779 5205 melius

2116 5230 2308 5280 tamen
2338 5218 2455 5290 alii,
2490 5236 2558 5274 ac
2590 5218 2794 5273 omnes
2825 5219 2961 5273 edit.
2995 5221 3056 5271 ut
3083 5218 3141 5271 in
3173 5221 3351 5275 textu.

2188 5295 2300 5363 (35)
2347 5293 2494 5347 Mss.
2544 5292 2765 5361 aliquot
2816 5291 3120 5358 omittunt,
3176 5312 3196 5338 α
3241 5290 3515 5346 fraterna)
3561 5291 3781 5345 oblitus

2117 5365 2423 5420 absentia).
2461 5387 2481 5410 η
2521 5363 2653 5416 Non
2686 5378 2866 5431 pravo
2900 5376 3104 5415 sensu.

2189 5436 2302 5505 (36)
2334 5435 2463 5488 Non
2496 5434 2667 5504 pauci
2698 5448 2871 5501 mss.,
2921 5454 2943 5483 α
2981 5432 3192 5487 solitos
3237 5432 3508 5502 excipere
3557 5446 3780 5487 sermo-

2121 5522 2250 5563 nes.
2288 5529 2310 5554 η

2192 5576 2305 5648 (3Ἷ)
2354 5575 2490 5648 Ideo
2539 5574 2836 5648 efficaces,
2885 5574 2943 5648 id
2990 5578 3100 5641 est,
3155 5574 3227 5648 ad
3271 5572 3569 5648 agendum
3606 5589 3784 5648 acres

2122 5644 2298 5720 atque
2326 5647 2585 5720 habiles,
2610 5645 3024 5720 innocentibus
3056 5659 3124 5720 ac
3155 5644 3526 5720 simplicibus
3558 5645 3663 5720 hic
3684 5661 3785 5720 opf
3852 5650 3875 5659 ’

2122 5715 2440 5792 ponuntur,
2491 5718 2625 5792 quia
2674 5715 2977 5792 cqmdillis
3026 5715 3343 5792 plu_s__ins_it
3391 5717 3702 5792 sanguinis
3725 5715 3790 5792 et

2124 5785 2362 5860 caloris,
2398 5785 2633 5862 facilius
2664 5786 2974 5862 affectibus
3003 5785 3338 5862 cupiditatis
3362 5791 3459 5845 aut
3488 5785 3606 5846 odii
3637 5788 3790 5849 abri.

3443 5955 3512 6035 43

2124 5858 2385 5947 piantur,
2420 5860 2597 5942 quam
2627 5858 2744 5921 alii.
