4098 6178
397 375 424 434 1
439 371 556 436 355

1861 369 1926 432 S.
1959 363 2402 432 AMBROSII.

3683 373 3849 437 1356

396 579 556 631 tuam
585 575 764 630 unius
795 575 1120 632 efﬁcaciam
1151 579 1431 648 expertus
1463 577 1574 643 est,
1607 590 1784 646 quam
1811 573 2064 628 duorum
2086 580 2132 640 Α
2173 575 2290 626 tus.
2326 570 2559 628 Mallem
2591 570 2832 628 fratrem
2863 573 3158 630 viventem
3185 591 3201 644 ;
3242 575 3352 631 sed
3397 576 3592 631 tamen
3639 574 3846 647 publi-

392 663 588 736 itaque
621 665 798 720 solvit
827 665 1040 734 omnia,
1073 681 1182 720 nec
1205 663 1590 720 moderationi
1615 663 1888 734 ingratus
1921 664 2058 730 tuae,

393 769 504 808 nec
533 753 788 808 illudens
818 754 1064 824 pudori;
1097 755 1205 808 sed
1237 757 1295 809 et
1329 752 1634 808 modestiae
1666 755 1894 822 gratus,
1947 765 2058 804 nec

390 842 660 898 insolens
691 842 994 898 efﬁcaciae.
1029 842 1146 898 Sed
1177 843 1292 910 cui,
1340 842 1541 911 frater,
1591 841 1690 894 illa
1739 837 2061 910 quaesisti?

391 931 518 986 Nos
549 930 704 986 enim
736 931 891 986 idem
921 932 1269 987 volebamus
1316 931 1584 986 laborum
1632 934 1866 983 tuorum
1918 942 2060 982 esse

391 1021 718 1091 praemium,
751 1021 908 1092 quod
939 1021 1354 1076 documentum
1404 1023 1552 1074 erat.
1607 1016 1901 1090 Peregisti
1931 1032 2060 1070 om-

390 1110 506 1180 nia,
541 1113 598 1164 et
629 1109 728 1165 ubi
757 1108 1108 1178 perfunctus
1139 1108 1415 1164 omnibus
1443 1106 1763 1176 revertisti,
1797 1107 1859 1160 tu
1893 1105 2058 1160 solus

389 1197 595 1269 nobis,
659 1197 762 1270 qui
817 1198 1092 1253 omnibus
1147 1213 1216 1252 es
1274 1195 1710 1268 praeferendus,
1768 1193 2058 1264 eriperis;

391 1287 562 1358 quasi
593 1287 726 1341 ideo
757 1289 1005 1341 mortem
1033 1285 1358 1354 distuleris,
1387 1289 1445 1340 ut
1467 1299 1915 1340 consummares
1943 1281 2061 1354 pie-

391 1375 527 1430 tatis
558 1373 840 1444 ofﬁcium,
872 1374 1123 1445 palmam
1153 1373 1436 1429 efﬁcaciae
1465 1376 1826 1444 reportares.

460 1463 550 1518 25.
582 1463 767 1528 Quam
797 1477 908 1518 nec
939 1462 1050 1534 ipsi
1081 1479 1212 1532 nos,
1247 1461 1428 1518 frater
1449 1460 1826 1530 charissima,
1851 1459 2059 1516 saeculi

391 1551 574 1624 hujus
603 1552 970 1608 delectabant
1001 1551 1282 1622 honores,
1314 1551 1472 1623 quod
1504 1566 1616 1607 nos
1647 1567 1680 1605 a
1709 1550 1884 1606 nobis
1917 1549 2060 1603 invi-

391 1658 518 1696 cem
549 1641 888 1697 dividebant
913 1639 925 1696 l
957 1639 1120 1706 Quos
1153 1641 1284 1696 ideo
1307 1640 1501 1712 adepti
1524 1655 1758 1709 sumus,
1782 1654 1899 1694 non
1920 1638 2057 1710 quia

389 1730 499 1786 fuit
529 1746 734 1786 eorum
765 1730 1091 1800 expetenda
1121 1729 1420 1800 perceptio
1461 1727 1594 1799 (38),
1647 1727 1755 1784 sed
1799 1743 1872 1783 ne
1920 1726 2058 1781 vilis

392 1817 787 1874 dissimulatio
818 1817 1141 1872 videretur.
1173 1817 1290 1871 Aut
1319 1817 1580 1872 fortasse
1613 1815 1745 1872 ideo
1775 1818 1915 1871 sunt
1950 1815 2059 1870 tri-

388 1907 536 1977 buti,
570 1909 633 1961 ut
661 1906 799 1978 quia
849 1905 1160 1960 immaturo
1212 1905 1294 1960 tui
1338 1904 1502 1960 obitu
1547 1906 1770 1960 nostrae
1821 1903 2056 1960 futurus

299 2022 304 2037 ι
391 2011 527 2050 eras
559 1994 876 2066 voluptatis
907 2009 1182 2066 occasus,
1217 1993 1346 2050 sine
1368 1993 1542 2050 nobis
1559 1991 1682 2066 jam
1705 1993 1906 2050 vivere
1937 1993 2056 2048 dis-

391 2099 666 2140 caremus
675 2125 686 2138 .

460 2172 550 2228 96.
585 2172 656 2226 Et
687 2172 924 2244 quidem
953 2187 1246 2244 praesagae
1291 2172 1505 2227 mentis
1554 2187 1818 2245 agnosco
1851 2171 2058 2226 formi-

389 2261 608 2332 dinem,
655 2261 794 2316 dum
832 2263 1032 2332 repeto
1082 2277 1282 2332 saepe,
1330 2277 1466 2332 qua;
1516 2259 1884 2331 scripserim.
1937 2260 2057 2316 Re-

388 2351 677 2406 vocabam
725 2354 800 2420 te,
855 2350 1056 2422 frater,
1105 2366 1180 2406 ne
1230 2350 1358 2420 ipse
1402 2349 1663 2404 Africam
1697 2353 1954 2422 peteres,
1987 2365 2057 2404 ac

388 2439 587 2512 potius
637 2440 891 2511 aliquem
938 2439 1295 2495 destinaras.
1347 2439 1648 2494 Timebam
1690 2442 1746 2494 te
1794 2438 2057 2494 commit¢

390 2533 514 2584 tere
543 2528 678 2598 vim,
711 2527 992 2584 fluctibus
1023 2527 1286 2598 credere,
1319 2531 1377 2584 et
1405 2527 1580 2584 solito
1628 2529 1822 2582 metus
1867 2525 2060 2599 major

307 2672 325 2690 ,
391 2619 725 2673 incesserat
755 2617 1012 2675 animum
1045 2631 1056 2672 :
1093 2616 1198 2671 sed
1229 2620 1286 2671 et
1315 2616 1851 2688 peregrinationem
1882 2615 2061 2686 expli-

392 2707 591 2778 cuisti,
624 2710 681 2762 et
711 2721 834 2761 rem
865 2705 1173 2776 ordinasti,
1207 2708 1265 2760 et
1293 2705 1476 2760 veteri
1507 2709 1563 2760 et
1583 2705 1912 2775 sentinoso,
1944 2702 2058 2775 (39)

391 2800 454 2851 ut
500 2795 695 2866 audio,
747 2793 984 2866 navigio
1033 2793 1244 2848 iterum
1291 2797 1347 2850 te
1393 2793 1672 2849 fluctibus
1729 2793 2054 2850 credidisti.

390 2885 660 2956 Namque
682 2898 814 2938 cum
834 2881 1192 2938 celeritatem
1215 2882 1556 2953 aucupario,
1579 2881 1866 2938 cautelam
1895 2898 2055 2954 prm-

390 2971 720 3042 termisisti,
755 2971 966 3026 avidus
997 2974 1219 3027 nostrae
1249 2971 1456 3044 gratia:
1476 3013 1490 3042 ,
1537 2971 1926 3028 dissimulans
1955 2987 2056 3042 pe-

392 3062 562 3118 riculi
591 3061 695 3118 tui.

460 3150 549 3208 27.
581 3151 629 3207 Ο
657 3151 834 3206 fallax
863 3147 1100 3206 laetitia!
1137 3165 1172 3206 o
1204 3149 1426 3206 incerta
1447 3148 1834 3205 humanarum
1855 3165 2057 3206 rerum

391 3239 690 3298 curricula
714 3237 727 3296 l
764 3238 851 3294 Ex
880 3239 1081 3294 Africa
1104 3239 1416 3310 redditum,
1435 3255 1508 3296 ex
1527 3239 1674 3294 mari
1697 3239 2053 3310 restitutum,

2173 675 2305 714 cum
2339 660 2598 715 ofﬁcium
2631 661 2690 715 in
2730 662 3014 737 secundis
3065 663 3250 720 rebus
3275 663 3604 736 jucundius
3634 666 3751 731 est,
3785 663 3850 718 in

2177 748 2468 805 adversus
2501 750 2750 822 gratius.

2241 837 2330 893 29.
2364 837 2572 909 Neque
2601 853 2743 894 vero
2774 841 2915 895 mihi
2947 841 3244 897 mediocre
3276 841 3547 897 meritum
3579 841 3728 896 tanti
3759 841 3847 894 vi-

2170 925 2342 982 detur
2387 927 2588 983 ofﬁcii.
2637 928 2844 1000 Neque
2893 930 3050 984 enim
3098 931 3288 986 otiose
3337 931 3430 986 vel
3478 931 3538 986 in
3585 929 3846 985 Actibus

2171 1015 2574 1086 apostolorum
2605 1017 2761 1087 (Act.
2794 1035 2878 1088 ix,
2910 1017 3024 1089 39).
3056 1019 3306 1074 Tabitha
3335 1025 3594 1090 mortua,
3628 1019 3847 1074 ﬂentes

2172 1103 2368 1158 viduae
2418 1104 2858 1177 describuntur,
2909 1107 3004 1162 vel
3049 1107 3110 1162 in
3158 1107 3482 1181 Evangelia
3528 1108 3698 1176 (Luc.
3739 1123 3845 1176 vn,

2174 1192 2284 1263 12),
2317 1195 2472 1248 mota
2500 1193 2782 1265 lacrymis
2811 1195 3007 1251 viduae
3036 1211 3412 1270 prosequens
3453 1196 3626 1252 turba
3659 1195 3848 1251 funus

2171 1279 2570 1338 adolescentis
2599 1282 2916 1354 inducitur,
2951 1284 3048 1339 cui
3075 1285 3436 1342 resurrectio
3473 1285 3846 1348 debebatur;

2171 1369 2330 1425 illam
2377 1375 2570 1428 tamen
2613 1371 2922 1428 Tabitham
2968 1373 3199 1444 vidum,
3259 1374 3417 1430 hunc
3463 1377 3582 1430 tota
3628 1373 3849 1429 civitas

2171 1457 2350 1514 flevit.
2399 1459 2535 1516 Non
2581 1475 2728 1534 ergo
2773 1461 3017 1518 dubium
3044 1466 3138 1518 est
3165 1463 3387 1519 vestris
3419 1462 3704 1536 lacrymis
3733 1463 3851 1532 (41)

2171 1547 2576 1620 apostolorum
2596 1549 2986 1620 patrocinium
3009 1551 3372 1624 comparari:
3406 1567 3543 1621 non,
3573 1552 3848 1624 inquam,

2171 1635 2416 1692 dubium
2465 1641 2560 1694 est
2605 1637 2908 1696 Christum
2955 1639 3366 1697 misericordia
3409 1644 3653 1711 metu,
3709 1656 3850 1696 cum

2170 1740 2282 1781 vos
2311 1727 2520 1782 flentes
2553 1727 2798 1784 videret.
2831 1727 2960 1783 Etsi
2991 1745 3147 1784 nunc
3177 1745 3292 1786 non
3333 1729 3524 1802 tetigit
3553 1729 3846 1798 loculum,

2170 1815 2437 1886 suscepit
2467 1818 2662 1872 tamen
2691 1817 3164 1874 commendatum
3195 1817 3467 1890 spiritum
3499 1833 3514 1875 :
3547 1821 3605 1874 et
3635 1819 3700 1872 si
3727 1834 3848 1874 non

2169 1903 2484 1974 appellavit
2515 1904 2788 1976 corporis
2815 1921 2963 1962 voce
2981 1905 3323 1962 defunctum
3347 1922 3363 1977 ;
3393 1906 3613 1962 divina
3643 1911 3846 1962 tamen

2167 1993 2480 2064 potestatis
2535 1993 2882 2050 auctoritate
2929 2010 2962 2048 a
3009 1995 3374 2051 cruciatibus
3420 1995 3658 2066 mortis,
3709 1999 3770 2052 et
3816 2013 3850 2050 a

2167 2081 2446 2154 nequitiae
2478 2081 2766 2153 spiritalis
2799 2083 3244 2140 incursionibus
3289 2083 3425 2155 ejus
3469 2084 3734 2140 animam
3771 2085 3849 2140 li-

2167 2169 2396 2226 beravit
2427 2185 2440 2226 :
2492 2173 2550 2226 et
2593 2171 2646 2227 si
2697 2187 2814 2226 non
2843 2172 3070 2228 resedit
3095 2172 3158 2228 in
3188 2172 3384 2230 loculo
3414 2171 3549 2244 (‘2),
3583 2175 3692 2246 qui
3721 2177 3850 2230 erat

2169 2263 2476 2332 mortuus;
2527 2263 2723 2316 tamen
2761 2261 3065 2334 .requievit
3111 2262 3170 2316 in
3211 2259 3452 2318 Christo
3486 2277 3500 2318 :
3543 2267 3604 2318 et
3637 2263 3698 2317 si
3729 2279 3846 2318 non

2168 2348 2406 2408 locutus
2447 2352 2540 2406 est
2587 2350 2784 2421 nobis,
2831 2354 3027 2406 tamen
3069 2367 3140 2406 ea
3182 2367 3318 2423 quae
3344 2367 3525 2422 supra
3555 2367 3676 2408 nos
3707 2358 3849 2408 sunt

2170 2439 2358 2494 cernit
2391 2453 2404 2496 :
2457 2441 2514 2494 et
2557 2455 2692 2511 quae
2733 2439 2964 2510 potiora
2993 2443 3134 2496 sunt
3161 2440 3356 2509 nobis,
3382 2439 3509 2512 jam
3536 2456 3606 2496 se
3636 2442 3848 2497 videre

2168 2527 2420 2584 ltetatur.
2451 2529 2567 2584 Per
2594 2545 2662 2585 ea
2693 2529 2850 2584 enim
2893 2545 3028 2601 quas
3074 2529 3136 2585 in
3180 2528 3508 2602 Evangelio
3551 2529 3844 2603 legimus,

2168 2631 2302 2688 quae
2333 2616 2528 2672 futura
2559 2621 2696 2674 sunt
2726 2617 3149 2691 intelligimus;
3200 2622 3257 2675 et
3292 2618 3681 2690 praesentium
3713 2635 3848 2693 spe-

2169 2705 2294 2762 cies
2325 2706 2605 2762 iudicium
2638 2709 2734 2762 est
2767 2707 3121 2764 futurorum.

2239 2791 2329 2849 30.
2362 2794 2496 2850 Non
2525 2811 2677 2868 Opus
2710 2795 2817 2852 fuit
2847 2797 2902 2852 ei
2931 2796 3291 2853 resurrectio
3322 2797 3669 2868 temporalis
3701 2799 3843 2870 (48),

2169 2883 2266 2940 cui
2293 2886 2516 2939 mterna
2545 2883 2812 2941 debetur.
2846 2883 2996 2951 Quid
3026 2885 3182 2940 enim
3213 2885 3272 2940 in
3295 2883 3448 2940 hanc
3473 2885 3756 2942 miseram
3784 2892 3845 2943 et

2168 2972 2739 3028 aerumnosissimam
2787 2974 3081 3030 recideret
3130 2973 3342 3043 labem,
3387 2975 3564 3045 atque
3595 2976 3654 3030 in
3687 2976 3844 3033 hanc

2169 3061 2422 3118 ﬂebilem
2451 3063 2633 3118 vitam
2662 3062 2900 3134 rediret,
2933 3079 3112 3137 quem
3143 3066 3372 3135 raptum
3411 3065 3608 3136 magis
3645 3069 3677 3131 1
3696 3067 3844 3133 122

2168 3141 2308 3208 esse
2351 3167 2426 3208 ex
2475 3153 2590 3206 tam
2639 3151 3082 3210 imminentibus
3132 3156 3306 3212 malis
3362 3157 3843 3232 urgentibusque

2167 3239 2450 3312 periculis
2467 3241 2726 3314 gaudere
2749 3241 3080 3300 debemus?
3109 3243 3258 3300 Nam
3287 3246 3339 3301 si
3369 3251 3580 3318 pacato
3613 3247 3843 3302 saeculo

389 3347 462 3387 ex
491 3329 803 3402 naufragio
835 3331 1156 3398 servatum,
1187 3329 1540 3400 putabamus
1567 3327 1691 3400 jam
1721 3329 1895 3384 nobis
1940 3345 2057 3386 non
2083 3317 2132 3378 C
2168 3329 2462 3402 bellisque
2493 3331 2892 3401 cessantibus,
2926 3334 3155 3402 raptum
3187 3317 3390 3391 Enocli
3419 3335 3597 3407 (Gen.
3631 3353 3692 3407 v,
3724 3337 3840 3406 21),

389 3433 570 3491 posse
601 3419 748 3490 eripi
783 3433 796 3475 :
833 3417 940 3474 sed
971 3417 1246 3488 graviora
1274 3417 1583 3490 naufragia
1619 3418 1650 3480 1
1669 3417 1804 3483 121
1843 3417 1904 3472 in
1934 3422 2056 3474 ter-

387 3511 472 3564 ris
503 3507 682 3579 positi
733 3507 1141 3578 sustinemus;
1187 3523 1320 3562 nam
1367 3522 1544 3579 quem
1587 3521 1704 3563 non
1742 3507 2060 3576 potuerunt

386 3597 695 3670 naufragia
727 3596 908 3651 maris
941 3596 1011 3650 ad
1042 3599 1290 3652 mortem
1317 3595 1631 3665 deducere,
1666 3596 1928 3652 strenuis
1959 3612 2058 3653 na.

386 3687 604 3744 tatibus
637 3685 870 3756 evitata,
905 3684 1040 3756 ejus
1069 3700 1232 3742 mors
1263 3685 1440 3756 coepit
1462 3685 1635 3741 nobis
1657 3699 1797 3742 esse
1819 3686 2054 3742 naufra-

385 3778 504 3850 gio.
557 3775 708 3842 Quid
754 3775 910 3837 enim
955 3777 1232 3844 superest
1273 3773 1605 3842 suavitatis,
1655 3775 1876 3846 quibus
1941 3780 2056 3832 tam

382 3865 686 3936 prmdulce
735 3864 942 3933 decus,
988 3867 1106 3918 tam
1151 3863 1376 3920 clarum
1424 3863 1483 3918 in
1528 3863 1623 3919 his
1654 3863 1856 3918 mundi
1886 3868 2054 3920 tene-

381 3953 510 4009 bris
540 3954 738 4008 lumen
770 3952 1124 4008 exstinclum
1155 3955 1248 4008 est
1279 3967 1292 4008 :
1327 3952 1384 4006 in
1416 3967 1534 4024 quo
1566 3968 1682 4007 non
1713 3956 1935 4010 nostris
1965 3969 2059 4009 so-

382 4042 505 4096 lum
533 4037 792 4112 familiae,
826 4040 936 4096 sed
967 4041 1146 4096 totius
1177 4041 1381 4110 patriae
1411 4041 1596 4096 decus
1628 4041 1887 4098 occidit?

452 4130 542 4186 28.
579 4129 785 4185 Habeo
814 4143 959 4184 sane
992 4129 1185 4200 vobis,
1220 4129 1438 4184 fratres
1471 4129 1862 4200 dilectissimi,
1881 4131 2055 4202 plebs

380 4221 606 4291 sancta,
637 4218 951 4273 maximam
983 4217 1251 4290 gratiam,
1273 4217 1426 4288 quod
1451 4233 1568 4273 non
1590 4217 1768 4272 alium
1789 4219 2053 4275 dolorem

379 4324 596 4379 meum,
627 4324 801 4380 quam
819 4309 1084 4362 vestrum
1102 4307 1316 4376 putatis
1338 4324 1352 4372 ;
1386 4307 1544 4378 quod
1567 4307 1740 4362 vobis
1757 4307 2051 4364 accidisse

379 4397 530 4454 hanc
580 4397 770 4452 nostri
815 4396 1057 4451 creditis
1089 4395 1466 4450 solitudinem
1496 4396 1630 4467 (40),
1663 4396 1822 4468 quod
1855 4397 2051 4452 fletum

378 4489 558 4543 totius
591 4485 878 4554 civitatis,
913 4488 1148 4539 aetatum
1178 4484 1458 4554 omnium,
1491 4484 1760 4540 ordinum
1791 4487 2051 4541 omnium

377 4580 535 4646 vota,
570 4591 720 4632 nova
752 4574 1002 4647 quadam
1035 4573 1248 4642 pietate
1281 4573 1548 4629 defertis.
1591 4573 1726 4629 Non
1757 4574 1912 4629 enim
1939 4575 2051 4629 mi-

377 4753 638 4808 ofﬁcium
669 4757 726 4810 et
756 4767 972 4808 munus
1003 4755 1094 4806 est
1125 4751 1332 4824 gratiae
1366 4767 1378 4807 :
1426 4754 1524 4806 aut
1565 4751 1617 4806 si
1647 4767 1761 4823 qua
1793 4767 1903 4807 vos
1934 4753 2048 4807 mei

376 4843 564 4914 tangit
593 4841 1025 4914 misericordia,
1059 4840 1214 4912 quod
1241 4839 1414 4896 talem
1447 4840 1690 4895 fratrem
1719 4840 2044 4910 amiserim,

379 4929 568 4986 habeo
598 4929 854 4986 fructum
887 4929 1148 5000 uberem,
1183 4927 1372 4985 habeo
1403 4929 1586 4984 vestri
1615 4929 1836 5002 pignus
1864 4928 2047 4986 aﬁ‘ec-

449 5079 563 5155 (38)
579 5079 1015 5155 ltisstaliquot,
1063 5103 1086 5126 ιι
1123 5094 1328 5136 eorum
1359 5080 1754 5155 exspectanda
1795 5097 2046 5155 percep-

375 5151 469 5208 tio'
491 5151 550 5208 »ζ
576 5151 646 5209 Et
673 5151 822 5206 infra
853 5151 1082 5222 partim,
1121 5174 1143 5198 α
1177 5156 1406 5208 maturo
1438 5153 1522 5207 tui
1552 5151 1736 5222 obitu,
1773 5151 1811 5200 η’
1833 5154 2043 5223 partim

378 5247 403 5274 ιι
440 5223 743 5279 maturiori
775 5223 972 5293 obitu;
1010 5245 1032 5270 ιο
1067 5223 1164 5276 alii
1196 5238 1337 5279 vero
1361 5265 1376 5291 ,
1417 5227 1473 5278 et
1503 5223 1640 5278 edit.
1678 5226 1738 5278 ut
1769 5224 1825 5276 in
1858 5228 2038 5278 textu.

300 5359 302 5361 ,
443 5295 559 5369 (39)
605 5295 943 5369 Sentinoso.
995 5293 1054 5347 id
1099 5297 1208 5369 est,
1262 5294 1329 5369 in_
1363 5293 1540 5369 cujus
1573 5294 1864 5351 sentinam
1895 5311 2048 5367 aqua

372 5365 555 5422 multa
586 5383 692 5436 per
723 5367 1070 5421 fatiscentes
1104 5365 1286 5420 rimas
1315 5366 1615 5421 influebat.

448 5437 560 5510 (40)
593 5437 744 5510 Edit.
779 5437 1050 5509 quaedam
1085 5437 1373 5510 Paris.,_«
1410 5437 2045 5510 creditisqsollicitudi-

371 5507 548 5581 nem;
585 5532 608 5559 η
645 5507 888 5581 reliquae
921 5525 990 5564 ac
1021 5524 1168 5581 mss.
1205 5508 1438 5581 melius,
1486 5532 1507 5556 «
1537 5507 1785 5581 _creditis
1833 5508 2045 5581 solitu-

369 5579 610 5651 dinem;
644 5601 666 5630 ι
704 5579 962 5636 solitudo
993 5579 1148 5635 enim
1181 5583 1238 5634 et
1272 5579 1497 5634 orbitas
1519 5579 1591 5634 de
1621 5581 1817 5651 _morte_
1841 5579 2044 5633 dicun-

373 5655 472 5708 tur
499 5648 926 5723 proximorum.
959 5652 1156 5706 Tertio
1189 5653 1384 5723 autem
1403 5665 1586 5704 versu
1603 5649 1774 5723 deest
1803 5648 1862 5703 in
1893 5664 2046 5705 mss.

375 5721 646 5794 pluribus
677 5737 795 5778 vox
850 5729 1000 5792 vota,
1045 5737 1162 5794 qua
1207 5721 1446 5794 quidem
1491 5722 1779 5794 exempta,
1822 5735 2043 5794 sensus

2167 3435 2341 3476 nemo
2369 3419 2626 3487 deﬁevit,
2661 3421 2769 3476 sed
2796 3421 2989 3494 magis
3033 3422 3318 3494 propheta
3366 3425 3648 3496 laudavit,
3684 3425 3846 3480 sicut

2167 3507 2239 3566 de
2285 3508 2382 3565 illo
2427 3507 2729 3581 Scriptura
2776 3509 2922 3567 dixit
2971 3525 2984 3566 :
3035 3533 3059 3559 α
3107 3511 3334 3584 Raptus
3364 3515 3476 3586 est,
3510 3529 3585 3570 ne
3619 3513 3843 3569 malitia

2167 3601 2419 3655 mutaret
2451 3613 2557 3654 cor
2587 3596 2724 3670 ejus
2754 3597 2868 3670 (44)
2899 3591 3061 3672 (Sep.
3097 3617 3175 3672 xv,
3210 3600 3342 3674 lt);
3382 3606 3602 3675 quanto
3641 3603 3842 3677 magis

2169 3703 2324 3743 nunc
2347 3685 2484 3760 jurc
2515 3686 2828 3743 dicendum
2859 3690 2972 3758 est,
3005 3704 3140 3744 cum
3169 3690 3243 3745 ad
3274 3691 3479 3746 saeculi
3513 3691 3840 3762 lubricum,

2168 3777 2304 3832 vitae
2335 3775 2576 3832 accedat
2607 3775 2947 3849 ambiguum
2973 3775 2987 3834 l
3023 3779 3250 3848 Raptus
3281 3783 3393 3850 est,
3425 3795 3500 3835 ne
3529 3780 3588 3835 in
3620 3796 3843 3837 manus

2167 3864 2453 3920 incideret
2482 3865 2880 3920 Barbarorum
2913 3881 2926 3922 :
2960 3870 3166 3937 raptus
3195 3871 3288 3924 est
3305 3911 3320 3940 ,
3353 3884 3428 3926 ne
3454 3870 3638 3925 totius
3666 3871 3842 3928 orbis

2167 3953 2416 4024 excidia,
2464 3953 2668 4009 mundi
2717 3953 2914 4024 ﬁnem,
2958 3957 3426 4030 propinquorum
3459 3957 3710 4031 funera,
3761 3960 3844 4016 ci-

2166 4043 2328 4098 vium
2368 4045 2612 4112 mortes‘,
2659 4058 2734 4099 ne
2779 4048 3084 4115 postremo
3133 4049 3477 4103 sanctarum
3531 4049 3841 4122 virginum

2165 4135 2339 4204 atque
2388 4123 2720 4202 viduarum,
2769 4133 2927 4204 quod
2970 4135 3132 4190 omni
3179 4139 3367 4193 morte
3394 4137 3672 4194 acerbius
3719 4142 3840 4209 est,

2165 4220 2556 4276 colluvionem
2585 4220 2834 4277 videret.

2233 4309 2322 4365 31.
2371 4308 2500 4382 Ego
2552 4325 2694 4366 vero
2738 4313 2826 4380 te,
2876 4310 3080 4382 frater,
3131 4327 3267 4368 cum
3311 4313 3450 4369 vitai
3500 4317 3618 4370 tuae
3661 4315 3836 4386 flore,

2165 4403 2287 4454 tum
2332 4399 2540 4454 mortis
2597 4399 3024 4456 commodidate
3079 4400 3315 4457 beatum
3362 4401 3639 4459 arbitror.
3699 4403 3840 4459 Non

2163 4487 2318 4544 enim
2351 4487 2525 4544 nobis
2557 4492 2800 4559 ereptus
2831 4503 2920 4560 es,
2957 4489 3062 4546 sed
3094 4491 3380 4562 periculis
3418 4507 3432 4548 :
3485 4508 3602 4548 non
3650 4493 3838 4549 vitam

2161 4575 2434 4645 amisisti,
2481 4575 2588 4631 sed
2635 4577 3036 4650 ingruentium
3078 4579 3466 4636 acerbitatum
3515 4579 3838 4637 formidine

260 4732 264 4736 ,
379 4665 725 4721 sericordiae
763 4663 1008 4734 privatae
1059 4662 1248 4730 dolor,
1299 4661 1406 4717 sed
1452 4661 1747 4733 quoddam
1795 4664 2050 4734 publica:
2073 4678 2121 4740 ο
2162 4665 2424 4721 caruisti.
2458 4664 2608 4719 Nam
2637 4680 2753 4738 qua
2783 4681 2918 4722 eras
2968 4671 3190 4724 sanctae
3233 4669 3449 4726 mentis
3490 4669 3834 4726 misericor-

2147 4753 2254 4808 dia
2283 4755 2340 4808 in
2371 4757 2507 4809 tuos
2539 4753 2671 4824 (45),
2719 4753 2770 4810 si
2816 4771 2976 4812 nunc
3017 4755 3222 4830 urgeri
3265 4757 3488 4814 Italiam
3539 4763 3656 4814 tam
3688 4775 3835 4830 pro-

2160 4841 2378 4914 pinquo
2413 4841 2584 4898 hoste
2615 4855 3040 4916 cognosceres,
3071 4849 3351 4916 quantum
3373 4847 3830 4920 ingemiscat-es,

2159 4947 2335 5003 quam
2383 4931 2624 4988 dolores
2665 4932 2728 4987 in
2781 4932 3016 5003 Alpium
3059 4934 3214 4992 vallo
3263 4951 3554 4991 summam
3602 4941 3830 4992 nostra:

2227 5081 2340 5158 (41)
2368 5080 2588 5158 _Eodem
2619 5099 2804 5158 sensu
2836 5084 3017 5158 fletus
3051 5101 3372 5158 pauperum
3414 5102 3596 5158 supra
3644 5104 3828 5146 voca-

2157 5152 2258 5230 bat
2309 5152 2331 5200 ἁ
2368 5153 2660 5230 laci-ymas
2703 5152 3213 5230 redemptric'es.)
3263 5157 3380 5214 Sed
3420 5152 3737 5230 et'passim
3770 5161 3826 5216 in

2160 5223 2283 5300 hac
2302 5223 2562 5300 oratione
2593 5241 2768 5297 quam
2797 5223 3064 5282 efﬁcacia
3087 5227 3356 5284 vivorum
3389 5245 3495 5300 pro
3511 5223 3829 5288 'defunctis

2157 5294 2464 5372 suffragia,
2499 5294 2756 5372 necinon
2786 5301 3125 5372 sanctorum
3155 5315 3262 5370 pro
3298 5294 3573 5372 utrisque
3617 5303 3827 5358 subsi-

2155 5366 2250 5421 dia
2295 5366 2425 5444 jam
2466 5383 2498 5421 a
2549 5367 2756 5444 primis
2809 5368 3099 5425 Ecclesia:
3129 5366 3372 5444 saeculis
3415 5366 3825 5444 crederentur,

2155 5439 2534 5494 manifestum
2567 5438 2648 5493 ﬁt.
3129 5441 3134 5448 '

2225 5509 2340 5579 (4‘2)
2372 5509 2856 5584 Nonnulliqmssq
2910 5533 2930 5562 ι
2965 5513 3234 5584 suscepit
3263 5516 3456 5570 tamen
3485 5513 3687 5572 datum
3719 5533 3733 5572 :
3771 5519 3830 5574 et

2153 5579 2207 5634 si
2237 5595 2353 5652 non
2373 5579 2766 5652 appellavit...
2799 5579 2918 5638 non
2949 5579 3172 5639 resedit
3205 5583 3263 5638 in
3293 5585 3529 5642 lectulo.
3567 5609 3590 5634 ι

2369 5650 2517 5728 Mss.
2553 5651 2850 5728 aliquot,__«_
2879 5655 3241 5711 resurrectio
3269 5657 3620 5728 corporalis.
3656 5681 3679 5706 ο

2223 5721 2336 5806 (ἀί)
2361 5722 2534 5806 μεθ.
2585 5721 2888 5806 nonnulli,
2933 5748 2956 5772 ιι
2989 5728 3240 5806 mutaret
3276 5721 3638 5786 intellectum
3666 5728 3826 5806 ejus,

373 5791 584 5878 adhuc,
602 5793 835 5878 integer
865 5791 1114 5867 constat,
1149 5791 1257 5850 sed
1287 5795 1482 5850 tamen
1510 5791 1732 5869 aliquid
1770 5791 2046 5851 adimitur
2150 5791 2438 5878 δυρρρᾗ
2467 5793 2767 5868 deciperet
2795 5791 3048 5878 animam
3062 5796 3296 5878 ’θέαι-ξ

376 5861 782 5932 concinnitati.
1099 5861 1108 5867 ⁷
1414 5900 1442 5908 η

2217 5863 2336 5946 (45)
2363 5865 2576 5927 Plures
2603 5863 2758 5929 inse.
2793 5869 2852 5928 et
2878 5863 3146 5948 AmerbI,
3182 5892 3205 5922 ε
3241 5869 3394 5934 Nam
3421 5870 3527 5959 qui
3554 5885 3817 5938 σηοισδ⁴
