4098 6178
375 429 533 502 1357

1194 444 1306 518 DE
1338 456 1725 527 EXCESSU
1755 464 2120 532 FRATRIS
2153 467 2291 534 SUI
2336 474 2645 539 SATYRI
2675 480 2835 545 LIB.
2870 470 2918 543 Ῐ.

3589 496 3748 561 1358

316 638 530 696 salutis
574 645 907 703 θοηείείονθ
927 689 943 720 ν
994 649 1421 728 lignorumque
1470 663 1856 721 concaedibus
1879 667 1992 738 (46)
2020 671 2382 735 (avellar?
2410 673 2561 740 Quid
2595 678 2750 733 enim
2779 681 2925 735 mihi
2955 682 3085 739 sine
3117 686 3172 741 te
3194 688 3392 757 potest
3407 704 3547 745 esse
3569 691 3785 763 jucun-

318 731 584 763 annui-un:
620 748 827 763 nun"...
860 738 1105 763 _..J-_!-
1135 740 1147 763 Ι
1182 742 1291 763 nu-
1344 748 1345 751 η
1395 747 1470 763 mue
1518 751 1552 763 ,ι
2128 760 2142 763 -
2316 762 2323 763 ,

318 731 587 786 construi
619 748 832 790 nurum
860 738 1106 807 pudoris
1134 740 1147 797 ι
1181 742 1304 809 Qua
1334 747 1671 816 jaftlictione
1703 769 1992 811 maerores

317 817 435 872 tam
464 820 627 875 tenui
656 822 1006 883 discrimine
1051 833 1187 886 tuos
1247 834 1320 889 ab
1369 836 1540 894 hoste
1584 841 1875 913 distineri,
1906 845 1979 899 ab

317 904 491 963 hoste
523 908 753 981 impuro
782 916 957 1003 atque
993 920 1240 992 crudeli,
1276 923 1377 994 qui
1406 942 1515 981 nec
1545 929 1843 998 pudicitiae
1862 904 1989 1003 par-

318 1000 497 1066 ceret,
534 1014 647 1053 nec
670 1001 846 1058 saluti
874 1002 886 1058 l

387 1100 475 1159 35.
509 1104 795 1179 Quonam,
832 1111 1097 1185 inquam,
1119 1116 1249 1173 ιιωο
1280 1120 1455 1176 modo
1488 1121 1700 1195 ferres,
1727 1142 1860 1197 quae
1878 1143 1988 1183 nos

310 1194 562 1265 perpeti,
596 1198 653 1251 et
684 1197 943 1256 fortasse
965 1204 1146 1275 (quod
1168 1208 1414 1278 gravius
1444 1215 1558 1281 est)
1591 1194 1863 1284 spectare
1897 1232 1989 1272 co-

313 1296 528 1352 gemur
550 1285 692 1355 (4'1),
724 1289 849 1359 rapi
882 1291 1172 1365 virgines,
1220 1299 1278 1350 et
1324 1299 1568 1355 avulsos
1599 1317 1633 1355 a
1673 1305 1986 1376 complexu

311 1374 621 1440 parentum
648 1378 931 1445 parvulos
961 1380 1187 1439 liberos
1234 1400 1416 1457 supra
1461 1389 1570 1443 tela
1608 1374 1842 1463 jactari,
1894 1395 1989 1449 in-

313 1462 531 1516 cestari
563 1468 796 1520 sacrata
826 1466 950 1523 Deo
980 1484 1250 1543 corpora,
1285 1483 1342 1530 et
1371 1477 1623 1533 senilem
1654 1462 1851 1537 viduae
1868 1500 1988 1540 ma-

312 1548 559 1606 turioris
589 1556 823 1609 uterum
851 1556 912 1611 in
955 1574 1106 1615 usus
1156 1561 1438 1622 desuetos
1470 1582 1718 1625 onerum
1749 1574 1950 1630 redire
1970 1616 1985 1647 ,

311 1652 431 1693 non
461 1639 779 1713 pignorum
798 1644 828 1699 ?
855 1644 1141 1719 Quonam,
1176 1651 1437 1725 inquam,
1491 1658 1665 1714 modo
1696 1659 1808 1716 ista
1840 1639 1984 1719 tole;

314 1741 504 1817 rares,
536 1729 845 1801 quietiam
892 1735 1095 1795 ultimo
1139 1740 1352 1811 spiritu
1398 1744 1483 1800 tui
1525 1744 1649 1817 jam
1696 1748 1983 1807 fortassis

310 1815 551 1889 oblitus,
587 1821 645 1874 et
673 1820 1083 1895 adhuc_nostri
1110 1843 1228 1885 non
1258 1815 1587 1905 immemor,
1612 1835 1685 1893 de
1718 1841 1984 1897 cavenda

309 1904 654 1965 incursione
704 1909 1102 1971 Barbarorum
1157 1932 1270 1975 nos
1318 1922 1544 1993 saepius
1574 1904 1978 1999 admonebas,

2111 760 2275 827 dum,
2309 762 2370 817 in
2402 780 2517 834 quo
2547 768 2742 822 omnis
2767 784 3008 841 semper
3036 772 3144 828 fuit
3173 779 3378 831 nostra
3399 760 3789 849 jucunditas?

2108 852 2212 903 aut
2246 851 2385 920 quid
2420 852 2642 909 diutius
2672 856 2732 910 in
2765 857 2875 913 hac
2905 861 3022 914 vita
3052 862 3273 934 degere
3296 865 3488 937 juvat,
3523 873 3697 942 atque
3725 873 3786 928 in

2106 938 2287 991 terris
2317 942 2556 1011 morari,
2593 944 2651 998 in
2690 947 2910 1016 quibus
2942 951 3141 1005 tandiu
3182 951 3450 1023 jucunde
3498 959 3786 1030 viximus,

2106 1027 2367 1096 quandiu
2403 1030 2579 1085 simul
2610 1033 2905 1092 viximus!
2938 1038 3066 1094 Etsi
3097 1045 3262 1097 esset
3301 1047 3460 1116 quod
3492 1047 3589 1104 hic
3619 1027 3787 1106 dele?

2105 1118 2264 1170 ctare
2299 1133 2412 1172 nos
2442 1125 2669 1191 posset,
2706 1123 2837 1179 sine
2869 1129 2924 1181 te
2966 1128 3261 1186 delectare
3289 1148 3408 1188 non
3439 1141 3648 1206 posset
3680 1154 3694 1194 :
3732 1143 3791 1195 et

2107 1203 2160 1257 si
2192 1207 2429 1275 quando
2462 1210 2869 1269 voluissemus
2899 1216 3169 1287 impense
3210 1221 3388 1277 vitam
3433 1203 3784 1299 producere,

2099 1290 2224 1363 jam
2256 1298 2450 1351 tamen
2481 1298 2611 1354 sine
2641 1303 2697 1355 te
2729 1317 2867 1359 esse
2890 1306 3205 1364 nollemus.

2172 1381 2261 1437 35.
2296 1384 2441 1440 Haec
2471 1387 2886 1448 intolerabilia.
2920 1392 3069 1459 Quld
3121 1398 3277 1454 enim
3311 1401 3617 1460 tolerabile
3650 1408 3783 1464 sine

2108 1474 2163 1525 te
2184 1474 2344 1529 tanto
2376 1475 2511 1530 vitm
2542 1479 2774 1551 comite,
2822 1485 2985 1538 tanto
3031 1485 3305 1545 laborum
3354 1506 3623 1549 meorum
3655 1495 3783 1551 offi-

2104 1559 2450 1634 ciorumque
2481 1572 2808 1626 consorte?
2839 1570 3029 1645 Cujus
3078 1590 3193 1648 ego
3234 1594 3438 1636 casum
3467 1598 3586 1654 quo
3617 1590 3783 1641 esset

2101 1647 2497 1724 tolerabilior,
2551 1671 2661 1711 nec
2710 1647 3363 1738 prtemeditariipotui;
3410 1647 3783 1743 ita-pavebat

2100 1738 2335 1795 animus
2366 1741 2439 1797 de
2473 1743 2574 1799 illo
2604 1744 2719 1801 tale
2749 1748 2974 1821 aliquid
3006 1754 3271 1825 cogitare
3296 1753 3309 1812 l
3343 1774 3461 1813 non
3488 1738 3607 1832 quo
3638 1779 3778 1819 con-

2098 1826 2377 1885 ditionem
2436 1830 2799 1905 ignorarem,
2852 1839 2961 1894 sed
3003 1841 3243 1912 quidam
3299 1826 3573 1904 votorum
3624 1867 3777 1908 usus

2096 1932 2343 1974 sensum
2393 1924 2728 1979 communis
2771 1924 3115 1999 fragilitatis
3164 1933 3537 2009 obduxerat;
3597 1943 3659 1997 ut
3701 1942 3777 1999 de

308 2008 781 2054 commemorans
810 2016 930 2057 non
969 2002 1190 2061 frustm
1231 2010 1289 2065 te
1334 2009 1564 2069 dixisse
1606 2012 1976 2088 fugiendum.
2015 2048 2067 2112 B
2095 2004 2193 2061 ίΠο
2224 2007 2341 2062 ηίεί
2375 2011 2639 2066 Secunda
2671 2015 2868 2069 omnia
2902 2018 3167 2094 cogitare
3197 2025 3517 2112 nescirem.

308 2080 588 2112 Damna---
617 2086 748 2112 {.14.-
783 2090 934 2112 ---ρ-1
987 2109 1015 2112 _.
1035 2108 1054 2112 -
1072 2109 1093 2112 μ
1165 2095 1179 2112 1
1200 2110 1211 2112 _
1235 2111 1242 2112 κ
1263 2096 1319 2112 ιο,
1375 2099 1387 2110 ι
1424 2101 1435 2112 ι
1686 2107 1696 2112 -
2163 2095 2228 2112 nn
2305 2096 2349 2112 η
2437 2098 2448 2110 ο
2756 2103 2767 2112 ι
3212 2111 3218 2112 ,

306 2080 589 2141 Fortasse
617 2086 752 2143 ideo
780 2090 938 2161 quod
985 2108 1097 2148 nos
1147 2095 1390 2153 destitui
1420 2101 1520 2155 tua
1548 2080 1737 2161 morte
1772 2121 1979 2165 cerne-

304 2169 415 2227 bas
447 2189 461 2229 :
494 2174 651 2246 quod
700 2192 817 2233 non
877 2179 1211 2240 infirmitate
1257 2186 1436 2242 animi
1482 2191 1590 2246 sed
1642 2193 1854 2263 pietate
1894 2196 1977 2252 fa-

304 2259 510 2316 ciebas
536 2278 551 2333 ;
593 2267 651 2320 et
680 2266 733 2320 si
766 2266 1037 2325 inﬁrmus
1057 2287 1166 2342 pro
1191 2274 1386 2344 nobis,
1411 2280 1603 2334 tamen
1623 2259 1829 2338 firmus
1850 2285 1974 2342 tibi.

301 2347 414 2414 Qui
447 2366 580 2407 cum
609 2369 644 2407 a
675 2355 804 2411 viro
835 2358 1020 2413 nobili
1061 2365 1435 2421 revocareris
1473 2366 1826 2439 Symmacho
1860 2373 1974 2444 (48)

303 2444 403 2496 tuo
434 2442 733 2514 :pareute,
786 2446 945 2517 quod
989 2449 1198 2506 ardere
1249 2452 1405 2510 bello
1446 2454 1608 2512 Italia
1638 2442 1973 2535 diceretur,

303 2529 461 2600 quod
488 2531 550 2585 in
595 2532 923 2603 periculum
974 2538 1274 2612 tenderes,
1325 2544 1482 2614 quod
1529 2544 1589 2600 in
1621 2546 1852 2605 hostem
1881 2529 1973 2606 in;

302 2632 579 2675 currercs
606 2637 621 2692 ;
655 2624 1017 2693 respondisti
1048 2625 1200 2682 hanc
1222 2629 1412 2701 ipsam
1436 2633 1542 2688 tibi
1574 2650 1815 2692 causam
1832 2654 1971 2696 esse

301 2707 600 2780 veniendi,
637 2726 711 2765 ne
739 2715 946 2768 nostro
975 2714 1227 2772 deesses
1250 2721 1535 2793 periculo,
1553 2728 1613 2780 ut
1635 2731 1971 2785 consortem

296 2798 352 2849 te
382 2794 628 2853 fraterni
664 2799 1031 2858 discriminis
1054 2805 1396 2865 exhiberes.

365 2902 455 2959 33.
491 2902 658 2960 Felix
698 2907 880 2980 igitur
908 2911 1028 2966 tam
1073 2917 1402 2985 opportuno
1439 2918 1621 2989 obitu,
1668 2923 1805 2994 quia
1849 2940 1969 2982 non

295 2993 468 3047 estin
498 2992 656 3050 hunc
706 3001 982 3055 servatus
1026 2999 1290 3059 dolorem
1346 3004 1480 3077 (49).
1529 2992 1703 3065 Certe
1739 3012 1970 3070 felicior

301 3083 334 3145 1
354 3083 496 3147 123
527 3099 701 3156 quam
751 3091 955 3144 sancta
1000 3104 1192 3161 soror,
1240 3109 1373 3166 quae
1406 3098 1505 3153 tuo
1537 3100 1746 3155 solatio
1778 3102 1966 3158 desti-

295 3171 436 3239 tuta,
473 3172 545 3227 de
575 3188 687 3229 suo
716 3175 942 3246 pudore
973 3178 1223 3235 sollicita
1245 3224 1259 3252 ,
1303 3183 1540 3241 duobus
1573 3203 1766 3260 nuper
1794 3189 1965 3246 beata

296 3261 622 3332 germanis,
675 3278 833 3319 nunc
886 3281 960 3320 ex
1002 3267 1236 3325 duobus
1280 3270 1567 3329 fratribus
1606 3292 1962 3351 wrumnosa,

292 3362 487 3420 neque
522 3350 770 3408 alterum
818 3354 990 3427 sequi
1020 3360 1234 3429 potest,
1284 3376 1477 3433 neque
1509 3363 1755 3421 alterum
1789 3350 1962 3424 dere?

2162 2095 2251 2150 36.
2305 2096 2570 2171 Denique
2599 2103 2865 2191 proximo
2888 2120 3022 2161 cum
3053 2111 3222 2179 gravi
3253 2111 3532 2184 (quodam
3583 2120 3760 2191 atque

2093 2185 2313 2240 utinam
2336 2202 2616 2257 supremo
2643 2187 2682 2259 l)
2705 2205 2956 2263 urgerer
2976 2210 3194 2252 occasu
3222 2214 3236 2269 ;
3263 2200 3373 2256 hoc
3397 2203 3591 2260 solum
3607 2185 3767 2263 dole-

2090 2271 2247 2343 bam,
2282 2275 2439 2345 quod
2470 2291 2587 2332 non
2610 2277 2740 2348 ipse
2772 2282 3077 2338 assideres
3115 2286 3350 2360 lectulo,
3400 2308 3469 2347 ac
3505 2295 3772 2352 votivum

2091 2361 2234 2416 mihi
2269 2379 2402 2418 cum
2434 2370 2638 2420 saneta
2669 2383 2879 2426 sorore
2910 2373 3163 2442 partitus
3195 2376 3477 2451 officium,
3498 2386 3763 2442 morien-

2091 2451 2167 2504 tis
2199 2451 2406 2507 oculos
2437 2453 2641 2526 digitis
2672 2458 2789 2512 tuis
2821 2459 3133 2518 clauderes
3164 2465 3298 2536 (50).
3334 2466 3487 2533 Quid
3518 2476 3766 2542 optave-

2089 2538 2417 2615 raleuid
2464 2544 2919 2614 rependolQuae
2951 2554 3085 2607 vota
3119 2552 3399 2612 deficiunt
3427 2556 3441 2615 l
3473 2538 3617 2624 Quae
3658 2562 3763 2618 mi-

2086 2628 2332 2684 nisteria
2360 2632 2689 2689 succedunt
2720 2632 2732 2690 l
2760 2636 2933 2693 Aliud
2981 2644 3388 2713 praeparabam
3408 2689 3423 2717 ,
3457 2648 3618 2706 aliud
3653 2668 3764 2709 ex-
3790 2682 3795 2689 -

2086 2715 2294 2774 hibere
2326 2721 2687 2794 compellor;
2722 2741 2840 2781 non
2866 2724 2993 2799 jam
3024 2729 3153 2801 ipse
3172 2715 3569 2794 ministerium
3602 2740 3766 2798 fune-

2083 2806 2193 2877 ris,
2228 2808 2336 2863 sed
2366 2809 2655 2868 minister.
2702 2812 2749 2868 Ο
2797 2815 2944 2871 dura
2990 2820 3298 2877 oculorum
3346 2824 3589 2897 lumina,
3625 2846 3761 2902 qum

2080 2896 2359 2966 potuistis
2391 2898 2634 2955 fratrem
2690 2902 2893 2961 videre
2925 2909 3307 2967 morientem!
3340 2912 3386 2969 Ο
3415 2896 3674 2974 immites
3703 2925 3761 2975 et

2081 3001 2312 3056 aspersa
2343 3002 2577 3057 manus,
2626 3005 2761 3062 qum
2793 2992 3100 3051 clausistis
3148 3001 3377 3071 oculos,
3429 3004 3490 3059 in
3539 3007 3758 3078 quibus

2080 3073 2214 3143 plus
2242 3075 2514 3131 videbam
2536 3075 2548 3132 l
2640 3079 2848 3136 durior
2887 3086 3118 3155 cervix,
3152 3103 3286 3158 qum
3327 3093 3444 3146 tam
3478 3073 3751 3167 lugubre,

2080 3180 2252 3233 onus,
2270 3166 2617 3221 consolabili
2635 3167 3093 3243 licetobsequio,
3112 3179 3348 3246 gestare
3359 3166 3601 3250 potuisti
3615 3184 3749 3255 (51)!

2147 3253 2236 3309 3'7.
2272 3253 2415 3309 Haec
2446 3259 2527 3323 tu,
2562 3255 2764 3327 frater,
2797 3259 2942 3313 mihi
2964 3260 3194 3333 justius
3225 3267 3568 3325 exhiberes.
3606 3253 3749 3329 Hac

2076 3357 2189 3414 ego
2221 3359 2255 3397 a
2284 3346 2340 3397 te
2363 3345 2803 3415 exspectabam,
2820 3347 2947 3403 haec
2962 3366 3075 3422 ego
3099 3352 3293 3409 officia
3309 3355 3747 3418 desiderabam.

289 3413 598 3510 linquere:
633 3440 727 3496 cui
758 3413 1566 3522 tumulushospitiumltuus,
1602 3458 1657 3509 et
1687 3459 1961 3528 corporis
2000 3413 2051 3478 Ο
2075 3431 2248 3528 NE")?
2277 3448 2420 3489 vero
2467 3448 2595 3528 193°
2626 3450 2772 3528 mea?
2804 3441 2939 3528 “im
2970 3446 3306 3514 supersms'
3341 3447 3500 3518 q‘md
3531 3464 3662 3505 sme
3692 3454 3748 3506 ίθ

286 3526 375 3581 tui
426 3528 769 3599 sepulcrum
799 3535 891 3588 est
939 3534 1173 3592 domus.
1222 3538 1413 3612 Atque
1459 3542 1678 3599 utinam
1723 3526 1816 3601 vel
1846 3546 1960 3604 hoc

286 3618 477 3673 tutum
508 3618 904 3677 diversorium
931 3621 944 3679 l
974 3622 1160 3681 Cibus
1200 3625 1259 3682 in
1291 3628 1550 3696 fletibus,
1584 3636 1757 3703 potus
1789 3635 1846 3689 in
1877 3636 1959 3691 la-

286 3708 551 3779 crymis;
586 3709 781 3765 cibum
806 3712 1023 3768 etenim
1053 3714 1268 3771 dedisti
1311 3718 1486 3774 nobis
1517 3736 1727 3791 panem
1758 3724 1955 3798 lacry-

281 3811 533 3867 marum,
567 3800 625 3854 et
652 3802 852 3871 potum
882 3801 1094 3859 dedisti
1114 3805 1289 3861 nobis
1324 3807 1382 3862 in
1403 3807 1683 3881 lacrymis
1717 3812 1776 3867 in
1797 3829 1953 3870 men-

285 3900 429 3940 sura
459 3886 648 3956 (Psal.
683 3906 885 3961 Lxxtx,
918 3890 994 3962 6),
1014 3896 1113 3949 aut
1142 3892 1400 3952 fortasse
1422 3897 1571 3953 ultra
1589 3914 1949 3961 mensuram.

356 3971 445 4031 34.
466 3975 617 4031 Nam
648 3978 789 4050 quid
808 3979 881 4035 de
908 3996 1002 4037 me
1023 3982 1267 4055 loquar;
1296 3986 1391 4041 cui
1413 4001 1605 4059 neque
1634 3990 1783 4045 mori
1813 3989 1953 4048 licet

285 4078 364 4119 ne
411 4080 689 4123 sororem
704 4067 1037 4143 relinquam
1064 4087 1076 4128 :
1100 4087 1293 4146 neque
1311 4075 1515 4133 vivere
1537 4076 1698 4150 libet,
1730 4095 1803 4136 ne
1833 4095 1865 4135 a
1894 4083 1951 4138 te

280 4208 698 4292 misericordia
728 4212 789 4266 in
819 4214 955 4294 tuos
980 4229 1054 4294 ς)
1088 4215 1324 4294 quidam
1357 4218 1726 4294 meliuscule,
1764 4245 1786 4269 α
1820 4239 1952 4294 pro-

281 4296 400 4363 nus
430 4280 494 4364 in
518 4286 654 4364 tuos
673 4301 688 4351 ;
726 4303 749 4334 ι
785 4280 1125 4359 elegantius
1153 4290 1351 4344 tamen
1380 4289 1499 4360 alii,
1533 4280 1858 4364 atque'edit
1888 4300 1950 4352 ut
2006 4338 2011 4343 «

277 4351 343 4406 in
366 4355 667 4410 contextu.

498 4424 777 4506 Nannius
798 4427 900 4483 ubi
930 4428 1235 4506 adnotavit
1258 4431 1318 4486 in
1346 4431 1480 4506 aliis
1510 4433 1640 4490 cod.
1675 4451 1781 4506 pro
1813 4453 1948 4491 con-

276 4494 548 4575 caedibus
577 4495 781 4575 haberi
812 4502 1172 4575 congeribus
1199 4502 1281 4571 (in
1329 4494 1696 4575 quibusdam.
1724 4508 1940 4563 scribi-

278 4570 381 4661 tur
409 4566 814 4661 coeger‘iebus‘
834 4609 848 4637 ,
890 4566 950 4624 in
979 4571 1113 4661 aliis
1157 4566 1298 4629 vero
1348 4566 1693 4661 aggeribus,
1727 4579 1934 4661 idﬂest,

279 4635 590 4715 stragibus
621 4635 985 4715 dejectarum
1015 4644 1314 4715 arborum,
1341 4635 1410 4699 ut
1424 4635 1636 4701 itinera
1669 4635 1943 4707 hostibus

278 4706 819 4789 intercluderentur
850 4712 1227 4789 :__subjungit,
1259 4706 1400 4785 quid
1433 4717 1511 4771 sit
1552 4719 1784 4789 melius,
1810 4706 1943 4777 aliis

2074 3521 2350 3576 solatium
2380 3522 2625 3594 capiam,
2660 3524 2759 3596 qui
2792 3527 2960 3582 solus
2991 3536 3338 3588 maerentem
3369 3535 3549 3592 solari
3583 3539 3746 3595 sole-

2071 3608 2201 3678 bas,
2244 3610 2501 3666 excitare
2532 3611 2822 3685 laetitiam,
2857 3618 3321 3676 moestitudinem
3351 3625 3747 3696 propulsare?

2069 3698 2311 3764 Qualem
2344 3703 2397 3754 te
2432 3716 2588 3756 nunc
2621 3717 2755 3773 ego,
2779 3702 2977 3774 frater,
3003 3708 3394 3782 aspicio,jam
3417 3714 3579 3768 nulla
3600 3715 3745 3772 mihi
3851 3785 3855 3791 ‘

2068 3788 2252 3849 verba
2301 3790 2689 3862 referentem,
2758 3793 2953 3859 1124
2997 3795 3122 3867 jam
3177 3798 3337 3855 nulla
3397 3800 3741 3861 offerentem

2068 3877 2272 3935 oscula
2315 3876 2328 3934 Ι
2384 3878 2730 3951 Quanquam
2787 3879 2863 3935 ita
2922 3888 3163 3940 mutuus
3212 3903 3450 3958 semper
3502 3893 3739 3966 utrique

2066 3970 2338 4022 nostrum
2393 3967 2681 4024 insederit
2723 3985 2925 4040 amor,
2968 3976 3031 4028 ut
3077 3973 3354 4033 interiore
3403 3980 3598 4051 potius
3643 3981 3736 4039 fo-

2062 4059 2304 4112 veretur
2324 4055 2534 4112 affectu
2558 4099 2570 4127 ,
2598 4074 2771 4129 quam
2805 4058 3029 4116 forensi
3063 4062 3345 4120 blanditia
3387 4067 3734 4143 divulgare-

2062 4199 2174 4281 tpri
2202 4203 2503 4281 parentem
2536 4200 2648 4281 hoc
2677 4201 2808 4281 loco
2840 4207 3030 4281 vocat,
3064 4221 3180 4281 quo
3198 4207 3285 4281 _ab
3317 4209 3524 4265 eodem
3555 4213 3729 4281 epist.

2062 4218 2174 4324 ιζιτι
2202 4218 2503 4270 parentem
2537 4218 2648 4256 noc
2677 4218 2808 4258 lOCO
2840 4218 3030 4287 vocat,
3064 4221 3180 4277 quo
3211 4218 3285 4264 ab
3317 4218 3524 4265 eodem
3555 4218 3729 4281 epist.

2062 4271 2678 4364 ξ,ν.ξὶι1“ξ;.ἷῗιέρξῗξ;
2697 4273 2894 4364 512°}.
2930 4282 3101 4364 29‘s}:
3153 4278 3223 4360 εἶθ
3253 4294 3413 4335 mm
3445 4281 3731 4364 5n???“

2060 4342 2269 4397 dosius
2302 4342 2530 4423 Valent.
2566 4343 2811 4423 Minoris
2845 4342 3190 4423 et_Grati_an_i
3234 4365 3451 4423 parens
3486 4342 3725 4423 dicitur,

2059 4418 2116 4468 et
2143 4428 2261 4494 quo
2290 4413 2464 4494 etiam
2495 4413 2553 4467 in
2583 4415 2732 4505 beue
2763 4413 3468 4505 multis‘Codicis'Theod.
3491 4413 3727 4505 legibus

2058 4484 2423 4575 super-liores“
2432 4484 2829 4575 imperatores
2861 4487 3010 4575 licet.
3024 4490 3315 4575 sanguine
3332 4484 3728 4575 ‘porsu-s'alie-

2058 4557 2114 4610 ni
2148 4556 2354 4610 eodem
2387 4556 2551 4610 titulo
2583 4572 2614 4609 a
2648 4558 3110 4614 successoribus
3141 4556 3426 4616 finiantur
3455 4563 3605 4631 suis,
3640 4564 3727 4617 ni-

2056 4628 2268 4681 mirum
2301 4627 2546 4700 honoris
2577 4644 2644 4681 ac
2668 4630 3065 4683 venerationis
3108 4631 3326 4700 gratia,
3359 4636 3416 4687 et
3446 4627 3601 4688 forte
3626 4634 3725 4690 hic

2056 4700 2228 4755 etiam
2261 4698 2437 4751 animi
2470 4702 2845 4769 acceptorum
2897 4698 3321 4755 beneficiorum
3364 4720 3481 4758 non
3515 4705 3723 4760 imme-

280 4777 663 4833 divinandum
696 4795 763 4835 se
796 4769 1168 4853 relinquere";
1214 4769 1351 4839 eum
1380 4769 1526 4842 voce
1555 4769 1945 4848 3656:5825};
1978 4779 2027 4840 ο
2057 4769 2625 4853 ἷηονίδνῖθδίίωίῖηέίῗ·
2663 4770 2813 4853 Hinc
2843 4775 3036 4853 “uiem
3067 4771 3421 4853 c.9"jiCimus
3452 4775 3726 4847 Satyrum

278 4848 796 4927 intelligipossint
826 4848 1004 4927 multa
1035 4848 1195 4927 ligna
1237 4857 1410 4927 quasi
1442 4861 1735 4913 communi
1779 4863 1941 4917 crede

278 4934 350 4974 ac
383 4921 559 5000 simul
589 4922 897 5000 strata._Et
926 4921 1221 5000 certe'non
1241 4921 1537 5000 aberravit
1556 4945 1587 4983 a
1606 4945 1790 5000 scopo
1814 4933 1943 4988 haec

281 4990 665 5071 conjectura;
714 4994 918 5049 eadem
948 4997 1105 5051 enim
1136 5013 1281 5053 voce
1314 4998 1429 5054 hoc
1460 5000 1592 5071 ipso
1622 4990 1807 5057 sensu
1839 5004 1943 5058 Τα-

280 5062 460 5144 citum
492 5063 594 5120 lib.
628 5062 872 5144 lusura
895 5070 1181 5144 reperias.
1231 5062 1679 5144 glonsequenter
1724 5078 1937 5144 autem,

281 5132 383 5216 ubi
430 5149 541 5216 nos
584 5136 919 5216 cu_m_Gill._,
963 5132 1143 5216 item.
1179 5140 1316 5216 edit.
1365 5132 1637 5216 ac'umss.
1696 5132 1938 5216 aliquot,

282 5208 456 5279 «_tam
505 5207 665 5261 tenui
721 5208 1086 5277 discrimine,
1145 5233 1165 5260 ι
1220 5215 1364 5279 etc.,
1411 5212 1548 5268 edit.
1601 5207 1840 5271 Amet-13.
1884 5207 1941 5271 et

278 5273 617 5354 Eras..c_um
661 5295 811 5354 mss.
858 5273 1158 5354 nonnullis
1208 5273 1548 5354 praeferunt,
1606 5309 1625 5336 ι
1675 5288 1732 5341 in
1781 5292 1939 5343 tanto

275 5347 463 5401 teneri
494 5349 839 5407 discrimine
870 5354 1005 5408 tuos
1028 5353 1100 5408 ab
1119 5347 1288 5441 hoste
1320 5347 1589 5441 impuro_;
1626 5380 1647 5406 ι»
1671 5358 1942 5441 aliivero

274 5433 422 5491 mss.
460 5435 576 5473 non
598 5437 780 5491 parvo
804 5439 1070 5491 numero,
1092 5448 1113 5471 σε
1132 5428 1245 5479 tam
1272 5428 1430 5481 tenui
1453 5427 1526 5481 ab
1551 5427 1721 5483 hoste
1736 5429 1942 5484 discri-

275 5488 850 5567 nim‘e‘tuosﬁssemb
866 5495 1038 5551 hoste
1057 5488 1344 5567 impuro,»
1364 5502 1474 5553 etc.
1508 5498 1745 5555 Minime
1766 5501 1937 5556 male.

346 5561 461 5643 (t7)
488 5562 643 5643 Cod:
679 5561 928 5643 Remigq
959 5570 1017 5622 et
1065 5561 1336 5639 Be'nignl,
1392 5591 1414 5616 α
1459 5575 1681 5643 perpeti
1718 5588 1729 5625 ε
1767 5578 1941 5643 atque

297 5634 452 5710 quod
476 5634 723 5710 gravius
756 5634 879 5710 est}
901 5637 1057 5710 ferre
1089 5634 1391 5710 cogemur.
1418 5664 1439 5689 ι»
1460 5634 1671 5697 ’Μίῇυε
1690 5634 1945 5698 commo-

309 5717 361 5756 e.
396 5704 611 5781 Averte
642 5704 965 5781 autem‘hic
1001 5704 1240 5781 perpeti
1282 5710 1437 5767 idem
1470 5728 1686 5767 sonare
1719 5729 1788 5767 ac
1821 5729 1939 5769 non

269 5772 576 5855 impedire,
609 5778 767 5849 quod
798 5794 943 5855 sane
985 5772 1178 5835 levius
1230 5786 1322 5837 est
1371 5797 1547 5855 quam
1582 5783 1634 5838 si
1668 5786 1939 5855 spectare

268 5843 694 5924 turpitudinem
724 5850 861 5924 quis
891 5855 1227 5924 cogeretur.
1388 5843 1420 5901 ⁸.

341 5859 694 5972 Ὺιιιιαιιιθιῐι
724 5859 861 5921 quis
891 5859 1227 5924 cogeretur.
1414 5896 1420 5901 .

341 5915 364 5992 (
398 5916 452 5991 8)
497 5917 855 5980 Ambrosius
908 5925 1118 5984 eodem
1169 5925 1340 5986 modo
1380 5926 1797 6005 Symmachum
1827 5926 1938 5984 Sa~

2055 4842 2113 4896 in
2147 4841 2337 4895 reditu
2370 4855 2444 4893 ex
2475 4840 2673 4893 Africa
2709 4841 2893 4895 Roma
2924 4840 3261 4898 transiissc.

2126 4912 2237 4987 (49)
2274 4910 2381 4987 H_ie
2406 4912 3006 4987 apertaLutiulveI-tit
3039 4913 3329 4987 Nannius,
3360 4917 3602 4974 imitatio
3633 4924 3725 4975 est

2056 4982 2276 5055 hujuce
2306 4981 2418 5034 loci
2451 4981 2757 5053 Virgiliani
2793 5000 2804 5037 :

2933 5086 2962 5140 ρ
2985 5074 3322 5125 sanctissima
3344 5078 3564 5140 conjux,

2150 5133 2296 5182 Felix
2346 5137 2511 5179 morte
2546 5138 2663 5192 tua,
2711 5147 2806 5182 nec
2853 5134 2904 5183 in
2945 5136 3085 5185 hunc
3128 5144 3334 5187 servata
3374 5133 3630 5193 dolorem.

2128 5215 2242 5292 (59)
2281 5212 2369 5292 Ab
2401 5212 2658 5292 antiquis
2689 5214 2865 5292 petita
2898 5214 3022 5292 fuit
3070 5233 3137 5271 ea
3182 5221 3573 5292 consuetudo,
3606 5236 3721 5292 qua

2057 5283 2607 5372 morientiumﬁoculi
2631 5285 3258 5372 conjunctissiniorum
3282 5283 3722 5372 manibuszclau-

2056 5357 2363 5412 debentur.
2390 5352 2537 5425 Ejus
2570 5352 2832 5411 meminit
2853 5373 2920 5411 ac
2944 5360 3231 5414 rationem
3260 5361 3452 5415 reddit
3488 5362 3717 5415 Plinius

2055 5429 2155 5482 lib.
2190 5444 2266 5490 xl,
2303 5441 2428 5493 cap.
2463 5426 2551 5494 3'7,
2586 5431 2642 5481 et
2672 5427 2769 5481 alii
2800 5430 2961 5483 multi
3009 5431 3362 5485 mentionem
3404 5430 3644 5485 faciunt.

2128 5499 2249 5577 (51).
2282 5498 2407 5551 Hoc
2437 5498 2609 5551 etiam
2642 5498 2697 5577 in
2732 5516 2842 5553 usu
2885 5502 3145 5577 positum
3190 5502 3341 5577 apud
3395 5502 3714 5577 Romanos,

2058 5574 2119 5624 ut
2149 5570 2434 5651 cadavera
2464 5572 2771 5653 parentum
2820 5586 2851 5624 a
2882 5572 3039 5639 tiliis,
3097 5576 3480 5653 cognatorum
3509 5587 3541 5625 a
3572 5570 3717 5653 con?-

2057 5638 2405 5712 sanguincis
2425 5682 2440 5710 ,
2501 5640 2924 5725 imperatorum.
2963 5658 3023 5725 a‘
3046 5638 3717 5725 principibuisenatus

2054 5710 2404 5767 efferrentur
2449 5710 2521 5764 ad
2571 5726 2787 5798 rogum.
2832 5712 2925 5798 vel
2956 5712 3026 5765 ad
3056 5711 3362 5798 t'um‘ulurn.
3395 5713 3718 5798 Sicup'oste:

2054 5782 2315 5856 rioribus
2336 5797 2569 5854 quoque
2583 5782 2827 5856 saeculis
2858 5782 3433 5856 divumlmdovicum
3461 5782 3718 5856 Philippi

2055 5854 2157 5909 filii
2190 5869 2259 5907 ac
2304 5853 2685 5911 successoris
2736 5854 2968 5907 cervice
3040 5856 3288 5907 ortatum
3320 5853 3393 5909 ad
3424 5853 3718 5930 majorum

2055 5925 2330 5980 sepulcra
2365 5924 2809 5980 coanoscimus.
2846 5923 2961 5980 Sed
2991 5869 3119 5980 ἕωο
3150 5924 3343 5980 obvia.

2054 5925 2330 6002 sepulcra
2365 5924 2809 6005 cognoscimus.
2846 5923 2961 5980 Sed
2991 5923 3119 5981 haec
3150 5924 3343 5982 obvia.
