4098 6178
401 382 557 448 1359

1833 375 1897 438 S.
1947 369 2387 437 AMBROSII.

3696 363 3862 430 1360

399 586 494 637 tur
518 599 532 653 ;
556 596 750 653 neque
774 582 937 636 enim
961 580 1209 637 aliorum
1232 578 1651 652 quaerebamus
1670 575 2071 633 testimonium
2096 556 2156 619 Α
2185 590 2359 646 quam
2388 572 2753 644 inexplorata
2782 571 3047 627 vulnera.
3066 569 3211 636 Quis
3237 568 3364 641 jam
3393 570 3675 624 mmstum
3707 566 3867 621 sola-

396 672 498 742 qui
525 675 742 725 tantam
773 671 962 725 nostri
990 670 1623 741 gratiamtcnebamus.
1656 668 1736 722 Ita
1770 666 1965 720 virilis
1998 680 2066 719 se

396 759 632 831 utrique
665 763 933 817 nostrum
963 759 1373 831 germanitatis
1405 773 1627 812 succus
1668 755 1985 823 infuderat,
2006 758 2069 807 ut

396 864 513 904 non
541 849 848 906 blanditiis
879 852 1132 920 probare
1164 863 1444 917 amorem,
1480 847 1588 900 sed
1612 845 1853 900 conscia
1876 847 2068 898 mente

368 930 634 1009 'pietatis
684 937 915 992 interno
965 952 1165 992 amore
1195 936 1473 1003 contenti,
1526 936 1725 989 fucum
1755 932 2068 988 blanditia-

397 1042 530 1081 rum
562 1042 682 1081 non
713 1026 1020 1097 requirere
1045 1026 1401 1094 videremur,
1420 1039 1571 1095 quos
1594 1027 1649 1077 et
1671 1024 1799 1092 ipsa
1821 1022 1880 1075 in
1910 1036 2068 1075 amo-

398 1130 521 1170 rem
562 1119 828 1170 mutuum
879 1114 1075 1186 imago
1127 1114 1444 1182 formarat;
1497 1111 1704 1166 nescio
1748 1110 1903 1166 enim
1953 1125 2068 1180 qua

333 1238 355 1260 .
398 1203 791 1274 expressione
824 1204 1060 1271 mentis,
1094 1218 1210 1273 qua
1242 1201 1514 1272 corporis
1545 1198 1931 1255 similitudine
1954 1198 2069 1269 (52)

399 1291 549 1347 alter
577 1291 637 1345 in
668 1292 853 1347 altero
884 1291 1254 1346 videbamur.

469 1398 558 1452 38.
590 1395 734 1464 Quis
764 1401 819 1452 te
849 1398 1101 1469 aspexit,
1135 1398 1231 1469 qai
1263 1412 1381 1451 non
1428 1411 1520 1450 me
1562 1396 1758 1450 visum
1789 1394 2070 1465 putaret?

400 1485 646 1553 Quoties
676 1486 909 1557 aliquos
942 1486 1217 1555 salutavi,
1238 1486 1340 1556 qui
1358 1484 1636 1556 quoniam
1658 1487 1715 1538 te
1744 1483 1914 1553 prius
1938 1498 2071 1537 con-

401 1575 824 1645 salutaverant,
843 1590 909 1630 se
930 1591 962 1629 a
984 1591 1077 1630 me
1093 1576 1216 1648 jam
1234 1575 1499 1629 dicerent
1520 1572 1807 1628 salutatos
1827 1569 1840 1626 l
1859 1570 2071 1636 Quanti

400 1662 507 1719 tibi
537 1663 814 1719 dixerunt
843 1664 1084 1735 aliquid,
1117 1663 1220 1734 qui
1269 1679 1335 1718 se
1386 1661 1528 1716 mihi
1575 1660 1804 1715 dixisse
1843 1675 2071 1715 memo-

402 1751 636 1808 rarentl
670 1752 811 1818 Quae
841 1752 986 1807 mihi
1016 1752 1155 1807 hinc
1203 1751 1438 1824 gaudia,
1483 1754 1699 1821 quanta
1730 1749 2073 1821 frequenter

402 1842 609 1896 oborta
639 1840 867 1909 laetitia,
900 1841 1059 1912 quod
1088 1855 1194 1896 eos
1209 1854 1414 1895 errare
1434 1838 1494 1893 in
1517 1838 1693 1893 nobis
1726 1834 2068 1892 cernerem!

401 1928 589 1995 Quam
620 1932 828 2001 gratus
860 1943 1057 1999 error,
1105 1944 1281 2000 quam
1307 1927 1572 1999 jucunda
1602 1926 1903 1998 prolapsio
1935 1925 2070 1995 (53),

406 2033 581 2090 quam
613 2017 899 2089 religiosa
943 2016 1206 2087 fallacia,
1261 2032 1437 2088 quam
1487 2015 1691 2070 suavis
1732 2012 2069 2069 calumnia!

407 2106 616 2177 Neque
647 2105 806 2160 enim
837 2106 909 2160 de
931 2105 1050 2161 tuis
1082 2109 1207 2160 erat
1237 2103 1459 2176 aliquid
1484 2109 1582 2158 aut
1613 2102 1784 2158 factis
1814 2105 1913 2158 aut
1943 2117 2076 2157 ser-

407 2194 726 2265 monibus,
782 2195 938 2266 quod
997 2195 1297 2263 timerem,
1359 2193 1461 2265 qui
1508 2191 1651 2247 mihi
1689 2194 1789 2247 tua
1828 2191 2080 2247 laetabar

405 2283 649 2339 ascribi.

477 2390 569 2446 39.
602 2391 824 2445 Tamen
856 2390 908 2444 si
960 2387 1373 2445 vehementius
1434 2388 1876 2459 contenderent,
1920 2388 2076 2461 quod

412 2494 480 2535 se
507 2479 651 2534 mihi
682 2478 904 2550 aliquid
934 2478 1243 2533 intimasse
1284 2482 1709 2548 memorarent,
1755 2478 2080 2549 responde-

408 2568 547 2624 bam
574 2569 777 2624 ridens
810 2571 867 2623 et
896 2567 1165 2640 gaudens
1201 2582 1214 2623 :
1248 2567 1452 2622 Videte
1482 2582 1555 2622 ne
1585 2565 1753 2621 fratri
1783 2566 2075 2622 dixeritis.

411 2657 564 2713 Nam
595 2673 729 2712 cum
758 2656 952 2711 omnia
994 2655 1169 2711 nobis
1218 2660 1424 2711 essent
1456 2657 1659 2710 nostra
1709 2655 2040 2711 communia
2061 2698 2074 2725 ,

411 2746 755 2800 individuus
811 2744 1097 2815 spiritus,
1150 2744 1494 2798 individuus
1545 2742 1831 2815 affectus;
1886 2746 2078 2800 solum

414 2838 612 2889 tamen
669 2849 978 2889 commune
1026 2849 1143 2887 non
1191 2836 1314 2887 erat
1363 2836 1660 2887 secretum
1708 2834 2075 2889 amicorum:

416 2939 533 2979 non
565 2938 681 2995 quo
715 2921 1055 2977 conferendi
1092 2921 1419 2991 periculum
1449 2937 1827 2992 vereremur,
1863 2922 1969 2978 sed
1998 2925 2082 2977 te-

415 3009 593 3068 nendi
615 3027 996 3067 servaremus
1030 3010 1226 3066 finem.
1252 3008 1406 3066 Sane
1437 3010 1489 3065 si
1504 3011 1753 3067 consilio
1774 3011 2083 3082 pendenda

416 3117 517 3157 res
548 3103 729 3167 esset,
767 3102 891 3155 erat
937 3115 1174 3170 semper
1221 3114 1529 3155 commune
1575 3100 1888 3155 consilium
1914 3142 1928 3171 ,
1972 3116 2082 3156 nec

418 3206 656 3262 semper
705 3188 1014 3245 commune
1061 3191 1379 3244 secretum.
1430 3188 1578 3244 Nam
1624 3189 1736 3244 etsi
1785 3189 1957 3244 amici
2005 3190 2082 3244 ita
2110 3199 2161 3262 ο

314 3331 329 3335 -
418 3279 585 3335 alteri
625 3280 894 3334 nostrum
935 3277 1221 3346 dicerent,
1273 3281 1334 3332 ut
1372 3277 1524 3332 dicta
1565 3293 1672 3332 sua
1719 3278 1789 3332 ad
1835 3278 2082 3333 alterum

414 3368 795 3442 pervenirent
832 3366 982 3437 (54);
1016 3372 1211 3422 tamen
1242 3367 1369 3422 scio
1402 3367 1751 3437 plerumque
1798 3367 1875 3421 ita
1908 3367 2082 3422 fidem

418 3458 637 3515 secreti
667 3473 804 3513 esse
825 3458 1142 3526 servatam,
1174 3458 1237 3509 ut
1268 3472 1375 3510 nec
1410 3456 1575 3510 fratri
1598 3456 2077 3511 committeretur.

417 3548 557 3604 Erat
595 3547 750 3603 enim
790 3546 960 3601 fidele
1000 3545 1315 3614 indicium,
1376 3548 1429 3600 ct
1470 3547 1750 3599 extraneo
1792 3560 1908 3600 non
1940 3560 2079 3601 esse

417 3637 731 3710 proditum,
765 3635 923 3708 quod
953 3651 1070 3690 non
1100 3638 1264 3690 esset
1293 3650 1425 3689 cum
1457 3633 1635 3690 fratre
1668 3633 1960 3690 collatum.

488 3746 578 3802 40.
614 3745 721 3800 His
752 3744 934 3817 igitur
961 3742 1138 3797 tantis
1167 3757 1235 3797 ac
1253 3741 1468 3796 talibus
1485 3740 1660 3797 bonis
1682 3742 1740 3797 in
1762 3757 2080 3798 excessum

419 3834 751 3907 quemdam,
788 3833 993 3902 fateor,
1046 3831 1261 3886 mentis
1306 3830 1517 3902 elatus,
1569 3831 1951 3902 superstitem
1987 3846 2081 3886 me

417 3924 627 3979 timere
657 3921 952 3977 desieram
985 3920 1117 3990 (55),
1152 3919 1309 3990 quod
1338 3919 1499 3974 illum
1534 3920 1652 3974 vita
1683 3920 1988 3975 crederem
2004 3920 2085 3975 di-

420 4012 728 4085 gniorem:
763 4012 819 4065 et
848 4009 979 4064 ideo
1012 4008 1217 4078 excepi
1262 4008 1527 4081 plagam,
1569 4025 1743 4080 quam
1776 4009 1932 4064 ferre
1964 4025 2081 4064 non

417 4115 690 4174 possum;
704 4097 1102 4153 tolerabiliora
1119 4097 1273 4152 enim
1290 4097 1432 4151 tanti
1446 4097 1669 4152 doloris
1682 4098 2081 4168 prtemeditata

490 4244 602 4315 (52)
618 4242 768 4298 Mss.
791 4240 866 4295 ali
912 4244 1072 4311 uot,«
1106 4255 1181 4294 ex
1226 4241 1491 4295 rcssiore
1522 4240 1734 4295 mentis
1752 4256 1927 4311 quam
1951 4256 2077 4297 cor-

490 4316 584 4366 mis
626 4258 1030 4366 similitudine.
1084 4336 1105 4360 »
1154 4256 1288 4366 l‘Fon
1318 4312 1465 4366 satis
1497 4316 1676 4366 recte.
1711 4311 1800 4366 Ex
1830 4312 1940 4366 hoc
1970 4330 2077 4366 au-

417 4311 592 4389 po‘ris’
626 4311 1030 4389 similitudine.
1084 4336 1105 4360 »
1154 4311 1288 4389 Non
1318 4312 1465 4389 satis
1497 4316 1676 4367 recte.
1711 4311 1800 4366 Ex
1830 4312 1940 4367 hoc
1970 4330 2077 4389 au_-

418 4383 536 4444 tem
566 4388 698 4442 loco
730 4385 1129 4455 intelligamus
1161 4383 1297 4455 licet
1326 4384 1741 4453 episcoporum
1772 4389 1974 4439 vestes
2004 4385 2077 4439 ab

2185 664 2389 718 bitur?
2417 662 2563 728 Quis
2595 662 2879 716 afflictum
2909 659 3177 715 levabit?
3193 658 3340 713 Cum
3358 672 3475 728 quo
3492 654 3867 727 participabo

2186 768 2363 806 curas
2384 753 2413 805 ?
2443 750 2589 816 Quis
2621 766 2715 805 me
2746 750 2819 805 ab
2851 750 3029 803 istius
3072 747 3275 802 mundi
3324 744 3649 800 vindicabit
3677 759 3867 799 usura

2184 839 2343 911 (56)?
2373 840 2478 897 Tuo
2494 840 2651 894 enim
2682 842 2889 894 auctor
2918 838 3318 910 negotiorum,
3354 850 3574 890 censor
3590 833 3869 889 servulo-

2184 945 2336 997 rum,
2371 929 2594 983 arbiter
2610 928 2856 983 fratrum
2881 944 2896 998 ;
2924 943 3042 981 non
3060 925 3206 995 litis,
3227 924 3334 979 sed
3353 924 3591 997 pietatis
3610 922 3860 977 arbiter.

2255 1018 2343 1072 41.
2376 1017 2528 1071 Nam
2577 1018 2628 1072 si
2679 1017 2913 1087 quando
2961 1015 3182 1087 aliquid
3229 1030 3364 1068 cum
3404 1015 3610 1067 sancta
3642 1027 3862 1066 sorore

2191 1107 2224 1169 1
2243 1107 2385 1171 125
2416 1106 2561 1160 mihi
2590 1105 3017 1160 conferendum
3045 1103 3173 1173 fuit,
3210 1105 3340 1157 utra
3374 1101 3591 1157 melior
3618 1100 3866 1155 videre-

2183 1198 2281 1249 tur
2309 1195 2623 1263 sententia,
2656 1196 2713 1248 te
2738 1191 3002 1263 judicem
3049 1192 3457 1260 sumebamus,
3501 1188 3605 1261 qui
3636 1187 3865 1243 nullius

2185 1283 2440 1338 lmderes
2473 1298 2566 1353 os,
2599 1285 2775 1354 atque
2793 1281 2906 1352 (5'7)
2924 1280 3160 1353 utrique
3187 1278 3540 1335 satisfacere
3562 1276 3864 1350 gestiens,

2184 1374 2242 1427 et
2272 1371 2507 1427 amandi
2535 1369 2810 1426 affectum
2840 1371 3110 1439 tenebas,
3157 1371 3216 1424 et
3258 1366 3545 1423 censendi
3574 1365 3864 1435 modum;

2184 1463 2248 1515 ut
2278 1463 2336 1516 et
2364 1465 2681 1530 utrumque
2712 1462 2947 1531 gratum
2975 1457 3326 1526 dimitteres,
3345 1459 3404 1511 et
3422 1455 3746 1527 utriusque
3760 1454 3869 1509 tibi

2185 1549 2436 1621 gratiam
2469 1548 2830 1604 vindicares.
2862 1548 2979 1603 Aut
3009 1546 3065 1601 si
3094 1547 3225 1617 ipse
3267 1545 3491 1617 aliquid
3522 1545 3873 1615 disceptan-

2185 1638 2325 1693 dum
2374 1636 2665 1707 deferres,
2712 1652 2890 1708 quam
2938 1638 3107 1708 grata
3150 1633 3448 1690 contentio
3493 1636 3594 1687 tua
3634 1630 3650 1688 ι
3689 1647 3871 1705 quam

2187 1726 2318 1782 sine
2367 1726 2503 1782 felle
2563 1725 2694 1797 ipsa
2749 1723 3076 1798 indignatio
3119 1722 3132 1778 l
3176 1738 3354 1795 quam
3400 1721 3669 1783 servulis
3716 1721 3871 1791 ipsis

2188 1815 2468 1871 coercitio
2497 1829 2617 1870 non
2647 1829 2845 1869 amara
2880 1828 2892 1869 :
2927 1828 3064 1868 cum
3107 1814 3165 1867 te
3196 1810 3482 1866 fratribus
3527 1809 3729 1882 magis
3760 1808 3873 1863 de-

2099 1904 2153 1966 B
2188 1903 2370 1975 ferre,
2403 1919 2580 1976 quam
2608 1919 2686 1959 ex
2714 1900 2928 1957 affectu
2958 1901 3232 1956 diseeres
3273 1896 3620 1955 vindicem!
3673 1897 3871 1953 Nobis

2190 1993 2346 2049 enim
2377 1992 2677 2065 professio
2708 1990 3001 2062 repressit
3028 1989 3223 2044 studia
3251 1987 3602 2057 coercendi;
3633 1987 3765 2042 imo
3782 1989 3867 2057 tu,

2190 2082 2391 2157 frater,
2423 2081 2497 2136 ab
2528 2080 2687 2136 omni
2718 2095 2830 2135 nos
2859 2078 3199 2135 abducebas
3218 2076 3599 2133 coercitionis
3617 2074 3865 2143 affectu,

2192 2164 2493 2226 vindicare
2523 2168 2836 2241 pollicens,
2869 2171 2926 2223 et
2951 2167 3139 2222 lenire
3169 2166 3541 2222 desiderans.

2263 2259 2352 2315 42.
2389 2259 2526 2315 Non
2541 2257 2862 2313 mediocris
2883 2257 3065 2329 igitur
3080 2255 3412 2327 prudentia:
3428 2254 3865 2324 testimonium,

2192 2365 2327 2422 quae
2359 2348 2437 2403 ita
2465 2364 2500 2402 a
2531 2345 2901 2418 sapientibus
2931 2345 3211 2400 definitur
3242 2360 3254 2399 :
3290 2344 3590 2399 Bonorum
3606 2344 3871 2415 primum

2193 2454 2334 2494 esse
2366 2438 2553 2493 Deum
2584 2436 2743 2491 scire
2786 2432 2922 2505 (58),
2958 2436 3015 2488 et
3046 2448 3256 2488 verum
3293 2432 3436 2487 illud
3486 2434 3668 2503 atque
3715 2431 3872 2486 divi-

2193 2544 2335 2584 num
2363 2527 2460 2597 pia
2488 2528 2684 2581 mente
2716 2523 3009 2592 venerari,
3043 2522 3203 2577 illam
3234 2520 3546 2576 amabilem
3580 2526 3637 2576 et
3656 2536 3873 2575 concuo

2194 2615 2540 2687 piseendam
2589 2617 2829 2670 aeternae
2874 2611 3377 2683 pulchritudinem
3419 2610 3694 2666 veritatis
3752 2612 3874 2664 tota

2194 2705 2411 2761 mentis
2444 2703 2725 2758 charitate
2755 2702 3028 2774 diligere.
3062 2700 3401 2755 Secundum
3420 2699 3718 2768 autem,in
3738 2714 3873 2769 pro-

2194 2794 2390 2849 ximos
2420 2809 2455 2847 a
2485 2792 2685 2846 divino
2716 2790 2815 2846 illo
2847 2790 3007 2845 fonte
3038 2792 3213 2861 atque
3245 2788 3476 2845 cmlesti
3507 2791 3740 2843 natum
3768 2787 3871 2842 de-

2196 2884 2389 2938 rivare
2424 2881 2701 2954 pietatem
2733 2896 2746 2936 ε
2782 2878 2940 2953 quod
2972 2878 3146 2934 etiam
3177 2877 3381 2933 mundi
3421 2877 3728 2948 sapientes
3756 2892 3872 2931 no-

2197 2971 2341 3027 stris
2374 2971 2629 3026 hausere
2665 2970 2737 3025 de
2767 2968 3025 3042 legibus.
3060 2967 3267 3039 Neque
3286 2966 3442 3023 enim
3463 2966 3873 3023 derivareista

2196 3061 2257 3116 in
2287 3060 2591 3119 hominum
2622 3057 2992 3129 disciplinas,
3028 3055 3145 3112 nisi
3177 3056 3248 3111 de
3268 3056 3498 3112 cmlesti
3514 3055 3616 3111 illo
3646 3054 3873 3110 divinae

2196 3150 2352 3223 legis
2386 3149 2544 3205 fonte
2575 3147 2911 3220 potuissent
2941 3145 3076 3217 (59).

2266 3239 2355 3294 43.
2389 3238 2537 3305 Quid
2569 3238 2751 3310 igitur
2783 3235 3228 3291 observantiam
3258 3233 3393 3306 ejus
3426 3249 3572 3307 erga
3606 3233 3716 3288 Dei
3748 3232 3877 3289 cul-

2194 3317 2316 3385 tum
2346 3327 2664 3399 praedicem
2684 3328 2712 3381 ?
2742 3324 2852 3391 Qui
2883 3325 3230 3396 priusquam
3271 3323 3739 3395 perfectioribus
3770 3339 3874 3379 es-

2196 3421 2286 3473 set
2304 3417 2567 3471 initiatus
2586 3414 2909 3486 mysteriis,
2930 3414 2992 3469 iu
3010 3412 3322 3485 naufragio
3342 3412 3875 3482 constitutus,cum

2196 3522 2265 3563 ea
2296 3522 2411 3578 qua
2443 3505 2778 3575 veheretur,
2831 3503 3004 3558 navis
3048 3503 3372 3573 scopuloso
3415 3502 3571 3556 illisa
3601 3502 3779 3569 vado,
3814 3506 3875 3558 et

2198 3595 2550 3669 urgentibus
2568 3594 2706 3648 hinc
2725 3596 2897 3665 atque
2917 3592 3052 3647 inde
3072 3591 3353 3647 ﬂuetibus
3370 3591 3734 3661 solveretur,
3751 3606 3873 3646 non

2198 3688 2443 3740 mortem
2477 3686 2767 3753 metuens,
2815 3683 2923 3739 sed
2954 3698 3028 3738 ne
3059 3697 3287 3736 vacuus
3315 3681 3581 3752 mysterii
3611 3680 3812 3736 exiret
3840 3695 3874 3734 e

2198 3775 2316 3829 vita
2337 3789 2351 3845 ;
2384 3789 2535 3845 quos
2550 3772 2808 3827 initiatos
2827 3786 2967 3827 esse
2981 3772 3364 3843 cognoverat,
3384 3768 3567 3825 abhis
3597 3768 3875 3824 divinum

2197 3863 2340 3918 illud
2373 3861 2632 3917 fidelium
2663 3862 3097 3916 sacramentum
3136 3857 3409 3929 poposcit
3443 3873 3455 3913 :
3487 3872 3607 3913 non
3649 3860 3717 3912 ut
3760 3872 3874 3913 cu-

2196 3951 2397 4008 riosos
2444 3950 2651 4007 oculos
2698 3950 2943 4005 inferret
2983 3948 3219 4003 arcanis
3268 3947 3401 4019 (60),
3462 3947 3570 4003 sed
3617 3949 3682 4002 ut
3730 3946 3878 4002 fidei

2198 4057 2326 4097 suae
2355 4042 2823 4113 consequeretur
2846 4038 3150 4094 auxilium.
3176 4036 3404 4093 Etenim
3433 4035 3610 4110 ligari
3641 4035 3787 4092 fecit
3813 4036 3875 4089 in

2200 4186 2485 4265 cautaque
2505 4181 2746 4265 religio.

2267 4251 2540 4325 (55)'Vet.
2561 4251 2722 4319 edit.,
2747 4255 2960 4310 timere
2977 4251 3421 4325 desiderarem,-
3440 4251 3612 4306 Rom.
3632 4253 3693 4325 et
3717 4267 3875 4306 mss.

2196 4322 2682 4399 frequentissimi,
2700 4326 2912 4399 timere
2931 4324 3249 4399 desieram.
3262 4322 3424 4399 infra
3437 4339 3580 4379 vero
3610 4324 3715 4378 ubi
3741 4340 3875 4379 on:-

2197 4394 2500 4468 nes'edit.,
2536 4413 2703 4470 quam
2746 4396 3120 4470 inexplorata
3153 4394 3425 4470 _vulnera_
3439 4413 3454 4460 ;
3495 4410 3647 4470 mss.
3682 4410 3877 4466 prope

418 4459 667 4540 ﬁliorum
698 4456 856 4540 οξιῙίιι
884 4454 1469 4540 Ρδίίυεέξῐηριίοξὲθίθ
1491 4471 1559 4510 ac
1582 4455 2079 4540 ωίὶίξθείίανίᾷιξειῐη
2114 4466 2168 4527 D
2198 4454 2269 4525 ad
2302 4454 2503 4535 unum,
2538 4454 2704 4540 quam
2724 4454 3036 4540 explorata
3067 4464 3333 4521 vulnera.
3357 4454 3640 4521 Absurde
3657 4454 3879 4540 sensu.

418 4530 606 4586 forma
663 4528 757 4583 vel
811 4527 1010 4581 colore
1071 4526 1261 4581 fuisse
1318 4526 1613 4580 diversas.
1666 4526 1791 4580 Hoc
1835 4526 2081 4597 pulchre

419 4602 799 4657 confirmatur
830 4597 1076 4669 epistola
1095 4597 1396 4669 C(elestini
1428 4597 1538 4669 lad
1561 4598 1878 4669 episcopos
1910 4598 2081 4652 Vien-

419 4673 626 4727 nensis
658 4670 981 4741 provinciae
1027 4669 1103 4722 ita
1153 4668 1474 4741 scribentis
1509 4683 1521 4723 :
1561 4691 1581 4714 «
1633 4668 2020 4723 Discernendi
2050 4685 2082 4721 a

415 4743 590 4815 plebe
621 4739 715 4815 vel
746 4740 984 4815 caeteris
1016 4755 1225 4815 sumus
1256 4739 1541 4815 doctrina,
1577 4755 1694 4815 non
1726 4744 1922 4795 veste:
1951 4756 2087 4815 con—

418 4810 777 4877 versatione,
810 4828 926 4866 non
961 4810 1161 4865 habitu
1195 4825 1207 4865 :
1241 4810 1456 4865 mentis
1502 4812 1772 4880 puritate,
1817 4827 1932 4866 non
1962 4811 2084 4864 cul-

417 4888 502 4954 tu,
541 4908 564 4933 »
599 4888 712 4938 etc.
750 4883 1337 4954 Vidcsimiliterquw
1353 4882 1834 4954 devestimentis,
1867 4881 2084 4952 quibus

419 4952 794 5021 Augustinus
827 4953 988 5006 indui
1022 4952 1271 5021 solebat,
1324 4952 1497 5006 tradit
1543 4954 1882 5008 Possidius.
1918 4954 2084 5007 Non-

420 5024 567 5079 nulli
598 5040 770 5091 mss.,
829 5046 849 5069 α
909 5024 1114 5077 nescio
1165 5039 1340 5093 quam
1379 5025 1821 5093 expressiorem
1870 5024 2084 5078 mentis

419 5112 595 5168 quam
627 5095 898 5168 corporis
932 5094 1375 5168 similitudinem
1416 5095 1636 5168 habere
1669 5096 2080 5168 videbamur.»

490 5168 600 5237 (53)
651 5166 720 5220 Et
754 5166 1157 5237 hocquoque,
1207 5165 1395 5236 inquit
1443 5165 1732 5237 Nannius,
1786 5166 1978 5237 aliqua
2012 5181 2086 5220 ex

417 5242 582 5309 parte
611 5253 644 5291 a
675 5236 923 5308 Virgilio
958 5240 1156 5290 mutuo
1188 5240 1483 5306 sumptum
1517 5241 1607 5291 est
1643 5253 1653 5291 :

542 5327 757 5382 Daucia,
794 5324 1000 5383 Laride,
1035 5325 1385 5385 Tymhcrquo,
1424 5325 1690 5375 simillima
1717 5326 1908 5388 proles,

546 5389 837 5438 Indiscrcta
870 5388 1001 5434 suis.
1033 5393 1320 5450 gratusque
1358 5390 1665 5449 parentibus
1689 5403 1855 5438 crror.

489 5470 602 5543 (54)
631 5470 849 5525 Omnes
881 5467 1040 5543 edit,
1082 5489 1103 5513 ιι
1138 5468 1206 5521 ad
1240 5466 1585 5543 alterutrum
1617 5469 2029 5543 pervenirent;
2058 5493 2080 5517 υ

416 5539 625 5599 omnes
640 5558 811 5610 mss.,
828 5539 903 5595 ad
921 5539 1172 5593 alterum
1186 5556 1299 5610 per
1311 5540 1605 5594 venirent.
1634 5540 1857 5593 Meliori
1877 5555 2081 5594 sensu.

413 5613 581 5679 Quod
599 5618 789 5669 autem
809 5610 1092 5666 adverbio
1108 5610 1456 5682 plerumque
1476 5613 1533 5664 in
1552 5610 1910 5682 quibusdam
1932 5626 2081 5666 mss.

396 5685 650 5749 {additur
698 5680 1137 5754 complacitum,
1187 5681 1246 5737 id
1286 5680 1539 5752 prorsus
1570 5680 1824 5754 :videtur
1877 5697 2085 5754 super:

414 5771 760 5810 vacaneum.
793 5751 1051 5810 Adverte
1078 5768 1257 5825 porro
1285 5751 1518 5825 (quanta
1561 5751 1740 5808 fuerit
1783 5751 2083 5809 AmbrOsii

415 5825 604 5891 nostri
637 5825 695 5883 in
724 5824 1049 5891 amicorum
1080 5823 1337 5885 Socratis
1374 5823 1546 5903 fides,
1577 5826 1635 5885 et
1666 5838 1841 5903 quam
1877 5825 2083 5884 sancta

2198 4541 2312 4614 (56)
2346 4540 2429 4594 lta
2468 4537 2638 4595 Rom.
2671 4537 2816 4614 edit;
2842 4543 2900 4593 et
2928 4537 3132 4614 plures
3161 4553 3312 4614 mss.
3337 4552 3352 4606 ;
3376 4540 3711 4614 vet_._aute.m
3731 4537 3876 4592 edit.

2201 4607 2333 4667 cum
2365 4626 2513 4666 mss.
2548 4609 2870 4677 nonnullis,
2910 4607 3239 4663 ﬁndicabit
3292 4624 3418 4663 usu.
3464 4608 3597 4663 Non
3626 4608 3877 4663 diversa

2200 4681 2542 4751 sententia;
2597 4681 2751 4735 idem
2798 4680 2956 4736 enim
3005 4682 3294 4751 sonatrac
3322 4678 3618 4751 liberabit
3665 4695 3875 4734 rerum

2199 4752 2780 4824 temporaliumcura
2808 4756 2867 4807 et
2897 4750 3272 4824 commercio.
3320 4750 3555 4824 Rursus
3589 4751 3875 4805 continuo

2200 4822 2354 4896 post,
2388 4824 2488 4879 ubi
2517 4823 2636 4879 Gil.
2660 4822 2898 4896 edit._et
2927 4823 3097 4896 l_iom.
3136 4837 3269 4876 cum
3298 4822 3505 4896 paucis
3528 4836 3676 4896 mss.
3701 4828 3878 4896 actor

2203 4892 2571 4969 negetiorum
2592 4913 2609 4959 ;
2628 4893 2906 4969 _Amerh.,
2927 4892 3098 4948 Eras.
3132 4908 3203 4948 ac
3233 4908 3380 4948 mss.
3404 4892 3581 4965 longe
3602 4892 3871 4963 plurimi,

2203 4965 2407 5022 auctor
2437 4965 2825 5037 negotiorum.

2273 5037 2384 5108 (57)
2416 5033 2564 5091 Mss.
2598 5034 2955 5108 complures,
2994 5058 3016 5083 α
3054 5034 3156 5105 qui
3203 5035 3427 5108 nullum
3464 5033 3743 5108 lmderes,
3765 5036 3874 5108 ξι-

2202 5104 2336 5180 que,
2365 5104 2541 5180 'nﬁetc.
2567 5123 2581 5176 ;
2617 5104 2828 5180 melius
2849 5104 2969 5180 alii,
3002 5104 3176 5180 atque
3207 5106 3344 5180 edit.
3378 5109 3440 5161 ut
3469 5104 3528 5180 in
3558 5104 3875 5180 textu.Est

2203 5176 2358 5235 enim
2390 5179 2739 5234 Terentiana
2771 5178 2988 5233 locutio
3033 5193 3108 5233 ex
3140 5176 3389 5247 Adelph.
3423 5179 3535 5232 act.
3568 5193 3627 5245 v,
3661 5191 3754 5245 se,
3786 5176 3820 5231 4
3855 5192 3867 5231 :

2208 5274 2228 5297 «ι
2268 5251 2428 5304 Nulli
2459 5250 2676 5305 laedere
2711 5266 2801 5318 os,
2834 5249 3098 5304 arridere
3130 5249 3428 5315 omnibus,
3466 5271 3487 5297 ιι
3515 5252 3628 5303 etc.

2273 5323 2385 5391 (58)
2432 5320 2735 5375 Platonem
2782 5321 3013 5375 videtur
3060 5320 3326 5388 innuere,
3373 5320 3471 5390 qui
3518 5334 3658 5391 cum
3705 5317 3873 5385 alibi,

2203 5390 2323 5448 tum
2356 5390 2458 5447 lib.
2493 5409 2549 5445 ιν
2584 5394 2655 5447 de
2688 5392 2920 5463 Legib.,
2957 5391 3028 5446 de
3069 5391 3269 5463 divino
3298 5393 3473 5463 _cultu
3501 5390 3783 5463 disputat,
3817 5393 3877 5443 et

2201 5464 2707 5518 administratione
2741 5460 3101 5534 reipublicae.
3150 5460 3334 5534 Quod
3362 5465 3552 5534 autem
3594 5462 3875 5534 subditur

2202 5536 2273 5590 de
2307 5534 2643 5607 cognitione
2675 5535 2771 5589 sui
2800 5531 2856 5589 et
2884 5534 3001 5588 vita
3033 5536 3193 5589 recte
3224 5532 3583 5588 instituenda
3613 5548 3690 5589 ex
3720 5531 3877 5587 Alci-

2201 5605 2421 5662 biade‘i
2449 5605 2693 5677 petitum
2722 5609 2833 5677 est.

2274 5678 2388 5750 (59)
2419 5673 2650 5750 Remig.
2685 5680 2741 5732 et
2772 5676 2980 5749 Benig.
3001 5675 3156 5747 cod.,
3185 5697 3207 5726 ι
3231 5676 3290 5732 in
3306 5674 3624 5749 disciplina
3641 5673 3873 5749 potuis-

2203 5747 2375 5821 sent,
2392 5748 2578 5821 nisi...
2598 5747 2773 5821 'fonte
2804 5747 3134 5821 potassent.
3174 5770 3195 5798 ιι

2276 5791 3134 5902 ἴδ’ὀίῖίῐὲἔξαἱῖξιίὂιῖΐῖὧῖἷὶῖ
3154 5791 3432 5884 curiosus
3461 5818 3672 5885 oculos
3703 5833 3871 5883 arceo
