4060 6178
219 318 375 388 1361

1069 321 1188 384 DE
1231 301 1617 386 EXCE‘SSU
1658 319 2022 386 FRATRIS
2060 319 2195 385 SUI
2243 320 2551 385 SATYRI
2597 321 2735 385 LIB
2778 319 2828 385 1.

213 522 414 577 orario
436 522 570 594 (61),
617 527 676 579 et
716 522 976 580 orarium
1013 522 1264 578 involvit
1294 522 1466 593 collo,
1502 525 1675 595 atque
1716 523 1792 578 ita
1824 539 1890 579 se
1911 503 1971 570 ι
2003 536 2136 577 cum
2156 524 2447 593 movetur,
2466 524 2799 597 indignatio
2823 542 3081 598 superna
3103 530 3313 585 terrori
3337 529 3666 586 est.Nonne

219 610 441 683 dejecit
468 612 526 665 in
557 628 738 675 mare.
770 627 888 667 non
938 613 1255 684 requirens
1286 612 1357 666 de
1399 613 1570 667 navis
1603 629 1889 685 compage

217 701 545 756 resolutam
606 701 887 771 tabulam,
954 701 1048 755 cui
1108 704 1501 772 supernatans
1552 701 1886 773 juvaretur,

218 790 500 861 quoniam
532 789 667 844 fidei
699 790 889 844 solius
919 806 1081 845 arma
1112 791 1453 863 qumsierat.
1481 791 1680 863 Itaque
1712 791 1805 845 his
1822 805 1889 846 se

217 882 415 933 tecum
465 883 639 950 atque
685 879 974 934 munitum
1024 879 1172 934 satis
1221 879 1496 950 credens,
1530 880 1642 935 alia
1672 880 1888 935 auxilia

219 982 341 1022 non
370 967 751 1023 desideravit.

291 1056 381 1111 44.
433 1055 618 1111 Simul
664 1055 1069 1112 fortitudinem
1116 1056 1252 1128 ejus
1300 1060 1568 1129 spectare
1598 1057 1753 1129 licet,
1788 1059 1889 1131 qui

218 1145 530 1201 fatiscente
562 1145 834 1218 remigio,
883 1162 1002 1201 non
1051 1147 1222 1219 quasi
1254 1146 1581 1219 naufragus
1629 1146 1887 1202 tabulam

218 1235 563 1305 sumpserit,
589 1235 697 1290 sed
718 1236 891 1306 quasi
914 1234 1087 1290 fortis
1108 1250 1182 1290 ex
1209 1251 1277 1291 se
1308 1236 1438 1306 ipso
1471 1235 1887 1291 adminiculum

220 1340 351 1380 sum
372 1325 610 1379 virtutis
633 1324 1033 1395 assumpserit
1054 1340 1069 1380 :
1094 1339 1203 1379 nec
1226 1326 1491 1381 deseruit
1519 1319 1551 1380 1
1569 1318 1711 1381 126
1744 1342 1888 1396 spes

214 1428 327 1469 nec
386 1412 595 1468 fefellit
633 1414 849 1484 opinio.
899 1414 1163 1486 Denique
1214 1415 1440 1485 primus
1493 1417 1770 1470 servatus
1816 1431 1890 1471 ex

214 1503 412 1568 undis,
440 1505 497 1558 et
518 1503 576 1559 in
600 1505 832 1575 portum
850 1505 1101 1559 terrenae
1142 1504 1412 1559 stationis
1435 1508 1699 1574 evectus,
1739 1521 1887 1575 prae-

215 1592 411 1648 sulem
440 1607 635 1662 suum,
669 1592 766 1646 cui
813 1607 880 1648 se
932 1592 1264 1648 crediderat
1312 1593 1448 1664 (6'2),
1499 1595 1884 1666 recognovit:

215 1682 533 1753 statimque
557 1682 657 1736 ubi
674 1682 848 1736 etiam
868 1685 1120 1737 caeteros
1142 1683 1420 1737 servulos
1446 1699 1593 1737 suos
1633 1682 1726 1737 vel
1760 1683 1889 1753 ipse

213 1771 511 1841 liberavit,
530 1771 624 1826 vel
656 1770 939 1826 liberatos
972 1771 1275 1842 comperit,
1301 1771 1615 1844 negligens
1648 1771 1888 1827 faculta-

2004 629 2214 669 omnes
2234 615 2339 668 Dei
2362 616 2609 687 gratiam
2636 616 2772 687 jure
2803 619 3110 689 mirantur,
3133 636 3265 674 cum
3303 621 3667 678 advertimus

2005 704 2159 776 quod
2192 703 2562 760 insensibilis
2595 710 2800 761 natura
2841 708 3091 779 quadam
3139 709 3413 764 sensibili
3444 711 3668 766 ratione

1980 802 2149 847 suos
2168 794 2381 848 ﬂuctus
2404 799 2693 863 coerceat,
2716 799 2768 850 et
2790 797 2939 851 fines
2962 812 3106 852 suos
3131 798 3285 852 unda
3307 803 3668 871 cognoscat?

2004 881 2154 936 Nam
2179 882 2251 938 de
2272 883 2449 937 terris
2481 884 2622 955 quid
2661 884 2889 956 loquar,
2925 902 3056 957 quae
3090 886 3289 942 divino
3321 888 3667 945 obedientes

2001 976 2297 1041 praecepto
2349 973 2624 1028 omnibus
2672 977 2881 1044 sponte
2938 974 3332 1031 animantibus
3386 978 3669 1048 pabulum

2002 1060 2453 1115 subministrant
2474 1062 2648 1132 (Gen.
2675 1080 2711 1134 1,
2739 1062 2828 1134 11)
2853 1080 2868 1133 ;
2902 1066 3074 1135 atque
3088 1064 3144 1118 id
3158 1066 3317 1136 quod
3329 1067 3668 1138 acceperint

1999 1149 2148 1221 agri,
2181 1149 2341 1204 velut
2371 1153 2784 1212 crescentibus
2825 1153 3030 1208 usuris
3060 1154 3529 1227 multiplicatum,
3566 1173 3667 1213 cu-
3742 1190 3747 1197 ~

2001 1239 2398 1309 mulatumque
2429 1242 2748 1297 restituunt
2769 1243 2798 1297 ?

2068 1325 2158 1381 46.
2195 1326 2354 1400 Ergo
2406 1329 2502 1383 ille
2535 1331 2635 1401 qui
2683 1334 2890 1386 natura
2941 1332 3090 1388 duce
3142 1334 3328 1388 divini
3376 1336 3665 1393 rationem

1999 1415 2202 1486 operis
2226 1416 2402 1488 igneo
2430 1419 2643 1473 mentis
2666 1420 2870 1492 vigore
2889 1426 3256 1493 perceperat,
3279 1423 3454 1479 scivit
3478 1425 3667 1496 primo

1999 1504 2259 1585 omnium
2282 1508 2576 1562 servatori
2590 1524 2699 1563 suo
2714 1511 2962 1581 gratiam
2977 1526 3115 1566 esse
3133 1511 3531 1569 referendam:
3559 1514 3668 1569 sed

1998 1594 2136 1665 quia
2157 1594 2384 1649 referre
2419 1611 2537 1651 non
2576 1600 2818 1667 poterat,
2847 1599 3068 1655 habere
3108 1605 3357 1670 poterat.
3383 1602 3490 1659 Est
3510 1604 3665 1659 enim

1997 1681 2416 1753 hujuscemodi
2448 1686 2655 1755 gratiae
2702 1686 2795 1740 vis
2840 1686 2973 1757 (65),
3009 1693 3070 1743 ut
3120 1692 3338 1744 etcum
3389 1693 3662 1761 refertur,

1999 1770 2325 1841 habeatur;
2359 1776 2415 1827 et
2445 1772 2716 1842 habendo
2754 1775 3067 1831 referatur.
3119 1778 3437 1834 Referebat
3485 1781 3669 1853 igitur

213 1864 358 1929 tum,
394 1875 504 1914 nec
533 1860 758 1914 amissa
789 1859 1163 1929 desiderans,
1198 1859 1304 1914 Dei
1335 1861 1650 1915 ecclesiam
1684 1860 1886 1931 requi-
1918 1881 1974 1947 Β
1999 1860 2267 1931 gratiam,
2294 1860 2598 1916 deferebat
2621 1861 2815 1917 fidem.
2842 1863 2992 1918 Nam
3012 1865 3111 1936 qui
3149 1870 3371 1921 tantum
3401 1869 3667 1939 mysterii

213 1950 387 2019 sivit;
412 1952 475 2003 ut
495 1952 699 2021 ageret
712 1948 937 2020 gratias
955 1947 1261 2019 liberatus,
1288 1952 1343 2003 et
1365 1948 1648 2019 mysteria
1665 1952 1889 2003 aeterna

210 2040 630 2110 cognosceret,
675 2038 1065 2107 pronuntians
1099 2036 1325 2091 nullum
1358 2037 1668 2092 referenda
1700 2036 1888 2110 gratia

208 2127 324 2197 (68)
356 2126 553 2199 majus
583 2140 722 2181 esse
752 2125 1035 2180 offlcium.
1079 2125 1243 2191 Quod
1273 2126 1328 2180 si
1379 2114 1603 2180 homini
1635 2142 1753 2181 non
1784 2140 1886 2180 re-

210 2217 395 2287 ferre,
457 2215 648 2271 simile
698 2214 1010 2270 homicidio
1052 2213 1382 2287 judicatum
1428 2218 1555 2285 est;
1606 2217 1886 2286 quantum

206 2306 439 2360 crimen
471 2309 563 2361 est
592 2320 709 2363 non
738 2303 969 2360 referre
998 2304 1120 2359 Deo
1149 2302 1161 2360 l

282 2394 376 2450 45.
411 2393 518 2449 Est
549 2409 695 2466 ergo
726 2394 1034 2465 prudentis
1085 2408 1420 2467 agnoscere
1469 2409 1536 2449 se
1578 2393 1795 2466 ipsum,
1829 2395 1887 2448 et

206 2482 710 2557 quemadmodum
740 2498 772 2537 a
805 2482 1175 2553 sapientibus
1194 2481 1498 2538 definitum
1529 2486 1642 2551 est,
1679 2497 1887 2537 secun-

205 2574 353 2628 dum
377 2575 644 2627 naturam
665 2570 891 2626 vivere.
929 2571 1080 2638 Quid
1101 2572 1258 2626 enim
1281 2576 1373 2627 est
1412 2577 1529 2627 tam
1552 2571 1880 2626 secundum

207 2666 505 2730 naturam,
555 2677 732 2732 quam
775 2660 999 2716 referre
1044 2661 1269 2716 auctori
1317 2661 1617 2733 gratiam?
1668 2660 1883 2730 Aspice

208 2751 434 2806 cmlum
482 2750 636 2820 hoc;
688 2764 881 2805 nonne
929 2750 1155 2805 auctori
1198 2749 1382 2805 refert
1430 2749 1697 2822 gratiam,
1750 2764 1882 2803 cum

201 2839 494 2895 videtur?
546 2861 569 2888 σι
615 2838 762 2896 Coeli
810 2838 968 2894 enim
1024 2842 1302 2893 enarrant
1348 2838 1619 2911 gloriam,
1669 2837 1795 2907 Dei,
1829 2841 1886 2893 et

206 2943 394 3000 opera
416 2943 693 2984 manuum
713 2927 854 3001 ejus
894 2928 1198 2983 annuntiat
1228 2927 1659 2983 firmamentum
1690 2926 1879 2997 (Psal.

207 3034 385 3087 xvm,
418 3017 494 3088 2).
535 3037 558 3068 ι
593 3017 753 3073 Mare
786 3017 980 3088 ipsum
1027 3033 1161 3072 cum
1209 3017 1478 3072 sedatum
1517 3019 1689 3088 atque
1720 3018 1883 3071 tran-

206 3107 463 3181 quillum
485 3110 597 3178 est,
632 3106 848 3162 divinae
898 3106 1236 3163 serenitatis
1284 3110 1537 3163 testatur
1564 3104 1879 3161 indicium:

1997 1947 2263 2004 cmlestis
2281 1948 2531 2004 involuti
2549 1950 2606 2004 in
2631 1951 2825 2006 orario
2846 1954 3195 2023 praesidium
3213 1953 3428 2011 fuisset
3457 1972 3666 2027 exper-

1995 2039 2112 2107 tus,
2147 2040 2429 2109 quantum
2480 2039 2876 2095 arbitrabatur
2915 2042 2966 2095 si
3015 2058 3116 2097 ore
3148 2047 3427 2112 sumeret,
3464 2048 3520 2099 et
3548 2047 3666 2102 toto

1995 2127 2256 2197 pectoris
2275 2126 2545 2182 hauriret
2574 2142 2789 2183 arcano
2817 2126 2829 2183 !
2863 2145 3037 2201 quam
3067 2130 3263 2202 majus
3293 2132 3533 2204 putabat
3562 2133 3659 2189 fu-

1995 2230 2130 2270 sum
2174 2215 2237 2270 in
2286 2215 2544 2286 viscera,
2597 2217 2756 2288 quod
2804 2221 3027 2273 tantum
3064 2219 3181 2274 sibi
3227 2221 3445 2275 tectum
3476 2223 3665 2278 oratio

1992 2302 2357 2375 profuisset!

2063 2393 2152 2447 4'7.
2186 2392 2303 2447 Sed
2335 2409 2451 2447 non
2485 2392 2562 2448 ita
2605 2393 2816 2448 avidus
2863 2395 2989 2466 fuit,
3026 2398 3089 2450 ut
3137 2400 3300 2452 esset
3348 2398 3659 2471 incautus;

1994 2482 2221 2537 scimus
2236 2481 2391 2536 enim
2406 2482 2723 2554 plerosque
2735 2483 3010 2539 aviditate
3024 2485 3200 2540 studii
3214 2489 3663 2557 praetermittere

1995 2571 2345 2626 cautionem.
2398 2570 2726 2626 Advocavit
2771 2572 2841 2626 ad
2892 2588 2958 2627 se
2991 2573 3335 2645 episcopum
3367 2576 3479 2646 (24,
3513 2593 3571 2649 q.
3606 2579 3657 2647 1,

1994 2674 2122 2729 cap.
2164 2658 2544 2729 Advocavit),
2584 2651 2777 2716 1127
2808 2676 2917 2715 nec
2965 2662 3143 2717 ullam
3186 2679 3389 2719 veram
3437 2668 3663 2737 putavit

1992 2747 2111 2802 nisi
2143 2758 2302 2802 verae
2336 2745 2472 2801 fidei
2502 2747 2773 2819 gratiam,
2824 2754 3323 2825 percontatusque
3364 2770 3438 2809 ex
3468 2770 3537 2810 eo
3568 2760 3662 2811 est

1991 2839 2327 2891 utrumnam
2360 2851 2495 2891 cum
2525 2835 2826 2909 episcopis
2858 2839 3186 2910 catholicis,
3236 2843 3349 2898 hoc
3380 2847 3490 2912 est,
3526 2860 3661 2900 eum

1993 2925 2257 2979 Romana
2277 2924 2552 2980 Ecclesia
2593 2926 2985 2982 conveniret?
3016 2927 3086 2983 Et
3115 2928 3267 2985 forte
3299 2931 3371 2985 ad
3404 2931 3460 2986 id
3492 2933 3658 2989 loco-
3746 2992 3751 2997 _

1990 3030 2121 3069 rum
2144 3012 2255 3084 (66)
2278 3014 2336 3067 in
2358 3013 2681 3069 schismate
2701 3016 2968 3088 regionis
3008 3017 3171 3073 illius
3200 3018 3471 3076 Ecclesia
3489 3027 3651 3079 erat:

1995 3102 2233 3158 Lucifer
2255 3101 2410 3158 enim
2428 3119 2496 3158 se
2514 3119 2546 3159 a
2567 3106 2768 3159 nostra
2785 3108 2924 3159 tunc
2947 3109 3230 3178 temporis
3244 3111 3656 3168 communione

209 3251 314 3307 nis
347 3251 662 3325 insereret.
701 3271 724 3299 ι
744 3250 930 3325 Multa
964 3255 1101 3325 sunt
1116 3251 1190 3325 _in
1222 3249 1536 3325 hocunico
1566 3249 1715 3320 loco,
1749 3266 1882 3325 quae
1918 3235 1973 3303 Ο
1992 3247 2201 3325 gendae
2226 3246 2397 3325 faciei
2421 3246 2947 3325 destinat_um,_quo
2978 3264 3163 3325 sensu
3195 3252 3349 3323 apud
3379 3251 3655 3325 ejusdem

200 3328 474 3379 veterem
524 3321 812 3378 Ecclesia)
862 3318 1237 3392 disciplinam
1266 3322 1655 3392 patefaciant:
1690 3318 1879 3393 primo

205 3395 373 3450 enim
413 3394 509 3448 hic
531 3394 722 3464 vides,
754 3394 911 3449 sicut
938 3397 995 3449 et
1024 3394 1162 3448 alibi
1197 3394 1538 3464 frequenter
1567 3392 1879 3448 eucharis-

203 3468 355 3521 tiam
391 3487 413 3516 ι
466 3465 731 3520 divinum
781 3466 1042 3520 ﬁdelium
1093 3467 1526 3520 sacramentum
1575 3464 1812 3529 vocari;
1853 3484 1875 3515 ι

202 3537 425 3593 deinde
456 3537 721 3591 eamdem
742 3536 1056 3609 diligenter
1079 3537 1268 3592 oculis
1294 3536 1658 3609 subtractam
1691 3535 1879 3590 fuisse

201 3624 330 3664 non
353 3609 713 3664 initiatorum
738 3623 752 3675 ;
805 3607 975 3663 tertio
1006 3623 1123 3663 non
1154 3610 1374 3662 tantum
1421 3607 1495 3661 ad
1524 3610 1880 3678 praesentem

203 3696 392 3735 usum
412 3680 754 3735 consecrari
790 3679 1043 3749 solitam,
1077 3695 1283 3734 verum
1313 3679 1486 3733 etiam
1516 3676 1588 3732 ad
1619 3676 1879 3733 futurum

202 3752 472 3818 servari;
496 3755 800 3822 postremo
814 3751 1084 3822 ejusdem
1099 3767 1131 3805 a
1143 3749 1574 3822 Christianisin
1596 3749 1879 3819 periculis

204 3822 345 3877 suis
370 3820 573 3877 secum
588 3820 925 3877 deferendae
943 3822 1431 3877 consuetudinem
1445 3820 1750 3875 advertere
1764 3825 1877 3875 est.

204 3894 297 3948 De
319 3894 530 3964 primis
573 3893 807 3949 duobus
833 3892 956 3964 jam
989 3909 1103 3948 non
1135 3892 1319 3948 semel
1368 3908 1401 3946 a
1433 3890 1877 3964 nobisdietum,

204 3962 372 4036 quod
386 3964 669 4020 sufficiat:
690 3964 762 4019 ad
776 3962 1104 4035 posteriora
1122 3980 1263 4036 vero
1278 3964 1465 4035 capita
1479 3962 1882 4036 conﬁrmanda

200 4032 469 4091 lectores
492 4032 892 4091 tantummodo
919 4035 1249 4091 remittendi
1293 4032 1431 4089 sunt
1470 4034 1542 4088 ad
1572 4032 1880 4088 Tertullia-

204 4123 352 4162 num
378 4108 477 4161 lib.
502 4125 541 4161 11
565 4107 641 4162 ad
665 4107 848 4162 Uxor.
872 4124 1000 4178 cap.
1025 4108 1058 4161 5
1082 4121 1096 4175 ;
1131 4104 1486 4178 Cyprianum
1518 4104 1592 4160 de
1628 4104 1879 4175 Lapsis;

203 4179 312 4234 ubi
349 4179 675 4252 mirabilem
700 4179 858 4252 ignis
882 4176 1135 4252 ex‘arca,
1155 4178 1212 4230 in
1235 4193 1351 4248 qua
1371 4176 1526 4252 idem
1547 4191 1882 4252 s_aeram_en-

202 4255 335 4305 tum
380 4246 806 4319 includebatur,
853 4250 1220 4319 eruptionem
1256 4246 1497 4316 narrat;
1558 4246 1881 4302 Eusebium

203 4321 314 4376 lib.
350 4338 407 4375 v1
440 4320 596 4376 Hist.
647 4291 884 4375 Eae/es.
919 4291 1045 4390 cgp.
1095 4319 1187 4387 44,
1219 4291 1571 4390 Gregorium
1602 4333 1880 4389 magnum

200 4393 312 4447 lib.
348 4409 408 4463 ιιι
445 4391 672 4463 Dialog.
706 4408 832 4463 cap.
863 4391 952 4457 33,
988 4395 1045 4446 et
1093 4390 1380 4463 Joannem
1430 4390 1755 4463 Diaconum
1785 4403 1879 4441 ea-

200 4462 514 4518 demlib.1
552 4459 693 4518 Vitae
728 4459 1012 4531 Gregorii
1051 4461 1427 4516 referentem.
1450 4459 1677 4525 Quibus
1706 4462 1879 4531 atque

197 4534 346 4589 aliis
370 4534 585 4589 addere
611 4533 747 4587 licet
778 4530 952 4588 etiam
984 4533 1348 4588 recentiores
1391 4531 1742 4600 Spencaeum
1775 4530 1876 4584 lib.

1990 3318 2182 3374 aetatis
2213 3318 2537 3389 scriptores
2569 3318 2778 3373 crebro
2811 3318 3125 3377 invenitur.

2061 3389 2437 3464 (62)_Quidam
2479 3405 2650 3460 mss.,
2689 3413 2710 3437 α
2744 3390 3003 3447 tabulam
3051 3394 3521 3464 supersederit...
3559 3398 3653 3453 cui

1991 3461 2337 3517 crediderat.
2375 3484 2397 3509 ιι

2061 3533 2173 3602 (63)
2208 3532 2357 3588 Mss.
2395 3532 2636 3605 aliquot,

1986 3604 2145 3670 tiam,
2185 3628 2205 3651 ιι
2243 3606 2353 3659 etc.

2060 3675 2180 3751 (64)
2200 3675 2334 3751 Non
2368 3674 2666 3751 abhorret,
2704 3676 2895 3751 inquit
2930 3678 3219 3751 Nannius,
3253 3680 3365 3735 hoc
3396 3681 3591 3751 ipsum
3621 3700 3655 3737 ιι

1987 3746 2121 3818 lege
2141 3746 2405 3815 Persica,
2437 3745 2614 3816 cujus
2646 3745 2908 3821 meminit
2937 3745 3285 3821 Xenophon,
3321 3745 3652 3809 secundum

1989 3833 2164 3895 quam
2187 3832 2416 3895 summa
2434 3833 2606 3895 poena
2628 3819 3051 3895 plectebantur,
3076 3819 3177 3892 qui
3211 3819 3653 3895 in'gratitudinis

1990 3888 2244 3943 convicti
2264 3891 2490 3943 essent.
2516 3888 2751 3945 Addere

1990 3960 2425 4036 ierumlegem,
2460 3976 2574 4036 qua
2606 3960 2850 4036 libertos
2883 3962 2983 4034 qui
3030 3960 3327 4021 adversus
3374 3970 3654 4036 patronos

1989 4029 2208 4106 ingrati
2228 4029 2574 4106 exstissen_t,
2609 4031 2835 4106 licebat
2871 4029 3151 4106 revocare
3195 4038 3254 4091 in
3285 4029 3651 4106 servitutem,

1990 4116 2107 4176 quo
2139 4102 2417 4176 aliuditur
2444 4118 2477 4156 a
2503 4102 2780 4176 Terentio
2813 4104 3055 4160 Andriae
3083 4112 3218 4163 actu
3256 4126 3295 4173 1,
3330 4125 3418 4163 se.
3456 4107 3507 4176 1,
3542 4102 3655 4164 hoc

1990 4172 2248 4245 Simonis
2280 4173 2352 4227 ad
2382 4172 2613 4228 Sosiam
2644 4174 2919 4230 libertum
2948 4178 3125 4245 dicto,
3161 4179 3317 4235 haud
3346 4172 3503 4234 muto
3533 4181 3655 4235 Iac-

1992 4243 2421 4317 tum.‘Consule
2452 4245 2725 4317 similiter
2754 4262 2887 4317 quae
2918 4248 2989 4303 de
3022 4243 3404 4305 remetiendis
3432 4252 3655 4305 beneﬂ-

1989 4315 2099 4368 ciis
2132 4314 2391 4385 disputat
2437 4314 2792 4371 Ambrosius
2829 4317 2928 4373 lib.
2962 4337 2980 4373 1
3014 4318 3183 4376 Ofﬁc.
3218 4325 3274 4375 et
3305 4320 3470 4376 locos
3504 4321 3654 4375 0Πὶ-

1991 4385 2213 4439 ciorum
2244 4385 2514 4441 Ciceron.
2549 4387 2765 4441 ibidem
2799 4389 3107 4445 indicatos.

2062 4457 2174 4530 (65)
2194 4458 2411 4511 Eadem
2430 4458 2782 4530 antipallage
2804 4475 2953 4513 usus
2977 4464 3067 4515 est
3092 4461 3447 4516 Ambrosius
3468 4461 3570 4517 lib.
3596 4479 3653 4516 v1

2682 3556 2704 3581 κ
2748 3533 2974 3590 nullum
3001 3535 3076 3590 ad
3107 3537 3479 3594 referendam
3510 3556 3653 3613 gra-

1990 4529 2050 4602 in
2084 4529 2509 4602 Lucamhnum.
2562 4527 2657 4602 25A.
2704 4527 2868 4602 Hanc
2918 4535 3112 4585 autem
3161 4532 3411 4602 ﬁguram
3453 4548 3587 4587 eum
3621 4550 3654 4589 e
3764 4572 3777 4585 .

199 4623 251 4660 ιι
274 4606 353 4661 de
374 4604 624 4660 Aderat.
650 4605 937 4670 Euchar.,
956 4602 1116 4658 card.
1143 4604 1363 4658 Bonam
1386 4591 1488 4655 lib.
1506 4602 1883 4656 11RerumLi-
1912 4591 1969 4654 D
1989 4591 2368 4654 Ciceronis'O
2390 4604 2466 4653 at.
2488 4616 2592 4668 pro
2617 4599 2722 4654 Cn.
2758 4600 2973 4655 Planco
2997 4591 3320 4656 mutuatum
3352 4619 3493 4658 esse
3523 4620 3656 4659 mo-

205 4683 372 4745 lurg.
397 4692 523 4745 cap.
541 4674 1308 4745 l7),Mabilloniumlib.1de
1331 4674 1563 4745 Liturg.
1585 4671 1877 4745 Ga1(._cap.

197 4747 263 4818 9,
278 4743 637 4818 Thyeifsium
650 4746 725 4801 de
739 4743 1693 4818 Frequentiexposit.Sacram.,_et
1706 4743 1876 4818 alios.

278 4814 394 4887 (61)
436 4816 727 4889 Οναιξίιιηι
752 4814 891 4889 quid
916 4817 1038 4889 sit,
1058 4814 1327 4885 Nannius
1359 4814 1597 4889 exponit
1630 4814 1689 4868 in
1721 4814 1877 4868 hunc

200 4885 447 4945 medum
474 4904 486 4943 ε
516 4910 537 4939 ι
562 4885 833 4943 Οιοιιτίιίιιι
871 4887 965 4941 hie
989 4887 1156 4958 idem
1184 4903 1374 4958 genus
1411 4885 1598 4958 vestis
1621 4900 1754 4939 cum
1785 4900 1876 4958 eo,

201 4960 369 5031 quod
402 4976 556 5014 nunc
604 4961 664 5013 in
710 4958 1025 5031 sacriﬁculi
1070 4956 1229 5031 cultu
1262 4958 1411 5012 stola
1458 4957 1689 5031 dicitur,
1725 4956 1877 5031 apud

200 5026 448 5086 veteres
479 5030 661 5085 infula
705 5030 1073 5084 nominatur:
1109 5029 1287 5101 cujus
1334 5028 1736 5101 extremitates
1776 5026 1878 5101 vi-

202 5107 286 5157 ιω
324 5101 621 5167 dicuntur,
668 5106 723 5155 et
744 5102 917 5156 etiam
941 5116 1097 5155 nunc
1136 5097 1200 5154 in'
1217 5100 1510 5170 baptismo
1538 5098 1740 5169 pueris
1772 5097 1880 5151 ini-

200 5172 428 5228 tiandis
461 5172 796 5243 imponitur.
844 5172 1086 5243 Insigne
1136 5171 1274 5225 illud
1324 5176 1379 5225 et
1423 5170 1770 5243 hostiarum,
1824 5172 1881 5223 et

201 5240 589 5298 sacerdotum
637 5246 767 5299 est:
820 5240 999 5297 credo
1041 5243 1171 5297 ideo
1219 5242 1579 5297 Christianis
1613 5240 1879 5295 solemne

200 5315 425 5382 fuisse,
451 5315 606 5384 quod
624 5319 870 5368 sanctus
890 5316 1100 5369 Petrus
1119 5330 1309 5384 genus
1325 5312 1799 5384 Christianorum
1823 5315 1880 5365 et

202 5385 446 5456 regium
468 5382 908 5441 etsacerdotale
940 5382 1212 5454 appellat.
1252 5408 1274 5433 η
1308 5384 1390 5438 Ila
1423 5384 1540 5438 ille.
1574 5382 1690 5456 sed
1724 5399 1875 5451 prae-

198 5455 483 5527 terquam
514 5456 671 5527 quod
704 5457 883 5510 multa
933 5456 1256 5521 confundit,
1291 5471 1423 5527 quae
1456 5458 1595 5527 sunt
1627 5455 1778 5527 inter
1810 5468 1876 5527 se

198 5524 686 5594 dist’iuctiss’ima,
713 5532 879 5581 extra
900 5527 1139 5582 dubium
1159 5530 1250 5581 est
1277 5524 1348 5580 ab
1373 5542 1441 5579 eo
1470 5526 1715 5580 alienam
1740 5524 1877 5578 huic

197 5599 341 5654 loco
364 5597 539 5669 orarii
563 5597 1059 5669 signiﬁcationem
1081 5596 1298 5651 all‘erri.
1324 5596 1592 5669 Namque
1617 5596 1877 5669 orarium

199 5670 307 5725 hic
339 5668 493 5724 idem
531 5664 701 5738 plane
741 5671 851 5737 est,
890 5672 947 5723 at
995 5684 1066 5723 ue
1090 5682 1272 5738 supra
1294 5667 1467 5737 epist.
1500 5664 1593 5734 ‘22,
1631 5681 1788 5719 num.
1819 5664 1874 5728 9,

199 5754 417 5795 nemne
446 5740 778 5795 sudarium.
812 5684 1167 5795 strogbium.
1203 5753 1311 5795 seu
1364 5738 1605 5794 linteum
1640 5737 1874 5793 abster-

193 5754 417 5813 nempe
446 5737 778 5812 sudarium,
812 5737 1182 5814 strepliium,’
1203 5753 1311 5795 seu
1364 5738 1605 5794 linteum
1640 5737 1875 5793 abster-

1989 4675 2087 4725 net
2116 4671 2385 4725 Nannius
2417 4670 2802 4741 Tullianaque
2821 4671 3001 4725 verba
3019 4674 3344 4727 examinari
3366 4690 3399 4727 a
3421 4674 3654 4730 Juliano

1991 4742 2228 4815 rhetore
2260 4741 2413 4815 apud
2444 4741 2698 4815 Gellium
2724 4742 2824 4795 lib.
2860 4759 2896 4804 1,
2932 4759 3060 4813 cap.
3093 4745 3145 4798 4.
3182 4744 3328 4799 Mss.
3362 4747 3651 4815 nonnulli,

1992 4836 2013 4860 «
2051 4812 2394 4881 hujusmodi
2430 4812 2617 4882 gratia
2646 4812 2801 4882 ejus.
2845 4833 2866 4860 ν

2058 4882 2588 4959 (66)Mss;a_liquot,
2610 4884 2719 4959 «and
2739 4883 3060 4959 idlucruur
3081 4907 3102 4935 ι
3128 4886 3243 4959 Sed
3276 4903 3393 4943 non
3426 4889 3647 4945 dubius

1988 4952 2601 5031 scriptorurfila_psus._
2619 4952 2784 5031 Quod
2794 4959 3001 5031 autem
3040 4957 3383 5013 Luciferum
3405 4964 3652 5031 spectat,

1988 5023 2197 5079 isthaec
2212 5039 2284 5078 ne
2302 5023 2538 5100 illotrad
2550 5024 2780 5100 ideru_ut
2794 5026 3001 5100 Patres
3017 5031 3189 5100 atque
3216 5023 3656 5087 ecclesiastica;

1986 5112 2116 5151 rum
2139 5110 2337 5149 rerum
2359 5094 2648 5150 historici.
2689 5095 2827 5151 Erat
2849 5097 2943 5152 hic
2977 5094 3346 5156 (Salaritanus
3368 5104 3428 5159 in
3458 5104 3655 5159 Sardi-

1988 5167 2081 5222 nia
2106 5166 2445 5240 episcopus,
2467 5166 2563 5240 qui
2590 5182 2721 5220 cum
2745 5166 2801 5220 in
2825 5170 3056 5240 synodo
3081 5171 3509 5229 Mediolanensi
3539 5191 3658 5228 mo-

1987 5253 2113 5292 rem
2132 5237 2837 5310 Constantiqimperatori
2852 5237 3063 5310 gerere
3094 5243 3504 5306 detractasset,
3540 5261 3653 5298 una

1989 5326 2121 5363 eum
2146 5307 2449 5377 Dionysio,
2468 5307 2750 5374 Eusebio,
2771 5307 3011 5367 Paulino
3028 5318 3083 5367 et
3109 5315 3416 5369 llhodanio
3430 5315 3654 5369 sanctis

1988 5385 2162 5454 atque
2196 5379 2505 5454 catholicis
2541 5380 2841 5454 episcopis
2865 5381 3101 5454 ejectus
3125 5386 3230 5439 fuit
3261 5388 3319 5440 in
3353 5385 3651 5451 exsilium,

1988 5452 2045 5505 in
2068 5450 2191 5533 quo
2210 5450 2447 5504 mutatis
2467 5450 2720 5505 subinde
2761 5450 3255 5533 locis'husquead
3278 5456 3494 5533 Juliani
3524 5450 3651 5533 Cui;

1990 5524 2145 5575 saris
2178 5525 2439 5589 tempora
2472 5524 2898 5590 perseveravit.
2936 5524 3118 5580 Exsul
3154 5526 3536 5579 Athanasium
3559 5526 3655 5581 de-

1987 5593 2192 5660 fendit,
2217 5592 2390 5647 editis
2405 5592 2697 5646 adversus
2711 5593 3116 5649 Constantium
3135 5595 3441 5665 praeclaris
3457 5594 3651 5665 libris,

1986 5667 2225 5737 propter
2248 5678 2397 5734 quos
2421 5667 2850 5737 cumitanquam
2876 5665 3115 5737 sincero
3139 5666 3401 5737 martyrii
3421 5666 3654 5737 deside-

1986 5734 2075 5792 rio
2090 5736 2398 5791 incensum
2413 5734 2651 5790 maximi
2664 5734 2880 5809 quique
2892 5734 3163 5807 ejusdem
3180 5734 3368 5793 aetatis
3382 5736 3491 5791 viri
3508 5753 3656 5811 prae-

3514 318 3670 389 1362
3738 304 3781 325 ’⁸

2794 3896 3082 3961 praeterea
3095 3890 3341 3963 poterat
3371 3896 3530 3951 illam
3561 3912 3656 3952 ve—
3738 3890 3757 3906 ’
