4098 6178
265 153 418 221 1363

1737 153 1802 220 S.
1861 153 2306 222 AMBROSII.

3576 154 3744 222 1864

201 341 204 350 ’
270 337 573 428 diviserat,
599 358 655 414 et
678 373 1014 431 quanquam
1038 375 1144 430 pro
1181 357 1296 414 ﬁde
1329 357 1691 428 exsulasset,
1725 361 1783 414 et
1812 357 1947 414 ﬁdei
1981 341 2034 406 Α
2063 357 2382 430 negligens
2401 357 3094 431 frigoris,atqueutinam
3110 356 3742 416 sollicituscautionisl

273 462 400 503 suae
422 445 1102 518 reliquissethacredes;
1135 463 1254 503 non
1287 445 1512 519 putavit
1542 451 1735 503 tamen
1772 447 1946 506 ﬁdem

275 551 414 593 esse
434 537 492 590 in
513 536 858 594 schismate.
884 537 1033 592 Nam
1054 538 1166 592 etsi
1191 537 1366 593 ﬁdem
1397 552 1543 610 erga
1577 537 1764 592 Deum
1785 540 1946 593 tene-

273 631 424 696 rent,
449 629 642 682 tamen
667 641 810 698 erga
831 626 937 681 Dei
960 626 1288 683 Ecclesiam
1309 643 1426 682 non
1446 627 1739 694 tenebant,
1770 627 1947 699 cujus

273 715 646 786 patiebantur
667 715 827 770 velut
850 715 1140 788 quosdam
1159 719 1322 770 artus
1363 715 1565 787 dividi,
1601 721 1656 772 et
1688 717 1948 772 membra

271 805 541 861 lacerari.
575 804 803 861 Etenim
838 819 971 860 cum
1011 809 1250 876 prepter
1299 803 1640 860 Ecclesiam
1667 803 1944 863 Christus

270 910 494 965 passus
519 893 616 964 sit,
642 898 698 950 et
717 893 939 949 Christi
963 908 1181 964 corpus
1205 893 1475 948 Ecclesia
1507 893 1584 949 sit
1613 893 1860 966 (Ephes.
1884 911 1943 965 v,

273 982 361 1052 9.4,
385 983 491 1052 25;
529 980 752 1038 Coloss.
787 1000 825 1053 ι,
861 982 971 1056 2-1),
1005 998 1124 1038 non
1158 983 1393 1038 videtur
1441 983 1514 1039 ab
1551 982 1646 1039 his
1677 983 1946 1039 exhiberi

277 1071 512 1126 Christo
545 1071 717 1142 ﬁdes,
751 1087 784 1126 a
813 1071 1030 1144 quibus
1061 1073 1382 1127 evacuatur
1403 1069 1538 1143 ejus
1568 1072 1792 1143 passio,
1819 1087 1948 1130 cor-

277 1176 512 1233 pusque
541 1159 909 1216 distrahitur.

343 1250 432 1305 48.
457 1249 656 1322 Itaque
678 1250 950 1322 quamvis
981 1249 1192 1322 gratiae
1223 1248 1398 1306 fenus
1445 1253 1694 1318 teneret,
1731 1254 1790 1305 et
1821 1267 1948 1307 me-

272 1342 463 1395 tueret
491 1339 630 1394 tanti
662 1338 919 1394 nominis
969 1339 1202 1394 debitor
1249 1337 1585 1410 navigare;
1637 1341 1833 1394 tamen
1877 1355 1948 1396 eo

279 1427 538 1484 transire
560 1427 784 1498 maluit,
805 1427 904 1482 ubi
928 1430 1051 1484 tuto
1069 1433 1276 1500 posset
1293 1428 1627 1483 exsolvere:
1643 1426 1954 1499 judicabat

275 1518 434 1575 enim
475 1516 690 1572 divinae
741 1515 1098 1572 solutionem
1147 1517 1354 1589 gratiae
1400 1515 1460 1572 in
1490 1515 1701 1572 affectu
1733 1533 1803 1572 ac
1834 1517 1950 1574 ﬁde

275 1623 415 1662 esse
431 1622 446 1672 ξ
469 1621 644 1678 quam
662 1605 900 1678 quidem
923 1605 1122 1660 statim
1134 1605 1232 1661 ubi
1245 1605 1502 1678 primum
1515 1605 1683 1677 cOpia
1705 1605 1952 1663 liberior

273 1695 562 1751 Ecclesia
586 1694 712 1764 fuit,
735 1695 978 1766 implere
1000 1694 1381 1788 nondistulit.
1408 1694 1672 1788 Denique
1697 1695 1949 1788 gratiam
1977 1725 2028 1788 Β

275 1788 332 1840 et
358 1784 586 1854 accepit
620 1783 1015 1839 desideratam
1046 1783 1178 1854 (67),
1231 1786 1288 1838 et
1317 1783 1585 1838 servavit
1621 1786 1946 1854 acceptam.

277 1872 437 1927 Nihil
459 1872 642 1945 igitur
669 1887 737 1927 ea
766 1872 1077 1943 prudentia
1119 1872 1470 1943 sapientius,
1513 1888 1646 1946 quae
1669 1873 1867 1931 divina
1895 1878 1954 1932 et

278 1959 534 2016 humana
561 1960 840 2016 secernit.

349 2049 440 2105 d9.
460 2049 610 2106 Nam
628 2049 770 2122 quid
801 2051 1124 2122 spectatam
1163 2051 1225 2106 in
1262 2051 1574 2124 stipendiis
1605 2051 1950 2110 forensibus

279 2138 420 2210 eju‘s
439 2138 772 2194 facundiam
803 2139 1058 2212 loquar?
1087 2137 1273 2206 Quam
1319 2141 1651 2198 incredibili
1691 2143 1950 2199 admira-

282 2230 441 2284 tione
459 2228 515 2283 in
539 2227 830 2284 auditorio
851 2227 1224 2300 praefecturae
1245 2229 1522 2285 sublimis
1545 2230 1658 2302 (68)
1680 2230 1946 2289 emicuit!

289 2316 405 2372 Sed
428 2318 578 2373 malo
600 2316 699 2372 illa
716 2317 976 2389 laudare,
1019 2333 1154 2392 quae
1185 2319 1486 2391 perceptis
1514 2321 1820 2393 mysteriis
1843 2320 1948 2378 Dei

283 2405 451 2462 duxit
480 2407 754 2462 humanis
785 2421 925 2462 esse
953 2408 1204 2479 potiora.

358 2494 448 2551 50.
463 2494 890 2552 Fortitudinem
903 2511 1139 2569 quoque
1153 2495 1288 2568 ejus
1303 2496 1356 2552 si
1370 2497 1505 2568 quis
1520 2497 1754 2568 plenius
1779 2515 1949 2572 spec-

285 2589 410 2643 tare
423 2585 942 2656 volet,consideret
959 2584 1190 2657 quoties
1201 2591 1337 2657 post
1349 2585 1720 2660 naufragium
1734 2589 1950 2646 invicto

287 2673 541 2747 quodam
573 2677 906 2745 contemptu
936 2674 1073 2730 vitm
1122 2673 1326 2747 hujus,
1372 2675 1555 2731 maria
1600 2678 1951 2736 transfreta-

285 2764 473 2819 verit:
509 2763 876 2836 diffusasque
928 2763 1209 2837 regiones
1261 2764 1535 2822 obeundo
1583 2769 1946 2841 peragrarit:

228 2929 232 2932 η
289 2855 592 2924 postremo
608 2852 766 2924 quod
786 2853 897 2909 hoc
917 2853 1051 2924 ipso
1072 2857 1337 2925 tempore
1359 2855 1688 2928 periculum
1719 2872 1836 2913 non
1852 2873 1952 2914 re-

288 2941 526 3014 fugerit,
552 2942 658 2998 sed
677 2941 746 2998 ad
764 2942 1090 3014 perieulum
1119 2943 1368 3015 venerit,
1417 2946 1650 3016 patiens
1684 2945 1944 3020 injuriae,

292 3085 580 3164 dicarunt.
605 3085 823 3141 Verum
845 3086 1003 3164 idem
1011 3101 1162 3164 cum
1191 3087 1251 3164 in
1291 3088 1657 3164 occidentem
1689 3091 1950 3164 rediens,
1977 3089 2026 3151 C
2062 3085 2354 3164 tismalem

291 3156 686 3230 Antiochiam,
711 3173 826 3230 qua
856 3159 968 3214 iter
989 3159 1072 3213 illi
1105 3163 1248 3230 erat,
1283 3161 1534 3217 divisam
1555 3161 1704 3218 inter
1737 3156 1954 3220 Eusta;

293 3228 530 3306 thianos
573 3244 642 3285 ac
673 3228 1020 3306 M_eletian_o_s
1051 3229 1416 3306 offendisset,
1442 3233 1867 3306 Paulinumque
1896 3236 1956 3292 in

289 3300 561 3378 priorum
587 3302 1215 3378 gratiam‘ordinasset,
1241 3300 1419 3378 longe
1443 3303 1718 3376 dissidio,
1741 3300 1814 3362 d'e
1835 3321 1952 3378 quo

289 3387 474 3447 supra
493 3372 567 3447 ad
589 3372 763 3447 epist.
788 3372 857 3447 5_8
877 3373 1108 3447 a_nob_i_'s
1136 3372 1372 3447 dictum
1387 3378 1498 3442 est,
1523 3372 1764 3430 causam
1796 3372 1955 3447 prae-

287 3442 465 3514 lauit,
497 3442 856 3514 Improbavit
921 3444 1150 3514 Paulini
1217 3446 1644 3502 ordinationem
1712 3442 1957 3504 sanctus

291 3513 629 3590 Eusebius:
663 3513 1146 3590 quam__injuriam
1185 3517 1425 3590 Lucifer
1467 3533 1637 3590 suam
1665 3517 1957 3590 interpre-

271 3588 468 3662 ‘tatus,
501 3585 631 3657 ipse
663 3585 974 3662 concilium
998 3587 1482 3662 Alexandrinum,
1505 3589 1599 3662 cui
1642 3585 1839 3645 tamen
1853 3605 1959 3662 per

289 3656 552 3740 legatum
582 3673 762 3740 suu_m_
773 3657 1252 3740 subscripserat,
1285 3656 1703 3740 non_recipere
1725 3656 1954 3740 consti-

291 3729 420 3804 tuit,
443 3729 726 3804 seque‘ab
747 3729 1122 3804 iisomnibus
1151 3729 1590 3804 separavit,iqu_i
1623 3733 1958 3804 quempiam

291 3799 496 3854 earum
507 3799 773 3872 aquibus
787 3800 886 3855 ulli
907 3799 1259 3858 Arianorum
1272 3799 1540 3859 formulae
1553 3799 1956 3872 subscriptum

293 3873 477 3938 esset,
500 3871 562 3925 in
583 3872 1053 3927 communionem
1072 3887 1238 3928 suam
1263 3873 1666 3930 admisissent.
1702 3874 1774 3930 Et
1798 3871 1955 3931 lianc

293 3941 584 4013 originem
596 3941 1114 4013 VLuciferianorum
1129 3945 1440 4000 schismati
1463 3946 1805 4001 attribuunt.
1823 3947 1956 4002 Non

292 4012 509 4094 desunt
529 4012 833 4094 θρίδαξ.ᾳυὶ
863 4013 1004 4070 illud
1028 4015 1610 4094 Luciferiadversus
1631 4016 1954 4094 Eusebium

292 4082 652 4158 invidentiae,
689 4082 1494 4158 Hieronymo__dissentiente,
1530 4093 1832 4158 acceptum
1864 4089 1954 4144 fe-

293 4157 427 4228 rant
451 4169 471 4228 :A
502 4153 610 4210 sed
627 4169 735 4210 nec
770 4155 888 4228 alii,
915 4153 1190 4228 aquibus
1211 4156 1352 4212 illud
1385 4153 1516 4212 cum
1556 4153 1771 4213 haeresi
1796 4159 1954 4214 circa

289 4225 652 4282 infusionem
699 4225 910 4282 animm
947 4225 1223 4297 junctum
1268 4227 1514 4284 dicatur.
1562 4231 1638 4284 At
1683 4234 1954 4286 neutrum

291 4297 438 4370 satis
461 4297 876 4370 credibileest.
901 4297 986 4354 De
1023 4297 1300 4354 Lucifero
1339 4303 1554 4370 praeter
1574 4299 1954 4356 Ambrosium

289 4369 409 4442 hoc
425 4369 558 4440 ipso
579 4367 731 4442 loco,
749 4369 1171 4442 Hieronymum
1188 4367 1430 4442 Dia/oga
1460 4371 1536 4426 ad
1545 4387 1754 4427 versus
1775 4373 1953 4427 Luci-

2064 446 2178 503 Sed
2204 447 2316 503 hoc
2340 446 2470 518 ipso
2489 447 2722 517 beatus,
2747 446 2905 520 quod
2926 446 3062 502 dum
3084 447 3254 504 licuit
3275 449 3482 522 vigore
3494 451 3580 504 uti
3595 461 3746 504 cor-

2055 537 2248 608 poris,
2275 534 2566 592 inoffenso
2591 535 2664 590 ad
2697 537 3078 608 exsequenda
3110 553 3245 610 quae
3267 537 3460 607 vellet,
3491 537 3748 593 functus

2065 616 2264 682 1128
2289 623 2626 696 juventutis
2676 624 2895 698 ofﬁcio,
2947 625 3122 680 vitam
3174 627 3340 696 vixit,
3375 626 3749 682 debilitatem

2067 713 2382 786 ignoravit.
2748 700 2753 712 ’

2133 801 2221 860 51.
2249 801 2372 868 Qua
2390 817 2532 858 vero
2555 803 2973 875 prosecutione
2987 803 3486 878 simplicitatemej
3496 821 3568 861 us
3588 805 3755 861 edis.

2060 907 2257 946 seram
2276 892 2305 948 ?
2336 891 2420 946 Ea
2439 895 2533 947 est
2554 892 2712 948 enim
2741 893 3014 964 quaedam
3063 909 3294 948 morum
3321 895 3744 966 temperantia,

2059 982 2394 1053 mentisque
2418 981 2736 1037 sobrietas.
2771 982 2935 1052 Date,
2969 997 3199 1055 qumso,
3233 983 3486 1052 veniam,
3513 986 3573 1040 et
3602 999 3748 1056 per-

2056 1070 2262 1126 mittite
2294 1070 2486 1141 dolori
2514 1085 2666 1140 meo,
2700 1073 2764 1126 ut
2791 1071 2863 1128 de
2895 1086 2966 1127 eo
2994 1071 3139 1128 mihi
3169 1072 3340 1142 paulo
3373 1071 3627 1128 uberius
3665 1073 3742 1129 li-

2059 1163 2190 1215 ceat
2219 1159 2402 1232 loqui,
2439 1173 2574 1214 cum
2602 1174 2718 1232 quo
2739 1158 2868 1232 jam
2906 1174 3023 1216 non
3071 1161 3416 1217 conceditur
3446 1161 3742 1234 colloqui.

2059 1247 2230 1303 Certe
2249 1253 2307 1303 et
2327 1247 2504 1304 vobis
2525 1248 2776 1319 proficit,
2803 1253 2864 1305 ut
2903 1249 3226 1306 advertatis
3249 1265 3367 1306 non
3408 1249 3745 1324 fragilitate

2059 1337 2312 1409 quadam
2335 1351 2444 1392 vos
2467 1336 2581 1408 (69)
2604 1337 2716 1394 hoc
2739 1337 3023 1410 ofﬁcium,
3045 1339 3150 1394 sed
3169 1338 3398 1412 judicio
3419 1340 3745 1396 detulisse:

2040 1441 2168 1481 .ncc
2215 1426 2626 1482 misericordia
2672 1427 2880 1486 mortis
2929 1426 3244 1498 impulsos.
3290 1429 3401 1484 sed
3445 1429 3747 1485 virtutum

2061 1514 2514 1571 honorificentia
2562 1518 2960 1587 provocatos;
3007 1517 3198 1572 anima
3236 1519 3394 1574 enim
3422 1517 3748 1575 benedicta

2059 1602 2253 1659 omnis
2285 1603 2540 1676 simplex
2569 1603 2778 1675 (Prov.
2805 1605 2912 1676 ﬁxi,
2945 1606 3021 1675 5).
3053 1605 3235 1662 Tanta
3277 1610 3471 1663 autem
3499 1607 3748 1680 simpli-

2061 1693 2208 1748 citas
2256 1695 2401 1761 erat,
2454 1696 2516 1748 ut
2565 1709 2896 1749 conversus
2945 1694 3005 1750 in
3053 1711 3322 1765 puerum,
3356 1695 3745 1768 simplicitate

2059 1780 2221 1841 illius
2251 1781 2443 1838 aetatis
2497 1781 2776 1854 innoxiae,
2825 1781 3107 1854 perfectae
3154 1783 3388 1840 viitutis
3419 1783 3648 1858 efﬁgie,
3683 1792 3748 1842 et

2059 1871 2314 1942 quodam
2343 1870 2742 1926 innocentium
2764 1887 2994 1927 morum
3016 1872 3262 1943 speculo
3303 1873 3416 1944 ('10)
3445 1874 3742 1946 eluceret,

2059 1958 2298 2014 Intravit
2325 1959 2576 2032 igiturin
2592 1975 2842 2033 regnum
2857 1959 3164 2030 caelorum,
3181 1963 3459 2035 quoniam
3484 1963 3750 2020 credidit

2061 2047 2166 2104 Dei
2228 2048 2470 2116 Verbo;
2529 2049 2808 2121 quoniam
2856 2048 3014 2104 sicut
3068 2065 3218 2121 puer
3274 2053 3458 2106 artem
3517 2052 3752 2124 repulit

2061 2138 2358 2208 adulandi,
2417 2139 2654 2212 injuriae
2697 2139 2964 2195 dolorem
3023 2139 3345 2196 clementer
3397 2140 3740 2213 absorbuit,

2063 2243 2237 2300 quam
2273 2227 2686 2286 inclementius
2717 2228 3072 2284 vindicavit:
3108 2229 3367 2301 querela:
3384 2245 3564 2302 quam
3595 2231 3742 2288 dolo

2062 2317 2410 2390 promptior,
2434 2317 2826 2374 satisfactioni
2859 2317 3072 2384 facilis,
3109 2317 3372 2374 difﬁcilis
3401 2319 3737 2390 ambitioni,

2062 2409 2309 2462 sanctus
2353 2406 2604 2478 pudori:
2651 2409 2714 2462 ut
2761 2407 3106 2478 frequenter
3149 2407 3209 2462 in
3254 2421 3323 2463 eo
3368 2409 3740 2479 superfluam

2061 2495 2252 2568 magis
2275 2495 2693 2552 verecundiam
2713 2495 3096 2568 praedicares,
3122 2511 3296 2569 quam
3325 2498 3742 2556 necessariam

2059 2598 2365 2656 quaereres
2397 2583 2538 2656 (Ἠ).

2135 2671 2224 2730 52.
2245 2672 2359 2730 Sed
2381 2690 2680 2748 nunquam
2722 2675 3022 2746 superflua
3058 2675 3436 2732 fundamenta
3457 2677 3736 2748 virtutis;

2073 2763 2264 2834 pudor
2277 2764 2433 2818 enim
2463 2780 2582 2820 non
2608 2767 2867 2836 revocat,
2898 2765 3005 2820 sed
3039 2766 3409 2821 commendat
3437 2765 3732 2838 ofﬁcium,

2065 2853 2264 2926 Itaque
2295 2853 2456 2909 velut
2483 2855 2736 2926 quadam
2767 2853 3044 2927 virginali
3074 2854 3433 2911 verecundia
3463 2854 3738 2912 suffusus

2065 2955 2188 3012 Ora,
2210 2956 2343 2998 cum
2383 2941 2546 2998 vultu
2567 2941 2840 2999 affectum
2875 2943 3169 3016 proderet,
3205 2943 3256 2998 si
3289 2941 3443 3002 forte
3471 2944 3738 3018 aliquam
3789 2975 3802 2984 ο

2393 3085 2662 3159 gratiam,
2721 3101 2834 3159 qua
2892 3100 3026 3159 eum
3083 3102 3384 3159 nunquam
3429 3087 3734 3144 excidisse

2064 3157 2419 3230 Ambrosius
2447 3161 2716 3230 testatur,
2738 3157 2948 3230 'aliquo
2971 3157 3410 3230 juvenili’mstu
3441 3159 3731 3230 abreptus

2063 3227 2374 3297 amitteret,
2406 3229 2460 3284 si
2490 3230 2562 3284 ad
2593 3244 2727 3284 cum
2774 3227 3159 3284 immaturiori
3190 3229 3383 3286 adhuc
3425 3227 3733 3288 aetate—ac-

2066 3300 2378 3373 cessisset.
2413 3299 2763 3373 Admonitus
2791 3315 2972 3373 porro
3017 3300 3313 3373 naufragii
3363 3301 3729 3371 discrimine,

2067 3371 2223 3444 quod
2255 3376 2546 3440 evaserat,
2581 3372 2659 3444 ad,
2699 3371 3056 3444 baptismum
3105 3387 3195 3441 ea,
3238 3371 3415 3444 quam
3446 3373 3731 3442 vidimus,

2067 3442 2334 3497 cautione
2355 3443 2941 3516 properavit._Neque
2969 3458 3112 3516 vero
3133 3443 3204 3516 ad
3227 3442 3441 3516 solitos
3460 3444 3736 3500 catechu-

2065 3527 2370 3586 menorum
2414 3514 2639 3586 gradus
2684 3514 3094 3586 observandas
3123 3514 3368 3586 adactus
3415 3514 3562 3584 fuit;
3593 3533 3732 3572 nam

2067 3585 2310 3657 quoties,
2331 3584 2570 3657 urgeret
2601 3584 2948 3657 perieulum,
2975 3585 3108 3641 illos
3132 3585 3314 3657 omitti
3338 3587 3737 3643 consuevisse

2066 3655 2546 3730 intelligimusex
2575 3671 2780 3712 eorum
2795 3655 3111 3730 baptismo,
3129 3655 3238 3730 qui
3265 3659 3498 3730 sontica
3521 3658 3733 3730 morbo

2065 3727 2342 3799 exagitati
2369 3727 2578 3799 eodem
2612 3732 2983 3799 sacramento
3014 3727 3414 3790 initiabantur.
3455 3727 3618 3794 Quod
3654 3729 3734 3784 ad

2061 3797 2622 3881 locumubi‘tinctus
2652 3797 2761 3854 fuit
2789 3797 3036 3881 Satyrus
3065 3803 3294 3881 nosteﬂr2
3325 3815 3459 3881 cum
3479 3801 3732 3881 Ambro-

2063 3869 2194 3942 sius
2225 3869 2460 3924 silentio
2492 3884 2627 3942 eum
2675 3869 3047 3942 praeterierit,
3103 3870 3518 3926 conﬁdentiam
3556 3870 3732 3942 justo

2063 3939 2348 4010 majorem
2368 3939 2695 4011 praeferunt
2710 3941 2960 3997 Decreti
2978 3944 3372 4014 correctores,
3397 3939 3610 4014 quippe
3623 3943 3732 4014 qui

2062 4011 2135 4084 ab
2166 4011 2481 4084 Ambrosio
2512 4011 2736 4084 narrari
2783 4013 3054 4084 scribunt
3102 4012 3396 4084 Satyrum,
3443 4029 3635 4084 «cum
3667 4013 3730 4068 in

2063 4082 2391 4137 Sardiniam
2439 4083 2785 4153 appulisset.
2837 4083 2908 4138 ad
2958 4099 3026 4139 se
3074 4054 3420 4154 episcopum
3474 4083 3730 4140 Sardum

2063 4154 2414 4222 advocasse,
2465 4177 2486 4202 ι»
2540 4158 2650 4210 etc.
2686 4154 3102 4211 Verumtamen
3149 4155 3262 4210 etsi
3304 4155 3556 4210 Ruﬁnus
3585 4155 3730 4211 dum

2063 4225 2166 4280 lib.
2217 4242 2255 4292 ι,
2290 4241 2418 4296 cap.
2450 4223 2540 4280 80.
2590 4225 2798 4280 scribit
2847 4225 2918 4281 de
2966 4225 3343 4282 Luciferiano
3375 4226 3727 4294 schismate,

2066 4319 2088 4346 ι
2116 4296 2426 4368 quodlicet
2460 4312 2567 4368 per
2585 4312 2808 4366 paucos
2848 4297 3347 4368 adhuevolvitur,
3375 4320 3398 4344 ιι
3437 4297 3729 4368 quodam-

2062 4367 2234 4440 modo
2252 4367 2519 4440 videatur
2541 4367 2674 4423 illis
2715 4367 2915 4422 favere
2941 4385 2953 4434 ;
2989 4367 3131 4422 nihil
3163 4372 3357 4440 tamen
3387 4367 3546 4440 vetat
3571 4383 3730 4440 quo-

287 4437 1013 4515 [οιοίειῆοεΣ-ΡιιιῐὶιιιιῐιιΙῆίἒ
1031 4459 1048 4495 ι
1071 4456 1198 4511 cap.
1235 4440 1302 4496 19
1333 4437 1388 4497 et
1424 4447 1635 4515 _seq._et
1667 4443 2022 4515 Augusti-1)
2063 4439 2258 4515 minus
2312 4437 2455 4493 illud
2503 4453 2642 4515 non.
2679 4441 2902 4515 tantum
2953 4455 3144 4515 usque
3201 4440 3260 4493 in
3293 4437 3724 4508 Siciliamfsed

288 4527 428 4566 num
449 4511 524 4568 de
540 4511 775 4586 Haeres.
801 4527 928 4586 cap.
953 4509 1017 4566 81
1047 4528 1060 4581 ;
1093 4509 1344 4586 egerunt
1362 4509 1534 4568 etiam
1557 4509 1946 4586 SocratESlib.

286 4599 350 4636 ιιι
381 4599 508 4653 cap.
541 4583 575 4638 5
605 4585 662 4638 et
689 4598 841 4666 seq.,
873 4583 1239 4639 Sozomenus
1271 4584 1370 4639 lib.
1405 4601 1462 4654 v,
1496 4599 1642 4668 _cap.
1677 4583 1742 4641 12
1773 4591 1830 4640 et
1859 4585 1946 4656 13,

287 4653 716 4710 Theodoretus.
751 4655 852 4710 lib.
885 4655 939 4710 3.
975 4669 1105 4710 can.
1141 4656 1194 4710 5.
1229 4658 1402 4710 atoue
1434 4655 1552 4710 alii.

358 4670 716 4725 teoaoretus,
752 4670 852 4710 un.
885 4670 939 4722 δ,
975 4670 1105 4726 cap.
1141 4670 1194 4721 ο,
1229 4670 1402 4727 atque
1434 4670 1552 4711 aut.

358 4725 471 4791 (6'7)
495 4725 626 4780 Jam
647 4740 763 4780 non
783 4725 968 4781 semel
990 4725 1391 4798 signiﬁcatum
1423 4730 1516 4782 est
1535 4725 1608 4781 ab
1630 4726 1948 4783 Ambrosio

285 4793 578 4869 Satyrum,
595 4812 728 4869 eum
741 4793 1102 4869 navigationi
1116 4813 1254 4853 sese
1273 4798 1680 4866 committeret,
1697 4798 1949 4854 necdum

283 4865 638 4942 baptismate
671 4867 866 4942 fuisse
887 4865 1336 4941 regeneratum.
1368 4869 1532 4942 Nihil
1565 4865 1798 4942 quidem
1832 4869 1948 4924 illis

284 4936 654 5011 temporibus
672 4939 946 5011 usitatius
970 4936 1114 5006 érat,
1153 4955 1328 5011 quam
1367 4940 1481 4995 hoc
1514 4936 1949 5006 sacramentum

283 5023 476 5080 usque
522 5007 592 5062 ad
614 5007 1346 5082 provectioremiaatatem
1393 5011 1757 5082 protrahere,
1792 5011 1949 5082 quod

283 5079 470 5152 cuma
509 5079 714 5152 multis
736 5094 802 5134 ea
842 5086 1034 5152 mente
1071 5081 1256 5151 ﬁeret,
1297 5086 1359 5136 ut
1379 5079 1628 5138 liberius
1659 5079 1946 5152 cupidita-

2062 4509 2232 4565 etiam
2266 4525 2456 4581 usque
2485 4509 2558 4564 ad
2589 4509 2910 4565 viciniores
2943 4509 3158 4564 Africae
3191 4525 3330 4566 oras
3361 4525 3605 4580 serpere
3627 4527 3730 4582 po-

2060 4582 2254 4636 tuerit.

2131 4651 2244 4724 (68)
2265 4651 2554 4724 Sublimis
2572 4652 2794 4724 idcirco
2817 4651 3166 4724 praefectura
3189 4651 3420 4724 dicitur,
3457 4651 3596 4724 quia
3616 4653 3729 4706 tri-

2060 4722 2237 4796 bunal
2260 4725 2386 4778 erat
2403 4722 2675 4796 praefecti
2690 4723 3182 4796 praetorio,cujus
3203 4722 3726 4796 dignitasaliarum

2065 4795 2326 4876 omnium
2340 4810 2492 4866 apex
2508 4794 2854 4876 habebatur.
2876 4795 2963 4848 Ad
2988 4795 3142 4876 hunc
3171 4794 3522 4876 provocatio
3541 4797 3667 4849 erat
3682 4811 3727 4876 ἐξ

2067 4864 2425 4937 praesidibus
2443 4867 2879 4936 provinciarum
2904 4883 2916 4921 :
2951 4869 3008 4920 et
3037 4864 3096 4920 in
3127 4864 3263 4936 ejus
3287 4864 3422 4937 foro
3449 4865 3724 4937 advocati

2061 4936 2316 5006 centum,
2341 4937 2549 4992 saltem
2569 4937 2622 4991 in
2647 4937 2902 5004 Oriente,
2929 4936 3442 5008 causasiagebant,
3473 4937 3574 5007 qui
3597 4936 3724 4990 cla-

2059 5009 2282 5064 rissimi
2305 5012 2360 5064 et
2383 5009 2741 5078 spectabiles
2763 5008 2922 5075 dicti,
2949 5008 3110 5061 varia
3127 5007 3726 5078 donabanturimmu-

2056 5079 2254 5147 nitate,
2291 5083 2348 5134 ut
2377 5077 2550 5134 decet
2581 5079 2694 5134 Jul.
2729 5079 2934 5134 Caesar
2972 5079 3220 5150 Buleng.
3268 5077 3370 5133 lib.
3403 5095 3466 5132 ιιι
3499 5078 3572 5134 de
3603 5077 3724 5132 lm-

280 5151 442 5225 tib_us
471 5151 602 5206 suis
631 5151 796 5205 frena
841 5151 1126 5225 laxarent,
1180 5170 1212 5206 a
1243 5150 1540 5208 ’Patribus
1589 5150 1851 5225 graviter
1877 5170 1946 5208 ac
2047 5152 2223 5225 pario
2255 5151 2581 5225 ligni._cap.
2615 5150 2668 5204 4.

279 5221 665 5296 vehementer
709 5222 1274 5296 reprehendebatur,
1335 5221 1829 5296 quemadmodum
1887 5225 1946 5278 in

278 5293 598 5349 Ambrosio
631 5297 836 5348 nostro
869 5293 1092 5364 saepius
1138 5295 1302 5350 licuit
1349 5293 1692 5351 observare.
1727 5297 1944 5352 Verum

276 5364 470 5436 Satyri
495 5365 610 5436 vita
631 5367 748 5418 tam
773 5365 866 5436 pie
889 5368 1210 5436 sancteque
1237 5366 1499 5421 instituta
1533 5367 1628 5422 hic
1661 5367 1944 5422 describi-

273 5435 395 5508 tur,
417 5435 836 5508 uthujusmodi
871 5435 1214 5508 suspicione
1241 5438 1812 5508 prorsuslibcretur.
1835 5439 1946 5491 Po-

278 5506 784 5562 tuitnihilominus
798 5507 928 5578 ipse
944 5507 1056 5562 hoc
1071 5509 1142 5562 de
1174 5506 1438 5564 se'caute
1462 5509 1676 5574 vereri,
1703 5509 1858 5578 quod
1875 5510 1942 5562 ti-

276 5578 474 5640 mebat
484 5579 558 5637 de
571 5579 910 5660 Augustino
947 5579 1002 5636 M
1010 5580 1181 5637 enica
1195 5583 1401 5654 mater,
1417 5580 1695 5638 nimirum
1718 5595 1792 5637 ne
1804 5579 1944 5656 bap-

2125 5221 2237 5291 (69)
2293 5221 2540 5286 Quidam
2597 5237 2770 5290 mss.,
2838 5244 2858 5267 α

2052 5308 2187 5360 nos,
2226 5315 2248 5341 ι»
2283 5299 2394 5348 etc.

2123 5364 2236 5433 ('70)
2288 5363 2568 5418 Nonnulli
2615 5379 2790 5434 mss.,
2857 5387 2879 5408 «
2917 5364 2974 5418 ct
3023 5361 3274 5434 quadam
3320 5361 3728 5418 innocentium

2053 5451 2279 5489 morum
2314 5434 2576 5504 specula.
2618 5456 2638 5481 ι)
2769 5439 2780 5454 '

2129 5507 2240 5578 (Ἠ)
2269 5503 2440 5564 l‘auci
2467 5522 2638 5576 mss.,
2665 5530 2685 5552 υ
2708 5521 2883 5583 quam
2917 5505 3321 5563 necessariam
3359 5503 3659 5564 crederes.
3701 5529 3722 5553 ρ

2922 5236 3038 5276 non
3098 5219 3413 5292 fragilitate
3470 5219 3726 5292 quadam
