  <div class='ocr_page' id='page_1' title='image "/cluster/home/n/w/nwhite01/storage/ocr_20150623/16/hvd.32044096580444/688.png"; bbox 0 0 4098 6178; ppageno 0'>
   <div class='ocr_carea' id='block_1_1' title="bbox 249 312 403 379">
    <p class='ocr_par' dir='ltr' id='par_1_1' title="bbox 249 312 403 379">
     <span class='ocr_line' id='line_1_1' title="bbox 249 312 403 379; baseline 0.013 -1"><span class='ocrx_word' id='word_1_1' title='bbox 249 312 403 379; x_wconf 80' lang='lat'>1365</span> 
     </span>
    </p>
   </div>
   <div class='ocr_carea' id='block_1_2' title="bbox 1068 315 2831 381">
    <p class='ocr_par' dir='ltr' id='par_1_2' title="bbox 1068 315 2831 381">
     <span class='ocr_line' id='line_1_2' title="bbox 1068 315 2831 381; baseline 0.001 -2"><span class='ocrx_word' id='word_1_2' title='bbox 1068 316 1181 380; x_wconf 86' lang='lat' dir='ltr'>DE</span> <span class='ocrx_word' id='word_1_3' title='bbox 1223 315 1610 381; x_wconf 86' lang='lat' dir='ltr'>EXCESSU</span> <span class='ocrx_word' id='word_1_4' title='bbox 1655 315 2019 380; x_wconf 85' lang='lat' dir='ltr'>FRATRIS</span> <span class='ocrx_word' id='word_1_5' title='bbox 2063 315 2202 381; x_wconf 91' lang='lat' dir='ltr'>SUI</span> <span class='ocrx_word' id='word_1_6' title='bbox 2248 317 2557 381; x_wconf 83' lang='lat' dir='ltr'>SATYRI</span> <span class='ocrx_word' id='word_1_7' title='bbox 2603 318 2741 381; x_wconf 88' lang='lat' dir='ltr'>LIB</span> <span class='ocrx_word' id='word_1_8' title='bbox 2783 316 2831 381; x_wconf 89' lang='grc' dir='ltr'>Ι.</span> 
     </span>
    </p>
   </div>
   <div class='ocr_carea' id='block_1_3' title="bbox 3533 308 3693 378">
    <p class='ocr_par' dir='ltr' id='par_1_3' title="bbox 3533 308 3693 378">
     <span class='ocr_line' id='line_1_3' title="bbox 3533 308 3693 378; baseline -0.013 0"><span class='ocrx_word' id='word_1_9' title='bbox 3533 308 3693 378; x_wconf 84' lang='lat'>1366</span> 
     </span>
    </p>
   </div>
   <div class='ocr_carea' id='block_1_4' title="bbox 246 486 3691 589">
    <p class='ocr_par' dir='ltr' id='par_1_4' title="bbox 246 486 3691 589">
     <span class='ocr_line' id='line_1_4' title="bbox 246 486 3691 589; baseline 0.001 -20"><span class='ocrx_word' id='word_1_10' title='bbox 246 514 443 570; x_wconf 90' lang='lat' dir='ltr'>subito</span> <span class='ocrx_word' id='word_1_11' title='bbox 474 515 723 581; x_wconf 87' lang='lat' dir='ltr'>veniens</span> <span class='ocrx_word' id='word_1_12' title='bbox 755 514 1103 572; x_wconf 75' lang='lat' dir='ltr'>offendisset</span> <span class='ocrx_word' id='word_1_13' title='bbox 1130 520 1432 588; x_wconf 87' lang='lat' dir='ltr'>parentem</span> <span class='ocrx_word' id='word_1_14' title='bbox 1464 517 1597 588; x_wconf 73' lang='lat'>(&#39;12),</span> <span class='ocrx_word' id='word_1_15' title='bbox 1631 516 1793 573; x_wconf 91' lang='lat' dir='ltr'>velut</span> <span class='ocrx_word' id='word_1_16' title='bbox 1819 516 1914 572; x_wconf 89' lang='lat' dir='ltr'>de-</span> <span class='ocrx_word' id='word_1_17' title='bbox 1933 499 1991 564; x_wconf 76' lang='grc' dir='ltr'><strong>Α</strong></span> <span class='ocrx_word' id='word_1_18' title='bbox 2022 516 2103 572; x_wconf 89' lang='lat' dir='ltr'>vit</span> <span class='ocrx_word' id='word_1_19' title='bbox 2135 517 2195 572; x_wconf 91' lang='lat' dir='ltr'>in</span> <span class='ocrx_word' id='word_1_20' title='bbox 2228 516 2472 587; x_wconf 82' lang='lat' dir='ltr'>divitiis,</span> <span class='ocrx_word' id='word_1_21' title='bbox 2504 486 2789 589; x_wconf 86' lang='lat' dir='ltr'>nequeut</span> <span class='ocrx_word' id='word_1_22' title='bbox 2818 528 3062 588; x_wconf 90' lang='lat' dir='ltr'>pauper,</span> <span class='ocrx_word' id='word_1_23' title='bbox 3096 515 3378 588; x_wconf 84' lang='lat' dir='ltr'>exiguum</span> <span class='ocrx_word' id='word_1_24' title='bbox 3407 513 3567 587; x_wconf 89' lang='lat' dir='ltr'>quod</span> <span class='ocrx_word' id='word_1_25' title='bbox 3595 513 3691 572; x_wconf 89' lang='lat' dir='ltr'>ha-</span> 
     </span>
    </p>
   </div>
   <div class='ocr_carea' id='block_1_5' title="bbox 243 605 1909 677">
    <p class='ocr_par' dir='ltr' id='par_1_5' title="bbox 243 605 1909 677">
     <span class='ocr_line' id='line_1_5' title="bbox 243 605 1909 677; baseline 0.002 -20"><span class='ocrx_word' id='word_1_26' title='bbox 243 618 500 674; x_wconf 89' lang='lat' dir='ltr'>pressus</span> <span class='ocrx_word' id='word_1_27' title='bbox 532 607 587 658; x_wconf 90' lang='lat' dir='ltr'>et</span> <span class='ocrx_word' id='word_1_28' title='bbox 618 605 790 675; x_wconf 90' lang='lat' dir='ltr'>quasi</span> <span class='ocrx_word' id='word_1_29' title='bbox 820 605 1133 661; x_wconf 89' lang='lat' dir='ltr'>demersus</span> <span class='ocrx_word' id='word_1_30' title='bbox 1165 606 1225 661; x_wconf 91' lang='lat' dir='ltr'>in</span> <span class='ocrx_word' id='word_1_31' title='bbox 1252 608 1489 677; x_wconf 88' lang='lat' dir='ltr'>terram,</span> <span class='ocrx_word' id='word_1_32' title='bbox 1522 605 1659 661; x_wconf 91' lang='lat' dir='ltr'>licet</span> <span class='ocrx_word' id='word_1_33' title='bbox 1688 607 1747 661; x_wconf 93' lang='lat' dir='ltr'>in</span> <span class='ocrx_word' id='word_1_34' title='bbox 1776 606 1909 677; x_wconf 91' lang='lat' dir='ltr'>ipso</span> 
     </span>
    </p>
   </div>
   <div class='ocr_carea' id='block_1_6' title="bbox 243 694 1911 764">
    <p class='ocr_par' dir='ltr' id='par_1_6' title="bbox 243 694 1911 764">
     <span class='ocr_line' id='line_1_6' title="bbox 243 694 1911 764; baseline 0.001 -17"><span class='ocrx_word' id='word_1_35' title='bbox 243 707 616 764; x_wconf 82' lang='lat' dir='ltr'>nequaquam</span> <span class='ocrx_word' id='word_1_36' title='bbox 662 694 974 749; x_wconf 86' lang='lat' dir='ltr'>dissimilis</span> <span class='ocrx_word' id='word_1_37' title='bbox 1021 697 1176 750; x_wconf 83' lang='lat' dir='ltr'>ccetu</span> <span class='ocrx_word' id='word_1_38' title='bbox 1218 695 1502 763; x_wconf 90' lang='lat' dir='ltr'>virorum,</span> <span class='ocrx_word' id='word_1_39' title='bbox 1548 710 1723 749; x_wconf 90' lang='lat' dir='ltr'>rarus</span> <span class='ocrx_word' id='word_1_40' title='bbox 1767 698 1911 749; x_wconf 86' lang='lat' dir='ltr'>atto-</span> 
     </span>
    </p>
   </div>
   <div class='ocr_carea' id='block_1_7' title="bbox 241 780 1909 855">
    <p class='ocr_par' dir='ltr' id='par_1_7' title="bbox 241 780 1909 855">
     <span class='ocr_line' id='line_1_7' title="bbox 241 780 1909 855; baseline 0.001 -19"><span class='ocrx_word' id='word_1_41' title='bbox 241 782 368 836; x_wconf 90' lang='lat' dir='ltr'>lere</span> <span class='ocrx_word' id='word_1_42' title='bbox 399 797 491 850; x_wconf 90' lang='lat' dir='ltr'>os,</span> <span class='ocrx_word' id='word_1_43' title='bbox 525 780 760 837; x_wconf 86' lang='lat' dir='ltr'>elevare</span> <span class='ocrx_word' id='word_1_44' title='bbox 790 782 1018 852; x_wconf 87' lang='lat' dir='ltr'>oculos,</span> <span class='ocrx_word' id='word_1_45' title='bbox 1068 784 1294 839; x_wconf 89' lang='lat' dir='ltr'>referre</span> <span class='ocrx_word' id='word_1_46' title='bbox 1338 799 1674 838; x_wconf 81' lang='lat' dir='ltr'>sermonem</span> <span class='ocrx_word' id='word_1_47' title='bbox 1707 799 1719 838; x_wconf 92' lang='lat'>:</span> <span class='ocrx_word' id='word_1_48' title='bbox 1754 783 1909 855; x_wconf 88' lang='lat' dir='ltr'>quod</span> 
     </span>
    </p>
   </div>
   <div class='ocr_carea' id='block_1_8' title="bbox 242 870 1909 944">
    <p class='ocr_par' dir='ltr' id='par_1_8' title="bbox 242 870 1909 944">
     <span class='ocr_line' id='line_1_8' title="bbox 242 870 1909 944; baseline 0.002 -20"><span class='ocrx_word' id='word_1_49' title='bbox 242 870 458 940; x_wconf 90' lang='lat' dir='ltr'>pudico</span> <span class='ocrx_word' id='word_1_50' title='bbox 488 871 742 942; x_wconf 88' lang='lat' dir='ltr'>quodam</span> <span class='ocrx_word' id='word_1_51' title='bbox 770 872 986 927; x_wconf 90' lang='lat' dir='ltr'>mentis</span> <span class='ocrx_word' id='word_1_52' title='bbox 1017 872 1240 943; x_wconf 91' lang='lat' dir='ltr'>pudore</span> <span class='ocrx_word' id='word_1_53' title='bbox 1295 872 1567 942; x_wconf 89' lang='lat' dir='ltr'>faciebat,</span> <span class='ocrx_word' id='word_1_54' title='bbox 1615 888 1748 927; x_wconf 91' lang='lat' dir='ltr'>cum</span> <span class='ocrx_word' id='word_1_55' title='bbox 1793 886 1909 944; x_wconf 91' lang='lat' dir='ltr'>quo</span> 
     </span>
    </p>
   </div>
   <div class='ocr_carea' id='block_1_9' title="bbox 243 958 1909 1034">
    <p class='ocr_par' dir='ltr' id='par_1_9' title="bbox 243 958 1909 1034">
     <span class='ocr_line' id='line_1_9' title="bbox 243 958 1909 1034; baseline 0.001 -21"><span class='ocrx_word' id='word_1_56' title='bbox 243 958 593 1015; x_wconf 71' lang='lat' dir='ltr'>castimonia</span> <span class='ocrx_word' id='word_1_57' title='bbox 642 976 878 1032; x_wconf 89' lang='lat' dir='ltr'>quoque</span> <span class='ocrx_word' id='word_1_58' title='bbox 923 962 1195 1032; x_wconf 88' lang='lat' dir='ltr'>corporis</span> <span class='ocrx_word' id='word_1_59' title='bbox 1240 961 1626 1034; x_wconf 78' lang='lat' dir='ltr'>congruebat.</span> <span class='ocrx_word' id='word_1_60' title='bbox 1682 961 1909 1017; x_wconf 84' lang='lat' dir='ltr'>Etenim</span> 
     </span>
    </p>
   </div>
   <div class='ocr_carea' id='block_1_10' title="bbox 242 1048 1908 1120">
    <p class='ocr_par' dir='ltr' id='par_1_10' title="bbox 242 1048 1908 1120">
     <span class='ocr_line' id='line_1_10' title="bbox 242 1048 1908 1120; baseline 0.002 -18"><span class='ocrx_word' id='word_1_61' title='bbox 242 1048 588 1104; x_wconf 88' lang='lat' dir='ltr'>intemerata</span> <span class='ocrx_word' id='word_1_62' title='bbox 618 1050 775 1104; x_wconf 80' lang='lat' dir='ltr'><strong>sacri</strong></span> <span class='ocrx_word' id='word_1_63' title='bbox 805 1049 1176 1120; x_wconf 72' lang='lat' dir='ltr'>baptismatis</span> <span class='ocrx_word' id='word_1_64' title='bbox 1207 1051 1357 1105; x_wconf 89' lang='lat' dir='ltr'>dona</span> <span class='ocrx_word' id='word_1_65' title='bbox 1403 1049 1686 1118; x_wconf 82' lang='lat' dir='ltr'>servavit,</span> <span class='ocrx_word' id='word_1_66' title='bbox 1736 1065 1908 1105; x_wconf 87' lang='lat' dir='ltr'>mun-</span> 
     </span>
    </p>
   </div>
   <div class='ocr_carea' id='block_1_11' title="bbox 242 1137 1908 1209">
    <p class='ocr_par' dir='ltr' id='par_1_11' title="bbox 242 1137 1908 1209">
     <span class='ocr_line' id='line_1_11' title="bbox 242 1137 1908 1209; baseline 0.002 -18"><span class='ocrx_word' id='word_1_67' title='bbox 242 1137 357 1192; x_wconf 89' lang='lat' dir='ltr'>dus</span> <span class='ocrx_word' id='word_1_68' title='bbox 390 1152 661 1208; x_wconf 88' lang='lat' dir='ltr'>corpore,</span> <span class='ocrx_word' id='word_1_69' title='bbox 695 1138 902 1209; x_wconf 88' lang='lat' dir='ltr'>purior</span> <span class='ocrx_word' id='word_1_70' title='bbox 931 1138 1109 1194; x_wconf 93' lang='lat' dir='ltr'>corde</span> <span class='ocrx_word' id='word_1_71' title='bbox 1144 1154 1157 1193; x_wconf 90' lang='lat'><strong>:</strong></span> <span class='ocrx_word' id='word_1_72' title='bbox 1190 1154 1308 1194; x_wconf 91' lang='lat' dir='ltr'>non</span> <span class='ocrx_word' id='word_1_73' title='bbox 1356 1139 1551 1194; x_wconf 91' lang='lat' dir='ltr'>minus</span> <span class='ocrx_word' id='word_1_74' title='bbox 1595 1138 1908 1194; x_wconf 89' lang='lat' dir='ltr'>adulterini</span> 
     </span>
    </p>
   </div>
   <div class='ocr_carea' id='block_1_12' title="bbox 240 1227 1905 1299">
    <p class='ocr_par' dir='ltr' id='par_1_12' title="bbox 240 1227 1905 1299">
     <span class='ocr_line' id='line_1_12' title="bbox 240 1227 1905 1299; baseline 0.002 -18"><span class='ocrx_word' id='word_1_75' title='bbox 240 1227 538 1282; x_wconf 82' lang='lat' dir='ltr'>sermonis</span> <span class='ocrx_word' id='word_1_76' title='bbox 568 1227 970 1299; x_wconf 82' lang='lat' dir='ltr'>approbrium,</span> <span class='ocrx_word' id='word_1_77' title='bbox 1016 1243 1191 1299; x_wconf 90' lang='lat' dir='ltr'>quam</span> <span class='ocrx_word' id='word_1_78' title='bbox 1238 1228 1511 1299; x_wconf 88' lang='lat' dir='ltr'>corporis</span> <span class='ocrx_word' id='word_1_79' title='bbox 1557 1228 1905 1299; x_wconf 88' lang='lat' dir='ltr'>perhorres-</span> 
     </span>
    </p>
   </div>
   <div class='ocr_carea' id='block_1_13' title="bbox 239 1316 1908 1392">
    <p class='ocr_par' dir='ltr' id='par_1_13' title="bbox 239 1316 1908 1392">
     <span class='ocr_line' id='line_1_13' title="bbox 239 1316 1908 1392; baseline 0.001 -22"><span class='ocrx_word' id='word_1_80' title='bbox 239 1330 385 1370; x_wconf 90' lang='lat' dir='ltr'>cens</span> <span class='ocrx_word' id='word_1_81' title='bbox 420 1331 432 1370; x_wconf 89' lang='lat'><strong>:</strong></span> <span class='ocrx_word' id='word_1_82' title='bbox 466 1330 584 1371; x_wconf 91' lang='lat' dir='ltr'>non</span> <span class='ocrx_word' id='word_1_83' title='bbox 628 1316 918 1371; x_wconf 85' lang='lat' dir='ltr'>minorem</span> <span class='ocrx_word' id='word_1_84' title='bbox 958 1319 1123 1392; x_wconf 86' lang='lat' dir='ltr'>ratus</span> <span class='ocrx_word' id='word_1_85' title='bbox 1169 1316 1468 1388; x_wconf 83' lang='lat' dir='ltr'>pudicitiae</span> <span class='ocrx_word' id='word_1_86' title='bbox 1513 1317 1908 1372; x_wconf 78' lang='lat' dir='ltr'>reverentiam</span> 
     </span>
    </p>
   </div>
   <div class='ocr_carea' id='block_1_14' title="bbox 238 1403 1907 1478">
    <p class='ocr_par' dir='ltr' id='par_1_14' title="bbox 238 1403 1907 1478">
     <span class='ocr_line' id='line_1_14' title="bbox 238 1403 1907 1478; baseline 0.001 -20"><span class='ocrx_word' id='word_1_87' title='bbox 238 1403 617 1460; x_wconf 84' lang='lat' dir='ltr'>deferendam</span> <span class='ocrx_word' id='word_1_88' title='bbox 647 1404 984 1478; x_wconf 77' lang='lat' dir='ltr'>integritate</span> <span class='ocrx_word' id='word_1_89' title='bbox 1022 1407 1363 1477; x_wconf 86' lang='lat' dir='ltr'>verborum,</span> <span class='ocrx_word' id='word_1_90' title='bbox 1411 1421 1586 1478; x_wconf 91' lang='lat' dir='ltr'>quam</span> <span class='ocrx_word' id='word_1_91' title='bbox 1637 1406 1907 1477; x_wconf 87' lang='lat' dir='ltr'>corporis</span> 
     </span>
    </p>
   </div>
   <div class='ocr_carea' id='block_1_15' title="bbox 238 1495 530 1550">
    <p class='ocr_par' dir='ltr' id='par_1_15' title="bbox 238 1495 530 1550">
     <span class='ocr_line' id='line_1_15' title="bbox 238 1495 530 1550; baseline 0.007 -3"><span class='ocrx_word' id='word_1_92' title='bbox 238 1495 530 1550; x_wconf 85' lang='lat' dir='ltr'>castitate.</span> 
     </span>
    </p>
   </div>
   <div class='ocr_carea' id='block_1_16' title="bbox 309 1582 1909 1655">
    <p class='ocr_par' dir='ltr' id='par_1_16' title="bbox 309 1582 1909 1655">
     <span class='ocr_line' id='line_1_16' title="bbox 309 1582 1909 1655; baseline 0.001 -18"><span class='ocrx_word' id='word_1_93' title='bbox 309 1582 397 1637; x_wconf 87' lang='lat'>53.</span> <span class='ocrx_word' id='word_1_94' title='bbox 440 1582 705 1655; x_wconf 85' lang='lat' dir='ltr'>Denique</span> <span class='ocrx_word' id='word_1_95' title='bbox 750 1583 810 1639; x_wconf 91' lang='lat' dir='ltr'>in</span> <span class='ocrx_word' id='word_1_96' title='bbox 851 1586 1073 1639; x_wconf 91' lang='lat' dir='ltr'>tantum</span> <span class='ocrx_word' id='word_1_97' title='bbox 1120 1584 1529 1639; x_wconf 88' lang='lat' dir='ltr'>castimoniam</span> <span class='ocrx_word' id='word_1_98' title='bbox 1573 1583 1798 1654; x_wconf 83' lang='lat' dir='ltr'>dilexit,</span> <span class='ocrx_word' id='word_1_99' title='bbox 1846 1586 1909 1638; x_wconf 93' lang='lat' dir='ltr'>ut</span> 
     </span>
    </p>
   </div>
   <div class='ocr_carea' id='block_1_17' title="bbox 241 1671 1906 1743">
    <p class='ocr_par' dir='ltr' id='par_1_17' title="bbox 241 1671 1906 1743">
     <span class='ocr_line' id='line_1_17' title="bbox 241 1671 1906 1743; baseline -0.001 -14"><span class='ocrx_word' id='word_1_100' title='bbox 241 1672 276 1735; x_wconf 83' lang='lat'><strong>1</strong></span> <span class='ocrx_word' id='word_1_101' title='bbox 296 1671 438 1736; x_wconf 82' lang='lat'>129</span> <span class='ocrx_word' id='word_1_102' title='bbox 470 1686 585 1728; x_wconf 89' lang='lat' dir='ltr'>nec</span> <span class='ocrx_word' id='word_1_103' title='bbox 613 1686 859 1728; x_wconf 85' lang='lat' dir='ltr'>uxorem</span> <span class='ocrx_word' id='word_1_104' title='bbox 886 1675 1221 1743; x_wconf 81' lang='lat' dir='ltr'>expeteret;</span> <span class='ocrx_word' id='word_1_105' title='bbox 1267 1671 1404 1728; x_wconf 88' lang='lat' dir='ltr'>licet</span> <span class='ocrx_word' id='word_1_106' title='bbox 1444 1673 1502 1727; x_wconf 91' lang='lat' dir='ltr'>in</span> <span class='ocrx_word' id='word_1_107' title='bbox 1551 1688 1621 1728; x_wconf 92' lang='lat' dir='ltr'>eo</span> <span class='ocrx_word' id='word_1_108' title='bbox 1652 1687 1770 1728; x_wconf 90' lang='lat' dir='ltr'>non</span> <span class='ocrx_word' id='word_1_109' title='bbox 1801 1687 1906 1727; x_wconf 89' lang='lat' dir='ltr'>so-</span> 
     </span>
    </p>
   </div>
   <div class='ocr_carea' id='block_1_18' title="bbox 235 1758 1905 1831">
    <p class='ocr_par' dir='ltr' id='par_1_18' title="bbox 235 1758 1905 1831">
     <span class='ocr_line' id='line_1_18' title="bbox 235 1758 1905 1831; baseline 0.001 -16"><span class='ocrx_word' id='word_1_110' title='bbox 235 1761 357 1816; x_wconf 89' lang='lat' dir='ltr'>lum</span> <span class='ocrx_word' id='word_1_111' title='bbox 389 1758 677 1814; x_wconf 86' lang='lat' dir='ltr'>castitatis</span> <span class='ocrx_word' id='word_1_112' title='bbox 712 1759 1044 1831; x_wconf 87' lang='lat' dir='ltr'>appetentia</span> <span class='ocrx_word' id='word_1_113' title='bbox 1076 1759 1274 1830; x_wconf 86' lang='lat' dir='ltr'>fuerit,</span> <span class='ocrx_word' id='word_1_114' title='bbox 1308 1760 1419 1816; x_wconf 90' lang='lat' dir='ltr'>sed</span> <span class='ocrx_word' id='word_1_115' title='bbox 1457 1760 1633 1816; x_wconf 91' lang='lat' dir='ltr'>etiam</span> <span class='ocrx_word' id='word_1_116' title='bbox 1670 1760 1905 1831; x_wconf 89' lang='lat' dir='ltr'>pietatis</span> 
     </span>
    </p>
   </div>
   <div class='ocr_carea' id='block_1_19' title="bbox 2020 604 2478 677">
    <p class='ocr_par' dir='ltr' id='par_1_19' title="bbox 2020 604 2478 677">
     <span class='ocr_line' id='line_1_19' title="bbox 2020 604 2478 677; baseline 0.002 -18"><span class='ocrx_word' id='word_1_117' title='bbox 2020 604 2147 660; x_wconf 89' lang='lat' dir='ltr'>buit</span> <span class='ocrx_word' id='word_1_118' title='bbox 2167 605 2478 677; x_wconf 86' lang='lat' dir='ltr'>judicavit.</span> 
     </span>
    </p>
   </div>
   <div class='ocr_carea' id='block_1_20' title="bbox 2093 692 3693 766">
    <p class='ocr_par' dir='ltr' id='par_1_20' title="bbox 2093 692 3693 766">
     <span class='ocr_line' id='line_1_20' title="bbox 2093 692 3693 766; baseline 0 -17"><span class='ocrx_word' id='word_1_119' title='bbox 2093 693 2207 766; x_wconf 86' lang='lat'>(5’7)</span> <span class='ocrx_word' id='word_1_120' title='bbox 2245 694 2536 766; x_wconf 88' lang='lat' dir='ltr'>Superest</span> <span class='ocrx_word' id='word_1_121' title='bbox 2583 698 2646 748; x_wconf 91' lang='lat' dir='ltr'>ut</span> <span class='ocrx_word' id='word_1_122' title='bbox 2695 695 2766 750; x_wconf 88' lang='lat' dir='ltr'>ad</span> <span class='ocrx_word' id='word_1_123' title='bbox 2817 693 3262 750; x_wconf 86' lang='lat' dir='ltr'>conclusionem</span> <span class='ocrx_word' id='word_1_124' title='bbox 3309 692 3693 749; x_wconf 89' lang='lat' dir='ltr'>cardinalium</span> 
     </span>
    </p>
   </div>
   <div class='ocr_carea' id='block_1_21' title="bbox 2024 782 3688 855">
    <p class='ocr_par' dir='ltr' id='par_1_21' title="bbox 2024 782 3688 855">
     <span class='ocr_line' id='line_1_21' title="bbox 2024 782 3688 855; baseline 0.001 -17"><span class='ocrx_word' id='word_1_125' title='bbox 2024 784 2328 855; x_wconf 89' lang='lat' dir='ltr'>virtutum,</span> <span class='ocrx_word' id='word_1_126' title='bbox 2380 784 2556 839; x_wconf 89' lang='lat' dir='ltr'>etiam</span> <span class='ocrx_word' id='word_1_127' title='bbox 2601 782 2853 855; x_wconf 83' lang='lat' dir='ltr'>justitiae</span> <span class='ocrx_word' id='word_1_128' title='bbox 2898 786 3098 855; x_wconf 89' lang='lat' dir='ltr'>partes</span> <span class='ocrx_word' id='word_1_129' title='bbox 3148 784 3207 837; x_wconf 90' lang='lat' dir='ltr'>in</span> <span class='ocrx_word' id='word_1_130' title='bbox 3251 797 3320 837; x_wconf 88' lang='lat' dir='ltr'>eo</span> <span class='ocrx_word' id='word_1_131' title='bbox 3367 782 3688 839; x_wconf 82' lang='lat' dir='ltr'>debeamus</span> 
     </span>
    </p>
   </div>
   <div class='ocr_carea' id='block_1_22' title="bbox 2021 872 3687 946">
    <p class='ocr_par' dir='ltr' id='par_1_22' title="bbox 2021 872 3687 946">
     <span class='ocr_line' id='line_1_22' title="bbox 2021 872 3687 946; baseline -0.001 -18"><span class='ocrx_word' id='word_1_132' title='bbox 2021 874 2351 928; x_wconf 86' lang='lat' dir='ltr'>advertere.</span> <span class='ocrx_word' id='word_1_133' title='bbox 2405 874 2554 928; x_wconf 89' lang='lat' dir='ltr'>Nam</span> <span class='ocrx_word' id='word_1_134' title='bbox 2600 874 2712 928; x_wconf 84' lang='lat' dir='ltr'>etsi</span> <span class='ocrx_word' id='word_1_135' title='bbox 2763 877 3031 946; x_wconf 85' lang='lat' dir='ltr'>cognatae</span> <span class='ocrx_word' id='word_1_136' title='bbox 3080 872 3198 927; x_wconf 88' lang='lat' dir='ltr'>sint</span> <span class='ocrx_word' id='word_1_137' title='bbox 3243 872 3396 927; x_wconf 88' lang='lat' dir='ltr'>inter</span> <span class='ocrx_word' id='word_1_138' title='bbox 3428 887 3515 943; x_wconf 88' lang='lat' dir='ltr'>se,</span> <span class='ocrx_word' id='word_1_139' title='bbox 3551 887 3687 928; x_wconf 91' lang='lat' dir='ltr'>con-</span> 
     </span>
    </p>
   </div>
   <div class='ocr_carea' id='block_1_23' title="bbox 2024 961 3693 1035">
    <p class='ocr_par' dir='ltr' id='par_1_23' title="bbox 2024 961 3693 1035">
     <span class='ocr_line' id='line_1_23' title="bbox 2024 961 3693 1035; baseline -0.001 -17"><span class='ocrx_word' id='word_1_140' title='bbox 2024 967 2320 1035; x_wconf 56' lang='lat' dir='ltr'>cretaque</span> <span class='ocrx_word' id='word_1_141' title='bbox 2350 964 2638 1032; x_wconf 82' lang='lat' dir='ltr'>virtutes;</span> <span class='ocrx_word' id='word_1_142' title='bbox 2670 964 2862 1017; x_wconf 90' lang='lat' dir='ltr'>tamen</span> <span class='ocrx_word' id='word_1_143' title='bbox 2895 961 3266 1034; x_wconf 88' lang='lat' dir='ltr'>singularum</span> <span class='ocrx_word' id='word_1_144' title='bbox 3284 961 3554 1032; x_wconf 84' lang='lat' dir='ltr'>quaedam</span> <span class='ocrx_word' id='word_1_145' title='bbox 3578 961 3693 1016; x_wconf 83' lang='lat' dir='ltr'>for-</span> 
     </span>
    </p>
   </div>
   <div class='ocr_carea' id='block_1_24' title="bbox 2032 1049 3682 1123">
    <p class='ocr_par' dir='ltr' id='par_1_24' title="bbox 2032 1049 3682 1123">
     <span class='ocr_line' id='line_1_24' title="bbox 2032 1049 3682 1123; baseline -0.001 -17"><span class='ocrx_word' id='word_1_146' title='bbox 2032 1067 2124 1106; x_wconf 90' lang='lat' dir='ltr'>ma</span> <span class='ocrx_word' id='word_1_147' title='bbox 2154 1052 2499 1123; x_wconf 82' lang='lat' dir='ltr'>expressior</span> <span class='ocrx_word' id='word_1_148' title='bbox 2525 1051 2898 1107; x_wconf 85' lang='lat' dir='ltr'>desideratur</span> <span class='ocrx_word' id='word_1_149' title='bbox 2925 1050 3058 1121; x_wconf 78' lang='grc' dir='ltr'>(Ἠ),</span> <span class='ocrx_word' id='word_1_150' title='bbox 3094 1050 3464 1122; x_wconf 86' lang='lat' dir='ltr'>maximeque</span> <span class='ocrx_word' id='word_1_151' title='bbox 3504 1049 3682 1122; x_wconf 84' lang='lat' dir='ltr'>justi-</span> 
     </span>
    </p>
   </div>
   <div class='ocr_carea' id='block_1_25' title="bbox 2021 1139 3686 1211">
    <p class='ocr_par' dir='ltr' id='par_1_25' title="bbox 2021 1139 3686 1211">
     <span class='ocr_line' id='line_1_25' title="bbox 2021 1139 3686 1211; baseline -0.001 -16"><span class='ocrx_word' id='word_1_152' title='bbox 2021 1141 2138 1196; x_wconf 80' lang='lat' dir='ltr'>tiae.</span> <span class='ocrx_word' id='word_1_153' title='bbox 2172 1141 2255 1195; x_wconf 86' lang='lat' dir='ltr'>Ea</span> <span class='ocrx_word' id='word_1_154' title='bbox 2287 1142 2441 1195; x_wconf 91' lang='lat' dir='ltr'>enim</span> <span class='ocrx_word' id='word_1_155' title='bbox 2474 1140 2589 1195; x_wconf 91' lang='lat' dir='ltr'>sibi</span> <span class='ocrx_word' id='word_1_156' title='bbox 2621 1140 2857 1211; x_wconf 84' lang='lat' dir='ltr'>parcior</span> <span class='ocrx_word' id='word_1_157' title='bbox 2889 1140 3037 1196; x_wconf 91' lang='lat' dir='ltr'>foris</span> <span class='ocrx_word' id='word_1_158' title='bbox 3082 1143 3203 1197; x_wconf 84' lang='lat' dir='ltr'>tota</span> <span class='ocrx_word' id='word_1_159' title='bbox 3248 1143 3360 1208; x_wconf 89' lang='lat' dir='ltr'>est,</span> <span class='ocrx_word' id='word_1_160' title='bbox 3413 1140 3470 1194; x_wconf 93' lang='lat' dir='ltr'>et</span> <span class='ocrx_word' id='word_1_161' title='bbox 3519 1139 3686 1210; x_wconf 87' lang='lat' dir='ltr'>quid-</span> 
     </span>
    </p>
   </div>
   <div class='ocr_carea' id='block_1_26' title="bbox 2017 1227 3688 1302">
    <p class='ocr_par' dir='ltr' id='par_1_26' title="bbox 2017 1227 3688 1302">
     <span class='ocr_line' id='line_1_26' title="bbox 2017 1227 3688 1302; baseline -0.001 -16"><span class='ocrx_word' id='word_1_162' title='bbox 2017 1229 2158 1302; x_wconf 87' lang='lat' dir='ltr'>quid</span> <span class='ocrx_word' id='word_1_163' title='bbox 2190 1227 2367 1284; x_wconf 84' lang='lat' dir='ltr'>habet</span> <span class='ocrx_word' id='word_1_164' title='bbox 2395 1229 2645 1301; x_wconf 90' lang='lat' dir='ltr'>quadam</span> <span class='ocrx_word' id='word_1_165' title='bbox 2690 1230 3063 1284; x_wconf 90' lang='lat' dir='ltr'>inclementia</span> <span class='ocrx_word' id='word_1_166' title='bbox 3106 1229 3221 1299; x_wconf 84' lang='lat' dir='ltr'>sui,</span> <span class='ocrx_word' id='word_1_167' title='bbox 3276 1229 3414 1283; x_wconf 92' lang='lat' dir='ltr'>dum</span> <span class='ocrx_word' id='word_1_168' title='bbox 3461 1228 3688 1301; x_wconf 88' lang='lat' dir='ltr'>rapitur</span> 
     </span>
    </p>
   </div>
   <div class='ocr_carea' id='block_1_27' title="bbox 2018 1317 3410 1388">
    <p class='ocr_par' dir='ltr' id='par_1_27' title="bbox 2018 1317 3410 1388">
     <span class='ocr_line' id='line_1_27' title="bbox 2018 1317 3410 1388; baseline -0.001 -15"><span class='ocrx_word' id='word_1_169' title='bbox 2018 1334 2217 1374; x_wconf 92' lang='lat' dir='ltr'>amore</span> <span class='ocrx_word' id='word_1_170' title='bbox 2251 1318 2569 1386; x_wconf 90' lang='lat' dir='ltr'>communi,</span> <span class='ocrx_word' id='word_1_171' title='bbox 2603 1317 2963 1373; x_wconf 85' lang='lat' dir='ltr'>transfundit</span> <span class='ocrx_word' id='word_1_172' title='bbox 2995 1318 3054 1372; x_wconf 93' lang='lat' dir='ltr'>in</span> <span class='ocrx_word' id='word_1_173' title='bbox 3083 1317 3410 1388; x_wconf 87' lang='lat' dir='ltr'>proximos.</span> 
     </span>
    </p>
   </div>
   <div class='ocr_carea' id='block_1_28' title="bbox 2086 1406 3683 1480">
    <p class='ocr_par' dir='ltr' id='par_1_28' title="bbox 2086 1406 3683 1480">
     <span class='ocr_line' id='line_1_28' title="bbox 2086 1406 3683 1480; baseline 0 -17"><span class='ocrx_word' id='word_1_174' title='bbox 2086 1408 2176 1463; x_wconf 85' lang='lat'>58.</span> <span class='ocrx_word' id='word_1_175' title='bbox 2218 1406 2334 1463; x_wconf 89' lang='lat' dir='ltr'>Sed</span> <span class='ocrx_word' id='word_1_176' title='bbox 2366 1407 2549 1479; x_wconf 90' lang='lat' dir='ltr'>hujus</span> <span class='ocrx_word' id='word_1_177' title='bbox 2582 1407 2887 1478; x_wconf 83' lang='lat' dir='ltr'>multiplex</span> <span class='ocrx_word' id='word_1_178' title='bbox 2919 1412 3009 1461; x_wconf 87' lang='lat' dir='ltr'>est</span> <span class='ocrx_word' id='word_1_179' title='bbox 3054 1408 3309 1478; x_wconf 88' lang='lat' dir='ltr'>species.</span> <span class='ocrx_word' id='word_1_180' title='bbox 3362 1406 3492 1461; x_wconf 85' lang='lat' dir='ltr'>Alia</span> <span class='ocrx_word' id='word_1_181' title='bbox 3539 1421 3683 1480; x_wconf 89' lang='lat' dir='ltr'>erga</span> 
     </span>
    </p>
   </div>
   <div class='ocr_carea' id='block_1_29' title="bbox 2014 1495 3683 1569">
    <p class='ocr_par' dir='ltr' id='par_1_29' title="bbox 2014 1495 3683 1569">
     <span class='ocr_line' id='line_1_29' title="bbox 2014 1495 3683 1569; baseline -0.002 -16"><span class='ocrx_word' id='word_1_182' title='bbox 2014 1498 2400 1569; x_wconf 88' lang='lat' dir='ltr'>propinquos,</span> <span class='ocrx_word' id='word_1_183' title='bbox 2435 1495 2548 1560; x_wconf 83' lang='lat' dir='ltr'>alia</span> <span class='ocrx_word' id='word_1_184' title='bbox 2578 1511 2721 1568; x_wconf 86' lang='lat' dir='ltr'>erga</span> <span class='ocrx_word' id='word_1_185' title='bbox 2751 1496 3089 1564; x_wconf 90' lang='lat' dir='ltr'>universos,</span> <span class='ocrx_word' id='word_1_186' title='bbox 3125 1495 3238 1550; x_wconf 86' lang='lat' dir='ltr'>alia</span> <span class='ocrx_word' id='word_1_187' title='bbox 3268 1511 3412 1567; x_wconf 88' lang='lat' dir='ltr'>erga</span> <span class='ocrx_word' id='word_1_188' title='bbox 3434 1495 3539 1551; x_wconf 89' lang='lat' dir='ltr'>Dei</span> <span class='ocrx_word' id='word_1_189' title='bbox 3559 1496 3683 1552; x_wconf 83' lang='lat' dir='ltr'>cul-</span> 
     </span>
    </p>
   </div>
   <div class='ocr_carea' id='block_1_30' title="bbox 2015 1584 3685 1657">
    <p class='ocr_par' dir='ltr' id='par_1_30' title="bbox 2015 1584 3685 1657">
     <span class='ocr_line' id='line_1_30' title="bbox 2015 1584 3685 1657; baseline -0.001 -16"><span class='ocrx_word' id='word_1_190' title='bbox 2015 1591 2157 1655; x_wconf 89' lang='lat' dir='ltr'>tum,</span> <span class='ocrx_word' id='word_1_191' title='bbox 2180 1585 2274 1641; x_wconf 86' lang='lat' dir='ltr'>vel</span> <span class='ocrx_word' id='word_1_192' title='bbox 2293 1584 2695 1657; x_wconf 89' lang='lat' dir='ltr'>adjumcntum</span> <span class='ocrx_word' id='word_1_193' title='bbox 2724 1586 2983 1656; x_wconf 92' lang='lat' dir='ltr'>inopum.</span> <span class='ocrx_word' id='word_1_194' title='bbox 3007 1585 3207 1657; x_wconf 88' lang='lat' dir='ltr'>Itaque</span> <span class='ocrx_word' id='word_1_195' title='bbox 3239 1584 3432 1657; x_wconf 88' lang='lat' dir='ltr'>qualis</span> <span class='ocrx_word' id='word_1_196' title='bbox 3466 1586 3526 1640; x_wconf 91' lang='lat' dir='ltr'>in</span> <span class='ocrx_word' id='word_1_197' title='bbox 3556 1585 3685 1641; x_wconf 85' lang='lat' dir='ltr'>uni-</span> 
     </span>
    </p>
   </div>
   <div class='ocr_carea' id='block_1_31' title="bbox 2013 1673 3683 1744">
    <p class='ocr_par' dir='ltr' id='par_1_31' title="bbox 2013 1673 3683 1744">
     <span class='ocr_line' id='line_1_31' title="bbox 2013 1673 3683 1744; baseline 0 -15"><span class='ocrx_word' id='word_1_198' title='bbox 2013 1691 2230 1731; x_wconf 89' lang='lat' dir='ltr'>versos</span> <span class='ocrx_word' id='word_1_199' title='bbox 2263 1674 2458 1744; x_wconf 90' lang='lat' dir='ltr'>fuerit,</span> <span class='ocrx_word' id='word_1_200' title='bbox 2492 1673 2963 1744; x_wconf 86' lang='lat' dir='ltr'>provincialium,</span> <span class='ocrx_word' id='word_1_201' title='bbox 2996 1673 3237 1744; x_wconf 90' lang='lat' dir='ltr'>quibus,</span> <span class='ocrx_word' id='word_1_202' title='bbox 3270 1673 3526 1744; x_wconf 88' lang='lat' dir='ltr'>praefuit,</span> <span class='ocrx_word' id='word_1_203' title='bbox 3551 1678 3683 1729; x_wconf 88' lang='lat' dir='ltr'>stu-</span> 
     </span>
    </p>
   </div>
   <div class='ocr_carea' id='block_1_32' title="bbox 2014 1761 3681 1835">
    <p class='ocr_par' dir='ltr' id='par_1_32' title="bbox 2014 1761 3681 1835">
     <span class='ocr_line' id='line_1_32' title="bbox 2014 1761 3681 1835; baseline -0.002 -15"><span class='ocrx_word' id='word_1_204' title='bbox 2014 1765 2108 1820; x_wconf 91' lang='lat' dir='ltr'>dia</span> <span class='ocrx_word' id='word_1_205' title='bbox 2127 1764 2241 1835; x_wconf 82' lang='lat'>(&#39;75)</span> <span class='ocrx_word' id='word_1_206' title='bbox 2256 1763 2467 1818; x_wconf 90' lang='lat' dir='ltr'>docent</span> <span class='ocrx_word' id='word_1_207' title='bbox 2482 1778 2494 1817; x_wconf 92' lang='lat'><strong>:</strong></span> <span class='ocrx_word' id='word_1_208' title='bbox 2511 1761 2611 1833; x_wconf 90' lang='lat' dir='ltr'>qui</span> <span class='ocrx_word' id='word_1_209' title='bbox 2627 1764 2928 1833; x_wconf 88' lang='lat' dir='ltr'>parentem</span> <span class='ocrx_word' id='word_1_210' title='bbox 2944 1761 3136 1833; x_wconf 87' lang='lat' dir='ltr'>magis</span> <span class='ocrx_word' id='word_1_211' title='bbox 3151 1761 3339 1817; x_wconf 90' lang='lat' dir='ltr'>fuisse</span> <span class='ocrx_word' id='word_1_212' title='bbox 3359 1762 3681 1834; x_wconf 89' lang='lat' dir='ltr'>proprium,</span> 
     </span>
    </p>
   </div>
   <div class='ocr_carea' id='block_1_33' title="bbox 242 1847 3684 1938">
    <p class='ocr_par' dir='ltr' id='par_1_33' title="bbox 242 1847 3684 1938">
     <span class='ocr_line' id='line_1_33' title="bbox 242 1847 3684 1938; baseline 0.001 -36"><span class='ocrx_word' id='word_1_213' title='bbox 242 1847 455 1938; x_wconf 87' lang='lat' dir='ltr'>gratia.</span> <span class='ocrx_word' id='word_1_214' title='bbox 483 1847 637 1938; x_wconf 64' lang='lat' dir='ltr'>_Miro</span> <span class='ocrx_word' id='word_1_215' title='bbox 666 1851 872 1938; x_wconf 13' lang='lat' dir='ltr'>autem,</span> <span class='ocrx_word' id='word_1_216' title='bbox 891 1848 1066 1938; x_wconf 85' lang='lat' dir='ltr'>modo</span> <span class='ocrx_word' id='word_1_217' title='bbox 1098 1852 1155 1903; x_wconf 89' lang='lat' dir='ltr'>et</span> <span class='ocrx_word' id='word_1_218' title='bbox 1185 1848 1534 1921; x_wconf 88' lang='lat' dir='ltr'>conjugium</span> <span class='ocrx_word' id='word_1_219' title='bbox 1562 1848 1908 1938; x_wconf 89' lang='lat' dir='ltr'>dissimula-</span> <span class='ocrx_word' id='word_1_220' title='bbox 1940 1876 1990 1938; x_wconf 78' lang='grc' dir='ltr'><strong>Β</strong></span> <span class='ocrx_word' id='word_1_221' title='bbox 2014 1869 2188 1926; x_wconf 88' lang='lat' dir='ltr'>quam</span> <span class='ocrx_word' id='word_1_222' title='bbox 2215 1850 2922 1924; x_wconf 86' lang='lat' dir='ltr'>judiccmloquebantur:</span> <span class='ocrx_word' id='word_1_223' title='bbox 2950 1849 3204 1938; x_wconf 77' lang='lat' dir='ltr'>gratiam</span> <span class='ocrx_word' id='word_1_224' title='bbox 3226 1851 3341 1922; x_wconf 83' lang='lat' dir='ltr'>piae</span> <span class='ocrx_word' id='word_1_225' title='bbox 3358 1851 3684 1923; x_wconf 90' lang='lat' dir='ltr'>necessitu,</span> 
     </span>
    </p>
   </div>
   <div class='ocr_carea' id='block_1_34' title="bbox 233 1935 1907 2010">
    <p class='ocr_par' dir='ltr' id='par_1_34' title="bbox 233 1935 1907 2010">
     <span class='ocr_line' id='line_1_34' title="bbox 233 1935 1907 2010; baseline 0 -18"><span class='ocrx_word' id='word_1_226' title='bbox 233 1936 356 2006; x_wconf 88' lang='lat' dir='ltr'>bat,</span> <span class='ocrx_word' id='word_1_227' title='bbox 388 1939 447 1992; x_wconf 88' lang='lat' dir='ltr'>et</span> <span class='ocrx_word' id='word_1_228' title='bbox 468 1935 811 2009; x_wconf 85' lang='lat' dir='ltr'>jactantiam</span> <span class='ocrx_word' id='word_1_229' title='bbox 841 1936 1175 1992; x_wconf 86' lang='lat' dir='ltr'>declinabat</span> <span class='ocrx_word' id='word_1_230' title='bbox 1208 1953 1219 1992; x_wconf 94' lang='lat'>:</span> <span class='ocrx_word' id='word_1_231' title='bbox 1257 1941 1533 2010; x_wconf 90' lang='lat' dir='ltr'>tantaque</span> <span class='ocrx_word' id='word_1_232' title='bbox 1565 1940 1690 1993; x_wconf 90' lang='lat' dir='ltr'>erat</span> <span class='ocrx_word' id='word_1_233' title='bbox 1720 1937 1907 1993; x_wconf 89' lang='lat' dir='ltr'>dissi-</span> 
     </span>
    </p>
   </div>
   <div class='ocr_carea' id='block_1_35' title="bbox 233 2026 1904 2099">
    <p class='ocr_par' dir='ltr' id='par_1_35' title="bbox 233 2026 1904 2099">
     <span class='ocr_line' id='line_1_35' title="bbox 233 2026 1904 2099; baseline 0.001 -19"><span class='ocrx_word' id='word_1_234' title='bbox 233 2026 498 2095; x_wconf 85' lang='lat' dir='ltr'>mulatio,</span> <span class='ocrx_word' id='word_1_235' title='bbox 531 2028 594 2081; x_wconf 91' lang='lat' dir='ltr'>ut</span> <span class='ocrx_word' id='word_1_236' title='bbox 622 2026 799 2081; x_wconf 88' lang='lat' dir='ltr'>nobis</span> <span class='ocrx_word' id='word_1_237' title='bbox 828 2042 1063 2098; x_wconf 89' lang='lat' dir='ltr'>quoque</span> <span class='ocrx_word' id='word_1_238' title='bbox 1094 2027 1474 2099; x_wconf 87' lang='lat' dir='ltr'>urgentibus,</span> <span class='ocrx_word' id='word_1_239' title='bbox 1506 2026 1744 2083; x_wconf 73' lang='lat' dir='ltr'>differre</span> <span class='ocrx_word' id='word_1_240' title='bbox 1776 2043 1904 2082; x_wconf 90' lang='lat' dir='ltr'>ma-</span> 
     </span>
    </p>
   </div>
   <div class='ocr_carea' id='block_1_36' title="bbox 231 2115 1906 2189">
    <p class='ocr_par' dir='ltr' id='par_1_36' title="bbox 231 2115 1906 2189">
     <span class='ocr_line' id='line_1_36' title="bbox 231 2115 1906 2189; baseline 0.001 -20"><span class='ocrx_word' id='word_1_241' title='bbox 231 2115 332 2189; x_wconf 90' lang='lat' dir='ltr'>gis</span> <span class='ocrx_word' id='word_1_242' title='bbox 350 2115 925 2187; x_wconf 83' lang='lat' dir='ltr'>consortium,&#39;quam</span> <span class='ocrx_word' id='word_1_243' title='bbox 939 2116 1216 2188; x_wconf 79' lang='lat' dir='ltr'>refugere</span> <span class='ocrx_word' id='word_1_244' title='bbox 1236 2116 1554 2172; x_wconf 87' lang='lat' dir='ltr'>videretur.</span> <span class='ocrx_word' id='word_1_245' title='bbox 1577 2117 1706 2172; x_wconf 87' lang='lat' dir='ltr'>Hoc</span> <span class='ocrx_word' id='word_1_246' title='bbox 1724 2132 1906 2172; x_wconf 90' lang='lat' dir='ltr'>unum</span> 
     </span>
    </p>
   </div>
   <div class='ocr_carea' id='block_1_37' title="bbox 231 2204 1900 2277">
    <p class='ocr_par' dir='ltr' id='par_1_37' title="bbox 231 2204 1900 2277">
     <span class='ocr_line' id='line_1_37' title="bbox 231 2204 1900 2277; baseline 0.001 -19"><span class='ocrx_word' id='word_1_247' title='bbox 231 2204 432 2276; x_wconf 89' lang='lat' dir='ltr'>itaque</span> <span class='ocrx_word' id='word_1_248' title='bbox 459 2205 588 2273; x_wconf 91' lang='lat' dir='ltr'>fuit,</span> <span class='ocrx_word' id='word_1_249' title='bbox 621 2204 780 2276; x_wconf 90' lang='lat' dir='ltr'>quod</span> <span class='ocrx_word' id='word_1_250' title='bbox 808 2220 917 2259; x_wconf 92' lang='lat' dir='ltr'>nec</span> <span class='ocrx_word' id='word_1_251' title='bbox 936 2204 1219 2261; x_wconf 84' lang='lat' dir='ltr'>fratribus</span> <span class='ocrx_word' id='word_1_252' title='bbox 1237 2205 1542 2261; x_wconf 86' lang='lat' dir='ltr'>crederet:</span> <span class='ocrx_word' id='word_1_253' title='bbox 1566 2222 1684 2261; x_wconf 92' lang='lat' dir='ltr'>non</span> <span class='ocrx_word' id='word_1_254' title='bbox 1705 2206 1900 2277; x_wconf 90' lang='lat' dir='ltr'>aliqua</span> 
     </span>
    </p>
   </div>
   <div class='ocr_carea' id='block_1_38' title="bbox 232 2292 1896 2362">
    <p class='ocr_par' dir='ltr' id='par_1_38' title="bbox 232 2292 1896 2362">
     <span class='ocr_line' id='line_1_38' title="bbox 232 2292 1896 2362; baseline -0.001 -13"><span class='ocrx_word' id='word_1_255' title='bbox 232 2292 627 2350; x_wconf 85' lang='lat' dir='ltr'>cunctationis</span> <span class='ocrx_word' id='word_1_256' title='bbox 673 2293 1027 2362; x_wconf 61' lang='lat' dir='ltr'>haesitantia,</span> <span class='ocrx_word' id='word_1_257' title='bbox 1079 2294 1187 2349; x_wconf 89' lang='lat' dir='ltr'>sed</span> <span class='ocrx_word' id='word_1_258' title='bbox 1237 2294 1474 2349; x_wconf 90' lang='lat' dir='ltr'>virtutis</span> <span class='ocrx_word' id='word_1_259' title='bbox 1519 2295 1896 2350; x_wconf 90' lang='lat' dir='ltr'>verecundia.</span> 
     </span>
    </p>
   </div>
   <div class='ocr_carea' id='block_1_39' title="bbox 300 2380 1904 2454">
    <p class='ocr_par' dir='ltr' id='par_1_39' title="bbox 300 2380 1904 2454">
     <span class='ocr_line' id='line_1_39' title="bbox 300 2380 1904 2454; baseline 0 -17"><span class='ocrx_word' id='word_1_260' title='bbox 300 2383 391 2437; x_wconf 78' lang='lat' dir='ltr'>5t.</span> <span class='ocrx_word' id='word_1_261' title='bbox 432 2380 578 2448; x_wconf 88' lang='lat' dir='ltr'>Quis</span> <span class='ocrx_word' id='word_1_262' title='bbox 606 2382 789 2454; x_wconf 90' lang='lat' dir='ltr'>igitur</span> <span class='ocrx_word' id='word_1_263' title='bbox 817 2398 935 2438; x_wconf 90' lang='lat' dir='ltr'>non</span> <span class='ocrx_word' id='word_1_264' title='bbox 966 2382 1214 2438; x_wconf 89' lang='lat' dir='ltr'>miretur</span> <span class='ocrx_word' id='word_1_265' title='bbox 1243 2384 1439 2439; x_wconf 90' lang='lat' dir='ltr'>virum</span> <span class='ocrx_word' id='word_1_266' title='bbox 1483 2383 1637 2438; x_wconf 90' lang='lat' dir='ltr'>inter</span> <span class='ocrx_word' id='word_1_267' title='bbox 1684 2382 1904 2438; x_wconf 88' lang='lat' dir='ltr'>fratres</span> 
     </span>
    </p>
   </div>
   <div class='ocr_carea' id='block_1_40' title="bbox 232 2470 1904 2544">
    <p class='ocr_par' dir='ltr' id='par_1_40' title="bbox 232 2470 1904 2544">
     <span class='ocr_line' id='line_1_40' title="bbox 232 2470 1904 2544; baseline -0.001 -17"><span class='ocrx_word' id='word_1_268' title='bbox 232 2471 388 2527; x_wconf 90' lang='lat' dir='ltr'>duos</span> <span class='ocrx_word' id='word_1_269' title='bbox 415 2470 665 2526; x_wconf 90' lang='lat' dir='ltr'>alterum</span> <span class='ocrx_word' id='word_1_270' title='bbox 683 2471 1001 2544; x_wconf 88' lang='lat' dir='ltr'>virginem,</span> <span class='ocrx_word' id='word_1_271' title='bbox 1035 2471 1282 2527; x_wconf 89' lang='lat' dir='ltr'>alterum</span> <span class='ocrx_word' id='word_1_272' title='bbox 1302 2473 1697 2541; x_wconf 90' lang='lat' dir='ltr'>sacerdotem,</span> <span class='ocrx_word' id='word_1_273' title='bbox 1735 2474 1904 2526; x_wconf 73' lang='lat' dir='ltr'>aetate</span> 
     </span>
    </p>
   </div>
   <div class='ocr_carea' id='block_1_41' title="bbox 229 2559 1902 2633">
    <p class='ocr_par' dir='ltr' id='par_1_41' title="bbox 229 2559 1902 2633">
     <span class='ocr_line' id='line_1_41' title="bbox 229 2559 1902 2633; baseline 0.001 -19"><span class='ocrx_word' id='word_1_274' title='bbox 229 2559 509 2631; x_wconf 86' lang='lat' dir='ltr'>medium,</span> <span class='ocrx_word' id='word_1_275' title='bbox 543 2559 1021 2633; x_wconf 84' lang='lat' dir='ltr'>magnanimitate</span> <span class='ocrx_word' id='word_1_276' title='bbox 1042 2560 1481 2632; x_wconf 88' lang='lat' dir='ltr'>nonimparem,</span> <span class='ocrx_word' id='word_1_277' title='bbox 1515 2561 1594 2615; x_wconf 90' lang='lat' dir='ltr'>ita</span> <span class='ocrx_word' id='word_1_278' title='bbox 1616 2560 1770 2615; x_wconf 89' lang='lat' dir='ltr'>inter</span> <span class='ocrx_word' id='word_1_279' title='bbox 1785 2560 1902 2616; x_wconf 87' lang='lat' dir='ltr'>duo</span> 
     </span>
    </p>
   </div>
   <div class='ocr_carea' id='block_1_42' title="bbox 229 2648 1901 2719">
    <p class='ocr_par' dir='ltr' id='par_1_42' title="bbox 229 2648 1901 2719">
     <span class='ocr_line' id='line_1_42' title="bbox 229 2648 1901 2719; baseline 0.001 -16"><span class='ocrx_word' id='word_1_280' title='bbox 229 2648 486 2703; x_wconf 78' lang='lat' dir='ltr'>maxima</span> <span class='ocrx_word' id='word_1_281' title='bbox 522 2663 766 2704; x_wconf 90' lang='lat' dir='ltr'>munera</span> <span class='ocrx_word' id='word_1_282' title='bbox 807 2649 1185 2719; x_wconf 85' lang='lat' dir='ltr'>praestitisse,</span> <span class='ocrx_word' id='word_1_283' title='bbox 1229 2654 1293 2705; x_wconf 91' lang='lat' dir='ltr'>ut</span> <span class='ocrx_word' id='word_1_284' title='bbox 1341 2649 1587 2705; x_wconf 90' lang='lat' dir='ltr'>alterius</span> <span class='ocrx_word' id='word_1_285' title='bbox 1635 2650 1901 2705; x_wconf 87' lang='lat' dir='ltr'>muneris</span> 
     </span>
    </p>
   </div>
   <div class='ocr_carea' id='block_1_43' title="bbox 226 2736 1898 2809">
    <p class='ocr_par' dir='ltr' id='par_1_43' title="bbox 226 2736 1898 2809">
     <span class='ocr_line' id='line_1_43' title="bbox 226 2736 1898 2809; baseline 0 -16"><span class='ocrx_word' id='word_1_286' title='bbox 226 2736 577 2805; x_wconf 84' lang='lat' dir='ltr'>castitatem,</span> <span class='ocrx_word' id='word_1_287' title='bbox 609 2736 856 2792; x_wconf 85' lang='lat' dir='ltr'>alterius</span> <span class='ocrx_word' id='word_1_288' title='bbox 886 2738 1257 2794; x_wconf 88' lang='lat' dir='ltr'>sanctitatem</span> <span class='ocrx_word' id='word_1_289' title='bbox 1288 2737 1562 2807; x_wconf 88' lang='lat' dir='ltr'>referret,</span> <span class='ocrx_word' id='word_1_290' title='bbox 1597 2753 1715 2793; x_wconf 90' lang='lat' dir='ltr'>non</span> <span class='ocrx_word' id='word_1_291' title='bbox 1763 2752 1898 2809; x_wconf 84' lang='lat' dir='ltr'>pro-</span> 
     </span>
    </p>
   </div>
   <div class='ocr_carea' id='block_1_44' title="bbox 226 2824 1898 2900">
    <p class='ocr_par' dir='ltr' id='par_1_44' title="bbox 226 2824 1898 2900">
     <span class='ocr_line' id='line_1_44' title="bbox 226 2824 1898 2900; baseline 0 -19"><span class='ocrx_word' id='word_1_292' title='bbox 226 2824 518 2881; x_wconf 86' lang='lat' dir='ltr'>fessionis</span> <span class='ocrx_word' id='word_1_293' title='bbox 548 2825 808 2894; x_wconf 89' lang='lat' dir='ltr'>vinculo,</span> <span class='ocrx_word' id='word_1_294' title='bbox 842 2826 951 2881; x_wconf 89' lang='lat' dir='ltr'>sed</span> <span class='ocrx_word' id='word_1_295' title='bbox 978 2827 1215 2882; x_wconf 88' lang='lat' dir='ltr'>virtutis</span> <span class='ocrx_word' id='word_1_296' title='bbox 1245 2827 1486 2882; x_wconf 81' lang='lat' dir='ltr'>ofﬁcio?</span> <span class='ocrx_word' id='word_1_297' title='bbox 1526 2826 1685 2900; x_wconf 90' lang='lat' dir='ltr'>Ergo</span> <span class='ocrx_word' id='word_1_298' title='bbox 1736 2827 1793 2882; x_wconf 92' lang='lat' dir='ltr'>si</span> <span class='ocrx_word' id='word_1_299' title='bbox 1831 2826 1898 2881; x_wconf 85' lang='lat' dir='ltr'>li-</span> 
     </span>
    </p>
   </div>
   <div class='ocr_carea' id='block_1_45' title="bbox 224 2913 1899 2988">
    <p class='ocr_par' dir='ltr' id='par_1_45' title="bbox 224 2913 1899 2988">
     <span class='ocr_line' id='line_1_45' title="bbox 224 2913 1899 2988; baseline 0.001 -19"><span class='ocrx_word' id='word_1_300' title='bbox 224 2914 370 2970; x_wconf 91' lang='lat' dir='ltr'>bido</span> <span class='ocrx_word' id='word_1_301' title='bbox 398 2916 573 2986; x_wconf 88' lang='lat' dir='ltr'>atque</span> <span class='ocrx_word' id='word_1_302' title='bbox 605 2913 911 2969; x_wconf 88' lang='lat' dir='ltr'>iracundia</span> <span class='ocrx_word' id='word_1_303' title='bbox 950 2914 1328 2988; x_wconf 72' lang='lat' dir='ltr'>reliquorum“</span> <span class='ocrx_word' id='word_1_304' title='bbox 1357 2916 1635 2972; x_wconf 88' lang='lat' dir='ltr'>vitiorum</span> <span class='ocrx_word' id='word_1_305' title='bbox 1680 2916 1899 2971; x_wconf 89' lang='lat' dir='ltr'>educa-</span> 
     </span>
    </p>
   </div>
   <div class='ocr_carea' id='block_1_46' title="bbox 225 3002 1899 3076">
    <p class='ocr_par' dir='ltr' id='par_1_46' title="bbox 225 3002 1899 3076">
     <span class='ocr_line' id='line_1_46' title="bbox 225 3002 1899 3076; baseline 0.001 -18"><span class='ocrx_word' id='word_1_306' title='bbox 225 3003 412 3059; x_wconf 89' lang='lat' dir='ltr'>trices</span> <span class='ocrx_word' id='word_1_307' title='bbox 442 3006 603 3073; x_wconf 91' lang='lat' dir='ltr'>sunt,</span> <span class='ocrx_word' id='word_1_308' title='bbox 630 3002 769 3075; x_wconf 85' lang='lat' dir='ltr'>jure</span> <span class='ocrx_word' id='word_1_309' title='bbox 801 3004 1129 3059; x_wconf 90' lang='lat' dir='ltr'>castitatem</span> <span class='ocrx_word' id='word_1_310' title='bbox 1173 3007 1348 3076; x_wconf 89' lang='lat' dir='ltr'>atque</span> <span class='ocrx_word' id='word_1_311' title='bbox 1392 3004 1762 3061; x_wconf 86' lang='lat' dir='ltr'>clementiam</span> <span class='ocrx_word' id='word_1_312' title='bbox 1807 3003 1899 3060; x_wconf 89' lang='lat' dir='ltr'>di-</span> 
     </span>
    </p>
   </div>
   <div class='ocr_carea' id='block_1_47' title="bbox 225 3092 1899 3166">
    <p class='ocr_par' dir='ltr' id='par_1_47' title="bbox 225 3092 1899 3166">
     <span class='ocr_line' id='line_1_47' title="bbox 225 3092 1899 3166; baseline 0.001 -18"><span class='ocrx_word' id='word_1_313' title='bbox 225 3092 420 3148; x_wconf 89' lang='lat' dir='ltr'>xerim</span> <span class='ocrx_word' id='word_1_314' title='bbox 450 3093 737 3166; x_wconf 90' lang='lat' dir='ltr'>quasdam</span> <span class='ocrx_word' id='word_1_315' title='bbox 768 3092 1049 3147; x_wconf 90' lang='lat' dir='ltr'>virtutum</span> <span class='ocrx_word' id='word_1_316' title='bbox 1079 3098 1395 3164; x_wconf 88' lang='lat' dir='ltr'>parentes;</span> <span class='ocrx_word' id='word_1_317' title='bbox 1427 3109 1761 3166; x_wconf 91' lang='lat' dir='ltr'>quanquam</span> <span class='ocrx_word' id='word_1_318' title='bbox 1784 3094 1899 3165; x_wconf 84' lang='lat' dir='ltr'>pie-</span> 
     </span>
    </p>
   </div>
   <div class='ocr_carea' id='block_1_48' title="bbox 223 3181 1900 3254">
    <p class='ocr_par' dir='ltr' id='par_1_48' title="bbox 223 3181 1900 3254">
     <span class='ocr_line' id='line_1_48' title="bbox 223 3181 1900 3254; baseline 0.001 -17"><span class='ocrx_word' id='word_1_319' title='bbox 223 3185 320 3237; x_wconf 89' lang='lat' dir='ltr'>tas</span> <span class='ocrx_word' id='word_1_320' title='bbox 374 3196 610 3254; x_wconf 91' lang='lat' dir='ltr'>quoque</span> <span class='ocrx_word' id='word_1_321' title='bbox 651 3184 715 3236; x_wconf 90' lang='lat' dir='ltr'>ut</span> <span class='ocrx_word' id='word_1_322' title='bbox 760 3181 1021 3237; x_wconf 89' lang='lat' dir='ltr'>omnium</span> <span class='ocrx_word' id='word_1_323' title='bbox 1066 3182 1431 3254; x_wconf 88' lang='lat' dir='ltr'>principatus</span> <span class='ocrx_word' id='word_1_324' title='bbox 1475 3184 1787 3252; x_wconf 89' lang='lat' dir='ltr'>bonorum,</span> <span class='ocrx_word' id='word_1_325' title='bbox 1821 3184 1900 3238; x_wconf 88' lang='lat' dir='ltr'>ita</span> 
     </span>
    </p>
   </div>
   <div class='ocr_carea' id='block_1_49' title="bbox 224 3270 1660 3327">
    <p class='ocr_par' dir='ltr' id='par_1_49' title="bbox 224 3270 1660 3327">
     <span class='ocr_line' id='line_1_49' title="bbox 224 3270 1660 3327; baseline 0.001 -1"><span class='ocrx_word' id='word_1_326' title='bbox 224 3271 412 3327; x_wconf 91' lang='lat' dir='ltr'>etiam</span> <span class='ocrx_word' id='word_1_327' title='bbox 439 3270 824 3326; x_wconf 86' lang='lat' dir='ltr'>seminarium</span> <span class='ocrx_word' id='word_1_328' title='bbox 856 3271 1138 3327; x_wconf 89' lang='lat' dir='ltr'>virtutum</span> <span class='ocrx_word' id='word_1_329' title='bbox 1167 3275 1260 3327; x_wconf 92' lang='lat' dir='ltr'>est</span> <span class='ocrx_word' id='word_1_330' title='bbox 1288 3275 1660 3327; x_wconf 87' lang='lat' dir='ltr'>caeterarum.</span> 
     </span>
    </p>
   </div>
   <div class='ocr_carea' id='block_1_50' title="bbox 296 3359 1896 3433">
    <p class='ocr_par' dir='ltr' id='par_1_50' title="bbox 296 3359 1896 3433">
     <span class='ocr_line' id='line_1_50' title="bbox 296 3359 1896 3433; baseline 0.001 -18"><span class='ocrx_word' id='word_1_331' title='bbox 296 3361 388 3415; x_wconf 89' lang='lat'>55.</span> <span class='ocrx_word' id='word_1_332' title='bbox 431 3359 579 3415; x_wconf 86' lang='lat' dir='ltr'>Nam</span> <span class='ocrx_word' id='word_1_333' title='bbox 608 3360 682 3415; x_wconf 91' lang='lat' dir='ltr'>de</span> <span class='ocrx_word' id='word_1_334' title='bbox 713 3359 1076 3431; x_wconf 88' lang='lat' dir='ltr'>parcimonia</span> <span class='ocrx_word' id='word_1_335' title='bbox 1106 3361 1247 3432; x_wconf 90' lang='lat' dir='ltr'>quid</span> <span class='ocrx_word' id='word_1_336' title='bbox 1278 3361 1507 3433; x_wconf 89' lang='lat' dir='ltr'>loquar,</span> <span class='ocrx_word' id='word_1_337' title='bbox 1543 3365 1602 3417; x_wconf 90' lang='lat' dir='ltr'>et</span> <span class='ocrx_word' id='word_1_338' title='bbox 1643 3360 1896 3433; x_wconf 89' lang='lat' dir='ltr'>quadam</span> 
     </span>
    </p>
   </div>
   <div class='ocr_carea' id='block_1_51' title="bbox 222 3448 1896 3521">
    <p class='ocr_par' dir='ltr' id='par_1_51' title="bbox 222 3448 1896 3521">
     <span class='ocr_line' id='line_1_51' title="bbox 222 3448 1896 3521; baseline 0.001 -17"><span class='ocrx_word' id='word_1_339' title='bbox 222 3448 487 3505; x_wconf 84' lang='lat' dir='ltr'>habendi</span> <span class='ocrx_word' id='word_1_340' title='bbox 516 3449 826 3504; x_wconf 83' lang='lat' dir='ltr'>castitate?</span> <span class='ocrx_word' id='word_1_341' title='bbox 857 3449 913 3504; x_wconf 89' lang='lat' dir='ltr'>Is</span> <span class='ocrx_word' id='word_1_342' title='bbox 948 3450 1105 3505; x_wconf 91' lang='lat' dir='ltr'>enim</span> <span class='ocrx_word' id='word_1_343' title='bbox 1136 3466 1253 3505; x_wconf 91' lang='lat' dir='ltr'>non</span> <span class='ocrx_word' id='word_1_344' title='bbox 1284 3450 1499 3521; x_wconf 64' lang='lat' dir='ltr'>quierit</span> <span class='ocrx_word' id='word_1_345' title='bbox 1538 3449 1751 3520; x_wconf 90' lang='lat' dir='ltr'>aliena,</span> <span class='ocrx_word' id='word_1_346' title='bbox 1796 3450 1896 3521; x_wconf 90' lang='lat' dir='ltr'>qui</span> 
     </span>
    </p>
   </div>
   <div class='ocr_carea' id='block_1_52' title="bbox 222 3538 1895 3612">
    <p class='ocr_par' dir='ltr' id='par_1_52' title="bbox 222 3538 1895 3612">
     <span class='ocr_line' id='line_1_52' title="bbox 222 3538 1895 3612; baseline 0.001 -19"><span class='ocrx_word' id='word_1_347' title='bbox 222 3554 337 3593; x_wconf 88' lang='lat' dir='ltr'>sua</span> <span class='ocrx_word' id='word_1_348' title='bbox 369 3541 571 3594; x_wconf 85' lang='lat' dir='ltr'>servat</span> <span class='ocrx_word' id='word_1_349' title='bbox 603 3552 616 3593; x_wconf 91' lang='lat'>:</span> <span class='ocrx_word' id='word_1_350' title='bbox 648 3554 759 3594; x_wconf 90' lang='lat' dir='ltr'>nec</span> <span class='ocrx_word' id='word_1_351' title='bbox 788 3538 1028 3594; x_wconf 78' lang='lat' dir='ltr'>inﬂatur</span> <span class='ocrx_word' id='word_1_352' title='bbox 1057 3538 1391 3608; x_wconf 89' lang='lat' dir='ltr'>immodico,</span> <span class='ocrx_word' id='word_1_353' title='bbox 1436 3539 1536 3612; x_wconf 92' lang='lat' dir='ltr'>qui</span> <span class='ocrx_word' id='word_1_354' title='bbox 1583 3543 1895 3595; x_wconf 88' lang='lat' dir='ltr'>contentus</span> 
     </span>
    </p>
   </div>
   <div class='ocr_carea' id='block_1_53' title="bbox 219 3626 1893 3701">
    <p class='ocr_par' dir='ltr' id='par_1_53' title="bbox 219 3626 1893 3701">
     <span class='ocr_line' id='line_1_53' title="bbox 219 3626 1893 3701; baseline 0 -18"><span class='ocrx_word' id='word_1_355' title='bbox 219 3630 320 3683; x_wconf 89' lang='lat' dir='ltr'>est</span> <span class='ocrx_word' id='word_1_356' title='bbox 348 3628 609 3699; x_wconf 82' lang='lat' dir='ltr'>preprio.</span> <span class='ocrx_word' id='word_1_357' title='bbox 640 3626 802 3682; x_wconf 86' lang='lat' dir='ltr'>Nihil</span> <span class='ocrx_word' id='word_1_358' title='bbox 833 3644 980 3701; x_wconf 91' lang='lat' dir='ltr'>ergo</span> <span class='ocrx_word' id='word_1_359' title='bbox 1011 3628 1169 3683; x_wconf 91' lang='lat' dir='ltr'>aliud</span> <span class='ocrx_word' id='word_1_360' title='bbox 1209 3628 1327 3683; x_wconf 87' lang='lat' dir='ltr'>nisi</span> <span class='ocrx_word' id='word_1_361' title='bbox 1370 3629 1672 3699; x_wconf 89' lang='lat' dir='ltr'>proprium</span> <span class='ocrx_word' id='word_1_362' title='bbox 1717 3643 1893 3683; x_wconf 90' lang='lat' dir='ltr'>recu-</span> 
     </span>
    </p>
   </div>
   <div class='ocr_carea' id='block_1_54' title="bbox 216 3716 1891 3789">
    <p class='ocr_par' dir='ltr' id='par_1_54' title="bbox 216 3716 1891 3789">
     <span class='ocr_line' id='line_1_54' title="bbox 216 3716 1891 3789; baseline -0.001 -17"><span class='ocrx_word' id='word_1_363' title='bbox 216 3732 439 3789; x_wconf 87' lang='lat' dir='ltr'>perare</span> <span class='ocrx_word' id='word_1_364' title='bbox 468 3716 682 3786; x_wconf 90' lang='lat' dir='ltr'>voluit;</span> <span class='ocrx_word' id='word_1_365' title='bbox 713 3717 906 3789; x_wconf 87' lang='lat' dir='ltr'>magis</span> <span class='ocrx_word' id='word_1_366' title='bbox 938 3733 1012 3772; x_wconf 89' lang='lat' dir='ltr'>ne</span> <span class='ocrx_word' id='word_1_367' title='bbox 1042 3717 1434 3787; x_wconf 88' lang='lat' dir='ltr'>fraudaretur,</span> <span class='ocrx_word' id='word_1_368' title='bbox 1483 3732 1657 3788; x_wconf 89' lang='lat' dir='ltr'>quam</span> <span class='ocrx_word' id='word_1_369' title='bbox 1703 3720 1766 3772; x_wconf 92' lang='lat' dir='ltr'>ut</span> <span class='ocrx_word' id='word_1_370' title='bbox 1807 3717 1891 3771; x_wconf 86' lang='lat' dir='ltr'>di-</span> 
     </span>
    </p>
   </div>
   <div class='ocr_carea' id='block_1_55' title="bbox 215 3805 1894 3879">
    <p class='ocr_par' dir='ltr' id='par_1_55' title="bbox 215 3805 1894 3879">
     <span class='ocr_line' id='line_1_55' title="bbox 215 3805 1894 3879; baseline -0.001 -18"><span class='ocrx_word' id='word_1_371' title='bbox 215 3808 468 3861; x_wconf 87' lang='lat' dir='ltr'>taretur.</span> <span class='ocrx_word' id='word_1_372' title='bbox 499 3805 652 3860; x_wconf 89' lang='lat' dir='ltr'>Nam</span> <span class='ocrx_word' id='word_1_373' title='bbox 679 3820 786 3861; x_wconf 89' lang='lat' dir='ltr'>eos</span> <span class='ocrx_word' id='word_1_374' title='bbox 816 3806 916 3878; x_wconf 90' lang='lat' dir='ltr'>qui</span> <span class='ocrx_word' id='word_1_375' title='bbox 947 3806 1137 3862; x_wconf 90' lang='lat' dir='ltr'>aliena</span> <span class='ocrx_word' id='word_1_376' title='bbox 1167 3810 1526 3879; x_wconf 73' lang='lat' dir='ltr'>quaarerent,</span> <span class='ocrx_word' id='word_1_377' title='bbox 1556 3808 1717 3860; x_wconf 90' lang='lat' dir='ltr'>recte</span> <span class='ocrx_word' id='word_1_378' title='bbox 1747 3805 1894 3859; x_wconf 74' lang='lat' dir='ltr'>acci~</span> 
     </span>
    </p>
   </div>
   <div class='ocr_carea' id='block_1_56' title="bbox 213 3894 1893 3965">
    <p class='ocr_par' dir='ltr' id='par_1_56' title="bbox 213 3894 1893 3965">
     <span class='ocr_line' id='line_1_56' title="bbox 213 3894 1893 3965; baseline 0.001 -17"><span class='ocrx_word' id='word_1_379' title='bbox 213 3894 409 3965; x_wconf 89' lang='lat' dir='ltr'>pitres</span> <span class='ocrx_word' id='word_1_380' title='bbox 437 3895 707 3965; x_wconf 61' lang='lat' dir='ltr'>pecunia</span> <span class='ocrx_word' id='word_1_381' title='bbox 736 3894 1096 3950; x_wconf 91' lang='lat' dir='ltr'>nominabat.</span> <span class='ocrx_word' id='word_1_382' title='bbox 1132 3894 1300 3961; x_wconf 89' lang='lat' dir='ltr'>Quod</span> <span class='ocrx_word' id='word_1_383' title='bbox 1331 3896 1385 3949; x_wconf 87' lang='lat' dir='ltr'>si</span> <span class='ocrx_word' id='word_1_384' title='bbox 1416 3894 1583 3949; x_wconf 83' lang='lat' dir='ltr'>radix</span> <span class='ocrx_word' id='word_1_385' title='bbox 1604 3894 1893 3949; x_wconf 88' lang='lat' dir='ltr'>malorum</span> 
     </span>
    </p>
   </div>
   <div class='ocr_carea' id='block_1_57' title="bbox 215 3982 1892 4056">
    <p class='ocr_par' dir='ltr' id='par_1_57' title="bbox 215 3982 1892 4056">
     <span class='ocr_line' id='line_1_57' title="bbox 215 3982 1892 4056; baseline -0.001 -17"><span class='ocrx_word' id='word_1_386' title='bbox 215 3983 487 4039; x_wconf 88' lang='lat' dir='ltr'>omnium</span> <span class='ocrx_word' id='word_1_387' title='bbox 527 3983 772 4039; x_wconf 87' lang='lat' dir='ltr'>avaritia</span> <span class='ocrx_word' id='word_1_388' title='bbox 818 3987 912 4040; x_wconf 91' lang='lat' dir='ltr'>est</span> <span class='ocrx_word' id='word_1_389' title='bbox 954 3984 1011 4053; x_wconf 87' lang='grc' dir='ltr'>(Ι</span> <span class='ocrx_word' id='word_1_390' title='bbox 1042 3983 1186 4040; x_wconf 83' lang='lat' dir='ltr'>Tun.</span> <span class='ocrx_word' id='word_1_391' title='bbox 1224 4001 1301 4054; x_wconf 76' lang='lat' dir='ltr'>Vt,</span> <span class='ocrx_word' id='word_1_392' title='bbox 1339 3983 1470 4054; x_wconf 74' lang='lat'>10);</span> <span class='ocrx_word' id='word_1_393' title='bbox 1521 3983 1722 4056; x_wconf 86' lang='lat' dir='ltr'>utique</span> <span class='ocrx_word' id='word_1_394' title='bbox 1753 3982 1892 4038; x_wconf 88' lang='lat' dir='ltr'>vitia</span> 
     </span>
    </p>
   </div>
   <div class='ocr_carea' id='block_1_58' title="bbox 215 4072 1817 4145">
    <p class='ocr_par' dir='ltr' id='par_1_58' title="bbox 215 4072 1817 4145">
     <span class='ocr_line' id='line_1_58' title="bbox 215 4072 1817 4145; baseline 0 -16"><span class='ocrx_word' id='word_1_395' title='bbox 215 4072 406 4141; x_wconf 82' lang='lat' dir='ltr'>exuit,</span> <span class='ocrx_word' id='word_1_396' title='bbox 439 4074 540 4144; x_wconf 92' lang='lat' dir='ltr'>qui</span> <span class='ocrx_word' id='word_1_397' title='bbox 568 4074 878 4144; x_wconf 88' lang='lat' dir='ltr'>pecuniam</span> <span class='ocrx_word' id='word_1_398' title='bbox 906 4089 1025 4129; x_wconf 90' lang='lat' dir='ltr'>non</span> <span class='ocrx_word' id='word_1_399' title='bbox 1053 4073 1321 4145; x_wconf 86' lang='lat' dir='ltr'>requirit.</span> <span class='ocrx_word' id='word_1_400' title='bbox 1812 4128 1817 4135; x_wconf 71' lang='grc'><strong>,</strong></span> 
     </span>
    </p>
   </div>
   <div class='ocr_carea' id='block_1_59' title="bbox 294 4162 1893 4235">
    <p class='ocr_par' dir='ltr' id='par_1_59' title="bbox 294 4162 1893 4235">
     <span class='ocr_line' id='line_1_59' title="bbox 294 4162 1893 4235; baseline 0.001 -19"><span class='ocrx_word' id='word_1_401' title='bbox 294 4162 386 4216; x_wconf 84' lang='grc'>56.</span> <span class='ocrx_word' id='word_1_402' title='bbox 428 4162 561 4218; x_wconf 90' lang='lat' dir='ltr'>Non</span> <span class='ocrx_word' id='word_1_403' title='bbox 590 4179 850 4235; x_wconf 90' lang='lat' dir='ltr'>unquam</span> <span class='ocrx_word' id='word_1_404' title='bbox 877 4162 1348 4219; x_wconf 88' lang='lat' dir='ltr'>accuratioribus</span> <span class='ocrx_word' id='word_1_405' title='bbox 1380 4162 1573 4233; x_wconf 90' lang='lat' dir='ltr'>epulis</span> <span class='ocrx_word' id='word_1_406' title='bbox 1603 4165 1703 4218; x_wconf 88' lang='lat' dir='ltr'>aut</span> <span class='ocrx_word' id='word_1_407' title='bbox 1746 4177 1893 4218; x_wconf 88' lang='lat' dir='ltr'>con-</span> 
     </span>
    </p>
   </div>
   <div class='ocr_carea' id='block_1_60' title="bbox 214 4250 1891 4324">
    <p class='ocr_par' dir='ltr' id='par_1_60' title="bbox 214 4250 1891 4324">
     <span class='ocr_line' id='line_1_60' title="bbox 214 4250 1891 4324; baseline 0.001 -18"><span class='ocrx_word' id='word_1_408' title='bbox 214 4250 418 4324; x_wconf 89' lang='lat' dir='ltr'>gestis</span> <span class='ocrx_word' id='word_1_409' title='bbox 449 4251 694 4307; x_wconf 88' lang='lat' dir='ltr'>ferculis</span> <span class='ocrx_word' id='word_1_410' title='bbox 725 4252 1050 4308; x_wconf 87' lang='lat' dir='ltr'>delectatus</span> <span class='ocrx_word' id='word_1_411' title='bbox 1082 4255 1194 4320; x_wconf 90' lang='lat' dir='ltr'>est,</span> <span class='ocrx_word' id='word_1_412' title='bbox 1228 4251 1343 4307; x_wconf 89' lang='lat' dir='ltr'>nisi</span> <span class='ocrx_word' id='word_1_413' title='bbox 1375 4266 1510 4307; x_wconf 91' lang='lat' dir='ltr'>cum</span> <span class='ocrx_word' id='word_1_414' title='bbox 1539 4252 1764 4307; x_wconf 90' lang='lat' dir='ltr'>amicos</span> <span class='ocrx_word' id='word_1_415' title='bbox 1797 4266 1891 4307; x_wconf 85' lang='lat' dir='ltr'>ro-</span> 
     </span>
    </p>
   </div>
   <div class='ocr_carea' id='block_1_61' title="bbox 211 4342 1893 4413">
    <p class='ocr_par' dir='ltr' id='par_1_61' title="bbox 211 4342 1893 4413">
     <span class='ocr_line' id='line_1_61' title="bbox 211 4342 1893 4413; baseline 0.001 -19"><span class='ocrx_word' id='word_1_416' title='bbox 211 4343 394 4413; x_wconf 78' lang='lat' dir='ltr'>geret</span> <span class='ocrx_word' id='word_1_417' title='bbox 425 4356 436 4395; x_wconf 90' lang='lat'><strong>:</strong></span> <span class='ocrx_word' id='word_1_418' title='bbox 470 4344 753 4412; x_wconf 85' lang='lat' dir='ltr'>quantum</span> <span class='ocrx_word' id='word_1_419' title='bbox 784 4344 1009 4396; x_wconf 83' lang='lat' dir='ltr'>naturae</span> <span class='ocrx_word' id='word_1_420' title='bbox 1038 4342 1187 4396; x_wconf 90' lang='lat' dir='ltr'>satis</span> <span class='ocrx_word' id='word_1_421' title='bbox 1218 4343 1402 4410; x_wconf 91' lang='lat' dir='ltr'>esset,</span> <span class='ocrx_word' id='word_1_422' title='bbox 1445 4356 1563 4397; x_wconf 91' lang='lat' dir='ltr'>non</span> <span class='ocrx_word' id='word_1_423' title='bbox 1611 4343 1893 4413; x_wconf 88' lang='lat' dir='ltr'>quantum</span> 
     </span>
    </p>
   </div>
   <div class='ocr_carea' id='block_1_62' title="bbox 211 4428 1893 4501">
    <p class='ocr_par' dir='ltr' id='par_1_62' title="bbox 211 4428 1893 4501">
     <span class='ocr_line' id='line_1_62' title="bbox 211 4428 1893 4501; baseline 0.002 -20"><span class='ocrx_word' id='word_1_424' title='bbox 211 4428 513 4498; x_wconf 87' lang='lat' dir='ltr'>voluptati</span> <span class='ocrx_word' id='word_1_425' title='bbox 540 4433 911 4500; x_wconf 87' lang='lat' dir='ltr'>superesset,</span> <span class='ocrx_word' id='word_1_426' title='bbox 945 4430 1282 4501; x_wconf 89' lang='lat' dir='ltr'>requirens.</span> <span class='ocrx_word' id='word_1_427' title='bbox 1326 4430 1398 4485; x_wconf 90' lang='lat' dir='ltr'>Et</span> <span class='ocrx_word' id='word_1_428' title='bbox 1426 4434 1589 4485; x_wconf 88' lang='lat' dir='ltr'>certe</span> <span class='ocrx_word' id='word_1_429' title='bbox 1620 4432 1746 4485; x_wconf 90' lang='lat' dir='ltr'>erat</span> <span class='ocrx_word' id='word_1_430' title='bbox 1774 4444 1893 4484; x_wconf 92' lang='lat' dir='ltr'>non</span> 
     </span>
    </p>
   </div>
   <div class='ocr_carea' id='block_1_63' title="bbox 206 4515 1893 4590">
    <p class='ocr_par' dir='ltr' id='par_1_63' title="bbox 206 4515 1893 4590">
     <span class='ocr_line' id='line_1_63' title="bbox 206 4515 1893 4590; baseline 0.002 -20"><span class='ocrx_word' id='word_1_431' title='bbox 206 4532 450 4590; x_wconf 87' lang='lat' dir='ltr'>pauper</span> <span class='ocrx_word' id='word_1_432' title='bbox 480 4515 713 4584; x_wconf 83' lang='lat' dir='ltr'>Opibus,</span> <span class='ocrx_word' id='word_1_433' title='bbox 749 4518 855 4572; x_wconf 87' lang='lat' dir='ltr'>sed</span> <span class='ocrx_word' id='word_1_434' title='bbox 886 4521 1079 4574; x_wconf 89' lang='lat' dir='ltr'>tamen</span> <span class='ocrx_word' id='word_1_435' title='bbox 1111 4535 1335 4589; x_wconf 87' lang='lat' dir='ltr'>pauper</span> <span class='ocrx_word' id='word_1_436' title='bbox 1370 4520 1581 4590; x_wconf 90' lang='lat' dir='ltr'>spiritu</span> <span class='ocrx_word' id='word_1_437' title='bbox 1626 4518 1759 4590; x_wconf 81' lang='lat'>(73).</span> <span class='ocrx_word' id='word_1_438' title='bbox 1808 4519 1893 4574; x_wconf 91' lang='lat' dir='ltr'>De</span> 
     </span>
    </p>
   </div>
   <div class='ocr_carea' id='block_1_64' title="bbox 206 4591 1976 4680">
    <p class='ocr_par' dir='ltr' id='par_1_64' title="bbox 206 4591 1976 4680">
     <span class='ocr_line' id='line_1_64' title="bbox 206 4591 1976 4680; baseline 0.002 -20"><span class='ocrx_word' id='word_1_439' title='bbox 206 4605 402 4661; x_wconf 89' lang='lat' dir='ltr'>istius</span> <span class='ocrx_word' id='word_1_440' title='bbox 432 4596 793 4659; x_wconf 85' lang='lat' dir='ltr'>beatitudine</span> <span class='ocrx_word' id='word_1_441' title='bbox 825 4606 1063 4677; x_wconf 73' lang='lat' dir='ltr'>(Matt/1.</span> <span class='ocrx_word' id='word_1_442' title='bbox 1095 4623 1151 4677; x_wconf 90' lang='lat' dir='ltr'>v,</span> <span class='ocrx_word' id='word_1_443' title='bbox 1185 4607 1241 4677; x_wconf 82' lang='lat'>3)</span> <span class='ocrx_word' id='word_1_444' title='bbox 1280 4624 1650 4680; x_wconf 89' lang='lat' dir='ltr'>nequaquam</span> <span class='ocrx_word' id='word_1_445' title='bbox 1690 4608 1892 4680; x_wconf 92' lang='lat' dir='ltr'>utique</span> 
     </span>
    </p>
   </div>
   <div class='ocr_carea' id='block_1_65' title="bbox 206 4691 1889 4767">
    <p class='ocr_par' dir='ltr' id='par_1_65' title="bbox 206 4691 1889 4767">
     <span class='ocr_line' id='line_1_65' title="bbox 206 4691 1889 4767; baseline 0.001 -15"><span class='ocrx_word' id='word_1_446' title='bbox 206 4692 494 4752; x_wconf 88' lang='lat' dir='ltr'>dubitare</span> <span class='ocrx_word' id='word_1_447' title='bbox 524 4691 833 4763; x_wconf 91' lang='lat' dir='ltr'>debemus,</span> <span class='ocrx_word' id='word_1_448' title='bbox 868 4694 966 4766; x_wconf 90' lang='lat' dir='ltr'>qui</span> <span class='ocrx_word' id='word_1_449' title='bbox 1000 4710 1191 4767; x_wconf 89' lang='lat' dir='ltr'>neque</span> <span class='ocrx_word' id='word_1_450' title='bbox 1221 4699 1284 4750; x_wconf 95' lang='lat' dir='ltr'>ut</span> <span class='ocrx_word' id='word_1_451' title='bbox 1314 4697 1589 4767; x_wconf 90' lang='lat' dir='ltr'>opulens,</span> <span class='ocrx_word' id='word_1_452' title='bbox 1631 4697 1889 4753; x_wconf 85' lang='lat' dir='ltr'>exsulta-</span> 
     </span>
    </p>
   </div>
   <div class='ocr_carea' id='block_1_66' title="bbox 292 4871 1890 4943">
    <p class='ocr_par' dir='ltr' id='par_1_66' title="bbox 292 4871 1890 4943">
     <span class='ocr_line' id='line_1_66' title="bbox 292 4871 1890 4943; baseline 0.002 -17"><span class='ocrx_word' id='word_1_453' title='bbox 292 4872 410 4942; x_wconf 75' lang='grc' dir='ltr'>(Ἲὲ)</span> <span class='ocrx_word' id='word_1_454' title='bbox 447 4871 599 4943; x_wconf 87' lang='lat' dir='ltr'>Ideo</span> <span class='ocrx_word' id='word_1_455' title='bbox 610 4872 904 4943; x_wconf 82' lang='lat' dir='ltr'>parentis,</span> <span class='ocrx_word' id='word_1_456' title='bbox 940 4872 999 4926; x_wconf 91' lang='lat' dir='ltr'>id</span> <span class='ocrx_word' id='word_1_457' title='bbox 1030 4875 1142 4943; x_wconf 87' lang='lat' dir='ltr'>est,</span> <span class='ocrx_word' id='word_1_458' title='bbox 1191 4874 1396 4928; x_wconf 87' lang='lat' dir='ltr'>matris</span> <span class='ocrx_word' id='word_1_459' title='bbox 1445 4872 1722 4941; x_wconf 89' lang='lat' dir='ltr'>familias,</span> <span class='ocrx_word' id='word_1_460' title='bbox 1771 4889 1890 4929; x_wconf 91' lang='lat' dir='ltr'>non</span> 
     </span>
    </p>
   </div>
   <div class='ocr_carea' id='block_1_67' title="bbox 208 4942 1887 5015">
    <p class='ocr_par' dir='ltr' id='par_1_67' title="bbox 208 4942 1887 5015">
     <span class='ocr_line' id='line_1_67' title="bbox 208 4942 1887 5015; baseline 0 -16"><span class='ocrx_word' id='word_1_461' title='bbox 208 4948 419 5015; x_wconf 88' lang='lat' dir='ltr'>autem</span> <span class='ocrx_word' id='word_1_462' title='bbox 449 4942 705 5015; x_wconf 85' lang='lat' dir='ltr'>virginis</span> <span class='ocrx_word' id='word_1_463' title='bbox 735 4958 1030 4999; x_wconf 88' lang='lat' dir='ltr'>occursus</span> <span class='ocrx_word' id='word_1_464' title='bbox 1052 4948 1429 5011; x_wconf 89' lang='lat' dir='ltr'>memoratur,</span> <span class='ocrx_word' id='word_1_465' title='bbox 1462 4943 1619 5015; x_wconf 91' lang='lat' dir='ltr'>quod</span> <span class='ocrx_word' id='word_1_466' title='bbox 1639 4944 1733 4998; x_wconf 91' lang='lat' dir='ltr'>his</span> <span class='ocrx_word' id='word_1_467' title='bbox 1750 4960 1887 5000; x_wconf 86' lang='lat' dir='ltr'>raro</span> 
     </span>
    </p>
   </div>
   <div class='ocr_carea' id='block_1_68' title="bbox 210 5014 1887 5086">
    <p class='ocr_par' dir='ltr' id='par_1_68' title="bbox 210 5014 1887 5086">
     <span class='ocr_line' id='line_1_68' title="bbox 210 5014 1887 5086; baseline 0 -17"><span class='ocrx_word' id='word_1_468' title='bbox 210 5030 300 5070; x_wconf 81' lang='lat' dir='ltr'>ex</span> <span class='ocrx_word' id='word_1_469' title='bbox 333 5014 568 5086; x_wconf 62' lang='lat' dir='ltr'>adibus</span> <span class='ocrx_word' id='word_1_470' title='bbox 594 5019 900 5084; x_wconf 89' lang='lat' dir='ltr'>parentum</span> <span class='ocrx_word' id='word_1_471' title='bbox 929 5016 988 5069; x_wconf 92' lang='lat' dir='ltr'>in</span> <span class='ocrx_word' id='word_1_472' title='bbox 1017 5015 1318 5084; x_wconf 87' lang='lat' dir='ltr'>publicum</span> <span class='ocrx_word' id='word_1_473' title='bbox 1347 5014 1605 5086; x_wconf 87' lang='lat' dir='ltr'>prodire,</span> <span class='ocrx_word' id='word_1_474' title='bbox 1637 5031 1747 5071; x_wconf 91' lang='lat' dir='ltr'>nec</span> <span class='ocrx_word' id='word_1_475' title='bbox 1786 5032 1887 5070; x_wconf 92' lang='lat' dir='ltr'>un-</span> 
     </span>
    </p>
   </div>
   <div class='ocr_carea' id='block_1_69' title="bbox 209 5085 1887 5157">
    <p class='ocr_par' dir='ltr' id='par_1_69' title="bbox 209 5085 1887 5157">
     <span class='ocr_line' id='line_1_69' title="bbox 209 5085 1887 5157; baseline 0.002 -18"><span class='ocrx_word' id='word_1_476' title='bbox 209 5101 402 5157; x_wconf 86' lang='lat' dir='ltr'>quam</span> <span class='ocrx_word' id='word_1_477' title='bbox 433 5085 548 5140; x_wconf 90' lang='lat' dir='ltr'>nisi</span> <span class='ocrx_word' id='word_1_478' title='bbox 571 5086 758 5140; x_wconf 89' lang='lat' dir='ltr'>velata</span> <span class='ocrx_word' id='word_1_479' title='bbox 781 5086 952 5154; x_wconf 88' lang='lat' dir='ltr'>facie,</span> <span class='ocrx_word' id='word_1_480' title='bbox 973 5085 1418 5141; x_wconf 89' lang='lat' dir='ltr'>concederetur.</span> <span class='ocrx_word' id='word_1_481' title='bbox 1442 5086 1669 5157; x_wconf 91' lang='lat' dir='ltr'>Quanto</span> <span class='ocrx_word' id='word_1_482' title='bbox 1691 5087 1887 5142; x_wconf 91' lang='lat' dir='ltr'>minus</span> 
     </span>
    </p>
   </div>
   <div class='ocr_carea' id='block_1_70' title="bbox 210 5156 1886 5283">
    <p class='ocr_par' dir='ltr' id='par_1_70' title="bbox 210 5156 1886 5283">
     <span class='ocr_line' id='line_1_70' title="bbox 210 5156 1886 5283; baseline 0 -72"><span class='ocrx_word' id='word_1_483' title='bbox 210 5172 538 5283; x_wconf 58' lang='lat' dir='ltr'>germones</span> <span class='ocrx_word' id='word_1_484' title='bbox 589 5158 649 5211; x_wconf 89' lang='lat' dir='ltr'>in</span> <span class='ocrx_word' id='word_1_485' title='bbox 698 5158 972 5228; x_wconf 90' lang='lat' dir='ltr'>compitis</span> <span class='ocrx_word' id='word_1_486' title='bbox 1017 5162 1255 5213; x_wconf 89' lang='lat' dir='ltr'>nectere</span> <span class='ocrx_word' id='word_1_487' title='bbox 1302 5174 1434 5212; x_wconf 89' lang='lat' dir='ltr'>cum</span> <span class='ocrx_word' id='word_1_488' title='bbox 1489 5156 1886 5213; x_wconf 88' lang='lat' dir='ltr'>adolescenti-</span> 
     </span>
     <span class='ocr_line' id='line_1_71' title="bbox 261 5242 340 5283; baseline 0 0"><span class='ocrx_word' id='word_1_489' title='bbox 261 5242 340 5283; x_wconf 81' lang='lat' dir='ltr'>us</span> 
     </span>
    </p>
   </div>
   <div class='ocr_carea' id='block_1_71' title="bbox 292 5297 1883 5369">
    <p class='ocr_par' dir='ltr' id='par_1_71' title="bbox 292 5297 1883 5369">
     <span class='ocr_line' id='line_1_72' title="bbox 292 5297 1883 5369; baseline 0.003 -18"><span class='ocrx_word' id='word_1_490' title='bbox 292 5297 409 5366; x_wconf 78' lang='lat'>(&#39;73)</span> <span class='ocrx_word' id='word_1_491' title='bbox 450 5320 472 5346; x_wconf 76' lang='grc' dir='ltr'>ι</span> <span class='ocrx_word' id='word_1_492' title='bbox 519 5299 753 5369; x_wconf 86' lang='lat' dir='ltr'>Pauper</span> <span class='ocrx_word' id='word_1_493' title='bbox 794 5299 1043 5369; x_wconf 87' lang='lat' dir='ltr'>spiritu;</span> <span class='ocrx_word' id='word_1_494' title='bbox 1097 5322 1120 5348; x_wconf 76' lang='grc' dir='ltr'><strong><em>ιο</em></strong></span> <span class='ocrx_word' id='word_1_495' title='bbox 1170 5300 1266 5354; x_wconf 84' lang='lat' dir='ltr'>his</span> <span class='ocrx_word' id='word_1_496' title='bbox 1311 5300 1515 5355; x_wconf 91' lang='lat' dir='ltr'>verbis</span> <span class='ocrx_word' id='word_1_497' title='bbox 1564 5300 1798 5355; x_wconf 88' lang='lat' dir='ltr'>additur</span> <span class='ocrx_word' id='word_1_498' title='bbox 1824 5301 1883 5355; x_wconf 90' lang='lat' dir='ltr'>in</span> 
     </span>
    </p>
   </div>
   <div class='ocr_carea' id='block_1_72' title="bbox 204 5369 1885 5442">
    <p class='ocr_par' dir='ltr' id='par_1_72' title="bbox 204 5369 1885 5442">
     <span class='ocr_line' id='line_1_73' title="bbox 204 5369 1885 5442; baseline 0 -17"><span class='ocrx_word' id='word_1_499' title='bbox 204 5373 340 5425; x_wconf 86' lang='lat' dir='ltr'>ant.</span> <span class='ocrx_word' id='word_1_500' title='bbox 373 5369 511 5423; x_wconf 89' lang='lat' dir='ltr'>edit.</span> <span class='ocrx_word' id='word_1_501' title='bbox 542 5385 611 5423; x_wconf 90' lang='lat' dir='ltr'>ac</span> <span class='ocrx_word' id='word_1_502' title='bbox 641 5385 789 5442; x_wconf 86' lang='lat' dir='ltr'>mss.</span> <span class='ocrx_word' id='word_1_503' title='bbox 821 5386 939 5425; x_wconf 91' lang='lat' dir='ltr'>non</span> <span class='ocrx_word' id='word_1_504' title='bbox 968 5372 1196 5440; x_wconf 88' lang='lat' dir='ltr'>paucis,</span> <span class='ocrx_word' id='word_1_505' title='bbox 1253 5391 1276 5421; x_wconf 73' lang='grc' dir='ltr'>ι</span> <span class='ocrx_word' id='word_1_506' title='bbox 1311 5373 1588 5442; x_wconf 90' lang='lat' dir='ltr'>quoniam</span> <span class='ocrx_word' id='word_1_507' title='bbox 1618 5373 1885 5442; x_wconf 90' lang='lat' dir='ltr'>ipsorum</span> 
     </span>
    </p>
   </div>
   <div class='ocr_carea' id='block_1_73' title="bbox 203 5441 1887 5511">
    <p class='ocr_par' dir='ltr' id='par_1_73' title="bbox 203 5441 1887 5511">
     <span class='ocr_line' id='line_1_74' title="bbox 203 5441 1887 5511; baseline 0 -13"><span class='ocrx_word' id='word_1_508' title='bbox 203 5444 313 5498; x_wconf 88' lang='lat' dir='ltr'>est</span> <span class='ocrx_word' id='word_1_509' title='bbox 343 5455 595 5511; x_wconf 87' lang='lat' dir='ltr'>regnum</span> <span class='ocrx_word' id='word_1_510' title='bbox 629 5441 946 5505; x_wconf 82' lang='lat' dir='ltr'>caelorum;</span> <span class='ocrx_word' id='word_1_511' title='bbox 982 5467 1003 5489; x_wconf 76' lang='grc' dir='ltr'>»ι</span> <span class='ocrx_word' id='word_1_512' title='bbox 1040 5443 1148 5497; x_wconf 91' lang='lat' dir='ltr'>sed</span> <span class='ocrx_word' id='word_1_513' title='bbox 1179 5442 1273 5495; x_wconf 90' lang='lat' dir='ltr'>illa</span> <span class='ocrx_word' id='word_1_514' title='bbox 1308 5441 1365 5495; x_wconf 79' lang='lat' dir='ltr'>in</span> <span class='ocrx_word' id='word_1_515' title='bbox 1399 5444 1566 5498; x_wconf 85' lang='lat' dir='ltr'>Rom.</span> <span class='ocrx_word' id='word_1_516' title='bbox 1605 5441 1745 5498; x_wconf 89' lang='lat' dir='ltr'>edit.</span> <span class='ocrx_word' id='word_1_517' title='bbox 1789 5459 1887 5498; x_wconf 91' lang='lat' dir='ltr'>re-</span> 
     </span>
    </p>
   </div>
   <div class='ocr_carea' id='block_1_74' title="bbox 204 5513 1887 5577">
    <p class='ocr_par' dir='ltr' id='par_1_74' title="bbox 204 5513 1887 5577">
     <span class='ocr_line' id='line_1_75' title="bbox 204 5513 1887 5577; baseline 0 -10"><span class='ocrx_word' id='word_1_518' title='bbox 204 5514 425 5567; x_wconf 78' lang='lat' dir='ltr'>secuta</span> <span class='ocrx_word' id='word_1_519' title='bbox 453 5516 610 5577; x_wconf 90' lang='lat' dir='ltr'>sunt,</span> <span class='ocrx_word' id='word_1_520' title='bbox 645 5515 703 5565; x_wconf 90' lang='lat' dir='ltr'>et</span> <span class='ocrx_word' id='word_1_521' title='bbox 733 5513 792 5565; x_wconf 90' lang='lat' dir='ltr'>in</span> <span class='ocrx_word' id='word_1_522' title='bbox 824 5513 1024 5568; x_wconf 85' lang='lat' dir='ltr'>multis</span> <span class='ocrx_word' id='word_1_523' title='bbox 1057 5515 1231 5567; x_wconf 89' lang='lat' dir='ltr'>etiam</span> <span class='ocrx_word' id='word_1_524' title='bbox 1261 5529 1411 5567; x_wconf 91' lang='lat' dir='ltr'>mss.</span> <span class='ocrx_word' id='word_1_525' title='bbox 1454 5513 1887 5569; x_wconf 88' lang='lat' dir='ltr'>desiderantur.</span> 
     </span>
    </p>
   </div>
   <div class='ocr_carea' id='block_1_75' title="bbox 210 5583 1894 5654">
    <p class='ocr_par' dir='ltr' id='par_1_75' title="bbox 210 5583 1894 5654">
     <span class='ocr_line' id='line_1_76' title="bbox 210 5583 1894 5654; baseline 0.001 -19"><span class='ocrx_word' id='word_1_526' title='bbox 210 5583 471 5654; x_wconf 81' lang='lat' dir='ltr'>Et_sane</span> <span class='ocrx_word' id='word_1_527' title='bbox 501 5584 971 5654; x_wconf 79' lang='lat' dir='ltr'>assutamentum</span> <span class='ocrx_word' id='word_1_528' title='bbox 1005 5584 1316 5653; x_wconf 85' lang='lat' dir='ltr'>scriptoris</span> <span class='ocrx_word' id='word_1_529' title='bbox 1359 5583 1671 5654; x_wconf 79' lang='lat' dir='ltr'>cujusdam</span> <span class='ocrx_word' id='word_1_530' title='bbox 1721 5585 1894 5638; x_wconf 91' lang='lat' dir='ltr'>nobis</span> 
     </span>
    </p>
   </div>
   <div class='ocr_carea' id='block_1_76' title="bbox 204 5652 1899 5726">
    <p class='ocr_par' dir='ltr' id='par_1_76' title="bbox 204 5652 1899 5726">
     <span class='ocr_line' id='line_1_77' title="bbox 204 5652 1899 5726; baseline 0.004 -21"><span class='ocrx_word' id='word_1_531' title='bbox 204 5652 494 5726; x_wconf 84' lang='lat' dir='ltr'>videtur,_</span> <span class='ocrx_word' id='word_1_532' title='bbox 505 5653 667 5726; x_wconf 81' lang='lat' dir='ltr'>quod</span> <span class='ocrx_word' id='word_1_533' title='bbox 700 5668 819 5726; x_wconf 86' lang='lat' dir='ltr'>non</span> <span class='ocrx_word' id='word_1_534' title='bbox 847 5658 977 5726; x_wconf 85' lang='lat' dir='ltr'>apte</span> <span class='ocrx_word' id='word_1_535' title='bbox 1009 5652 1143 5711; x_wconf 85' lang='lat' dir='ltr'>cum</span> <span class='ocrx_word' id='word_1_536' title='bbox 1176 5652 1661 5715; x_wconf 77' lang='lat' dir='ltr'>antecedentibus</span> <span class='ocrx_word' id='word_1_537' title='bbox 1693 5661 1899 5711; x_wconf 87' lang='lat' dir='ltr'>etcon-</span> 
     </span>
    </p>
   </div>
   <div class='ocr_carea' id='block_1_77' title="bbox 209 5723 931 5796">
    <p class='ocr_par' dir='ltr' id='par_1_77' title="bbox 209 5723 931 5796">
     <span class='ocr_line' id='line_1_78' title="bbox 209 5723 931 5796; baseline 0.003 -15"><span class='ocrx_word' id='word_1_538' title='bbox 209 5723 619 5796; x_wconf 86' lang='lat' dir='ltr'>sequentibus</span> <span class='ocrx_word' id='word_1_539' title='bbox 653 5723 931 5785; x_wconf 79' lang='lat' dir='ltr'>cohaeret.</span> 
     </span>
    </p>
   </div>
   <div class='ocr_carea' id='block_1_78' title="bbox 2017 1937 3681 2011">
    <p class='ocr_par' dir='ltr' id='par_1_78' title="bbox 2017 1937 3681 2011">
     <span class='ocr_line' id='line_1_79' title="bbox 2017 1937 3681 2011; baseline -0.001 -14"><span class='ocrx_word' id='word_1_540' title='bbox 2017 1942 2175 1997; x_wconf 90' lang='lat' dir='ltr'>dinis</span> <span class='ocrx_word' id='word_1_541' title='bbox 2189 1940 2477 1996; x_wconf 89' lang='lat' dir='ltr'>arbitrum</span> <span class='ocrx_word' id='word_1_542' title='bbox 2492 1943 2859 1995; x_wconf 91' lang='lat' dir='ltr'>constantem</span> <span class='ocrx_word' id='word_1_543' title='bbox 2873 1937 3192 2011; x_wconf 83' lang='lat' dir='ltr'>aequijuris</span> <span class='ocrx_word' id='word_1_544' title='bbox 3205 1938 3681 2010; x_wconf 88' lang='lat' dir='ltr'>disceptatorem.</span> 
     </span>
    </p>
   </div>
   <div class='ocr_carea' id='block_1_79' title="bbox 2084 2027 3668 2099">
    <p class='ocr_par' dir='ltr' id='par_1_79' title="bbox 2084 2027 3668 2099">
     <span class='ocr_line' id='line_1_80' title="bbox 2084 2027 3668 2099; baseline -0.002 -13"><span class='ocrx_word' id='word_1_545' title='bbox 2084 2030 2173 2086; x_wconf 72' lang='lat'>59.</span> <span class='ocrx_word' id='word_1_546' title='bbox 2208 2030 2368 2085; x_wconf 85' lang='lat' dir='ltr'>Inter</span> <span class='ocrx_word' id='word_1_547' title='bbox 2397 2029 2615 2083; x_wconf 91' lang='lat' dir='ltr'>fratres</span> <span class='ocrx_word' id='word_1_548' title='bbox 2648 2032 2842 2083; x_wconf 90' lang='lat' dir='ltr'>autem</span> <span class='ocrx_word' id='word_1_549' title='bbox 2865 2027 3059 2099; x_wconf 93' lang='lat' dir='ltr'>qualis</span> <span class='ocrx_word' id='word_1_550' title='bbox 3082 2028 3276 2096; x_wconf 87' lang='lat' dir='ltr'>fuerit,</span> <span class='ocrx_word' id='word_1_551' title='bbox 3310 2027 3447 2083; x_wconf 88' lang='lat' dir='ltr'>licet</span> <span class='ocrx_word' id='word_1_552' title='bbox 3482 2030 3515 2091; x_wconf 87' lang='lat'><strong>1</strong></span> <span class='ocrx_word' id='word_1_553' title='bbox 3535 2029 3668 2092; x_wconf 79' lang='lat'>131</span> 
     </span>
    </p>
   </div>
   <div class='ocr_carea' id='block_1_80' title="bbox 2013 2115 3685 2188">
    <p class='ocr_par' dir='ltr' id='par_1_80' title="bbox 2013 2115 3685 2188">
     <span class='ocr_line' id='line_1_81' title="bbox 2013 2115 3685 2188; baseline -0.003 -12"><span class='ocrx_word' id='word_1_554' title='bbox 2013 2135 2186 2176; x_wconf 90' lang='lat' dir='ltr'>omne</span> <span class='ocrx_word' id='word_1_555' title='bbox 2218 2118 2520 2174; x_wconf 89' lang='lat' dir='ltr'>hominum</span> <span class='ocrx_word' id='word_1_556' title='bbox 2566 2132 2759 2188; x_wconf 90' lang='lat' dir='ltr'>genus</span> <span class='ocrx_word' id='word_1_557' title='bbox 2799 2115 3207 2170; x_wconf 90' lang='lat' dir='ltr'>benevolentia</span> <span class='ocrx_word' id='word_1_558' title='bbox 3256 2116 3685 2187; x_wconf 87' lang='lat' dir='ltr'>complectere-</span> 
     </span>
    </p>
   </div>
   <div class='ocr_carea' id='block_1_81' title="bbox 2009 2203 3683 2278">
    <p class='ocr_par' dir='ltr' id='par_1_81' title="bbox 2009 2203 3683 2278">
     <span class='ocr_line' id='line_1_82' title="bbox 2009 2203 3683 2278; baseline -0.003 -14"><span class='ocrx_word' id='word_1_559' title='bbox 2009 2214 2130 2278; x_wconf 88' lang='lat' dir='ltr'>tur,</span> <span class='ocrx_word' id='word_1_560' title='bbox 2161 2208 2483 2264; x_wconf 78' lang='lat' dir='ltr'>lndivisum</span> <span class='ocrx_word' id='word_1_561' title='bbox 2517 2205 2932 2277; x_wconf 89' lang='lat' dir='ltr'>patrimonium</span> <span class='ocrx_word' id='word_1_562' title='bbox 2964 2203 3136 2259; x_wconf 92' lang='lat' dir='ltr'>docet</span> <span class='ocrx_word' id='word_1_563' title='bbox 3169 2220 3180 2257; x_wconf 88' lang='lat'><strong>:</strong></span> <span class='ocrx_word' id='word_1_564' title='bbox 3215 2220 3324 2259; x_wconf 91' lang='lat' dir='ltr'>nec</span> <span class='ocrx_word' id='word_1_565' title='bbox 3368 2204 3683 2260; x_wconf 89' lang='lat' dir='ltr'>distributa</span> 
     </span>
    </p>
   </div>
   <div class='ocr_carea' id='block_1_82' title="bbox 2009 2292 3680 2365">
    <p class='ocr_par' dir='ltr' id='par_1_82' title="bbox 2009 2292 3680 2365">
     <span class='ocr_line' id='line_1_83' title="bbox 2009 2292 3680 2365; baseline -0.004 -12"><span class='ocrx_word' id='word_1_566' title='bbox 2009 2302 2109 2353; x_wconf 89' lang='lat' dir='ltr'>aut</span> <span class='ocrx_word' id='word_1_567' title='bbox 2139 2296 2399 2351; x_wconf 89' lang='lat' dir='ltr'>delibata</span> <span class='ocrx_word' id='word_1_568' title='bbox 2431 2294 2568 2365; x_wconf 84' lang='lat'>(&#39;76),</span> <span class='ocrx_word' id='word_1_569' title='bbox 2601 2293 2708 2348; x_wconf 90' lang='lat' dir='ltr'>sed</span> <span class='ocrx_word' id='word_1_570' title='bbox 2737 2296 3045 2347; x_wconf 88' lang='lat' dir='ltr'>reservata</span> <span class='ocrx_word' id='word_1_571' title='bbox 3076 2292 3413 2349; x_wconf 85' lang='lat' dir='ltr'>haereditas.</span> <span class='ocrx_word' id='word_1_572' title='bbox 3449 2293 3680 2348; x_wconf 90' lang='lat' dir='ltr'>Etenim</span> 
     </span>
    </p>
   </div>
   <div class='ocr_carea' id='block_1_83' title="bbox 2008 2381 3680 2458">
    <p class='ocr_par' dir='ltr' id='par_1_83' title="bbox 2008 2381 3680 2458">
     <span class='ocr_line' id='line_1_84' title="bbox 2008 2381 3680 2458; baseline -0.002 -17"><span class='ocrx_word' id='word_1_573' title='bbox 2008 2388 2285 2458; x_wconf 90' lang='lat' dir='ltr'>pietatem</span> <span class='ocrx_word' id='word_1_574' title='bbox 2319 2383 2435 2438; x_wconf 91' lang='lat' dir='ltr'>sibi</span> <span class='ocrx_word' id='word_1_575' title='bbox 2468 2397 2711 2438; x_wconf 89' lang='lat' dir='ltr'>causam</span> <span class='ocrx_word' id='word_1_576' title='bbox 2742 2396 2880 2437; x_wconf 90' lang='lat' dir='ltr'>esse</span> <span class='ocrx_word' id='word_1_577' title='bbox 2922 2381 3161 2453; x_wconf 81' lang='lat' dir='ltr'>negavit</span> <span class='ocrx_word' id='word_1_578' title='bbox 3203 2381 3478 2437; x_wconf 89' lang='lat' dir='ltr'>testandi.</span> <span class='ocrx_word' id='word_1_579' title='bbox 3531 2383 3680 2437; x_wconf 87' lang='lat' dir='ltr'>Nam</span> 
     </span>
    </p>
   </div>
   <div class='ocr_carea' id='block_1_84' title="bbox 2010 2469 3678 2546">
    <p class='ocr_par' dir='ltr' id='par_1_84' title="bbox 2010 2469 3678 2546">
     <span class='ocr_line' id='line_1_85' title="bbox 2010 2469 3678 2546; baseline -0.002 -16"><span class='ocrx_word' id='word_1_580' title='bbox 2010 2476 2125 2531; x_wconf 88' lang='lat' dir='ltr'>hoc</span> <span class='ocrx_word' id='word_1_581' title='bbox 2175 2488 2411 2546; x_wconf 89' lang='lat' dir='ltr'>quoque</span> <span class='ocrx_word' id='word_1_582' title='bbox 2459 2471 2662 2527; x_wconf 89' lang='lat' dir='ltr'>ultimo</span> <span class='ocrx_word' id='word_1_583' title='bbox 2706 2484 2981 2524; x_wconf 90' lang='lat' dir='ltr'>sermone</span> <span class='ocrx_word' id='word_1_584' title='bbox 3027 2469 3306 2542; x_wconf 85' lang='lat' dir='ltr'>signavit,</span> <span class='ocrx_word' id='word_1_585' title='bbox 3360 2486 3494 2525; x_wconf 89' lang='lat' dir='ltr'>cum</span> <span class='ocrx_word' id='word_1_586' title='bbox 3524 2486 3678 2542; x_wconf 89' lang='lat' dir='ltr'>quos</span> 
     </span>
    </p>
   </div>
   <div class='ocr_carea' id='block_1_85' title="bbox 2016 2558 3682 2631">
    <p class='ocr_par' dir='ltr' id='par_1_85' title="bbox 2016 2558 3682 2631">
     <span class='ocr_line' id='line_1_86' title="bbox 2016 2558 3682 2631; baseline -0.002 -12"><span class='ocrx_word' id='word_1_587' title='bbox 2016 2564 2321 2631; x_wconf 83' lang='lat' dir='ltr'>dilexerat,</span> <span class='ocrx_word' id='word_1_588' title='bbox 2358 2560 2817 2626; x_wconf 90' lang='lat' dir='ltr'>commendaret,</span> <span class='ocrx_word' id='word_1_589' title='bbox 2852 2558 2966 2613; x_wconf 89' lang='lat' dir='ltr'>sibi</span> <span class='ocrx_word' id='word_1_590' title='bbox 2996 2573 3105 2613; x_wconf 90' lang='lat' dir='ltr'>nec</span> <span class='ocrx_word' id='word_1_591' title='bbox 3137 2560 3342 2615; x_wconf 80' lang='lat' dir='ltr'>uxoris</span> <span class='ocrx_word' id='word_1_592' title='bbox 3372 2559 3682 2615; x_wconf 89' lang='lat' dir='ltr'>arbitrium</span> 
     </span>
    </p>
   </div>
   <div class='ocr_carea' id='block_1_86' title="bbox 2019 2632 3680 2719">
    <p class='ocr_par' dir='ltr' id='par_1_86' title="bbox 2019 2632 3680 2719">
     <span class='ocr_line' id='line_1_87' title="bbox 2019 2632 3680 2719; baseline -0.002 -11"><span class='ocrx_word' id='word_1_593' title='bbox 2019 2652 2210 2708; x_wconf 86' lang='lat' dir='ltr'>fuisse</span> <span class='ocrx_word' id='word_1_594' title='bbox 2242 2632 2553 2719; x_wconf 65' lang='lat' dir='ltr'>ducendae,</span> <span class='ocrx_word' id='word_1_595' title='bbox 2595 2663 2668 2704; x_wconf 91' lang='lat' dir='ltr'>ne</span> <span class='ocrx_word' id='word_1_596' title='bbox 2711 2662 2741 2700; x_wconf 85' lang='lat' dir='ltr'>a</span> <span class='ocrx_word' id='word_1_597' title='bbox 2789 2646 3071 2703; x_wconf 87' lang='lat' dir='ltr'>fratribus</span> <span class='ocrx_word' id='word_1_598' title='bbox 3113 2647 3535 2705; x_wconf 89' lang='lat' dir='ltr'>divelleretur:</span> <span class='ocrx_word' id='word_1_599' title='bbox 3569 2665 3680 2704; x_wconf 90' lang='lat' dir='ltr'>nec</span> 
     </span>
    </p>
   </div>
   <div class='ocr_carea' id='block_1_87' title="bbox 2013 2736 3684 2803">
    <p class='ocr_par' dir='ltr' id='par_1_87' title="bbox 2013 2736 3684 2803">
     <span class='ocr_line' id='line_1_88' title="bbox 2013 2736 3684 2803; baseline -0.003 -6"><span class='ocrx_word' id='word_1_600' title='bbox 2013 2739 2354 2797; x_wconf 86' lang='lat' dir='ltr'>testamenti</span> <span class='ocrx_word' id='word_1_601' title='bbox 2387 2737 2640 2794; x_wconf 87' lang='lat' dir='ltr'>faciendi</span> <span class='ocrx_word' id='word_1_602' title='bbox 2669 2736 3049 2803; x_wconf 84' lang='lat' dir='ltr'>voluntatem,</span> <span class='ocrx_word' id='word_1_603' title='bbox 3082 2751 3156 2791; x_wconf 91' lang='lat' dir='ltr'>ne</span> <span class='ocrx_word' id='word_1_604' title='bbox 3185 2740 3457 2793; x_wconf 89' lang='lat' dir='ltr'>nostrum</span> <span class='ocrx_word' id='word_1_605' title='bbox 3489 2737 3547 2792; x_wconf 93' lang='lat' dir='ltr'>in</span> <span class='ocrx_word' id='word_1_606' title='bbox 3578 2738 3684 2792; x_wconf 89' lang='lat' dir='ltr'>ali-</span> 
     </span>
    </p>
   </div>
   <div class='ocr_carea' id='block_1_88' title="bbox 2013 2825 3681 2903">
    <p class='ocr_par' dir='ltr' id='par_1_88' title="bbox 2013 2825 3681 2903">
     <span class='ocr_line' id='line_1_89' title="bbox 2013 2825 3681 2903; baseline -0.002 -17"><span class='ocrx_word' id='word_1_607' title='bbox 2013 2846 2130 2903; x_wconf 91' lang='lat' dir='ltr'>quo</span> <span class='ocrx_word' id='word_1_608' title='bbox 2163 2828 2471 2884; x_wconf 87' lang='lat' dir='ltr'>arbitrium</span> <span class='ocrx_word' id='word_1_609' title='bbox 2503 2827 2836 2883; x_wconf 71' lang='lat' dir='ltr'>lmderetur.</span> <span class='ocrx_word' id='word_1_610' title='bbox 2870 2825 3133 2897; x_wconf 90' lang='lat' dir='ltr'>Denique</span> <span class='ocrx_word' id='word_1_611' title='bbox 3166 2829 3222 2881; x_wconf 92' lang='lat' dir='ltr'>et</span> <span class='ocrx_word' id='word_1_612' title='bbox 3252 2830 3454 2881; x_wconf 90' lang='lat' dir='ltr'>oratus</span> <span class='ocrx_word' id='word_1_613' title='bbox 3487 2829 3543 2882; x_wconf 89' lang='lat' dir='ltr'>et</span> <span class='ocrx_word' id='word_1_614' title='bbox 3573 2829 3681 2882; x_wconf 88' lang='lat' dir='ltr'>ob-</span> 
     </span>
    </p>
   </div>
   <div class='ocr_carea' id='block_1_89' title="bbox 2014 2914 3672 2986">
    <p class='ocr_par' dir='ltr' id='par_1_89' title="bbox 2014 2914 3672 2986">
     <span class='ocr_line' id='line_1_90' title="bbox 2014 2914 3672 2986; baseline -0.002 -10"><span class='ocrx_word' id='word_1_615' title='bbox 2014 2922 2285 2976; x_wconf 89' lang='lat' dir='ltr'>secratus</span> <span class='ocrx_word' id='word_1_616' title='bbox 2316 2931 2349 2971; x_wconf 89' lang='lat' dir='ltr'>a</span> <span class='ocrx_word' id='word_1_617' title='bbox 2378 2916 2572 2985; x_wconf 89' lang='lat' dir='ltr'>nobis,</span> <span class='ocrx_word' id='word_1_618' title='bbox 2605 2915 2748 2970; x_wconf 90' lang='lat' dir='ltr'>nihil</span> <span class='ocrx_word' id='word_1_619' title='bbox 2779 2917 2973 2969; x_wconf 89' lang='lat' dir='ltr'>tamen</span> <span class='ocrx_word' id='word_1_620' title='bbox 3006 2914 3360 2970; x_wconf 89' lang='lat' dir='ltr'>contendum</span> <span class='ocrx_word' id='word_1_621' title='bbox 3398 2916 3624 2986; x_wconf 88' lang='lat' dir='ltr'>putavit</span> <span class='ocrx_word' id='word_1_622' title='bbox 3661 2933 3672 2972; x_wconf 92' lang='lat'>:</span> 
     </span>
    </p>
   </div>
   <div class='ocr_carea' id='block_1_90' title="bbox 2010 3004 3682 3075">
    <p class='ocr_par' dir='ltr' id='par_1_90' title="bbox 2010 3004 3682 3075">
     <span class='ocr_line' id='line_1_91' title="bbox 2010 3004 3682 3075; baseline -0.002 -11"><span class='ocrx_word' id='word_1_623' title='bbox 2010 3023 2127 3065; x_wconf 90' lang='lat' dir='ltr'>non</span> <span class='ocrx_word' id='word_1_624' title='bbox 2179 3007 2400 3063; x_wconf 91' lang='lat' dir='ltr'>oblitus</span> <span class='ocrx_word' id='word_1_625' title='bbox 2443 3010 2636 3060; x_wconf 90' lang='lat' dir='ltr'>tamen</span> <span class='ocrx_word' id='word_1_626' title='bbox 2683 3020 3026 3075; x_wconf 89' lang='lat' dir='ltr'>pauperum,</span> <span class='ocrx_word' id='word_1_627' title='bbox 3078 3004 3184 3058; x_wconf 88' lang='lat' dir='ltr'>sed</span> <span class='ocrx_word' id='word_1_628' title='bbox 3234 3007 3457 3059; x_wconf 90' lang='lat' dir='ltr'>tantum</span> <span class='ocrx_word' id='word_1_629' title='bbox 3503 3006 3682 3061; x_wconf 89' lang='lat' dir='ltr'>obse-</span> 
     </span>
    </p>
   </div>
   <div class='ocr_carea' id='block_1_91' title="bbox 2011 3091 3680 3165">
    <p class='ocr_par' dir='ltr' id='par_1_91' title="bbox 2011 3091 3680 3165">
     <span class='ocr_line' id='line_1_92' title="bbox 2011 3091 3680 3165; baseline -0.002 -13"><span class='ocrx_word' id='word_1_630' title='bbox 2011 3113 2187 3153; x_wconf 88' lang='lat' dir='ltr'>crans</span> <span class='ocrx_word' id='word_1_631' title='bbox 2221 3110 2359 3151; x_wconf 89' lang='lat' dir='ltr'>esse</span> <span class='ocrx_word' id='word_1_632' title='bbox 2391 3093 2787 3161; x_wconf 86' lang='lat' dir='ltr'>tribuendum,</span> <span class='ocrx_word' id='word_1_633' title='bbox 2821 3096 3103 3165; x_wconf 87' lang='lat' dir='ltr'>quantum</span> <span class='ocrx_word' id='word_1_634' title='bbox 3131 3092 3304 3147; x_wconf 89' lang='lat' dir='ltr'>nobis</span> <span class='ocrx_word' id='word_1_635' title='bbox 3332 3091 3565 3164; x_wconf 88' lang='lat' dir='ltr'>justum</span> <span class='ocrx_word' id='word_1_636' title='bbox 3598 3095 3680 3149; x_wconf 85' lang='lat' dir='ltr'>vi-</span> 
     </span>
    </p>
   </div>
   <div class='ocr_carea' id='block_1_92' title="bbox 2013 3188 2276 3242">
    <p class='ocr_par' dir='ltr' id='par_1_92' title="bbox 2013 3188 2276 3242">
     <span class='ocr_line' id='line_1_93' title="bbox 2013 3188 2276 3242; baseline -0.004 0"><span class='ocrx_word' id='word_1_637' title='bbox 2013 3188 2276 3242; x_wconf 89' lang='lat' dir='ltr'>deretur.</span> 
     </span>
    </p>
   </div>
   <div class='ocr_carea' id='block_1_93' title="bbox 1932 3234 3674 3343">
    <p class='ocr_par' dir='ltr' id='par_1_93' title="bbox 1932 3234 3674 3343">
     <span class='ocr_line' id='line_1_94' title="bbox 1932 3234 3674 3343; baseline -0.003 -11"><span class='ocrx_word' id='word_1_638' title='bbox 1932 3234 1984 3297; x_wconf 70' lang='grc' dir='ltr'>Ο</span> <span class='ocrx_word' id='word_1_639' title='bbox 2079 3275 2168 3332; x_wconf 90' lang='grc'>60.</span> <span class='ocrx_word' id='word_1_640' title='bbox 2210 3272 2336 3341; x_wconf 89' lang='lat' dir='ltr'>Quo</span> <span class='ocrx_word' id='word_1_641' title='bbox 2364 3288 2485 3330; x_wconf 85' lang='lat' dir='ltr'>uno</span> <span class='ocrx_word' id='word_1_642' title='bbox 2517 3273 2665 3329; x_wconf 89' lang='lat' dir='ltr'>satis</span> <span class='ocrx_word' id='word_1_643' title='bbox 2695 3276 2752 3327; x_wconf 92' lang='lat' dir='ltr'>et</span> <span class='ocrx_word' id='word_1_644' title='bbox 2782 3271 2968 3326; x_wconf 85' lang='lat' dir='ltr'>divini</span> <span class='ocrx_word' id='word_1_645' title='bbox 2996 3270 3226 3327; x_wconf 90' lang='lat' dir='ltr'>timoris</span> <span class='ocrx_word' id='word_1_646' title='bbox 3260 3273 3559 3343; x_wconf 87' lang='lat' dir='ltr'>expressit</span> <span class='ocrx_word' id='word_1_647' title='bbox 3591 3272 3674 3327; x_wconf 90' lang='lat' dir='ltr'>iu-</span> 
     </span>
    </p>
   </div>
   <div class='ocr_carea' id='block_1_94' title="bbox 2008 3360 3675 3433">
    <p class='ocr_par' dir='ltr' id='par_1_94' title="bbox 2008 3360 3675 3433">
     <span class='ocr_line' id='line_1_95' title="bbox 2008 3360 3675 3433; baseline -0.002 -13"><span class='ocrx_word' id='word_1_648' title='bbox 2008 3366 2249 3433; x_wconf 92' lang='lat' dir='ltr'>dicium,</span> <span class='ocrx_word' id='word_1_649' title='bbox 2295 3368 2352 3419; x_wconf 92' lang='lat' dir='ltr'>et</span> <span class='ocrx_word' id='word_1_650' title='bbox 2396 3363 2670 3418; x_wconf 85' lang='lat' dir='ltr'>humanae</span> <span class='ocrx_word' id='word_1_651' title='bbox 2713 3360 2893 3416; x_wconf 90' lang='lat' dir='ltr'>edidit</span> <span class='ocrx_word' id='word_1_652' title='bbox 2950 3360 3261 3433; x_wconf 83' lang='lat' dir='ltr'>religionis</span> <span class='ocrx_word' id='word_1_653' title='bbox 3319 3360 3675 3432; x_wconf 80' lang='lat' dir='ltr'>exemplum.</span> 
     </span>
    </p>
   </div>
   <div class='ocr_carea' id='block_1_95' title="bbox 2008 3449 3680 3525">
    <p class='ocr_par' dir='ltr' id='par_1_95' title="bbox 2008 3449 3680 3525">
     <span class='ocr_line' id='line_1_96' title="bbox 2008 3449 3680 3525; baseline -0.003 -15"><span class='ocrx_word' id='word_1_654' title='bbox 2008 3455 2157 3511; x_wconf 89' lang='lat' dir='ltr'>Nam</span> <span class='ocrx_word' id='word_1_655' title='bbox 2189 3453 2345 3525; x_wconf 91' lang='lat' dir='ltr'>quod</span> <span class='ocrx_word' id='word_1_656' title='bbox 2376 3451 2737 3524; x_wconf 87' lang='lat' dir='ltr'>pauperibus</span> <span class='ocrx_word' id='word_1_657' title='bbox 2766 3450 3031 3519; x_wconf 90' lang='lat' dir='ltr'>contulit,</span> <span class='ocrx_word' id='word_1_658' title='bbox 3082 3449 3203 3505; x_wconf 91' lang='lat' dir='ltr'>Deo</span> <span class='ocrx_word' id='word_1_659' title='bbox 3251 3450 3490 3519; x_wconf 88' lang='lat' dir='ltr'>detulit;</span> <span class='ocrx_word' id='word_1_660' title='bbox 3539 3466 3680 3523; x_wconf 85' lang='lat' dir='ltr'>quo-</span> 
     </span>
    </p>
   </div>
   <div class='ocr_carea' id='block_1_96' title="bbox 2008 3538 3669 3615">
    <p class='ocr_par' dir='ltr' id='par_1_96' title="bbox 2008 3538 3669 3615">
     <span class='ocr_line' id='line_1_97' title="bbox 2008 3538 3669 3615; baseline -0.002 -17"><span class='ocrx_word' id='word_1_661' title='bbox 2008 3544 2164 3599; x_wconf 91' lang='lat' dir='ltr'>niam</span> <span class='ocrx_word' id='word_1_662' title='bbox 2211 3565 2232 3590; x_wconf 88' lang='lat'><strong>«</strong></span> <span class='ocrx_word' id='word_1_663' title='bbox 2279 3541 2379 3615; x_wconf 91' lang='lat' dir='ltr'>qui</span> <span class='ocrx_word' id='word_1_664' title='bbox 2427 3540 2677 3613; x_wconf 89' lang='lat' dir='ltr'>largitur</span> <span class='ocrx_word' id='word_1_665' title='bbox 2717 3540 2986 3611; x_wconf 88' lang='lat' dir='ltr'>pauperi,</span> <span class='ocrx_word' id='word_1_666' title='bbox 3031 3539 3153 3594; x_wconf 91' lang='lat' dir='ltr'>Deo</span> <span class='ocrx_word' id='word_1_667' title='bbox 3200 3538 3427 3595; x_wconf 88' lang='lat' dir='ltr'>fenerat</span> <span class='ocrx_word' id='word_1_668' title='bbox 3460 3539 3669 3611; x_wconf 85' lang='lat' dir='ltr'>(Prov.</span> 
     </span>
    </p>
   </div>
   <div class='ocr_carea' id='block_1_97' title="bbox 2007 3626 3659 3703">
    <p class='ocr_par' dir='ltr' id='par_1_97' title="bbox 2007 3626 3659 3703">
     <span class='ocr_line' id='line_1_98' title="bbox 2007 3626 3659 3703; baseline -0.001 -15"><span class='ocrx_word' id='word_1_669' title='bbox 2007 3651 2131 3703; x_wconf 77' lang='lat' dir='ltr'>xix,</span> <span class='ocrx_word' id='word_1_670' title='bbox 2166 3632 2299 3701; x_wconf 71' lang='lat'>1‘7):</span> <span class='ocrx_word' id='word_1_671' title='bbox 2337 3651 2359 3680; x_wconf 77' lang='grc' dir='ltr'><strong><em>ι</em></strong></span> <span class='ocrx_word' id='word_1_672' title='bbox 2406 3634 2463 3684; x_wconf 89' lang='lat' dir='ltr'>et</span> <span class='ocrx_word' id='word_1_673' title='bbox 2508 3629 2859 3701; x_wconf 90' lang='lat' dir='ltr'>postulando</span> <span class='ocrx_word' id='word_1_674' title='bbox 2907 3628 3065 3700; x_wconf 92' lang='lat' dir='ltr'>quod</span> <span class='ocrx_word' id='word_1_675' title='bbox 3104 3626 3334 3698; x_wconf 86' lang='lat' dir='ltr'>justum</span> <span class='ocrx_word' id='word_1_676' title='bbox 3378 3633 3490 3697; x_wconf 88' lang='lat' dir='ltr'>est,</span> <span class='ocrx_word' id='word_1_677' title='bbox 3542 3646 3659 3687; x_wconf 90' lang='lat' dir='ltr'>non</span> 
     </span>
    </p>
   </div>
   <div class='ocr_carea' id='block_1_98' title="bbox 2008 3716 3674 3793">
    <p class='ocr_par' dir='ltr' id='par_1_98' title="bbox 2008 3716 3674 3793">
     <span class='ocr_line' id='line_1_99' title="bbox 2008 3716 3674 3793; baseline -0.001 -16"><span class='ocrx_word' id='word_1_678' title='bbox 2008 3721 2304 3793; x_wconf 82' lang='lat' dir='ltr'>exiguum,</span> <span class='ocrx_word' id='word_1_679' title='bbox 2336 3718 2445 3773; x_wconf 90' lang='lat' dir='ltr'>sed</span> <span class='ocrx_word' id='word_1_680' title='bbox 2472 3720 2656 3773; x_wconf 90' lang='lat' dir='ltr'>totum</span> <span class='ocrx_word' id='word_1_681' title='bbox 2685 3716 2941 3789; x_wconf 88' lang='lat' dir='ltr'>reliquit.</span> <span class='ocrx_word' id='word_1_682' title='bbox 2978 3716 3121 3772; x_wconf 47' lang='lat' dir='ltr'>H&#39;ec</span> <span class='ocrx_word' id='word_1_683' title='bbox 3154 3717 3309 3771; x_wconf 91' lang='lat' dir='ltr'>enim</span> <span class='ocrx_word' id='word_1_684' title='bbox 3332 3722 3674 3775; x_wconf 88' lang='lat' dir='ltr'>estsumma</span> 
     </span>
    </p>
   </div>
   <div class='ocr_carea' id='block_1_99' title="bbox 2005 3805 3670 3882">
    <p class='ocr_par' dir='ltr' id='par_1_99' title="bbox 2005 3805 3670 3882">
     <span class='ocr_line' id='line_1_100' title="bbox 2005 3805 3670 3882; baseline 0 -17"><span class='ocrx_word' id='word_1_685' title='bbox 2005 3809 2276 3882; x_wconf 72' lang='lat' dir='ltr'>justitiae,</span> <span class='ocrx_word' id='word_1_686' title='bbox 2310 3806 2568 3862; x_wconf 90' lang='lat' dir='ltr'>vendere</span> <span class='ocrx_word' id='word_1_687' title='bbox 2600 3822 2736 3878; x_wconf 84' lang='lat' dir='ltr'>quae</span> <span class='ocrx_word' id='word_1_688' title='bbox 2764 3805 3009 3873; x_wconf 88' lang='lat' dir='ltr'>habeas,</span> <span class='ocrx_word' id='word_1_689' title='bbox 3045 3811 3100 3861; x_wconf 91' lang='lat' dir='ltr'>et</span> <span class='ocrx_word' id='word_1_690' title='bbox 3138 3806 3410 3862; x_wconf 83' lang='lat' dir='ltr'>conferre</span> <span class='ocrx_word' id='word_1_691' title='bbox 3458 3824 3670 3880; x_wconf 86' lang='lat' dir='ltr'>paupe-</span> 
     </span>
    </p>
   </div>
   <div class='ocr_carea' id='block_1_100' title="bbox 2009 3895 3677 3970">
    <p class='ocr_par' dir='ltr' id='par_1_100' title="bbox 2009 3895 3677 3970">
     <span class='ocr_line' id='line_1_101' title="bbox 2009 3895 3677 3970; baseline 0 -16"><span class='ocrx_word' id='word_1_692' title='bbox 2009 3898 2199 3954; x_wconf 88' lang='lat' dir='ltr'>ribus.</span> <span class='ocrx_word' id='word_1_693' title='bbox 2228 3897 2340 3962; x_wconf 91' lang='lat' dir='ltr'>Qui</span> <span class='ocrx_word' id='word_1_694' title='bbox 2371 3896 2527 3951; x_wconf 92' lang='lat' dir='ltr'>enim</span> <span class='ocrx_word' id='word_1_695' title='bbox 2562 3919 2583 3942; x_wconf 86' lang='lat'><strong>«</strong></span> <span class='ocrx_word' id='word_1_696' title='bbox 2621 3895 2922 3965; x_wconf 89' lang='lat' dir='ltr'>dispersit,</span> <span class='ocrx_word' id='word_1_697' title='bbox 2956 3895 3114 3950; x_wconf 89' lang='lat' dir='ltr'>dedit</span> <span class='ocrx_word' id='word_1_698' title='bbox 3134 3896 3519 3967; x_wconf 89' lang='lat' dir='ltr'>pauperibus,</span> <span class='ocrx_word' id='word_1_699' title='bbox 3545 3897 3677 3970; x_wconf 90' lang='lat' dir='ltr'>jus-</span> 
     </span>
    </p>
   </div>
   <div class='ocr_carea' id='block_1_101' title="bbox 2006 3983 3673 4061">
    <p class='ocr_par' dir='ltr' id='par_1_101' title="bbox 2006 3983 3673 4061">
     <span class='ocr_line' id='line_1_102' title="bbox 2006 3983 3673 4061; baseline 0.001 -18"><span class='ocrx_word' id='word_1_700' title='bbox 2006 3987 2131 4043; x_wconf 89' lang='lat' dir='ltr'>titia</span> <span class='ocrx_word' id='word_1_701' title='bbox 2161 3985 2295 4058; x_wconf 83' lang='lat' dir='ltr'>ejus</span> <span class='ocrx_word' id='word_1_702' title='bbox 2327 3988 2522 4040; x_wconf 90' lang='lat' dir='ltr'>manet</span> <span class='ocrx_word' id='word_1_703' title='bbox 2551 3985 2609 4039; x_wconf 90' lang='lat' dir='ltr'>in</span> <span class='ocrx_word' id='word_1_704' title='bbox 2642 3987 2925 4040; x_wconf 64' lang='lat' dir='ltr'>aeternum</span> <span class='ocrx_word' id='word_1_705' title='bbox 2957 3983 3145 4054; x_wconf 85' lang='lat' dir='ltr'>(Psal.</span> <span class='ocrx_word' id='word_1_706' title='bbox 3180 4001 3297 4055; x_wconf 69' lang='lat' dir='ltr'>cxr,</span> <span class='ocrx_word' id='word_1_707' title='bbox 3330 3985 3405 4055; x_wconf 90' lang='lat'>9).</span> <span class='ocrx_word' id='word_1_708' title='bbox 3446 4010 3467 4033; x_wconf 77' lang='grc' dir='ltr'><strong><em>η</em></strong></span> <span class='ocrx_word' id='word_1_709' title='bbox 3516 3986 3673 4061; x_wconf 88' lang='lat' dir='ltr'>Ergo</span> 
     </span>
    </p>
   </div>
   <div class='ocr_carea' id='block_1_102' title="bbox 2007 4073 3672 4147">
    <p class='ocr_par' dir='ltr' id='par_1_102' title="bbox 2007 4073 3672 4147">
     <span class='ocr_line' id='line_1_103' title="bbox 2007 4073 3672 4147; baseline 0.001 -16"><span class='ocrx_word' id='word_1_710' title='bbox 2007 4076 2456 4147; x_wconf 89' lang='lat' dir='ltr'>dispensatores</span> <span class='ocrx_word' id='word_1_711' title='bbox 2503 4090 2635 4143; x_wconf 90' lang='lat' dir='ltr'>nos,</span> <span class='ocrx_word' id='word_1_712' title='bbox 2694 4088 2812 4129; x_wconf 92' lang='lat' dir='ltr'>non</span> <span class='ocrx_word' id='word_1_713' title='bbox 2868 4073 3140 4128; x_wconf 80' lang='lat' dir='ltr'>haeredes</span> <span class='ocrx_word' id='word_1_714' title='bbox 3201 4073 3481 4146; x_wconf 91' lang='lat' dir='ltr'>reliquit;</span> <span class='ocrx_word' id='word_1_715' title='bbox 3538 4094 3672 4132; x_wconf 87' lang='lat' dir='ltr'>nam</span> 
     </span>
    </p>
   </div>
   <div class='ocr_carea' id='block_1_103' title="bbox 2007 4163 3672 4236">
    <p class='ocr_par' dir='ltr' id='par_1_103' title="bbox 2007 4163 3672 4236">
     <span class='ocr_line' id='line_1_104' title="bbox 2007 4163 3672 4236; baseline -0.001 -16"><span class='ocrx_word' id='word_1_716' title='bbox 2007 4165 2323 4221; x_wconf 73' lang='lat' dir='ltr'>haereditas</span> <span class='ocrx_word' id='word_1_717' title='bbox 2372 4163 2714 4219; x_wconf 90' lang='lat' dir='ltr'>successori</span> <span class='ocrx_word' id='word_1_718' title='bbox 2761 4163 3067 4234; x_wconf 86' lang='lat' dir='ltr'>quaeritur,</span> <span class='ocrx_word' id='word_1_719' title='bbox 3120 4163 3485 4234; x_wconf 88' lang='lat' dir='ltr'>dispensatio</span> <span class='ocrx_word' id='word_1_720' title='bbox 3524 4181 3672 4236; x_wconf 89' lang='lat' dir='ltr'>pau-</span> 
     </span>
    </p>
   </div>
   <div class='ocr_carea' id='block_1_104' title="bbox 2006 4252 2597 4327">
    <p class='ocr_par' dir='ltr' id='par_1_104' title="bbox 2006 4252 2597 4327">
     <span class='ocr_line' id='line_1_105' title="bbox 2006 4252 2597 4327; baseline -0.007 -17"><span class='ocrx_word' id='word_1_721' title='bbox 2006 4253 2249 4327; x_wconf 90' lang='lat' dir='ltr'>peribus</span> <span class='ocrx_word' id='word_1_722' title='bbox 2279 4252 2597 4325; x_wconf 89' lang='lat' dir='ltr'>obligatur.</span> 
     </span>
    </p>
   </div>
   <div class='ocr_carea' id='block_1_105' title="bbox 2076 4340 3671 4413">
    <p class='ocr_par' dir='ltr' id='par_1_105' title="bbox 2076 4340 3671 4413">
     <span class='ocr_line' id='line_1_106' title="bbox 2076 4340 3671 4413; baseline -0.001 -15"><span class='ocrx_word' id='word_1_723' title='bbox 2076 4341 2165 4398; x_wconf 87' lang='lat'>6|.</span> <span class='ocrx_word' id='word_1_724' title='bbox 2192 4340 2359 4396; x_wconf 90' lang='lat' dir='ltr'>Unde</span> <span class='ocrx_word' id='word_1_725' title='bbox 2392 4355 2506 4395; x_wconf 91' lang='lat' dir='ltr'>non</span> <span class='ocrx_word' id='word_1_726' title='bbox 2525 4340 2815 4395; x_wconf 90' lang='lat' dir='ltr'>immerito</span> <span class='ocrx_word' id='word_1_727' title='bbox 2833 4345 3089 4412; x_wconf 89' lang='lat' dir='ltr'>quantus</span> <span class='ocrx_word' id='word_1_728' title='bbox 3109 4341 3302 4409; x_wconf 87' lang='lat' dir='ltr'>fuerit,</span> <span class='ocrx_word' id='word_1_729' title='bbox 3329 4341 3504 4397; x_wconf 87' lang='lat' dir='ltr'>hodie</span> <span class='ocrx_word' id='word_1_730' title='bbox 3528 4358 3671 4413; x_wconf 90' lang='lat' dir='ltr'>quo-</span> 
     </span>
    </p>
   </div>
   <div class='ocr_carea' id='block_1_106' title="bbox 2006 4428 3669 4504">
    <p class='ocr_par' dir='ltr' id='par_1_106' title="bbox 2006 4428 3669 4504">
     <span class='ocr_line' id='line_1_107' title="bbox 2006 4428 3669 4504; baseline -0.001 -17"><span class='ocrx_word' id='word_1_731' title='bbox 2006 4447 2119 4504; x_wconf 90' lang='lat' dir='ltr'>que</span> <span class='ocrx_word' id='word_1_732' title='bbox 2138 4446 2242 4503; x_wconf 88' lang='lat' dir='ltr'>per</span> <span class='ocrx_word' id='word_1_733' title='bbox 2257 4445 2465 4485; x_wconf 89' lang='lat' dir='ltr'>vocem</span> <span class='ocrx_word' id='word_1_734' title='bbox 2482 4429 2723 4484; x_wconf 89' lang='lat' dir='ltr'>lectoris</span> <span class='ocrx_word' id='word_1_735' title='bbox 2741 4429 2854 4498; x_wconf 84' lang='grc' dir='ltr'>(ἿἿ)</span> <span class='ocrx_word' id='word_1_736' title='bbox 2874 4429 3123 4499; x_wconf 90' lang='lat' dir='ltr'>parvuli,</span> <span class='ocrx_word' id='word_1_737' title='bbox 3144 4428 3399 4499; x_wconf 86' lang='lat' dir='ltr'>Spiritus</span> <span class='ocrx_word' id='word_1_738' title='bbox 3424 4433 3669 4486; x_wconf 88' lang='lat' dir='ltr'>sanctus</span> 
     </span>
    </p>
   </div>
   <div class='ocr_carea' id='block_1_107' title="bbox 2006 4518 3665 4592">
    <p class='ocr_par' dir='ltr' id='par_1_107' title="bbox 2006 4518 3665 4592">
     <span class='ocr_line' id='line_1_108' title="bbox 2006 4518 3665 4592; baseline -0.001 -17"><span class='ocrx_word' id='word_1_739' title='bbox 2006 4519 2307 4592; x_wconf 90' lang='lat' dir='ltr'>expressit</span> <span class='ocrx_word' id='word_1_740' title='bbox 2339 4536 2350 4574; x_wconf 90' lang='lat'>:</span> <span class='ocrx_word' id='word_1_741' title='bbox 2392 4540 2414 4567; x_wconf 74' lang='grc' dir='ltr'><strong><em>α</em></strong></span> <span class='ocrx_word' id='word_1_742' title='bbox 2451 4520 2741 4574; x_wconf 89' lang='lat' dir='ltr'>Innocens</span> <span class='ocrx_word' id='word_1_743' title='bbox 2776 4518 3068 4587; x_wconf 89' lang='lat' dir='ltr'>manibus,</span> <span class='ocrx_word' id='word_1_744' title='bbox 3117 4521 3173 4571; x_wconf 91' lang='lat' dir='ltr'>et</span> <span class='ocrx_word' id='word_1_745' title='bbox 3214 4518 3432 4572; x_wconf 90' lang='lat' dir='ltr'>mundo</span> <span class='ocrx_word' id='word_1_746' title='bbox 3463 4520 3665 4589; x_wconf 89' lang='lat' dir='ltr'>corde,</span> 
     </span>
    </p>
   </div>
   <div class='ocr_carea' id='block_1_108' title="bbox 2004 4603 3669 4682">
    <p class='ocr_par' dir='ltr' id='par_1_108' title="bbox 2004 4603 3669 4682">
     <span class='ocr_line' id='line_1_109' title="bbox 2004 4603 3669 4682; baseline -0.001 -18"><span class='ocrx_word' id='word_1_747' title='bbox 2004 4610 2104 4682; x_wconf 91' lang='lat' dir='ltr'>qui</span> <span class='ocrx_word' id='word_1_748' title='bbox 2136 4624 2253 4664; x_wconf 92' lang='lat' dir='ltr'>non</span> <span class='ocrx_word' id='word_1_749' title='bbox 2281 4609 2508 4678; x_wconf 90' lang='lat' dir='ltr'>accepit</span> <span class='ocrx_word' id='word_1_750' title='bbox 2536 4608 2597 4662; x_wconf 90' lang='lat' dir='ltr'>in</span> <span class='ocrx_word' id='word_1_751' title='bbox 2625 4622 2841 4661; x_wconf 91' lang='lat' dir='ltr'>vanum</span> <span class='ocrx_word' id='word_1_752' title='bbox 2871 4603 3126 4659; x_wconf 88' lang='lat' dir='ltr'>animam</span> <span class='ocrx_word' id='word_1_753' title='bbox 3161 4621 3350 4675; x_wconf 90' lang='lat' dir='ltr'>suam,</span> <span class='ocrx_word' id='word_1_754' title='bbox 3387 4622 3496 4662; x_wconf 92' lang='lat' dir='ltr'>nec</span> <span class='ocrx_word' id='word_1_755' title='bbox 3528 4606 3669 4663; x_wconf 92' lang='lat' dir='ltr'>fecit</span> 
     </span>
    </p>
   </div>
   <div class='ocr_carea' id='block_1_109' title="bbox 2003 4695 3665 4770">
    <p class='ocr_par' dir='ltr' id='par_1_109' title="bbox 2003 4695 3665 4770">
     <span class='ocr_line' id='line_1_110' title="bbox 2003 4695 3665 4770; baseline -0.002 -15"><span class='ocrx_word' id='word_1_756' title='bbox 2003 4699 2274 4770; x_wconf 86' lang='lat' dir='ltr'>proximo</span> <span class='ocrx_word' id='word_1_757' title='bbox 2304 4712 2415 4753; x_wconf 91' lang='lat' dir='ltr'>suo</span> <span class='ocrx_word' id='word_1_758' title='bbox 2446 4696 2644 4753; x_wconf 90' lang='lat' dir='ltr'>dolum</span> <span class='ocrx_word' id='word_1_759' title='bbox 2679 4712 2689 4751; x_wconf 94' lang='lat'>:</span> <span class='ocrx_word' id='word_1_760' title='bbox 2726 4695 2855 4750; x_wconf 85' lang='lat' dir='ltr'>haec</span> <span class='ocrx_word' id='word_1_761' title='bbox 2886 4697 2979 4749; x_wconf 89' lang='lat' dir='ltr'>est</span> <span class='ocrx_word' id='word_1_762' title='bbox 3016 4695 3320 4765; x_wconf 87' lang='lat' dir='ltr'>generatio</span> <span class='ocrx_word' id='word_1_763' title='bbox 3362 4696 3665 4768; x_wconf 89' lang='lat' dir='ltr'>requiren-</span> 
     </span>
    </p>
   </div>
   <div class='ocr_carea' id='block_1_110' title="bbox 2082 4873 3668 4956">
    <p class='ocr_par' dir='ltr' id='par_1_110' title="bbox 2082 4873 3668 4956">
     <span class='ocr_line' id='line_1_111' title="bbox 2082 4873 3668 4956; baseline 0 -25"><span class='ocrx_word' id='word_1_764' title='bbox 2082 4877 2195 4956; x_wconf 69' lang='grc' dir='ltr'>ςᾙ)</span> <span class='ocrx_word' id='word_1_765' title='bbox 2234 4876 2316 4930; x_wconf 88' lang='lat' dir='ltr'>Ita</span> <span class='ocrx_word' id='word_1_766' title='bbox 2362 4878 2478 4930; x_wconf 90' lang='lat' dir='ltr'>vet.</span> <span class='ocrx_word' id='word_1_767' title='bbox 2526 4874 2662 4929; x_wconf 92' lang='lat' dir='ltr'>edit.</span> <span class='ocrx_word' id='word_1_768' title='bbox 2711 4873 3227 4956; x_wconf 49' lang='lat' dir='ltr'>ac_‘plures_mss.;</span> <span class='ocrx_word' id='word_1_769' title='bbox 3272 4875 3441 4956; x_wconf 54' lang='lat' dir='ltr'>130m.</span> <span class='ocrx_word' id='word_1_770' title='bbox 3474 4878 3668 4956; x_wconf 80' lang='lat' dir='ltr'>autem</span> 
     </span>
    </p>
   </div>
   <div class='ocr_carea' id='block_1_111' title="bbox 2007 4944 3666 5018">
    <p class='ocr_par' dir='ltr' id='par_1_111' title="bbox 2007 4944 3666 5018">
     <span class='ocr_line' id='line_1_112' title="bbox 2007 4944 3666 5018; baseline 0 -16"><span class='ocrx_word' id='word_1_771' title='bbox 2007 4949 2145 5003; x_wconf 91' lang='lat' dir='ltr'>edit.</span> <span class='ocrx_word' id='word_1_772' title='bbox 2177 4944 2331 5001; x_wconf 85' lang='lat' dir='ltr'>eum</span> <span class='ocrx_word' id='word_1_773' title='bbox 2381 4961 2529 5001; x_wconf 85' lang='lat' dir='ltr'>mss.</span> <span class='ocrx_word' id='word_1_774' title='bbox 2582 4944 2903 5014; x_wconf 90' lang='lat' dir='ltr'>nonnullis,</span> <span class='ocrx_word' id='word_1_775' title='bbox 2954 4968 2975 4990; x_wconf 86' lang='lat'><strong>«</strong></span> <span class='ocrx_word' id='word_1_776' title='bbox 3025 4945 3212 5000; x_wconf 91' lang='lat' dir='ltr'>forma</span> <span class='ocrx_word' id='word_1_777' title='bbox 3256 4949 3311 5000; x_wconf 91' lang='lat' dir='ltr'>et</span> <span class='ocrx_word' id='word_1_778' title='bbox 3355 4949 3666 5018; x_wconf 88' lang='lat' dir='ltr'>expressio</span> 
     </span>
    </p>
   </div>
   <div class='ocr_carea' id='block_1_112' title="bbox 2007 5019 2456 5074">
    <p class='ocr_par' dir='ltr' id='par_1_112' title="bbox 2007 5019 2456 5074">
     <span class='ocr_line' id='line_1_113' title="bbox 2007 5019 2456 5074; baseline -0.018 0"><span class='ocrx_word' id='word_1_779' title='bbox 2007 5019 2397 5074; x_wconf 89' lang='lat' dir='ltr'>desideratur.</span> <span class='ocrx_word' id='word_1_780' title='bbox 2434 5037 2456 5065; x_wconf 73' lang='grc' dir='ltr'><strong><em>ι</em></strong></span> 
     </span>
    </p>
   </div>
   <div class='ocr_carea' id='block_1_113' title="bbox 2078 5086 3667 5159">
    <p class='ocr_par' dir='ltr' id='par_1_113' title="bbox 2078 5086 3667 5159">
     <span class='ocr_line' id='line_1_114' title="bbox 2078 5086 3667 5159; baseline 0.001 -17"><span class='ocrx_word' id='word_1_781' title='bbox 2078 5091 2191 5159; x_wconf 81' lang='lat'>(&#39;75)</span> <span class='ocrx_word' id='word_1_782' title='bbox 2229 5088 2450 5157; x_wconf 88' lang='lat' dir='ltr'>Studia,</span> <span class='ocrx_word' id='word_1_783' title='bbox 2487 5088 2543 5141; x_wconf 85' lang='lat' dir='ltr'>id</span> <span class='ocrx_word' id='word_1_784' title='bbox 2578 5090 2690 5150; x_wconf 86' lang='lat' dir='ltr'>est,</span> <span class='ocrx_word' id='word_1_785' title='bbox 2722 5086 2893 5142; x_wconf 86' lang='lat' dir='ltr'>favor</span> <span class='ocrx_word' id='word_1_786' title='bbox 2922 5103 2989 5141; x_wconf 90' lang='lat' dir='ltr'>ac</span> <span class='ocrx_word' id='word_1_787' title='bbox 3037 5087 3468 5159; x_wconf 90' lang='lat' dir='ltr'>benevolentia.</span> <span class='ocrx_word' id='word_1_788' title='bbox 3517 5090 3667 5144; x_wconf 89' lang='lat' dir='ltr'>Nam</span> 
     </span>
    </p>
   </div>
   <div class='ocr_carea' id='block_1_114' title="bbox 2006 5158 3667 5242">
    <p class='ocr_par' dir='ltr' id='par_1_114' title="bbox 2006 5158 3667 5242">
     <span class='ocr_line' id='line_1_115' title="bbox 2006 5158 3667 5242; baseline 0.001 -29"><span class='ocrx_word' id='word_1_789' title='bbox 2006 5158 2225 5242; x_wconf 73' lang='lat' dir='ltr'>alioqui</span> <span class='ocrx_word' id='word_1_790' title='bbox 2257 5160 2404 5242; x_wconf 77' lang='lat' dir='ltr'>satis</span> <span class='ocrx_word' id='word_1_791' title='bbox 2435 5159 2720 5242; x_wconf 65' lang='lat' dir='ltr'>usitatum</span> <span class='ocrx_word' id='word_1_792' title='bbox 2743 5163 2887 5242; x_wconf 80' lang='lat' dir='ltr'>erat,</span> <span class='ocrx_word' id='word_1_793' title='bbox 2922 5158 3307 5242; x_wconf 46' lang='lat' dir='ltr'>utne-functis</span> <span class='ocrx_word' id='word_1_794' title='bbox 3346 5162 3667 5242; x_wconf 71' lang='lat' dir='ltr'>provinciae</span> 
     </span>
    </p>
   </div>
   <div class='ocr_carea' id='block_1_115' title="bbox 2007 5230 3667 5301">
    <p class='ocr_par' dir='ltr' id='par_1_115' title="bbox 2007 5230 3667 5301">
     <span class='ocr_line' id='line_1_116' title="bbox 2007 5230 3667 5301; baseline 0.001 -16"><span class='ocrx_word' id='word_1_795' title='bbox 2007 5230 2511 5286; x_wconf 89' lang='lat' dir='ltr'>administratione</span> <span class='ocrx_word' id='word_1_796' title='bbox 2568 5230 2865 5299; x_wconf 84' lang='lat' dir='ltr'>praefectis</span> <span class='ocrx_word' id='word_1_797' title='bbox 2908 5230 3283 5286; x_wconf 86' lang='lat' dir='ltr'>detraherent</span> <span class='ocrx_word' id='word_1_798' title='bbox 3327 5232 3667 5301; x_wconf 85' lang='lat' dir='ltr'>provincia-</span> 
     </span>
    </p>
   </div>
   <div class='ocr_carea' id='block_1_116' title="bbox 2006 5302 3669 5373">
    <p class='ocr_par' dir='ltr' id='par_1_116' title="bbox 2006 5302 3669 5373">
     <span class='ocr_line' id='line_1_117' title="bbox 2006 5302 3669 5373; baseline 0 -16"><span class='ocrx_word' id='word_1_799' title='bbox 2006 5303 2132 5371; x_wconf 90' lang='lat' dir='ltr'>les;</span> <span class='ocrx_word' id='word_1_800' title='bbox 2180 5304 2295 5356; x_wconf 93' lang='lat' dir='ltr'>imo</span> <span class='ocrx_word' id='word_1_801' title='bbox 2345 5316 2505 5370; x_wconf 84' lang='lat' dir='ltr'>saepe</span> <span class='ocrx_word' id='word_1_802' title='bbox 2555 5302 2727 5356; x_wconf 91' lang='lat' dir='ltr'>etiam</span> <span class='ocrx_word' id='word_1_803' title='bbox 2776 5317 2881 5356; x_wconf 88' lang='lat' dir='ltr'>eos</span> <span class='ocrx_word' id='word_1_804' title='bbox 2931 5306 3281 5357; x_wconf 88' lang='lat' dir='ltr'>accusarent</span> <span class='ocrx_word' id='word_1_805' title='bbox 3321 5303 3669 5373; x_wconf 90' lang='lat' dir='ltr'>repetunda-</span> 
     </span>
    </p>
   </div>
   <div class='ocr_carea' id='block_1_117' title="bbox 2007 5390 2156 5428">
    <p class='ocr_par' dir='ltr' id='par_1_117' title="bbox 2007 5390 2156 5428">
     <span class='ocr_line' id='line_1_118' title="bbox 2007 5390 2156 5428; baseline -0.007 0"><span class='ocrx_word' id='word_1_806' title='bbox 2007 5390 2156 5428; x_wconf 84' lang='lat' dir='ltr'>rum.</span> 
     </span>
    </p>
   </div>
   <div class='ocr_carea' id='block_1_118' title="bbox 2077 5442 3668 5513">
    <p class='ocr_par' dir='ltr' id='par_1_118' title="bbox 2077 5442 3668 5513">
     <span class='ocr_line' id='line_1_119' title="bbox 2077 5442 3668 5513; baseline -0.001 -16"><span class='ocrx_word' id='word_1_807' title='bbox 2077 5443 2191 5513; x_wconf 77' lang='lat'>(76)</span> <span class='ocrx_word' id='word_1_808' title='bbox 2232 5443 2380 5497; x_wconf 82' lang='lat' dir='ltr'>Mss.</span> <span class='ocrx_word' id='word_1_809' title='bbox 2415 5459 2529 5497; x_wconf 93' lang='lat' dir='ltr'>non</span> <span class='ocrx_word' id='word_1_810' title='bbox 2563 5444 2756 5512; x_wconf 84' lang='lat' dir='ltr'>pauci,</span> <span class='ocrx_word' id='word_1_811' title='bbox 2796 5466 2817 5489; x_wconf 89' lang='lat'><strong>«</strong></span> <span class='ocrx_word' id='word_1_812' title='bbox 2867 5459 2976 5498; x_wconf 90' lang='lat' dir='ltr'>nec</span> <span class='ocrx_word' id='word_1_813' title='bbox 3021 5443 3335 5497; x_wconf 86' lang='lat' dir='ltr'>distributa</span> <span class='ocrx_word' id='word_1_814' title='bbox 3380 5446 3477 5496; x_wconf 89' lang='lat' dir='ltr'>aut</span> <span class='ocrx_word' id='word_1_815' title='bbox 3524 5442 3668 5497; x_wconf 89' lang='lat' dir='ltr'>deli-</span> 
     </span>
    </p>
   </div>
   <div class='ocr_carea' id='block_1_119' title="bbox 2004 5514 3379 5581">
    <p class='ocr_par' dir='ltr' id='par_1_119' title="bbox 2004 5514 3379 5581">
     <span class='ocr_line' id='line_1_120' title="bbox 2004 5514 3379 5581; baseline -0.003 -11"><span class='ocrx_word' id='word_1_816' title='bbox 2004 5517 2205 5570; x_wconf 90' lang='lat' dir='ltr'>berata</span> <span class='ocrx_word' id='word_1_817' title='bbox 2238 5530 2250 5568; x_wconf 88' lang='lat'><strong>:</strong></span> <span class='ocrx_word' id='word_1_818' title='bbox 2289 5514 2402 5569; x_wconf 87' lang='lat' dir='ltr'>hoc</span> <span class='ocrx_word' id='word_1_819' title='bbox 2434 5517 2547 5581; x_wconf 90' lang='lat' dir='ltr'>est,</span> <span class='ocrx_word' id='word_1_820' title='bbox 2581 5514 2885 5568; x_wconf 90' lang='lat' dir='ltr'>immunita</span> <span class='ocrx_word' id='word_1_821' title='bbox 2915 5518 2973 5568; x_wconf 93' lang='lat' dir='ltr'>et</span> <span class='ocrx_word' id='word_1_822' title='bbox 3002 5514 3379 5569; x_wconf 88' lang='lat' dir='ltr'>decorticata.</span> 
     </span>
    </p>
   </div>
   <div class='ocr_carea' id='block_1_120' title="bbox 2075 5583 3667 5656">
    <p class='ocr_par' dir='ltr' id='par_1_120' title="bbox 2075 5583 3667 5656">
     <span class='ocr_line' id='line_1_121' title="bbox 2075 5583 3667 5656; baseline 0 -19"><span class='ocrx_word' id='word_1_823' title='bbox 2075 5585 2187 5651; x_wconf 78' lang='lat' dir='ltr'>(Ti)</span> <span class='ocrx_word' id='word_1_824' title='bbox 2227 5585 2461 5638; x_wconf 77' lang='lat' dir='ltr'>Veteris</span> <span class='ocrx_word' id='word_1_825' title='bbox 2506 5584 2641 5656; x_wconf 85' lang='lat' dir='ltr'>ejus</span> <span class='ocrx_word' id='word_1_826' title='bbox 2689 5585 3162 5656; x_wconf 88' lang='lat' dir='ltr'>consuetudinis,</span> <span class='ocrx_word' id='word_1_827' title='bbox 3210 5599 3322 5656; x_wconf 79' lang='lat' dir='ltr'>qua</span> <span class='ocrx_word' id='word_1_828' title='bbox 3369 5583 3533 5656; x_wconf 83' lang='lat' dir='ltr'>pueri</span> <span class='ocrx_word' id='word_1_829' title='bbox 3594 5584 3667 5637; x_wconf 90' lang='lat' dir='ltr'>ad</span> 
     </span>
    </p>
   </div>
   <div class='ocr_carea' id='block_1_121' title="bbox 2005 5654 3666 5729">
    <p class='ocr_par' dir='ltr' id='par_1_121' title="bbox 2005 5654 3666 5729">
     <span class='ocr_line' id='line_1_122' title="bbox 2005 5654 3666 5729; baseline 0 -19"><span class='ocrx_word' id='word_1_830' title='bbox 2005 5657 2265 5711; x_wconf 82' lang='lat' dir='ltr'>ofﬁcium</span> <span class='ocrx_word' id='word_1_831' title='bbox 2298 5654 2556 5729; x_wconf 81' lang='lat' dir='ltr'>lectoris</span> <span class='ocrx_word' id='word_1_832' title='bbox 2575 5658 3053 5725; x_wconf 88' lang='lat' dir='ltr'>assumebantur,</span> <span class='ocrx_word' id='word_1_833' title='bbox 3082 5655 3206 5729; x_wconf 79' lang='lat' dir='ltr'>jam</span> <span class='ocrx_word' id='word_1_834' title='bbox 3254 5654 3666 5710; x_wconf 89' lang='lat' dir='ltr'>admonuimus</span> 
     </span>
    </p>
   </div>
   <div class='ocr_carea' id='block_1_122' title="bbox 2002 5727 2451 5792">
    <p class='ocr_par' dir='ltr' id='par_1_122' title="bbox 2002 5727 2451 5792">
     <span class='ocr_line' id='line_1_123' title="bbox 2002 5727 2451 5792; baseline 0 -8"><span class='ocrx_word' id='word_1_835' title='bbox 2002 5741 2121 5792; x_wconf 85' lang='lat' dir='ltr'>non</span> <span class='ocrx_word' id='word_1_836' title='bbox 2152 5741 2268 5792; x_wconf 85' lang='lat' dir='ltr'>uno</span> <span class='ocrx_word' id='word_1_837' title='bbox 2297 5727 2451 5792; x_wconf 84' lang='lat' dir='ltr'>loco.</span> 
     </span>
    </p>
   </div>
  </div>
