4060 6178
321 259 480 328 1367

1764 259 1828 326 S.
1876 261 2317 327 AMBROSlI.

3506 250 3517 255 ’
3622 264 3797 339 1368

305 431 464 521 .tium
507 464 694 521 Deum
740 464 935 539 (Psa1._
976 482 1143 533 xxiii,
1195 464 1341 535 4-6).
1393 486 1414 515 ι
1470 466 1580 520 Hic
1625 481 1769 537 ergo
1821 469 1878 521 et
1925 464 1986 520 in
2017 444 2074 506 Α
2105 467 2339 537 gerunt,
2370 465 2646 537 quoniam
2677 465 2821 521 Sion
2851 467 3039 521 mater
3066 468 3271 522 nostra
3301 465 3565 521 omnium
3592 468 3787 523 tristi-

318 557 578 608 montem
610 554 840 609 Domini
871 555 1172 622 ascendet,
1208 559 1263 608 et
1296 554 1354 608 in
1402 554 1784 609 tabernaculo
1829 555 1988 609 habi-

319 643 464 697 tabit
494 643 636 711 Dei;
668 642 804 713 quia
840 666 862 691 α
900 644 1220 715 ingressus
1251 644 1381 697 sine
1411 643 1659 711 macula,
1706 648 1986 714 cperatus

318 735 413 787 est
449 730 763 802 justitiam,
814 732 1048 787 locutus
1095 737 1189 787 est
1236 733 1564 802 veritatem,
1613 748 1725 787 non
1758 733 1987 803 decepit

319 821 656 891 proximum
692 820 884 889 (Psal.
915 838 1037 889 xxv,
1072 821 1162 891 28)
1198 838 1209 877 :
1250 842 1272 871 ι
1308 838 1416 876 nec
1461 823 1772 891 pecuniam
1818 823 1985 877 fene-

319 915 485 965 ratus
515 912 609 965 est
642 926 831 979 suam,
870 911 970 982 qui
1002 927 1239 981 semper
1267 911 1452 965 voluit
1482 926 1840 981 recuperare
1871 911 1988 966 hm-

317 1000 678 1055 reditariam.
715 1000 995 1071 Agnosco
1028 1000 1327 1054 oraculum
1356 1018 1368 1065 ;
1423 1000 1581 1071 quod
1631 1000 1787 1054 enim
1826 1000 1986 1055 nulla

319 1088 613 1144 ordinavit
643 1086 755 1158 (’78)
787 1088 1122 1161 dispositio,
1157 1088 1412 1159 Spiritus
1445 1088 1749 1144 revelavit.

388 1178 477 1233 62.
518 1176 669 1244 Quid
699 1193 840 1232 vero
872 1177 1014 1231 illud
1044 1192 1408 1245 recenseam,
1461 1177 1616 1249 quod
1667 1193 1851 1248 supra
1893 1178 1985 1248 ip-

320 1283 448 1321 sam
489 1266 780 1337 justitiam
827 1266 1040 1336 pietate
1088 1282 1492 1338 progressus;
1542 1282 1676 1320 cum
1715 1267 1987 1338 quaedam

320 1356 437 1426 (’79)
468 1355 800 1411 incubatori
829 1356 1225 1410 communium
1257 1356 1552 1410 fructuum
1583 1356 1700 1411 mei
1729 1360 1985 1410 contem-

318 1444 573 1515 platione
603 1444 869 1500 muneris
900 1447 1170 1514 putasset
1199 1460 1338 1500 esse
1367 1444 1697 1513 tribuenda,
1738 1445 1987 1517 largita-

319 1534 398 1589 tis
429 1549 521 1589 me
546 1532 808 1604 jactabat
833 1535 1155 1603 auctorem,
1188 1534 1476 1604 portionis
1499 1550 1626 1590 suae
1657 1534 1891 1589 lucrum
1912 1535 1987 1590 ad

320 1638 631 1678 commune
663 1622 1029 1677 consortium
1059 1623 1423 1679 conferebat.

391 1711 480 1767 63.
524 1712 667 1766 Haec
697 1714 754 1766 et
782 1711 915 1780 alia,
947 1728 1080 1782 qum
1112 1712 1255 1765 mihi
1281 1714 1421 1767 tunc
1452 1716 1620 1767 erant
1650 1710 1763 1783 (80)
1787 1713 1991 1783 volup-

320 1800 444 1869 tati,
478 1800 731 1855 maxime
760 1816 918 1854 nunc
951 1800 1422 1855 recordationem
1465 1801 1691 1856 doloris
1735 1818 1991 1874 exaspe-

320 1892 473 1944 rant.
508 1888 743 1943 Manent
762 1891 977 1957 tamen,
1002 1893 1289 1960 eruntque
1313 1905 1573 1960 semper,
1608 1906 1715 1945 nec
1734 1907 2009 1962 unquam

323 1978 486 2033 velut
503 1977 706 2032 umbra
726 1979 1111 2047 praetereunt;
1146 1993 1337 2049 neque
1368 1979 1525 2034 enim
1545 1979 1782 2035 virtutis
1806 1981 1993 2052 gratia

326 2083 458 2122 cum
491 2080 741 2135 corpore
774 2066 1009 2135 occidit,
1044 2081 1155 2121 nec
1186 2065 1338 2121 idem
1370 2070 1596 2123 naturae
1628 2069 1996 2124 meritorum-

326 2170 440 2227 que
471 2155 637 2224 ﬂnis;
671 2153 808 2210 licet
836 2154 1026 2225 ipsius
1057 2157 1282 2211 naturae
1314 2172 1463 2211 usus
1494 2158 1687 2212 nonin
1711 2161 1997 2214 mternum

328 2244 575 2314 occidat,
602 2244 708 2298 sed
730 2243 1036 2314 temporali
1049 2245 1300 2316 quadam
1313 2247 1620 2302 vacatione
1638 2248 1992 2319 requiescat.

397 2333 488 2388 64.
529 2332 771 2388 Talibus
803 2333 985 2404 igitur
1013 2334 1385 2403 perfunctum
1436 2334 1775 2405 virtutibus,
1828 2352 1995 2408 erep-

329 2428 453 2477 tum
498 2422 783 2493 periculis
835 2422 1132 2477 desiderio
1182 2423 1375 2495 magis
1440 2440 1616 2495 quam
1672 2425 1995 2481 amissione

332 2512 504 2567 flebo.
555 2510 774 2567 Suadet
816 2513 971 2566 enim
1018 2512 1147 2582 ipsa
1195 2514 1604 2582 opportunitas
1647 2514 1875 2584 mortis,
1936 2518 1999 2569 ut

330 2601 819 2672 prosequendum
888 2601 1081 2673 magis
1148 2602 1368 2672 gratia,
1445 2618 1621 2674 quam
1678 2602 1998 2659 dolendum

337 2689 524 2753 1131
577 2693 884 2761 putemus;
936 2691 1220 2761 scriptum
1268 2694 1360 2746 est
1407 2691 1563 2746 enim
1609 2692 1670 2746 in
1701 2692 1996 2747 communi

333 2778 537 2833 dolore
568 2779 871 2848 proprium
898 2793 1110 2835 vacare
1149 2779 1366 2835 debere
1410 2778 1527 2848 (IV
1550 2780 1736 2837 Esdr.
1768 2798 1826 2849 χ,
1858 2780 1995 2836 6-24

336 2872 395 2921 et
425 2867 598 2939 seq.).
632 2867 840 2939 Neque
871 2867 1028 2922 enim
1054 2865 1399 2938 prophetico
1439 2883 1716 2925 sermone
1764 2870 1867 2925 uni
1915 2870 1997 2925 illi

334 2955 589 3025 mulieri,
624 2972 756 3028 qum
788 2957 1095 3029 figuratur,
1148 2957 1255 3012 sed
1286 2958 1541 3030 singulis
1584 2958 1816 3027 dicitur,
1863 2974 1997 3014 cum

337 3043 626 3100 Ecclesiae
657 3045 877 3101 dictum
908 3046 1161 3101 videtur.

405 3134 495 3189 65.
539 3134 764 3189 Dicitur
793 3151 937 3207 ergo
969 3138 1025 3190 et
1054 3135 1126 3189 ad
1156 3150 1269 3205 me,
1303 3138 1360 3191 et
1388 3135 1528 3192 dicit
1556 3135 1861 3208 Scriptura
1880 3153 1997 3194 cm-

335 3222 507 3278 lestis
539 3243 556 3278 :
605 3222 865 3278 Hoccine
914 3223 1026 3293 (81)
1075 3225 1277 3294 doces,
1322 3226 1410 3281 sic
1442 3226 1702 3281 instituis
1734 3226 1840 3282 Dei
1870 3228 1999 3298 ple-

334 3310 516 3369 bem?
558 3314 649 3367 An
695 3312 898 3369 nescis
947 3313 1083 3384 quia
1114 3314 1445 3385 exemplum
1474 3317 1639 3370 tuum
1670 3316 1998 3385 periculurn

337 3405 688 3458 caeterorum
718 3404 847 3458 est?
878 3403 1011 3457 Nisi
1039 3402 1190 3458 forte
1222 3404 1559 3460 exauditum
1587 3419 1706 3459 non
1755 3418 1894 3459 esse
1943 3408 1999 3461 te

336 3490 633 3563 quereris.
664 3492 927 3547 Primum
970 3492 1127 3547 istud
1166 3493 1505 3564 arrogantis
1555 3496 1648 3548 est
1695 3493 1998 3564 impuden-

335 3582 452 3651 tiae,
484 3582 699 3637 mereri
730 3582 923 3637 solum
953 3581 1123 3649 velle,
1158 3581 1315 3652 quod
1349 3581 1546 3637 multis
1577 3582 1749 3637 etiam
1774 3582 1999 3637 sanctis

336 3674 614 3743 negatum
644 3670 904 3739 noveris,
939 3686 1074 3725 cum
1102 3671 1284 3738 scias,
1324 3692 1345 3719 ι
1381 3671 1516 3742 quia
1557 3686 1675 3727 non
1722 3673 1815 3727 est
1860 3686 2000 3742 per-

337 3774 621 3815 sonarum
648 3764 924 3831 acceptor
955 3760 1115 3815 Deus
1146 3760 1308 3830 (Act.
1343 3776 1403 3828 x,
1449 3759 1562 3831 34).
1614 3780 1636 3808 ιι
1690 3760 1840 3815 Nam
1888 3760 2001 3815 etsi

332 3848 679 3903 misericors
712 3849 894 3919 Deus,
926 3851 1122 3903 tamen
1152 3849 1206 3903 si
1238 3864 1477 3920 semper
1523 3848 1831 3905 exaudiret
1874 3865 1998 3905 om-

336 3951 468 4007 nes,
499 3953 618 3992 non
643 3936 767 4009 jam
797 3953 872 3993 ex
900 3938 1199 3993 voluntate
1228 3938 1436 4007 libera,
1471 3938 1579 3993 sed
1622 3954 1697 3993 ex
1744 3937 1997 4009 quadam

331 4024 495 4081 velut
550 4027 906 4082 necessitate
953 4026 1151 4082 facere
1205 4027 1523 4082 videretur.
1592 4026 1813 4082 Deinde
1863 4042 1998 4083 cum

333 4130 542 4171 omnes
571 4119 801 4189 rogent,
836 4116 890 4171 si
922 4117 1229 4171 exaudiret
1259 4130 1487 4184 omnes,
1521 4130 1695 4171 nemo
1732 4130 1996 4172 morere-

2101 554 2179 609 tia
2209 555 2606 624 contristatur,
2641 558 2697 610 et
2729 555 3053 610 humilitate
3072 555 3375 610 humiliata
3395 559 3509 611 est.
3546 556 3786 629 Lugete

2100 642 2465 698 validissime
2494 646 2552 699 et
2576 659 2755 712 nunc,
2790 644 3069 716 quoniam
3100 659 3307 699 omnes
3341 645 3659 714 lugemus;
3723 652 3788 701 et

2104 731 2309 786 tristes
2356 732 2511 800 sitis,
2541 732 2839 804 'quoniarn
2887 748 3094 789 omnes
3146 733 3476 789 contristati
3512 750 3727 790 sumus
3767 751 3781 791 :

2104 824 2166 874 tu
2209 820 2364 875 enim
2411 822 2787 876 contristaris
2841 842 2864 872 »
2916 823 2979 877 in
3024 822 3223 877 fratre.
3262 842 3284 873 ι
3322 821 3630 896 lnterroga
3659 827 3791 878 ter-

2106 925 2252 979 ram,
2285 912 2341 965 et
2372 910 2527 966 dicet
2560 910 2663 965 tibi
2694 911 2973 983 quoniam
3004 911 3135 968 haec
3163 914 3255 967 est
3284 927 3419 984 quae
3449 912 3668 968 debeat
3692 914 3782 969 lu-

2100 1013 2264 1070 gere,
2298 1002 2592 1054 tantorum
2623 1002 2934 1071 superstes
2966 1001 3335 1072 germinum:
3389 1004 3447 1055 et
3466 1017 3543 1057 ex
3564 1002 3717 1073 ipsa,
3757 1026 3780 1051 υ

2103 1086 2311 1159 inquit,
2361 1110 2383 1135 α
2437 1088 2511 1143 ab
2558 1088 2723 1144 initio
2774 1104 2986 1144 omnes
3037 1090 3175 1159 nati,
3207 1093 3266 1144 et
3295 1089 3393 1145 alii
3424 1090 3689 1161 venient,
3727 1096 3790 1147 et

2104 1190 2245 1230 ecce
2291 1191 2440 1246 pene
2491 1192 2699 1233 omnes
2748 1178 2808 1232 in
2850 1177 3242 1248 perditionem
3272 1178 3595 1249 ambulant,
3630 1181 3783 1236 etin

2105 1264 2515 1320 exterminium
2550 1265 2612 1319 fit
2644 1266 2952 1323 multitudo
2985 1282 3210 1351 egrum.
3247 1266 3317 1321 Et
3348 1268 3484 1339 quis
3516 1283 3668 1339 ergo
3695 1269 3798 1324 de-

2104 1352 2203 1406 bet
2230 1352 2437 1425 lugere
2466 1355 2679 1425 magis,
2712 1355 2830 1410 nisi
2855 1370 2990 1427 quae
3033 1360 3151 1411 tam
3197 1372 3472 1428 magnam
3518 1358 3787 1413 multitu-

2108 1440 2303 1496 dinem
2352 1442 2623 1513 perdidit,
2675 1460 2852 1516 quam
2899 1446 2961 1499 tu
3010 1446 3113 1516 qui
3158 1460 3267 1518 pro
3316 1460 3434 1501 uno
3463 1445 3643 1501 doles
3671 1446 3796 1515 (IV

2106 1529 2294 1586 Esdr.
2335 1548 2393 1601 x,
2425 1530 2634 1602 6-11)?

2176 1618 2265 1674 67.
2307 1619 2643 1676 Absorbeat
2662 1620 2846 1693 igitur
2861 1623 3134 1677 nostrum
3156 1622 3423 1679 dolorem
3442 1626 3785 1681 communis

2109 1706 2297 1778 dolor,
2349 1711 2406 1763 et
2449 1709 2831 1766 acerbitatem
2878 1712 3101 1782 proprii
3151 1713 3428 1769 mmroris
3476 1714 3779 1769 excludat.

2111 1797 2242 1852 Non
2274 1798 2431 1853 enim
2459 1797 2663 1854 dolore
2692 1799 2981 1855 debemus
3011 1815 3118 1855 eos
3149 1817 3302 1872 quos
3351 1802 3661 1857 cernimus
3709 1803 3780 1857 li-

2108 1885 2385 1956 beratos;
2417 1902 2611 1959 neque
2643 1888 2798 1943 enim
2832 1889 3022 1943 otiose
3059 1892 3177 1944 tam
3208 1894 3451 1946 sanctas
3494 1891 3612 1946 hoc
3643 1895 3791 1946 tem-

2108 1989 2252 2044 pore
2284 1974 2512 2030 animas
2543 1977 2850 2046 corporeis
2882 1977 3137 2033 vinculis
3182 1979 3627 2035 reminiscimur
3678 1979 3787 2034 ab-

2109 2062 2360 2118 solutas.
2396 2063 2665 2136 Namque
2709 2065 2871 2120 velut
2913 2066 3114 2122 divino
3153 2066 3379 2138 judicio
3422 2070 3540 2123 tam
3571 2084 3795 2141 graves

2110 2151 2226 2222 (83)
2273 2152 2505 2223 viduas,
2553 2154 2630 2208 ita
2673 2170 2790 2210 uno
2836 2158 3098 2225 tempore
3142 2156 3453 2212 defunctas
3482 2157 3787 2225 videmus,

2110 2243 2174 2295 ut
2215 2240 2603 2311 profectionis
2649 2244 2885 2315 quidam
2941 2245 3212 2301 videatur
3266 2261 3603 2316 excessus,
3665 2263 3780 2302 non

2112 2330 2319 2385 mortis
2366 2345 2656 2401 occasus;
2705 2348 2776 2388 ne
2826 2334 3105 2389 veterana
3142 2336 3406 2390 emeritis
3454 2336 3779 2406 stipendiis

2110 2419 2391 2490 pudicitia
2420 2419 2480 2474 in
2512 2420 2754 2476 dubium
2784 2421 2884 2476 diu
2916 2424 3136 2478 servati
3175 2423 3423 2494 pudoris
3471 2424 3784 2481 incideret.

2112 2505 2276 2571 Quos
2307 2508 2565 2579 gemitus
2596 2509 2759 2578 mihi,
2792 2526 2945 2581 quos
2976 2510 3216 2567 dolores
3247 2516 3364 2566 tam
3402 2513 3622 2568 acerba
3674 2529 3783 2569 ex-

2115 2595 2253 2649 citat
2280 2595 2649 2653 recordatiol
2684 2597 2755 2652 Et
2784 2598 2841 2652 si
2865 2599 3237 2669 :mmroribus
3283 2617 3401 2655 non
3450 2602 3739 2657 vacabam
3768 2617 3784 2671 ;

2113 2686 2307 2739 tamen
2357 2685 2417 2741 in
2461 2687 2595 2757 ipso
2643 2686 2846 2742 dolore
2893 2688 3141 2758 privato,
3190 2689 3249 2743 in
3295 2689 3428 2759 ipso
3482 2693 3781 2745 tantorum

2113 2773 2338 2829 amisso
2368 2774 2513 2829 ﬂore
2546 2775 2908 2845 meritorum,
2943 2778 3278 2832 communis
3307 2778 3579 2850 quaedam
3610 2783 3785 2835 natu-

2114 2878 2198 2916 rae
2228 2877 2321 2917 me
2353 2863 2611 2920 conditio
2642 2864 2947 2921 solabatur
2979 2882 2992 2919 :
3026 2865 3378 2939 defixusque
3408 2866 3469 2922 in
3508 2882 3627 2922 uno
3675 2867 3789 2923 do-

2113 2949 2203 3005 lor
2234 2952 2614 3009 acerbitatem
2642 2953 2866 3025 publici
2899 2954 3146 3026 funeris,
3189 2955 3535 3011 domestica
3579 2957 3787 3027 specie

2037 3071 2089 3134 ο
2113 3040 2354 3134 pietatis
2378 3041 2726 3134 obduxerat.

2184 3128 2272 3184 68.
2318 3130 2541 3200 Repeto
2590 3146 2758 3203 ergo,
2807 3147 2981 3188 sacra
3022 3131 3346 3204 Scriptura,
3394 3133 3603 3189 solatia
3646 3136 3785 3205 tua;

2108 3215 2279 3288 juvat
2306 3219 2460 3273 enim
2482 3220 2599 3276 tuis
2621 3221 2956 3292 praeceptis,
2976 3222 3095 3277 tuis
3118 3223 3432 3278 sententiis
3452 3223 3780 3279 immorari.

2113 3306 2299 3372 Quam
2331 3307 2564 3364 facilius
2595 3310 2706 3380 (84)
2736 3314 2830 3365 est
2856 3310 3077 3391 coelum
3099 3315 3156 3366 et
3186 3316 3406 3368 terram
3443 3313 3771 3383 prmterire,

2115 3410 2300 3467 quam
2331 3397 2404 3453 de
2438 3396 2575 3470 lege
2607 3414 2788 3455 unum
2817 3400 3047 3471 apicem
3076 3401 3290 3456 cadere
3320 3402 3487 3470 (Luc.
3521 3418 3647 3471 xvi,
3686 3402 3777 3471 f'l)

2116 3484 2231 3539 Sed
2256 3483 2381 3557 jam
2399 3487 2728 3557 audiamus,
2749 3504 2883 3560 qua)
2907 3489 3129 3560 scripta
3152 3494 3321 3545 sunt:
3348 3490 3541 3561 Nunc,
3567 3479 3777 3563 inquit,

2116 3573 2302 3629 retine
2332 3575 2485 3644 apud
2516 3578 2693 3631 temet
2722 3577 2911 3648 ipsam
2943 3577 3208 3633 dolorem
3237 3583 3424 3647 tuum,
3477 3583 3538 3634 et
3588 3581 3622 3643 1
3641 3580 3780 3644 132

2115 3660 2345 3718 fortiter
2389 3664 2500 3734 fer,
2551 3666 2653 3736 qui
2696 3665 2801 3722 tibi
2848 3668 3243 3739 contigerunt,
3294 3682 3497 3723 casus.
3530 3667 3596 3723 Si
3626 3669 3777 3723 enim

2110 3749 2541 3822 justificaveris
2584 3755 2899 3810 terminum
2946 3755 3070 3825 Dei,
3122 3758 3181 3811 et
3208 3755 3396 3811 filium
3426 3759 3596 3812 tuum
3622 3758 3778 3812 reci-

2115 3839 2247 3912 pies
2289 3842 2351 3896 in
2391 3845 2675 3913 tempore,
2728 3846 2787 3899 et
2833 3843 2893 3899 in
2939 3843 3291 3900 mulieribus
3338 3844 3775 3901 collaudaberis

2115 3929 2297 4001 (Ibid.
2345 3947 2404 4001 κ,
2453 3929 2542 4001 15,
2593 3931 2701 4002 16).
2756 3956 2778 3981 ιι
2829 3931 2893 3987 Si
2937 3932 3050 3988 hoc
3098 3934 3171 3988 ad
3203 3933 3530 4005 mulierem,
3564 3938 3776 4007 quanto

2114 4020 2309 4092 magis
2339 4020 2413 4075 ad
2445 4022 2859 4077 sacerdotem?
2892 4020 2954 4077 Si
2983 4021 3056 4077 de
3086 4021 3226 4091 ﬁlio,
3261 4038 3381 4078 non
3419 4022 3626 4095 utique
3674 4022 3777 4079 ab-

2114 4109 2360 4164 surdum
2404 4109 2577 4165 etiam
2628 4111 2700 4166 de
2746 4110 2995 4166 fratrum
3042 4111 3366 4166 amissione
3409 4111 3551 4166 talia
3600 4128 3773 4183 posse

329 4207 445 4260 tur.
494 4206 612 4260 Pro
662 4206 899 4277 quantis
948 4221 1092 4277 ergo
1141 4203 1400 4276 quotidie
1441 4205 1665 4276 rogas?
1696 4204 1994 4276 Numquid
2024 4240 2077 4302 D
2111 4199 2457 4302 memorari;
2509 4215 2847 4302 quanquam
2898 4201 2950 4300 si
2998 4200 3602 4302 mihi‘f'uissetﬂlius,
3634 4217 3774 4302 nun-

331 4294 671 4350 constitutio
722 4295 827 4351 Dei
872 4294 1363 4364 contemplatione
1412 4292 1698 4348 solvenda
1745 4296 1837 4348 est
1865 4294 1994 4349 tui?

328 4381 447 4438 Cur
474 4399 618 4456 ergo
649 4400 768 4440 non
812 4385 1183 4455 impetratum
1227 4381 1540 4456 aliquando
1589 4381 1777 4450 doles,
1834 4383 1993 4454 quod

328 4487 445 4528 non
478 4489 716 4546 semper
743 4472 1109 4544 impetrabile
1139 4488 1278 4527 esse
1311 4469 1674 4543 cognoscis?

395 4560 485 4616 66.
527 4561 713 4618 Stulte
743 4563 877 4633 (8'2),
912 4561 1119 4633 inquit,
1161 4583 1183 4610 α
1217 4575 1400 4631 super
1432 4574 1641 4615 omnes
1682 4559 1989 4630 mulieres,

326 4667 518 4708 nonne
550 4652 719 4707 vides
749 4652 970 4707 luctum
1001 4653 1293 4718 nostrum,
1329 4652 1387 4705 et
1415 4664 1549 4721 qum
1592 4647 1766 4704 nobis
1810 4650 1991 4705 conti-

420 4829 509 4897 ’78)
549 4832 697 4886 Mss.
729 4830 1209 4902 aliquot,¢nulla
1239 4826 1941 4902 ordinavitdispensatig.
1964 4849 1986 4878 ι

418 4902 508 4970 ’79)
548 4898 953 4957 Incubatorem
986 4901 1083 4955 hic
1111 4917 1244 4955 eum
1275 4900 1412 4970 dici,
1448 4900 1551 4970 qui
1581 4898 1863 4970 prmsidiﬁa
1884 4898 1987 4953 Sa-

323 4969 456 5043 tyrii
489 4976 661 5042 atque
693 4972 991 5026 Ambrosii
1024 4972 1369 5042 occupabat,
1400 4969 1780 5043 observabat
1823 4969 1988 5043 Nan-

317 5039 489 5112 nius;
538 5039 763 5097 addens
807 5043 1053 5113 insuper
1100 5039 1447 5113 Dionysium
1491 5041 1706 5095 Siculae
1746 5039 1985 5095 incuba-

321 5116 509 5169 torem
540 5113 690 5168 aulae
720 5130 750 5169 a
784 5113 1084 5169 Macrobio
1115 5114 1455 5168 vocitatum.

393 5185 503 5257 (80)
543 5185 955 5257 Omnesedit.,
993 5206 1014 5231 ιι
1041 5188 1205 5238 erant
1228 5181 1820 5257 voliiptatimaximae,
1851 5198 1984 5237 cum

318 5254 725 5313 resordatione
756 5256 979 5312 doloris
1010 5254 1400 5325 eanperavi’;
1442 5276 1461 5304 η
1499 5254 1631 5308 Gill.
1666 5269 1985 5325 exaspera-

324 5331 444 5392 vit;
481 5331 673 5395 Rom.,
700 5332 1064 5398 exasperant
1097 5346 1113 5380 :
1145 5324 1292 5381 mss.
1324 5341 1468 5380 vero
1504 5328 1578 5398 ut
1594 5341 1702 5379 nos
1734 5324 1791 5378 in
1824 5328 1985 5398 textu

316 5401 435 5455 nisi
456 5401 621 5472 quod
652 5394 758 5469 pro
793 5394 1171 5472 exasperant,
1209 5414 1322 5451 non
1352 5398 1521 5472 pauci
1556 5396 1810 5472 _leguu_t,_
1838 5394 1983 5449 ασθ-

314 5478 455 5525 runt
474 5466 502 5540 ς’
543 5474 599 5526 et
644 5466 913 5526 nonnulli
936 5466 1179 5537 'etiam.,
1219 5492 1239 5515 «ι
1277 5466 1685 5524 recordatione
1718 5466 1982 5520 dolorem

316 5545 689 5612 exasperant.

384 5608 495 5681 (81)
530 5614 684 5682 Mss.
719 5615 855 5682 duo,
914 5638 934 5661 »ι
991 5614 1077 5667 sic
1110 5617 1163 5666 et
1198 5610 1580 5682 insti'uierei
1608 5608 1842 5682 plebem
1898 5628 1919 5682 ii
1965 5624 1975 5662 :

313 5679 703 5758 alii‘totigem,
757 5679 1054 5758 «__siccin_e
1105 5684 1210 5758 Dei
1241 5681 1569 5758 Ecclesiam
1603 5679 1973 5758 instituis?»

384 5753 495 5823 (8'2)
538 5754 706 5808 Rom.
742 5754 902 5823 edit.,
942 5775 964 5805 ei
1000 5753 1205 5823 Stulta,
1237 5751 1491 5825 inquit...
1542 5750 1699 5805 omni
1745 5750 1979 5802 tristitia

2110 4303 2285 4358 quam
2313 4288 2446 4345 eum
2474 4290 2726 4360 amplius
2756 4289 3121 4345 dilexissem.
3155 4289 3305 4344 Nam
3336 4290 3495 4345 sicut
3521 4291 3587 4345 in
3618 4290 3771 4346 obitu

2108 4376 2430 4433 liberorum
2460 4377 2635 4434 effusi
2667 4378 2925 4447 labores,
2959 4378 3223 4449 suscepti
3268 4378 3491 4433 frustra
3537 4379 3770 4434 dolores

2109 4482 2424 4522 maerorem
2455 4467 2729 4522 videntur
2755 4482 3007 4539 augere;
3053 4468 3132 4521 ita
3177 4467 3352 4522 etiam
3393 4469 3454 4522 in
3486 4467 3766 4524 fratribus

2111 4554 2559 4610 consuetudinis
2591 4571 2741 4611 usus
2772 4557 2945 4627 atque
2976 4555 3216 4629 collegii
3246 4556 3632 4613 acerbitatem
3662 4557 3762 4611 do-

2109 4643 2259 4699 loris
2288 4644 2638 4699 accendunt.

2108 4823 2558 4895 contristatur...
2593 4826 2652 4878 et
2678 4822 2842 4895 luget
2871 4821 3256 4878 validissime.
3311 4823 3382 4879 Et
3432 4840 3589 4879 nunc
3624 4839 3754 4895 quo-

2106 4895 2264 4950 niam
2295 4909 2502 4949 omnes
2524 4893 2808 4967 fingemus
2844 4910 2856 4948 :
2890 4896 2950 4949 et
2976 4895 3182 4949 tristes
3214 4911 3446 4966 sumus,
3466 4966 3469 4967 ν
3491 4893 3751 4967 quoniam

2107 4982 2315 5022 omnes
2346 4964 2672 5019 contristati
2704 4980 2914 5020 sumus
2948 4981 2959 5020 :
2994 4969 3057 5019 tu
3101 4981 3242 5019 vero
3286 4964 3652 5021 contristaris
3697 4964 3747 5017 in

2105 5036 2247 5091 filio.
2281 5036 2588 5107 Interroga
2637 5040 2919 5107 terram...
2973 5036 3179 5107 lugere
3226 5041 3522 5092 tantorum
3566 5050 3747 5090 casum

2105 5124 2287 5178 super
2334 5122 2462 5161 eam
2508 5106 2963 5177 germinantium
2996 5123 3009 5161 :
3047 5106 3069 5153 ἕο
3107 5107 3233 5178 Yet.
3276 5113 3470 5162 autem
3519 5108 3648 5163 edit.
3684 5120 3741 5157 ac

2103 5176 2250 5233 mss.
2302 5182 2364 5231 ut
2406 5178 2464 5248 in
2514 5176 2697 5248 textu,
2751 5178 2868 5231 nisi
2916 5178 3073 5248 quod
3107 5176 3278 5232 Eras.
3315 5183 3371 5233 et
3400 5178 3529 5232 Gill.
3563 5178 3739 5247 legunt

2101 5251 2274 5305 etiam
2304 5247 2521 5306 stulta:
2549 5248 2657 5303 sed
2685 5247 2889 5318 potius
2917 5247 3055 5303 esse
3085 5253 3146 5301 ut
3176 5250 3534 5304 retineamus
3556 5261 3735 5318 vocem

2100 5322 2300 5383 stulte,
2339 5335 2411 5375 ex
2442 5335 2511 5373 co
2545 5317 2705 5390 quod
2734 5319 2984 5375 habetur
3010 5320 3182 5390 infra,
3241 5343 3264 5367 «ι
3300 5320 3666 5375 contristaris
3690 5317 3740 5369 in

2101 5392 2302 5459 fratre,
2340 5406 2361 5439 ιι
2401 5390 2808 5461 intelligimus.

2171 5464 2284 5532 (83)
2324 5461 2681 5515 Ambrosius
2714 5461 3023 5516 viduarum
3054 5462 3197 5515 vitae
3227 5477 3297 5515 ac
3346 5477 3572 5517 morum
3616 5474 3712 5532 gra

2099 5530 2273 5588 vitate
2304 5533 2764 5600 praecellentium
2800 5537 3043 5588 mortem
3075 5533 3188 5585 sibi
3217 5533 3482 5587 dolorem
3501 5530 3737 5602 singula-

2099 5621 2223 5659 rem
2251 5603 2463 5658 atTei-rc
2495 5604 2887 5658 consuevisse
2920 5620 3037 5657 non
3071 5619 3187 5657 uno
3215 5604 3352 5659 loco
3394 5604 3735 5659 testificatur.

2170 5674 2285 5743 (81)
2326 5675 2474 5727 Mss.
2513 5690 2630 5729 non
2662 5674 2853 5743 pauci,
2910 5695 2932 5724 ‹
2981 5673 3129 5740 Quia
3160 5674 3399 5732 facilius
3430 5676 3625 5732 est.....
3652 5687 3734 5726 ra-

2097 5746 2254 5802 tione
2290 5745 2446 5818 apud
2477 5745 2886 5818 semetipsum.
