4060 6178
140 273 302 342 1369

969 273 1081 336 DE
1124 270 1510 337 EXCESSU
1554 267 1919 334 FRATRIS
1963 269 2102 335 SUI
2149 271 2459 337 SATYRI
2507 272 2665 338 LIB.
2715 273 2764 338 I.

3437 268 3595 342 1370

212 477 302 532 69.
337 477 453 532 Sed
485 492 623 531 ecce
654 477 946 531 dicentem
977 459 1346 546 Scripturam
1379 473 1552 528 audio
1579 490 1588 527 :
1633 493 1653 520 α
1681 469 1816 526 Noli
1852 452 1886 514 λ
1929 473 2076 528 taris
2099 475 2128 528 ?
2157 474 2337 545 Ades,
2369 475 2486 544 (86)
2519 476 2774 548 inquam,
2801 480 2856 532 et
2888 493 3125 549 semper
3155 476 3500 545 offunderis,
3536 479 3593 532 et

142 569 344 622 facere
383 567 540 620 hunc
579 581 937 635 sermonem,
980 565 1086 618 sed
1128 565 1396 620 censenti
1437 564 1803 634 persuaderi.

138 657 250 722 Qui
281 657 437 712 enim
469 671 651 710 casus
681 654 822 710 Sion
844 657 873 708 ‘2
910 655 1233 710 Consolare
1274 659 1520 728 propter
1551 653 1815 709 dolorem

137 745 498 800 Jerusalem.
547 745 728 799 Vides
769 745 924 798 enim
963 745 1100 816 quia
1130 749 1334 799 sancta
1376 747 1579 798 nostra
1612 747 1814 798 conta-

137 838 357 888 minata
371 837 528 902 sunt,
545 837 826 888 etnomen
840 833 996 904 quod
1020 834 1380 887 nominatum
1402 832 1619 902 est(85)
1635 848 1815 903 super

137 938 274 993 nos,
306 938 457 993 pene
499 923 871 993 profanatum
914 927 1025 991 est,
1061 927 1116 976 et
1155 923 1237 976 illi
1275 923 1464 978 nostri
1505 926 1813 978 contume-

133 1011 275 1066 liam
306 1013 472 1081 passi
510 1017 669 1080 sunt,
697 1016 750 1066 et
775 1012 1119 1066 sacerdotes
1141 1012 1330 1067 nostri
1353 1013 1630 1067 succensi
1651 1016 1810 1080 sunt,

135 1106 192 1155 et
225 1101 422 1155 levitas
454 1101 646 1155 nostri
677 1100 736 1154 in
773 1101 1106 1170 captivitate
1146 1102 1402 1170 fuerunt,
1436 1106 1492 1156 et
1530 1102 1811 1157 mulieres

132 1193 363 1245 nostra)
395 1190 804 1245 contaminatis
834 1193 992 1260 sunt,
1028 1193 1086 1245 et
1125 1191 1395 1262 virgines
1435 1196 1656 1248 nostrae
1690 1191 1808 1245 vim

132 1295 359 1350 passae,
393 1283 450 1334 et
469 1278 622 1350 justi
655 1279 843 1334 nostri
884 1280 1056 1350 rapti,
1092 1281 1149 1335 et
1187 1279 1414 1350 parvuli
1448 1281 1637 1335 nostri
1670 1295 1811 1351 pro-

131 1368 236 1422 diti
290 1373 450 1437 sunt,
493 1374 549 1424 et
584 1367 844 1440 juvenes
884 1369 1076 1423 nostri
1116 1370 1470 1438 servierunt,
1521 1374 1578 1423 et
1622 1370 1810 1424 fortes

134 1457 326 1511 nostri
377 1457 620 1512 invalidi
671 1457 807 1514 facti
858 1461 1014 1513 sunt.
1060 1457 1129 1513 Et
1177 1458 1333 1530 quod
1383 1458 1643 1514 omnium
1691 1475 1810 1514 ma-

121 1545 255 1616 jus,
309 1546 685 1618 signaculum
733 1548 876 1604 Sion
924 1549 1203 1620 quoniam
1253 1549 1558 1620 resignata
1604 1553 1695 1602 est
1737 1549 1810 1604 de

131 1635 328 1707 gloria
360 1652 489 1705 sua,
524 1653 678 1692 nunc
711 1640 767 1692 et
813 1637 1026 1692 tradita
1056 1641 1148 1692 est
1179 1637 1238 1692 in
1269 1638 1543 1692 manibus
1576 1653 1804 1706 eorum,

129 1725 232 1796 qui
264 1741 378 1780 nos
410 1725 678 1782 oderunt.
713 1727 801 1782 Tu
832 1742 978 1799 ergo
997 1731 1209 1781 excute
1241 1732 1399 1782 tuam
1419 1728 1659 1782 multam
1681 1729 1812 1782 tris-

1931 565 2049 617 toto
2069 567 2126 618 te
2146 563 2337 618 animo
2352 581 2417 618 ae
2433 569 2622 620 mente
2638 567 3010 637 complector,
3029 568 3274 638 aspicio,
3295 567 3584 638 alloquor,

1931 653 2189 722 osculor,
2224 655 2659 725 comprehendo
2691 657 2781 710 vel
2815 658 2871 711 in
2904 658 3032 728 ipsa
3063 657 3256 728 quiete
3279 659 3584 727 nocturna,

1923 742 2016 796 vel
2046 743 2104 795 in
2136 743 2267 797 luce
2314 744 2511 814 clara;
2561 761 2693 799 eum
2739 747 3003 800 revisere
3047 749 3121 816 et,
3156 746 3453 802 consolari
3494 746 3585 801 di-

1923 831 2131 903 gnaris
2164 836 2526 888 mmrentem.
2564 835 2828 906 Denique
2875 836 3020 906 ipsae
3059 836 3179 907 jam
3213 841 3416 890 n‘octes
3452 851 3586 908 quae

1923 921 2096 992 quasi
2145 923 2538 992 molestiores,
2585 924 2820 979 vivente
2868 929 2942 994 te,
2991 925 3378 1002 videbantur;
3428 925 3586 997 quod

1921 1011 2105 1064 mutui
2157 1015 2514 1082 conspectus
2563 1014 2788 1084 cepiam
2836 1014 3234 1086 denegarent:
3300 1015 3426 1084 ipse
3460 1015 3585 1087 jam

1921 1115 2166 1154 somnus
2200 1100 2624 1173 colloquiorum
2657 1106 2996 1158 nostrorum
3023 1105 3242 1158 dudum
3283 1105 3583 1175 interrup—

1919 1191 2010 1242 tor
2055 1189 2406 1260 inamabilis,
2460 1192 2650 1247 dulcis
2701 1208 2838 1248 esse
2887 1193 3010 1265 jam
3061 1195 3275 1265 coepit;
3333 1195 3468 1267 quia
3526 1198 3581 1251 te

1918 1277 2058 1331 mihi
2082 1279 2350 1333 reddidit.
2376 1279 2505 1334 Non
2536 1281 2717 1352 igitur
2744 1282 2968 1351 miseri,
2992 1283 3096 1338 sed
3132 1283 3306 1353 beati,
3334 1299 3582 1355 quorum

1919 1381 2027 1421 nec
2049 1369 2366 1438 praesentia
2390 1369 2604 1438 deficit,
2630 1386 2737 1426 nec
2762 1387 2900 1425 cura
2927 1373 3224 1440 minuitur,
3251 1375 3305 1426 et
3329 1376 3583 1445 augetur

1918 1457 2125 1528 gratia.
2152 1455 2379 1511 Etenim
2411 1459 2601 1513 somni
2626 1459 2738 1527 (87)
2770 1460 2984 1514 similis
3017 1461 3212 1533 imago
3242 1463 3471 1516 mortis.

1985 1545 2074 1599 '73.
2116 1544 2282 1610 Quod
2321 1547 2371 1600 si
2412 1547 2470 1602 in
2509 1549 2704 1619 quiete
2744 1554 3030 1604 nocturna
3081 1551 3336 1605 vinculis
3387 1550 3580 1607 adhuc

1916 1635 2220 1704 corporeis
2242 1635 2622 1706 inhaerentes,
2649 1641 2703 1692 et
2734 1639 2904 1709 quasi
2938 1639 3091 1693 inter
3123 1641 3450 1694 earceraria
3482 1657 3579 1697 re-

1911 1722 2109 1795 ligatae
2143 1723 2399 1778 claustra
2427 1727 2846 1796 membrorum,
2881 1732 3135 1797 possunt
3158 1731 3346 1782 tamen
3369 1731 3580 1786 animae

130 1814 341 1884 titiam,
375 1819 432 1869 et
463 1815 689 1885 depone
719 1816 827 1870 abs
859 1822 914 1871 te
947 1816 1375 1872 multitudinem
1405 1816 1674 1871 dolorum
1700 1835 1712 1882 ;
1747 1820 1810 1871 ut
1830 1829 1877 1891 Β
1913 1811 2118 1866 altiora
2149 1816 2205 1867 et
2235 1813 2490 1868 discreta
2521 1815 2860 1885 perspicere
2889 1831 2900 1871 :
2937 1822 3152 1888 quanto
3183 1818 3375 1888 magis
3409 1835 3581 1890 spec-

127 1903 233 1956 tibi
296 1905 718 1974 repropitietur
775 1905 972 1974 fortis,
1031 1909 1088 1960 et
1146 1906 1412 1977 requiem
1471 1905 1647 1960 faciat
1702 1906 1807 1960 tibi

130 1991 484 2048 Altissimus
532 1994 895 2064 requietione
939 1994 1207 2050 dolorum
1247 1995 1446 2062 (Ibid.,
1488 1996 1574 2064 20,
1621 1995 1731 2065 24).
1782 2021 1801 2042 ιι

197 2081 290 2136 πο.
315 2082 652 2137 Cessabunt
672 2083 856 2155 igitur
875 2083 1174 2154 lacrymae,
1193 2085 1517 2155 parendum
1536 2088 1627 2140 est
1647 2085 1803 2140 enim

128 2171 414 2226 remediis
447 2172 830 2243 salutaribus,
854 2173 991 2244 quia
1024 2174 1198 2229 debet
1227 2174 1447 2246 aliquid
1480 2175 1632 2229 inter
1654 2174 1804 2230 fidos

128 2264 184 2314 et
215 2260 484 2331 perfidos
517 2261 832 2317 interesse.
857 2262 1060 2318 Fleant
1090 2279 1236 2336 ergo
1269 2264 1369 2335 qui
1403 2279 1569 2334 spem
1602 2279 1805 2319 resur-

128 2349 418 2404 rectionis
451 2350 674 2406 habere
706 2367 822 2406 non
853 2355 1127 2422 possunt,
1162 2368 1339 2424 quam
1367 2368 1484 2407 non
1516 2354 1807 2407 sententia

129 2438 238 2492 Dei
261 2439 455 2508 eripit,
483 2439 590 2494 sed
614 2440 748 2494 fidei
779 2440 1171 2496 inelementia.
1199 2441 1438 2496 Intersit
1458 2442 1611 2495 inter
1631 2441 1804 2496 Chri-

130 2529 206 2581 sti
254 2527 557 2597 servulos,
606 2529 1014 2601 idolorumque
1053 2531 1355 2595 cultores;
1395 2534 1459 2585 ut
1507 2530 1589 2584 illi
1629 2531 1803 2585 fleant

131 2632 304 2684 suos,
331 2632 482 2688 quos
515 2617 574 2672 in
606 2623 954 2689 perpetuum
984 2618 1325 2674 existimant
1352 2620 1681 2675 interiisse:
1719 2620 1802 2675 illi

126 2705 327 2759 nullas
361 2706 614 2762 habeant
642 2708 1038 2779 lacrymarum
1071 2709 1271 2776 ferias,
1298 2709 1516 2763 nullam
1548 2709 1801 2765 tristitia:

125 2795 395 2866 requiem
429 2801 888 2868 consequantur,
923 2799 1024 2869 qui
1055 2797 1272 2852 nullam
1303 2802 1506 2869 putant
1535 2800 1800 2871 requiem

124 2887 518 2940 mortuorum.
553 2885 744 2940 Nobis
774 2901 916 2942 vero
957 2887 1176 2958 quibus
1208 2903 1373 2943 mors
1403 2904 1520 2942 non
1551 2892 1797 2958 naturae,

125 2973 239 3028 sed
262 2975 399 3029 vita)
413 2975 588 3030 istius
604 2975 738 3032 linis
757 2979 849 3032 est
869 2995 881 3041 ;
908 2977 1183 3048 quoniam
1197 2977 1255 3031 in
1272 2977 1626 3049 meliusipsa
1644 2983 1802 3033 natu-

125 3079 191 3118 ra
226 3069 554 3134 reparatur,
591 3067 765 3122 fletus
802 3082 1010 3121 omnes
1039 3082 1220 3121 casus
1247 3068 1455 3122 mortis
1477 3067 1798 3140 abstergat.

197 3153 290 3208 Ἡ.
334 3153 507 3210 Certe
546 3155 599 3210 si
647 3155 729 3210 illi
761 3155 878 3210 sibi
927 3156 1121 3226 aliqua
1169 3157 1378 3211 solatia
1427 3159 1795 3227 repererunt,

122 3245 230 3315 qui
279 3244 458 3300 tinem
503 3260 746 3315 sensus,
796 3245 1210 3318 defeetumque
1270 3250 1494 3300 naturae
1554 3249 1799 3301 mortem

120 3334 395 3389 arbitrati
427 3338 602 3403 sunt;
649 3338 866 3406 quanto
898 3335 1092 3408 magis
1131 3350 1262 3403 nos,
1297 3335 1515 3407 quibus
1556 3335 1800 3390 meliora

120 3425 265 3494 post
285 3427 532 3480 mortem
554 3425 796 3494 praemia
817 3424 1104 3478 bonorum
1126 3425 1412 3479 factorum
1436 3425 1800 3479 conscientia

119 3510 472 3581 pollicetur!
525 3512 756 3568 Habent
805 3513 1060 3584 gentiles
1101 3513 1310 3569 solatia
1350 3531 1478 3582 sua,
1524 3513 1659 3585 quia
1700 3529 1798 3568 re-

117 3604 324 3673 quiem
349 3603 634 3657 malorum
666 3603 926 3658 omnium
959 3606 1207 3658 mortem
1242 3603 1606 3659 existimant:
1652 3608 1708 3659 et
1739 3609 1799 3659 ut

118 3691 264 3745 vitae
284 3689 482 3746 fructu
500 3695 723 3759 carent,
745 3691 821 3746 ita
844 3693 1016 3747 etiam
1039 3693 1308 3747 caruisse
1331 3709 1397 3747 se
1416 3697 1617 3764 putant
1640 3695 1800 3750 omni

119 3795 315 3835 sensu
353 3784 409 3834 et
440 3779 647 3835 dolore
678 3797 1008 3851 pmnarum,
1033 3797 1183 3852 quas
1215 3781 1273 3836 in
1303 3782 1412 3836 hac
1443 3783 1558 3836 vita
1581 3798 1796 3854 graves

117 3874 176 3924 et
227 3869 509 3926 assiduas
560 3869 950 3925 sustinemus.
1004 3871 1130 3925 Nos
1180 3887 1324 3926 vero
1365 3873 1427 3924 ut
1471 3871 1798 3928 erectiores

116 3959 391 4029 praemio,
427 3958 505 4013 ita
537 3958 710 4013 etiam
739 3959 1125 4030 patientiores
1173 3960 1385 4016 solatio
1433 3976 1572 4017 esse
1613 3961 1798 4017 debe-

116 4064 288 4114 mus;
324 4063 442 4103 non
473 4049 629 4102 enim
661 4049 864 4119 amitti,
898 4049 1004 4104 sed
1030 4049 1305 4119 praemitti
1327 4050 1620 4120 videntur,
1645 4067 1798 4122 quos

116 4154 242 4192 non
275 4142 656 4208 assumptura
688 4154 870 4207 mors,
898 4138 1005 4193 sed
1029 4139 1328 4194 mternitas
1353 4142 1658 4210 receptura
1681 4142 1795 4194 est.

191 4226 285 4280 7:2.
319 4226 655 4281 Cessabunt
685 4242 830 4299 ergo
865 4227 1168 4299 lacrymae:
1203 4233 1300 4283 aut
1331 4229 1381 4281 si
1415 4243 1656 4284 cessare
1679 4244 1797 4283 non

113 4317 424 4386 poterunt,
459 4314 516 4369 in
541 4315 954 4370 communibus
994 4317 1266 4371 lamentis
1307 4317 1459 4372 flebo
1492 4321 1568 4386 te,
1595 4317 1794 4386 frater,

113 4411 172 4461 et
207 4406 326 4460 sub
362 4405 565 4460 dolore
604 4405 840 4475 publico
879 4405 1241 4461 domesticos
1282 4406 1538 4478 gemitus
1602 4397 1797 4462 1133

114 4497 345 4567 tegam.
379 4494 528 4548 Nam
561 4509 804 4548 cessare
835 4494 932 4565 qui
967 4497 1263 4565 poterunt,
1297 4511 1431 4549 cum
1463 4496 1534 4548 ad
1569 4511 1799 4550 omnem

1912 1905 2034 1955 tant
2075 1902 2224 1971 haec,
2270 1918 2402 1957 cum
2428 1901 2553 1973 jam
2591 1920 2740 1975 puro
2781 1905 3158 1977 aethereoque
3198 1922 3384 1961 sensu
3423 1907 3580 1962 nulla

1911 2006 2214 2060 corporeis
2248 1991 2399 2046 labis
2432 1993 2847 2062 impedimenta
2880 1993 3216 2064 patiuntur!
3253 1995 3579 2069 Meritoque

1913 2079 2052 2133 mihi
2087 2081 2492 2151 conquerenti,
2524 2084 2808 2152 vergente
2839 2083 2950 2153 (88)
2974 2083 3226 2154 quodam
3253 2082 3377 2155 jam
3403 2086 3458 2138 in
3483 2100 3581 2140 oc-

1913 2183 2117 2224 casum
2149 2169 2263 2239 die,
2295 2171 2451 2240 quod
2483 2186 2600 2224 non
2630 2171 2928 2226 reviseres
2961 2172 3386 2244 quiescentem,
3419 2177 3579 2229 totus

1914 2258 2073 2312 omni
2115 2261 2376 2320 tempore
2415 2258 2754 2314 individuus
2789 2259 3060 2325 adfuisti;
3106 2262 3182 2314 ita
3214 2265 3273 2316 ut
3313 2262 3413 2317 illo
3443 2278 3580 2332 per-

1913 2347 2088 2402 fusus
2120 2362 2337 2419 sopore
2369 2347 2785 2416 membrorum,
2820 2364 2952 2402 cum
2983 2364 3095 2421 ego
3114 2351 3424 2421 vigilarem
3448 2351 3574 2421 tibi,

1910 2440 1971 2490 tu
2003 2436 2239 2491 viveres
2279 2435 2440 2505 mihi,
2475 2435 2770 2491 dicerem:
2814 2435 2960 2501 Quid
3002 2442 3094 2493 est
3133 2454 3314 2508 mors,
3351 2439 3580 2496 frater?

1911 2526 2059 2580 Nam
2093 2529 2252 2580 certe
2285 2524 2461 2578 nullis
2492 2541 2524 2578 a
2565 2541 2656 2580 me
2698 2528 3057 2596 separabare
3097 2528 3447 2595 momentis;
3500 2529 3578 2585 ita

1910 2615 2066 2669 enim
2099 2615 2315 2685 ubique
2356 2620 2580 2684 praesto
2621 2630 2776 2683 eras,
2811 2619 2872 2670 ut
2908 2632 3084 2687 quam
3123 2616 3180 2670 in
3220 2617 3396 2672 istius
3436 2618 3574 2673 vitae

1909 2719 2025 2758 usu
2055 2703 2276 2760 habere
2306 2703 2500 2758 nostri
2529 2703 2752 2774 cepiam
2773 2705 3184 2776 nequibamus,
3209 2722 3364 2761 nunc
3396 2707 3571 2762 nobis

1909 2808 2153 2864 semper
2175 2797 2232 2847 et
2259 2794 2475 2865 ubique
2505 2798 2724 2864 praesto
2747 2793 2841 2848 sit.
2868 2794 3016 2850 Nam
3036 2799 3170 2850 tunc
3219 2795 3418 2868 utique
3452 2811 3575 2851 om-

1909 2883 2004 2938 nia
2034 2887 2252 2952 praesto
2283 2897 2422 2937 esse
2444 2899 2559 2938 non
2578 2886 2875 2953 poterant;
2909 2899 3018 2938 nec
3049 2885 3203 2939 enim
3227 2885 3576 2955 complexio-

1910 2987 2018 3027 nes
2050 2977 2292 3040 nostree,
2330 2977 2806 3044 conspectusque
2837 2977 2894 3028 et
2933 2973 3274 3029 osculorum
3307 2989 3576 3046 corpora-

1907 3061 2048 3116 lium
2063 3062 2386 3130 suavitates
2400 3063 2549 3117 locis
2564 3062 2839 3117 omnibus
2853 3066 2907 3118 et
2921 3063 3195 3118 omnibus
3210 3064 3577 3134 temporibus

1909 3153 2317 3221 suppetebant.
2337 3151 2679 3206 Animorum
2697 3151 2991 3224 imagines
3009 3168 3248 3222 semper
3263 3152 3578 3208 nobiscum

1906 3244 2092 3306 erant,
2128 3241 2301 3294 etiam
2330 3241 2564 3312 quando
2589 3257 2704 3295 non
2727 3256 2968 3295 eramus
2992 3257 3104 3294 una
3127 3257 3139 3296 :
3175 3257 3308 3312 quae
3330 3256 3401 3296 ne
3420 3257 3575 3296 nunc

1907 3330 2143 3400 quidem
2177 3331 2542 3400 occiderunt,
2578 3330 2943 3402 assiduoque
2973 3330 3263 3401 advolant,
3296 3346 3412 3403 quo
3445 3347 3570 3386 ma-

1897 3419 2036 3492 jore
2068 3419 2388 3488 desiderio,
2424 3436 2494 3476 eo
2526 3420 2751 3492 majore
2782 3421 2970 3492 copia.

1978 3509 2067 3564 '74.
2102 3509 2298 3565 Teneo
2329 3510 2510 3582 igitur
2538 3515 2612 3578 te,
2647 3510 2848 3579 frater,
2886 3525 2992 3565 nec
3026 3509 3166 3564 mihi
3196 3515 3250 3565 te
3283 3513 3380 3564 aut
3412 3527 3572 3565 mors

1908 3601 2008 3653 aut
2036 3604 2270 3670 tempus
2302 3599 2536 3654 avellet.
2562 3599 2712 3670 Ipsae
2743 3599 2948 3654 dulces
2979 3599 3256 3671 lacrym
3279 3602 3438 3668 sunt,
3458 3599 3575 3670 ipsi

1907 3689 2081 3743 ﬂetus
2113 3688 2382 3759 jucundi,
2415 3688 3044 3760 quibus-restinguitur
3073 3688 3250 3742 ardor
3279 3688 3478 3758 animi,
3515 3690 3573 3743 et

1906 3777 2078 3848 quasi
2108 3779 2406 3832 relaxatus
2436 3781 2714 3848 evaporat
2743 3775 3009 3831 affectus.
3035 3777 3240 3850 Neque
3265 3777 3420 3832 enim
3441 3777 3572 3833 sine

1906 3869 1962 3922 te
2009 3882 2148 3922 esse
2193 3882 2460 3938 possum,
2504 3871 2602 3920 aut
2630 3865 2710 3920 tui
2741 3882 2857 3922 non
2897 3865 3240 3922 meminisse
3282 3882 3562 3939 unquam,

1907 3960 2004 4010 aut
2027 3956 2367 4011 meminisse
2387 3955 2887 4026 sinelacrymis.0
2910 3956 3091 4011 amari
3108 3955 3258 4024 dies,
3274 3956 3373 4027 qui
3397 3957 3572 4010 inter-

1907 4048 2135 4116 ruptam
2175 4046 2445 4116 copulam
2483 4043 2760 4116 proditis!
2810 4044 2857 4100 Ο
2897 4045 3126 4100 ﬂebiles
3167 4049 3392 4114 noctes,
3437 4061 3570 4117 qua)

1906 4137 2023 4189 tam
2053 4135 2271 4190 bonum
2303 4138 2641 4189 consortem
2672 4134 2909 4206 quietis,
2944 4139 3000 4188 et
3033 4134 3398 4189 individuum
3429 4133 3570 4189 mihi

1909 4225 2180 4280 comitem
2211 4223 2590 4294 perdidistis!
2624 4224 2782 4290 Quas
2814 4224 3070 4279 ederetis
3101 4240 3337 4291 cruces,
3364 4223 3477 4277 nisi
3503 4237 3571 4278 se

1908 4312 2239 4368 otl‘underet
2266 4314 2460 4386 imago
2491 4315 2826 4384 praesentis,
2860 4313 2974 4368 nisi
2999 4313 3263 4368 visiones
3281 4311 3459 4366 animi
3481 4327 3574 4366 re-

1907 4407 2359 4475 praesentarent,
2401 4418 2575 4474 quem
2620 4403 2856 4472 species
2896 4402 3166 4472 corporis
3211 4398 3570 4472 denegaret!

1977 4492 2066 4546 '75.
2092 4491 2366 4563 Jamjam,
2393 4491 2571 4546 frater
2597 4489 2790 4545 animo
2822 4505 2953 4545 meo
2983 4488 3357 4557 charissima,
3381 4503 3571 4559 quan-

114 4599 341 4638 sonum
364 4583 620 4638 nominis
636 4582 714 4637 tui
739 4583 1015 4654 lacrymze
1030 4583 1636 4654 subrepant,velcum
1651 4599 1800 4639 usus
1827 4552 1883 4616 D
1907 4597 2078 4652 quam
2111 4584 2172 4635 tu
2206 4581 2511 4635 immaturo
2533 4579 2872 4634 decesseris
2891 4578 3051 4632 obitu
3078 4596 3091 4643 ;
3126 4579 3334 4633 beatus
3355 4582 3569 4647 tamen,

114 4673 254 4743 ipse
279 4672 748 4727 recordationem
771 4673 1007 4741 excitat,
1035 4672 1126 4727 vel
1160 4689 1292 4726 eum
1315 4673 1562 4728 affectus
1585 4674 1800 4746 imagi-

111 4777 257 4816 nem
283 4765 693 4830 repraesentat,
719 4762 810 4815 vel
836 4777 966 4816 cum
993 4762 1324 4817 recordatio
1345 4763 1609 4818 dolorem
1634 4778 1802 4818 reno-

111 4851 258 4904 vat?
278 4849 524 4914 Quando
545 4850 702 4904 enim
725 4850 889 4920 dces,
915 4851 1015 4922 qui
1038 4851 1213 4906 tantis
1238 4850 1453 4907 officiis
1477 4853 1803 4923 repraesen'

185 5063 306 5128 (85')
337 5064 416 5117 Ita
450 5079 599 5118 mss.
630 5067 686 5118 et
729 5064 891 5131 edit.,
928 5065 1045 5119 nisi
1085 5066 1243 5135 quod
1286 5067 1455 5122 Rom.
1490 5066 1628 5121 edit.
1663 5067 1792 5121 sola

105 5135 380 5204 praefert,
413 5158 433 5179 α
460 5138 516 5188 et
539 5150 749 5210 nomen
773 5135 929 5210 quod
953 5135 1428 5210 invocatumest:
1469 5161 1489 5183 »ι
1519 5139 1792 5210 sequenti

104 5210 311 5259 autem
335 5222 513 5260 versu
539 5206 741 5260 eadem
763 5207 900 5260 edit.
923 5223 1055 5260 cum
1078 5224 1194 5272 vei.
1220 5209 1355 5262 edit.
1382 5224 1450 5263 ac
1472 5206 1624 5263 mss:
1644 5226 1788 5264 non-

103 5277 319 5350 nullis,
357 5300 378 5322 α
415 5281 471 5330 et
498 5276 750 5350 juvenes
784 5279 1044 5350 nostri”
1072 5280 1169 5333 ubi
1191 5295 1336 5333 mss.
1360 5281 1532 5350 longe
1551 5281 1788 5349 plurimi

103 5348 355 5429 habent,
393 5371 416 5394 ιι
455 5353 512 5402 et
559 5347 642 5402 illi
681 5351 890 5419 nostri,
931 5374 952 5397 ιι
1005 5349 1155 5404 forte
1203 5347 1633 5422 legenduim—ct
1685 5352 1788 5406 filii

106 5423 338 5473 nostri.

145 5562 157 5571 .
179 5491 296 5558 (86)
329 5489 574 5554 Quidam
606 5507 776 5560 mss.,

104 5579 300 5697 Πῗέϊῖ)
335 5631 581 5686 Videtur
611 5633 969 5688 Ambrosius
992 5635 1295 5697 respicere
1317 5633 1390 5688 ad
1418 5634 1680 5688 Platonis
1703 5635 1789 5688 lo-

103 5719 248 5758 cum
286 5703 347 5756 in
377 5703 667 5776 Apologia
688 5704 950 5761 Socratis
973 5720 1086 5762 non
1109 5703 1282 5778 longe
1305 5723 1335 5759 a
1357 5705 1490 5773 fine,
1513 5705 1610 5760 ubi
1636 5722 1788 5762 mor-

816 5515 836 5537 α
875 5492 1032 5546 Ades
1063 5492 1237 5560 enim,
1272 5496 1327 5546 et
1361 5508 1605 5563 semper
1623 5491 1790 5548 oll‘er-

1133 5861 1140 5868 ο

1907 4671 2042 4742 quia
2076 4671 2184 4723 ista
2217 4685 2332 4725 non
2365 4669 2649 4734 sustines,
2684 4683 2792 4722 nec
2823 4667 3111 4721 amissum
3142 4666 3380 4720 fratrem
3421 4681 3570 4719 mm-

1908 4774 2038 4816 rere
2071 4760 2468 4829 compelleris,
2501 4772 2674 4828 quem
2698 4758 3004 4811 absentem
3026 4755 3124 4810 diu
3149 4756 3306 4810 ferre
3331 4771 3447 4810 non
3468 4769 3571 4826 po-

1907 4851 2084 4916 teras,
2128 4849 2233 4903 sed
2276 4863 2525 4903 recursu
2567 4847 2743 4902 celeri
2793 4845 3124 4901 revisebas.
3172 4835 3367 4901 1134
3405 4844 3571 4912 Quod

1906 5066 2021 5119 tem
2039 5065 2266 5119 lucrum
2285 5079 2424 5118 esse
2441 5063 2750 5132 disputans
2763 5077 2892 5116 eam
2913 5060 3316 5132 placidissimo
3341 5075 3570 5116 sommo

1905 5136 2213 5190 assimilat.
2251 5136 2400 5189 llinc
2432 5134 2694 5189 eamdem
2725 5133 3218 5203 comparationem
3246 5133 3566 5187 verisimile

1905 5211 1996 5262 est
2043 5223 2174 5261 cum
2220 5207 2368 5260 alios
2407 5209 2699 5259 mutuatos
2731 5220 2891 5270 esse,
2925 5208 3043 5258 tum
3083 5203 3429 5258 Ciceronem
3460 5203 3562 5272 lib,

1903 5278 1979 5336 de
2005 5279 2345 5347 Senectute,
2381 5278 2535 5332 sicut
2567 5279 2622 5330 et
2649 5277 2839 5345 prima
2868 5275 3088 5347 Quaest.
3124 5275 3365 5347 Tuscul.

1973 5351 2087 5419 (88')
2118 5351 2198 5403 Ita
2238 5345 2432 5403 cuncti
2474 5363 2620 5400 mss.
2655 5363 2722 5400 ac
2754 5352 2869 5400 vet.
2905 5346 3065 5419 edit.,
3101 5346 3215 5399 nisi
3257 5345 3411 5415 quod
3454 5357 3560 5410 pro

1903 5441 1926 5470 ι
1962 5417 2264 5492 vergente,
2302 5444 2321 5468 η
2362 5420 2420 5474 in
2449 5419 2801 5492 quibusdam
2837 5434 2983 5471 mss.
3017 5417 3249 5492 legitur,
3289 5438 3311 5460 «
3347 5427 3560 5492 urgen-

1898 5495 1981 5557 te;
2033 5485 2154 5545 »ναι
2201 5485 2368 5545 Item.
2402 5485 2538 5544 edit.
2575 5491 2810 5559 proprio
2856 5491 3036 5542 marte
3082 5485 3168 5559 sic
3215 5485 3558 5552 immutavit,

1901 5583 1923 5612 cx
1960 5569 2204 5634 urgente
2229 5561 2352 5634 jam
2401 5562 2457 5614 in
2503 5558 2655 5614 dicm
2697 5560 2948 5634 quodam
2995 5558 3185 5611 noctis
3225 5568 3476 5634 occasu;
3505 5569 3547 5632 ⁸ο

1896 5634 2000 5686 scd
2034 5621 2328 5687 ‘audac'ior
2374 5635 2465 5687 est
2513 5647 2580 5689 ea
2625 5621 2934 5696 correctio,
2977 5641 3151 5698 quam
3191 5629 3251 5682 ut
3299 5641 3329 5678 a
3381 5621 3556 5678 nobis
3643 5693 3652 5700 η

1895 5705 2116 5760 admitti
2150 5710 2341 5778 queat.
