4098 6178
342 200 491 271 1371

1757 188 1821 273 s.
1869 208 2359 275 AMBROSSII.

3634 210 3807 274 1372

343 407 395 462 si
427 410 567 465 tunc
598 409 936 465 solitudinis
967 427 1103 468 mox
1133 411 1306 468 taedia
1337 386 1646 483 repellere,
1669 411 2008 481 maestitiam
2036 394 2095 456 Α
2193 409 2282 468 Ἲ8.
2313 410 2429 467 Sed
2460 410 2601 484 quid
2634 427 2748 483 ego
2787 413 2845 467 te
2882 425 3101 482 morer,
3133 410 3362 467 frater?
3398 409 3540 482 quid
3577 424 3803 493 exspe»

339 498 618 554 fraternae
650 498 861 554 mentis
882 500 1159 557 ablevare
1181 501 1588 581 properabas;
1613 505 1829 573 quanto
1848 516 2009 556 nunc

341 584 613 643 crebrius
642 587 923 643 afflictum
952 590 1209 646 animum
1240 590 1423 646 debes
1459 591 1747 661 revisere,
1772 592 1828 645 et
1848 604 1923 645 ex
1952 591 2008 644 te

340 678 709 749 conceptum,
740 693 845 749 per
874 682 929 734 te
964 679 1153 735 lenire
1184 676 1533 735 maerorem!

408 764 498 820 76.
535 766 608 821 At
640 767 783 822 mihi
823 771 1017 842 tamen
1046 769 1142 825 dat
1178 769 1409 841 aliquas
1438 769 1618 824 ofﬁcii
1660 785 1808 824 usus
1840 768 2007 824 indu-

343 855 490 925 cias,
525 858 582 912 et
613 855 886 928 obsequii
918 858 1306 914 sacerdotalis
1338 858 1579 913 intentio
1609 857 1848 913 abducit
1875 857 2006 912 ani-

338 960 533 1002 mum:
566 950 787 1001 sanctm
806 961 949 1003 vero
981 947 1330 1019 sororiquid
1353 947 1470 1016 fiet,
1495 962 1629 1019 qua:
1651 947 1787 1001 licet
1807 945 2005 1002 divino

339 1038 497 1089 metu
527 1034 800 1106 pietatem
828 1038 1152 1106 temperet;
1194 1053 1409 1092 rursus
1437 1039 1631 1091 tamen
1657 1036 1852 1107 ipsum
1878 1035 2005 1106 pie-

337 1123 475 1179 tatis
497 1121 759 1178 dolorem
783 1125 978 1180 studio
1002 1125 1310 1197 religionis
1334 1125 1619 1195 accendit,
1645 1126 1826 1180 strata
1844 1123 2006 1179 humi

342 1214 398 1268 et
426 1215 609 1267 totum
641 1213 868 1285 gremio
902 1214 996 1269 sui
1028 1215 1335 1285 complexa
1366 1214 1672 1284 tumulum,
1705 1214 2007 1270 laborioso

342 1302 506 1357 fessa
529 1301 796 1371 incessu,
819 1301 1007 1358 tristis
1030 1302 1263 1374 affectu,
1288 1303 1418 1359 dies
1441 1307 1767 1376 noctesque
1785 1318 2005 1358 maero-

337 1406 463 1445 rem
495 1389 799 1462 integrat?
829 1391 977 1447 Nam
1010 1392 1147 1447 licet
1175 1392 1373 1447 fletum
1402 1393 1750 1465 plerumque
1773 1407 2004 1449 sermo-

337 1495 411 1534 ne
444 1479 791 1549 suspendat,
816 1480 873 1534 in
905 1482 1167 1538 oratione
1198 1486 1442 1537 renovat
1472 1480 1611 1553 (89):
1648 1484 1705 1537 et
1733 1481 2005 1554 quamvis

338 1568 780 1639 Scripturarum
834 1569 1113 1626 memoria
1172 1571 1609 1627 consolationes
1665 1570 2006 1626 serentibus

2123 502 2296 571 ctem,
2320 502 2382 555 ut
2402 504 2609 556 nostra
2630 505 2826 557 tecum
2849 500 3290 571 eommoriatur,
3305 500 3362 554 et
3382 499 3557 571 quasi
3578 513 3805 554 conse-

2121 590 2371 662 peliatur
2402 590 2632 645 oratio?
2662 589 2829 645 Licet
2858 591 2988 661 ipsa
3017 589 3256 661 species
3275 592 3334 644 et
3352 588 3647 644 exanimis
3666 603 3803 642 cor-

2121 679 2283 749 poris
2315 678 2504 735 forma
2535 678 2764 734 soletur
2793 676 2926 749 (91),
2962 679 3291 749 oculosque
3319 692 3567 732 manens
3605 676 3803 748 gratia

2121 771 2178 822 et
2224 782 2579 838 permanens
2625 767 2817 840 figura
2871 767 3241 837 demulceat;
3300 766 3473 837 nihil,
3528 766 3799 837 inquam,

2121 871 2338 927 moror,
2389 856 2783 928 procedamus
2817 857 2892 912 ad
2931 856 3240 913 tumulum.
3283 855 3400 911 Sed
3441 854 3616 926 prius
3655 854 3802 908 ulti-

2119 961 2280 1000 mum
2305 961 2504 1002 coram
2535 946 2750 1018 populo
2778 946 2909 1002 vale
2930 944 3043 1017 (92)
3073 944 3230 1014 dico,
3267 959 3469 1017 pacem
3505 942 3802 1014 praedico,

2120 1035 2393 1090 osculum
2423 1035 2613 1091 solvo.
2638 1035 2921 1091 Praeeede
2943 1035 3017 1090 ad
3033 1034 3194 1089 illam
3212 1047 3588 1089 communem
3610 1032 3806 1087 omni-

2118 1124 2234 1179 bus
2264 1128 2321 1180 et
2342 1125 2621 1194 debitam,
2645 1124 2751 1180 sed
2769 1123 2893 1196 jam
2915 1123 3059 1179 mihi
3089 1140 3214 1195 prae
3237 1124 3475 1179 caeteris
3489 1121 3807 1177 desidera-

2118 1213 2298 1269 bilem
2328 1214 2585 1269 domnm.
2619 1214 2769 1269 Para
2798 1213 3019 1284 hospiti
3049 1212 3415 1269 consortium
3441 1228 3454 1268 :
3495 1215 3554 1266 et
3583 1226 3807 1281 quem-

2119 1303 2434 1358 admodum
2482 1302 2578 1357 hic
2627 1302 2820 1358 omnia
2870 1302 3046 1358 nobis
3096 1301 3262 1357 fuere
3312 1299 3676 1369 communia,
3723 1298 3805 1353 ita

2119 1392 2239 1447 illic
2269 1406 2504 1464 quoque
2529 1389 2634 1464 jus
2663 1392 2968 1453 dividuum
2997 1390 3345 1447 nesciamus
3379 1389 3514 1460 (93).

2187 1496 2278 1554 '79.
2315 1498 2423 1569 Ne,
2456 1511 2682 1570 qumso,
2717 1497 3050 1569 cupientem
3092 1497 3177 1552 tui
3216 1496 3318 1551 diu
3357 1494 3626 1565 differas,
3665 1510 3810 1565 pro-

2118 1591 2423 1658 perantem
2453 1591 2756 1657 exaperta,
2787 1586 3165 1642 festinantem
3197 1584 3441 1658 ndjuva,
3476 1587 3538 1640 et
3576 1584 3636 1638 si
3666 1583 3809 1638 din-

338 1660 705 1729 prmeurrat;
736 1657 912 1712 flendi
945 1661 1135 1714 tamen
1167 1659 1528 1715 desiderium
1561 1659 1838 1731 precandi
1861 1658 2009 1714 assi-

2129 1679 2238 1732 tius
2286 1676 2503 1731 morari
2560 1676 2665 1730 tibi
2721 1675 2991 1747 videbor,
3046 1689 3316 1730 accerse.
3371 1674 3584 1745 Neque
3645 1672 3808 1727 enim

340 1745 559 1800 duitate
608 1750 970 1818 compensat,
1034 1748 1429 1818 laerymarum
1486 1749 1810 1803 ubertatem
1867 1752 2006 1803 tunc

341 1834 661 1905 praecipue,
686 1834 918 1913 quando
934 1850 1105 1891 nemo
1120 1836 1546 1909 interrumpere
1562 1837 1769 1907 possit,
1788 1837 2007 1892 instau-

338 1939 500 1977 rans.
517 1922 598 1976 Ita
613 1923 767 1995 quod
786 1923 1151 1994 miserearis,
1175 1923 1388 1989 habes:
1409 1925 1566 1997 quod
1584 1926 2004 1997 reprehendas,

339 2026 457 2066 non
497 2010 716 2066 habes:
774 2013 914 2067 flere
945 2012 1101 2067 enim
1133 2014 1190 2067 in
1234 2015 1495 2069 oratione
1528 2015 1758 2070 virtutis
1792 2019 1902 2070 est.
1938 2014 2010 2070 Et

339 2115 673 2171 quanquam
699 2100 853 2155 istud
872 2100 1155 2157 familiare
1170 2103 1525 2175 virginibus,
1543 2104 1759 2175 quibus
1780 2103 2010 2159 mollior

341 2204 549 2259 sexus,
586 2189 846 2245 tenerior
867 2188 1133 2261 affectus,
1159 2193 1418 2247 contuitu
1438 2193 1768 2248 communis
1792 2192 2012 2265 fragili-

338 2277 476 2332 tatis
497 2277 555 2332 in
581 2277 874 2351 lacrymas
898 2278 1067 2333 etiam
1090 2281 1220 2335 sine
1244 2280 1550 2335 domestici
1572 2296 1755 2337 sensu
1780 2281 2005 2337 doloris

338 2367 659 2434 exuberat;
709 2373 902 2424 tamen
949 2384 1082 2424 cum
1127 2369 1318 2441 major
1357 2384 1537 2425 causa
1579 2369 1864 2426 maerendi
1893 2373 2006 2442 est,

340 2456 478 2511 ﬁnis
508 2458 867 2513 maeroribus
898 2458 1249 2515 excluditur.

410 2561 499 2618 '77.
553 2562 734 2619 Deest
785 2564 965 2637 igitur
1011 2564 1358 2621 consolandi
1406 2566 1520 2633 via,
1570 2566 1703 2639 quia
1753 2566 2010 2637 suppetit

340 2652 664 2708 excusandi
679 2655 888 2725 gratia.
905 2653 1111 2726 Neque
1125 2654 1279 2709 enim
1295 2655 1496 2725 possis
1510 2655 2008 2727 prahibere,quod

338 2740 585 2796 doceas:
613 2741 945 2812 praesertim
967 2757 1099 2797 cum
1120 2742 1432 2815 religionis
1450 2748 1674 2799 astruat
1689 2744 2003 2815 laerymas,

336 2844 453 2883 non
497 2828 761 2899 doloris;
812 2834 870 2886 ct
923 2832 1252 2889 communis
1309 2832 1529 2888 seriem
1582 2833 2006 2904 deplorationis

339 2920 496 2973 metu
541 2917 789 2989 pudoris
828 2918 1086 2975 obtexat.
1128 2919 1453 2977 Consolare
1503 2937 1648 2995 ergo
1687 2924 1786 2996 qui
1836 2928 2006 2995 potes

338 3005 501 3062 adire
531 3006 814 3078 animum,
845 3011 1159 3080 penetrare
1197 3015 1471 3067 mentem.
1511 3011 1725 3068 Cernat
1770 3016 1827 3069 te
1866 3027 2008 3069 esse

337 3098 716 3167 praesentem,
749 3097 965 3153 sentiat
995 3112 1112 3155 non
1141 3112 1280 3155 esse
1312 3099 1691 3157 defunctum:
1740 3107 1801 3157 ut
1832 3102 2008 3175 cujus

340 3199 557 3265 secura
588 3185 660 3240 de
693 3185 922 3257 merito,
953 3185 1089 3258 ejus
1125 3187 1318 3243 functa
1352 3189 1584 3259 solatio,
1605 3190 1793 3245 discat
1812 3207 1916 3262 pro
1940 3207 2009 3247 eo

336 3289 454 3329 non
498 3274 763 3347 graviter
802 3275 1024 3363 dolere,
1066 3278 1167 3350 qui
1206 3293 1277 3334 se
1314 3278 1684 3335 admonuerit
1722 3294 1841 3335 non
1871 3295 2011 3336 esse

344 3363 663 3419 dolendum
700 3363 834 3435 (90).

407 3503 518 3590 (Βῼ)
553 3505 702 3590 Mss:
734 3507 1035 3590 aliquot,_«
1081 3507 1140 3564 in
1180 3509 1737 3590 orationercvocat.
1777 3554 1789 3567 .
1827 3554 1840 3569 .
1875 3528 2012 3584 pre-

313 3576 511 3652 candi
541 3576 948 3652 assiduitatem
981 3581 1375 3652 lacrymarum
1408 3581 1697 3638 ubertate.
1735 3604 1758 3633 ι

407 3648 520 3725 (99)
551 3650 831 3707 Nonnulli
856 3668 1028 3721 mss.,
1074 3648 1242 3725 (qui
1279 3667 1348 3708 se
1393 3653 1718 3710 admoverit
1761 3671 1879 3711 non
1911 3655 2014 3710 do-

353 3720 515 3775 lenti.
551 3745 573 3770 η

407 3790 711 3871 (9_t)_Hi_nc
744 3793 1043 3867 intelligas
1088 3800 1348 3867 apertam
1382 3796 1573 3855 fuisse
1616 3798 1808 3871 Satyri
1841 3798 2011 3854 cada-

342 3861 513 3916 veris
538 3861 770 3920 faciem.

410 3931 523 4006 (92)
553 3932 800 4006 Cognati
830 3936 1137 3992 demortuo
1167 3939 1261 3992 ter
1304 3960 1327 3990 ι
1373 3939 1502 3995 vale
1540 3962 1560 3989 ιι
1608 3940 1738 3996 ideo
1781 3942 2013 3997 concla-

337 4004 598 4060 mabant:
643 4004 705 4061 ut
744 4021 861 4062 non
892 4008 1066 4064 modo
1106 4011 1468 4065 testarentur
1506 4010 1780 4067 affectum
1812 4029 2037 4082 suum,“

2120 1781 2378 1838 unquam
2409 1764 2702 1836 prolixius
2731 1765 3006 1820 abuimus
3035 1780 3069 1819 a
3093 1764 3288 1834 nobis,
3312 1768 3374 1818 tu
3404 1767 3603 1818 tamen
3638 1761 3808 1817 sole—

2121 1855 2230 1910 bas
2244 1854 2534 1909 revisere.
2554 1854 2726 1909 Nunc
2736 1854 3015 1926 quoniam
3031 1856 3095 1909 tu
3111 1853 3306 1909 redire
3319 1851 3444 1924 jam
3458 1866 3577 1907 non
3598 1854 3805 1922 potes,

2122 1959 2233 1999 nos
2261 1943 2333 1998 ad
2365 1947 2419 1998 te
2451 1942 2669 1998 ibimus
2694 1958 2707 1998 :
2743 1958 2980 2015 aequum
3011 1945 3105 1999 est
3135 1946 3199 1996 ut
3229 1941 3491 1997 ofﬁcium
3515 1939 3809 2012 rependa-

2121 2049 2277 2102 mus,
2311 2033 2634 2087 subeamus
2678 2032 2889 2087 vicem.
2926 2031 3241 2103 Nunquam
3286 2030 3463 2085 nobis
3509 2029 3625 2084 fuit
3662 2028 3807 2083 vitae

2124 2122 2378 2177 conditio
2399 2120 2750 2176 discretior:
2785 2135 3022 2191 semper
3052 2123 3151 2175 aut
3181 2119 3406 2175 sanitas
3435 2122 3537 2172 aut
3553 2116 3808 2190 egritu-

2121 2210 2195 2265 do
2239 2210 2608 2280 communis;
2652 2214 2713 2265 ut
2755 2224 2889 2265 cum
2927 2210 3077 2264 alter
3121 2212 3501 2281 aegresceret,
3544 2206 3703 2261 alter
3742 2206 3808 2260 in

2122 2299 2393 2355 morbum
2440 2298 2804 2355 incurreret:
2852 2290 3047 2353 1135
3087 2301 3146 2352 et
3182 2311 3316 2352 cum
3361 2295 3511 2351 alter
3561 2295 3807 2350 revale-

2123 2392 2337 2459 sceret,
2361 2391 2606 2460 uterque
2624 2391 3040 2459 consurgeret.
3063 2384 3369 2452 Quomodo
3386 2383 3488 2457 jus
3520 2387 3805 2439 nostrum

2121 2477 2481 2533 amisimus?
2524 2476 2593 2531 Et
2631 2491 2788 2531 nunc
2826 2476 3193 2531 consortium
3243 2473 3619 2547 aegritudinis
3667 2472 3801 2542 fuit,

2123 2567 2420 2639 quomodo
2449 2566 2660 2622 mortis
2692 2565 3055 2620 consortium
3093 2578 3212 2619 non
3252 2563 3402 2619 fuit?

2194 2655 2284 2711 80.
2317 2656 2446 2710 Tibi
2476 2670 2654 2725 nunc,
2687 2655 3062 2725 omnipotens
3094 2654 3274 2721 Deus,
3299 2652 3601 2708 innoxiam
3628 2666 3805 2706 com-

2126 2743 2338 2800 mendo
2354 2743 2777 2815 animam(93‘),
2800 2743 2905 2799 tibi
2927 2743 3181 2799 hostiam
3203 2757 3391 2797 meam
3412 2739 3627 2796 offero:
3650 2754 3804 2812 cape

2125 2833 2415 2905 propitius
2444 2848 2512 2888 ac
2543 2848 2798 2888 serenus
2827 2832 3151 2888 fraternum
3168 2847 3405 2901 munus,
3431 2829 3806 2886 sacriﬁcium

2125 2922 2476 2978 sacerdotis.
2498 2922 2643 2991 Haec
2666 2921 2922 2994 meijam
2943 2920 3221 2977 libamina
3249 2920 3561 2991 prmmitto,
3585 2919 3647 2974 in
3682 2919 3806 2973 hoc

2124 3012 2194 3067 ad
2218 3016 2274 3068 te
2296 3012 2543 3084 pignore
2560 3012 2756 3080 venio,
2780 3024 2898 3066 non
2920 3011 3212 3082 pecuniae,
3232 3009 3338 3065 sed
3356 3009 3494 3064 vitae
3509 3008 3799 3081 pignore:

2124 3116 2197 3157 ne
2225 3114 2319 3157 me
2357 3101 2581 3157 diutius
2624 3100 2890 3156 residere
2922 3099 3108 3155 facias
3148 3099 3292 3154 tanti
3340 3097 3589 3153 faenoris
3628 3096 3805 3151 debi-

2123 3195 2329 3246 torem.
2345 3189 2480 3246 Non
2500 3188 2819 3245 mediocris
2837 3191 2930 3244 est
2947 3187 3190 3244 fraterni
3211 3187 3435 3242 amoris
3452 3201 3664 3256 usura,
3686 3202 3805 3241 nec

2120 3280 2260 3335 vilis
2292 3283 2517 3336 natura:
2549 3293 2710 3346 sors,
2741 3293 2915 3351 quam
2939 3276 3240 3333 cumulant
3261 3276 3628 3331 incrementa
3667 3275 3803 3330 vir-

2121 3370 2284 3426 tutis.
2321 3369 2580 3425 Possum
2610 3367 2789 3439 ferre,
2825 3368 2877 3423 si
2907 3368 3023 3424 cito
3053 3381 3240 3440 cogar
3262 3365 3608 3422 exsolvere.

2123 3514 2230 3569 sed
2262 3515 2549 3585 praeterea
2580 3516 2641 3585 ut
2674 3512 2728 3566 si
2756 3510 2911 3585 forte
2937 3509 3206 3581 spiritus,
3226 3509 3329 3585 qui
3360 3509 3679 3585 putabatur
3704 3525 3806 3564 ex-

2122 3581 2350 3653 clusus,
2386 3585 2578 3639 adhuc
2608 3583 2667 3638 in
2697 3597 2767 3639 eo
2799 3583 3196 3653 delitesceret,
3233 3581 3365 3637 istis
3399 3581 3653 3636 vocibus
3688 3597 3803 3637 ex-

2122 3660 2519 3797 οήῶιϐῗιῗὶῗίοηι
2550 3743 2723 3794 mss.,
2770 3747 2792 3777 ι
2846 3723 3305 3781 desiderabilem
3353 3725 3618 3792 domum,
3654 3724 3804 3779 hos-

2119 3798 2667 3871 pitiiiconsortium.
2705 3839 2718 3853 .
2757 3837 2772 3852 .
2802 3797 3136 3871 cupientem
3170 3797 3440 3871 deseras.
3479 3814 3502 3844 ι

2192 3870 2327 3941 (93‘)
2357 3870 2428 3925 Et
2449 3869 2544 3924 hic
2565 3883 2800 3941 quoque
2828 3866 3232 3923 testimonium
3254 3866 3519 3941 redditur
3542 3866 3802 3941 catholi-

2122 3937 2334 4022 corum
2350 3937 2650 4022 precibus
2663 3937 2785 4022 pro
2815 3943 3187 3995 mortuorum
3205 3938 3475 3994 subsidio
3498 3940 3555 3993 et
3576 3937 3801 3994 libora-

2120 4014 2277 4069 tione
2305 4012 2507 4069 otl‘erri
2540 4012 2757 4068 solitis.

1338 4401 1808 4518 LIBER
1905 4401 2773 4519 SECUNDUS.

1490 4631 1600 4692 DE
1645 4631 1834 4694 FIDE
1874 4624 2637 4695 RESURRECTIO'NIS.

406 4939 456 4993 1.
491 4939 807 5009 Superiora
838 4941 991 4999 libro
1025 4945 1249 5017 aliquid
1291 4945 1649 5002 indulsimus
1686 4945 2007 5016 desiderio,
2041 4927 2095 4989 Ῑ)
2129 4946 2306 5019 gitur.
2341 4945 2537 5001 Mollis
2568 4943 2725 5001 enim
2753 4947 2808 4999 et
2838 4946 3039 5000 tenera
3073 4944 3310 5017 Species
3339 4946 3433 5000 est
3453 4942 3644 4998 forma
3672 4941 3798 5013 pie-

333 5044 408 5085 ne
456 5032 733 5100 tanquam
794 5029 1046 5086 ferventi
1107 5033 1301 5106 plagae
1359 5035 1691 5091 austeriora
1750 5036 2010 5090 adhibita

334 5117 762 5174 medicamenta
807 5126 1233 5190 exasperarent
1280 5124 1473 5197 magis
1523 5140 1699 5196 quam
1757 5124 2013 5180 lenirent

332 5209 637 5265 dolorem:
691 5208 869 5263 simul
900 5209 1036 5280 quia
1068 5210 1315 5268 fratrem
1356 5214 1582 5285 sacpius
1622 5214 1862 5269 allocuti
1912 5230 2013 5269 su-

332 5314 507 5368 mus,
565 5300 622 5353 et
691 5297 887 5354 oculis
952 5300 1327 5371 tenebamus,
1391 5302 1719 5358 absurdum
1783 5303 2011 5358 nonfuit

332 5387 599 5442 relaxare
640 5388 944 5458 paulisper
986 5387 1260 5444 atl‘cetum
1300 5393 1547 5459 naturis,
1592 5391 1692 5462 qui
1732 5391 2009 5463 lacrymis

334 5476 526 5549 magis
574 5477 865 5548 pascitur,
925 5477 1162 5533 ﬂetibus
1214 5477 1524 5550 delinitur,
1571 5483 1814 5550 stupore
1868 5479 2010 5535 defi-

401 5608 514 5711 (94)
546 5638 690 5697 Mss.
726 5640 964 5716 aliquot,
1004 5665 1024 5688 α
1061 5641 1320 5699 animum
1349 5641 1634 5699 inclinare
1664 5639 2008 5699 fraternum.
2057 5666 2077 5690 υ

2127 5035 2285 5105 tatis,
2319 5034 2463 5090 nihil
2488 5034 2943 5106 insolensamat,
2965 5033 3365 5102 nihilimmite,
3386 5030 3759 5088 nihildurum
3781 5046 3795 5086 :

2128 5123 2374 5180 ferendo
2431 5128 2625 5180 autem
2684 5125 2877 5196 magis
2933 5123 3218 5195 probatur
3272 5122 3569 5195 patientia,
3621 5136 3800 5192 quam

2125 5212 2484 5270 resistendo.

2198 5302 2252 5357 ἓ.
2287 5302 2447 5375 Ergo
2475 5303 2613 5374 quia
2643 5302 2862 5357 dudum
2901 5302 3031 5356 dies
3071 5301 3279 5357 mortis
3319 5300 3473 5355 inter
3507 5300 3799 5370 lacryma-

2128 5391 2280 5446 biles
2311 5395 2592 5462 aspectus
2625 5391 2828 5447 debuit
2856 5391 3114 5446 animum
3143 5389 3441 5445 declinare
3472 5389 3799 5443 fraternum

2129 5480 2260 5551 (9ft),
2288 5480 2422 5552 quia
2441 5483 2622 5536 totum
2646 5480 2911 5551 tenebat;
2943 5496 3099 5536 nunc
3128 5478 3402 5551 quoniam
3425 5476 3799 5549 die’septimo
