4060 6178
75 260 250 331 1373

988 260 1104 325 DE
1134 259 1522 326 EXCESSU
1553 258 1918 328 FRATRIS
1950 257 2086 326 SUl
2121 259 2428 325 SATYRI
2460 258 2618 350 LlB.
2655 258 2735 324 ΙΙ.

3390 261 3550 327 1374

81 466 208 537 (95)
240 466 314 521 ad
346 466 689 537 sepulcrum
722 464 1005 532 redimus,
1030 463 1131 535 qui
1162 462 1293 517 dies
1325 460 1659 536 symbolum
1680 441 1848 516 fu-K
1953 464 2006 517 5.
2040 461 2255 517 Fuisse
2286 462 2460 517 etiam
2488 463 2725 534 quidam
2759 463 3028 519 feruntur
3056 463 3278 535 populi,
3312 462 3411 536 qui
3443 479 3544 521 or-

88 560 250 611 turm
282 552 501 627 quietis
525 558 638 623 est,
674 571 705 608 a
730 552 912 608 fratre
942 551 1248 624 paululum
1297 550 1369 605 ad
1399 565 1770 606 communem

84 644 339 701 humani
370 643 615 716 generis
646 641 1111 698 cohortationem
1127 639 1299 712 juvat
1316 641 1586 695 derivare
1609 654 1769 694 men-

88 736 219 788 tem
248 732 753 803 intentionemque
773 730 1222 801 transfundere;
1253 729 1330 784 ita
1360 733 1421 783 ut
1443 743 1634 800 neque
1665 727 1769 784 toti

88 823 387 877 sensibus
419 821 748 895 detigamur
778 820 838 875 in
868 820 1070 890 fratre,
1105 833 1177 874 ne
1209 819 1453 890 obrepat
1481 817 1761 873 affectus:

78 925 284 983 neque
317 914 490 966 tanta:
522 909 767 965 exsules
798 909 1036 981 pietatis
1068 912 1125 964 et
1155 908 1363 981 gratia:
1395 921 1551 977 eum,
1587 922 1763 978 quem

81 999 423 1073 diligimus,
457 997 810 1054 deseramus
837 1040 852 1066 ,
877 1003 935 1054 et
965 1012 1106 1053 vere
1136 996 1250 1067 ipsi
1282 996 1458 1052 nobis
1490 997 1631 1051 tanti
1662 995 1764 1051 do-

80 1088 241 1144 loris
272 1102 601 1162 augeamus
634 1086 933 1160 injuriam,
964 1084 1017 1141 si
1052 1086 1225 1143 hodie
1256 1085 1431 1140 nobis
1463 1089 1518 1143 et
1548 1084 1607 1140 in
1642 1100 1766 1140 ser-

81 1190 267 1232 mone
297 1176 584 1232 moriatur
613 1176 749 1249 (96).

147 1265 210 1320 3.
256 1265 449 1336 Unde,
483 1265 924 1337 proposuimus,
953 1264 1169 1320 fratres
1194 1263 1555 1332 charissimi,
1582 1262 1766 1319 solari

83 1370 201 1409 nos
253 1355 552 1410 communi
599 1370 734 1425 usu,
778 1369 887 1409 nec
935 1353 1148 1409 durum
1194 1356 1425 1424 putare,
1477 1352 1764 1425 quidquid

85 1444 417 1499 universos
447 1446 753 1515 maneret;
806 1447 862 1500 et
893 1442 1025 1498 ideo
1057 1445 1305 1497 mortem
1335 1456 1454 1496 non
1500 1456 1640 1497 esse
1669 1440 1764 1496 lu-

84 1532 353 1604 gendam
391 1550 405 1588 :
436 1533 721 1605 primum,
760 1532 896 1604 quia
937 1531 1269 1587 communis
1310 1531 1408 1601 sit,
1447 1534 1503 1586 et
1534 1530 1765 1585 cunctis

84 1620 337 1676 debita:
372 1621 605 1690 deinde,
652 1621 791 1693 quia
838 1637 949 1676 nos
1000 1619 1211 1677 saeculi
1260 1618 1446 1691 hujus
1492 1617 1766 1674 absolvat

82 1711 377 1766 (erumnis
414 1727 426 1766 :
462 1714 787 1783 postremo,
830 1711 967 1782 quia
998 1708 1190 1764 somni
1233 1708 1434 1781 specie
1465 1707 1564 1763 ubi
1595 1708 1667 1762 ab
1690 1707 1766 1762 is-

82 1800 208 1899 tius
238 1800 445 1899 mundi
471 1801 678 1907 labqre
710 1799 1203 1907 (9'7)nrequie‘tu‘m
1254 1797 1352 1868 sit,
1385 1796 1561 1870 vigor
1589 1797 1764 1907 nobis
1796 1822 1850 1888 Β
1876 1796 2480 1907 [ἃςῖιὲζὲὶᾶὦῌὲίξῆ

81 1888 356 1943 vivacior
401 1889 766 1945 refundatur.
826 1886 1011 1956 Quem
1062 1888 1332 1943 dolorem
1380 1901 1498 1941 non
1528 1886 1756 1941 soletur

83 1978 555 2034 resurrectionis
586 1979 776 2051 gratia
795 1980 825 2034 ?
856 1994 1032 2050 quem
1063 1993 1180 2032 non
1223 1974 1496 2031 excludat
1543 1990 1764 2029 moero-

81 2081 233 2135 rem,
269 2067 325 2121 si
354 2068 565 2123 credas
594 2068 739 2123 nihil
768 2068 963 2140 perire
986 2070 1173 2123 morte
1191 2083 1204 2132 ;
1230 2065 1347 2120 imo
1376 2064 1571 2135 ipsius
1604 2080 1761 2119 mor-

80 2156 158 2211 tis
192 2156 499 2211 celeritate
528 2157 680 2227 tleri,
715 2161 778 2212 ut
806 2158 943 2228 plus
972 2156 1171 2229 perire
1214 2169 1332 2210 non
1362 2153 1607 2225 possit?
1637 2152 1763 2208 Erit

82 2259 252 2317 ergo,
292 2245 513 2301 fratres
544 2245 909 2317 charissimi,
952 2250 1015 2301 ut
1054 2245 1114 2302 in
1154 2242 1565 2299 adhortatione
1598 2256 1761 2297 com-

83 2335 267 2404 muni,
319 2336 496 2390 etiam
539 2334 704 2390 fratri
752 2338 1019 2391 nostrum
1068 2337 1397 2408 pendamus
1424 2332 1761 2399 'atfectum;

83 2438 192 2479 nec
224 2424 303 2479 ab
353 2438 426 2479 eo
473 2424 719 2498 longius
764 2424 1041 2481 deviasse
1082 2426 1409 2493 videamur,
1441 2429 1491 2482 si
1525 2441 1633 2498 per
1664 2440 1762 2480 re-

85 2512 486 2568 surrectionis
519 2528 707 2584 spem,
739 2516 797 2569 et
826 2513 1039 2570 futurae
1085 2515 1278 2580 1136
1322 2516 1530 2589 gloriae
1560 2513 1764 2571 suavi-

78 2606 281 2670 tatem,
315 2603 489 2657 etiam
522 2602 582 2657 in
605 2616 879 2658 sermone
922 2604 1098 2659 nobis
1130 2604 1305 2661 hodie
1338 2604 1681 2661 reviviscat.

148 2691 206 2746 4.
238 2690 556 2747 Ordiamur
579 2692 763 2765 igitur
790 2693 865 2747 ab
897 2706 987 2763 eo,
1009 2694 1409 2768 utlugendum
1424 2694 1599 2750 nobis
1621 2709 1759 2750 nos-

81 2784 314 2836 trorum
344 2781 565 2836 obitum
589 2796 707 2837 non
737 2797 877 2838 esse
909 2782 1252 2839 doceamus.
1284 2783 1435 2850 Quid
1466 2784 1621 2839 enim
1648 2783 1756 2839 ab-

82 2870 354 2940 surdius,
389 2885 563 2944 quam
594 2874 658 2925 ut
688 2871 747 2926 id
779 2870 935 2944 quod
965 2871 1126 2928 scias
1144 2872 1420 2928 omnibus
1451 2887 1591 2929 esse
1612 2889 1762 2944 prae-

81 2959 376 3032 scriptum
402 3000 418 3030 ,
451 2960 624 3032 quasi
670 2959 928 3028 speciale
968 2960 1247 3032 deploras
1269 2962 1298 3017 ?
1350 2962 1477 3018 Hoc
1508 2967 1600 3018 est
1635 2962 1765 3018 ani-

82 3064 247 3104 mum
305 3063 488 3121 supra
550 3049 941 3105 conditionem
1005 3050 1327 3121 extollere,
1399 3052 1592 3124 legem
1647 3066 1763 3107 non

80 3139 358 3210 recipere
392 3153 785 3208 communem,
819 3141 1046 3196 naturae
1078 3140 1443 3196 consortium
1476 3155 1762 3196 recusare

81 3228 223 3297 (98),
256 3231 516 3282 mentem
545 3227 746 3282 carnis
769 3227 980 3297 inflari,
1006 3230 1065 3285 et
1081 3227 1281 3283 carnis
1304 3228 1494 3299 ipsius
1526 3229 1761 3285 nescire

79 3330 449 3371 mensuram.
483 3315 632 3381 Quid
664 3316 1007 3385 absurdius,
1041 3332 1217 3389 quam
1249 3317 1486 3374 nescire
1517 3318 1617 3390 qui
1647 3319 1757 3388 sis,

77 3403 367 3460 affectare
414 3404 572 3476 quod
619 3420 737 3460 non
777 3404 911 3461 sis?
961 3406 1076 3461 Aut
1116 3404 1257 3477 quid
1300 3405 1756 3477 imprudentius,

80 3509 259 3565 quam
292 3493 453 3565 quod
502 3493 761 3549 futurum
793 3494 976 3564 scias,
1010 3494 1070 3549 id
1101 3509 1236 3550 cum
1265 3494 1569 3566 acciderit,
1604 3496 1763 3553 ferre

78 3597 198 3638 non
226 3584 461 3654 posse?
490 3582 714 3639 Natura
745 3584 876 3656 ipsa
907 3599 1018 3639 nos
1050 3586 1309 3654 revocat,
1345 3588 1401 3639 et
1432 3585 1504 3639 ab
1536 3584 1757 3657 hujus-

80 3671 700 3728 cemodimaaroribus
730 3672 983 3745 quadam
1033 3672 1128 3728 sui
1166 3673 1573 3729 consolatione
1615 3674 1757 3730 sub-

81 3761 264 3817 ducit.
298 3760 447 3826 Quis
482 3766 576 3816 est
605 3762 763 3817 enim
810 3767 930 3818 tam
977 3760 1184 3835 gravis
1237 3762 1456 3832 luctus,
1505 3765 1603 3818 aut
1643 3768 1760 3818 tam

82 3851 344 3906 acerbus
372 3850 566 3919 dolor,
600 3851 660 3906 in
691 3867 807 3923 quo
839 3867 958 3907 non
991 3851 1284 3907 interdum
1312 3851 1611 3907 relaxetur
1637 3853 1761 3907 ani-

84 3941 273 3995 mus?
314 3939 507 3995 Habet
550 3940 664 3995 hoc
694 3944 923 4010 natura,
970 3944 1035 3996 ut
1083 3940 1357 4012 quamvis
1402 3939 1674 3996 homines
1702 3941 1763 3996 in

79 4028 362 4084 tristibus
392 4029 578 4084 rebus
611 4029 748 4098 sint,
782 4032 977 4084 tamen
1006 4029 1061 4084 si
1092 4029 1263 4084 modo
1298 4028 1567 4085 homines
1598 4034 1758 4101 sunt,

80 4134 111 4170 a
144 4133 405 4173 maerore
436 4122 689 4174 mentem
717 4119 1023 4191 paulisper
1052 4118 1363 4173 abducant.

153 4261 270 4327 (95)
301 4261 413 4315 His
442 4260 646 4317 verbis
678 4276 796 4316 non
828 4262 1023 4317 solum
1055 4260 1346 4316 indicatur
1369 4260 1523 4316 hanc
1553 4262 1762 4317 oratio-

79 4347 216 4386 nem
248 4332 507 4387 habitam
537 4348 677 4388 esse
709 4333 801 4388 die
835 4333 1135 4403 septimoa
1156 4333 1462 4404 sepultura
1485 4332 1757 4404 ejusdem

80 4404 298 4475 Satyri,
349 4419 557 4475 verum
598 4405 772 4460 etiam
821 4404 1093 4475 eumdem
1137 4404 1289 4475 diem
1331 4405 1399 4475 in
1444 4403 1758 4459 funeribus

81 4474 375 4557 peculiari
413 4475 664 4557 quadam
693 4476 920 4531 ratione
953 4474 1066 4530 coli
1081 4474 1532 4557 solitum..Quod
1556 4476 1756 4530 etiam-

82 4535 225 4600 num
259 4551 377 4600 tam
410 4535 567 4601 circa
600 4546 784 4615 illum,
820 4562 997 4617 quam
1042 4546 1204 4600 circa
1235 4535 1490 4617 tertium,
1538 4561 1759 4602 nonum
1783 4535 1840 4602 D
1933 4546 2009 4616 (2)
2046 4568 2067 4597 ι
2103 4545 2344 4601 Natales
2374 4546 2504 4602 dies
2554 4544 2987 4617 defunctorum,

86 4632 153 4669 ac
189 4617 559 4672 tricesimum
601 4616 974 4673 aliquatenus
1025 4618 1329 4672 retinetur.
1380 4616 1499 4672 Sed
1541 4618 1613 4672 de
1644 4618 1756 4673 hoc

81 4687 143 4741 in
181 4689 350 4741 Orat.
375 4688 451 4742 de
481 4689 605 4743 obit
644 4687 860 4743 Tizeod.
1226 4700 1239 4711 ‘

151 4759 273 4830 (96)
305 4759 578 4830 Plerique
610 4775 782 4829 mss.,
821 4780 843 4809 ι
878 4764 936 4814 et
966 4759 1023 4813 in
1058 4772 1334 4814 sermone
1361 4758 1701 4830 moriamur.
1727 4783 1748 4808 η

153 4829 271 4897 (9'1)
302 4829 437 4901 Non
467 4828 635 4901 pauci
667 4845 815 4886 mss.
843 4869 857 4895 ,
914 4852 937 4881 α
975 4831 1049 4885 ab
1095 4829 1431 4901 istiusmodi
1463 4828 1685 4885 labore.
1724 4854 1745 4878 ι.

149 4901 271 4968 (98)
298 4900 545 4965 Quidam
579 4917 725 4957 mss.
753 4943 767 4971 ,
807 4924 828 4948 σι
865 4901 1232 4956 consortium
1264 4900 1545 4955 refutare.
1585 4924 1606 4948 »

150 4972 269 5039 (99)
303 4972 661 5041 Herodotus,
712 4988 888 5041 quem
931 4972 1140 5027 Cicero
1171 4972 1230 5027 in
1278 4995 1298 5017 ν
1332 4970 1751 5027 Consolatione

78 5044 153 5098 de
187 5044 329 5097 filiae
361 5043 523 5097 obitu
559 5064 582 5093 ι
618 5043 833 5110 laudat,
867 5044 1121 5115 populos
1153 5043 1307 5114 apud
1338 5058 1490 5115 quos
1520 5044 1753 5115 obtine-

79 5114 183 5167 bat
213 5130 287 5185 ea
320 5116 713 5185 consuetudo,
745 5119 1035 5169 memorat
1064 5114 1166 5169 lib.
1216 5131 1274 5182 v,
1308 5114 1404 5168 cui
1437 5114 1572 5170 licet
1599 5114 1755 5185 adji-

76 5187 210 5237 cias
245 5184 371 5238 Val.
404 5184 722 5240 Maximum
754 5185 855 5239 lib.
890 5201 951 5253 ιι,
986 5201 1112 5256 cap.
1146 5185 1198 5253 6,
1225 5184 1510 5253 Solinum,
1545 5184 1749 5256 Pomp.

76 5256 315 5321 Metam,
353 5258 410 5309 et
436 5256 609 5309 alios.
651 5256 794 5310 Vide
826 5256 1098 5310 similiter
1138 5256 1395 5311 Tullium
1424 5257 1537 5311 sub
1578 5257 1751 5311 linem

74 5328 295 5398 prima:
333 5325 499 5398 Tusc.
528 5325 770 5394 Qumst.,
791 5328 891 5381 ubi
911 5327 1174 5398 eamdem
1193 5327 1354 5398 illius
1372 5327 1456 5398 rei
1486 5342 1748 5398 causam,

75 5396 216 5467 quae
246 5396 321 5452 ab
351 5397 670 5469 Ambrosio
702 5398 796 5453 hic
824 5397 1161 5469 subjicitur,
1197 5412 1269 5453 ex
1292 5397 1596 5469 Euripidis
1628 5413 1753 5453 vcr-

74 5469 255 5523 sibus
278 5468 512 5538 promit.

149 5538 232 5607 (l)
265 5539 414 5594 Mss.
446 5540 688 5611 aliquot,
729 5563 749 5586 «
798 5541 857 5594 in
910 5540 1021 5595 hoc
1060 5540 1197 5593 vitae
1246 5555 1467 5611 cursu;
1516 5560 1538 5589 »
1571 5556 1748 5611 unus,

82 5638 101 5653 -
142 5612 202 5664 in
253 5611 409 5664 hunc
456 5609 595 5665 vitio
644 5627 888 5666 cursum
926 5627 940 5680 ;
972 5611 1070 5665 alii
1119 5609 1406 5678 nonnulli,
1457 5632 1479 5656 α
1534 5611 1594 5665 in
1638 5610 1752 5665 hoc

80 5683 223 5738 vitae
255 5682 469 5740 solum.
510 5705 532 5731 ιι
566 5682 682 5740 Sed
711 5683 935 5741 rectius
965 5682 1084 5753 alii,
1128 5685 1185 5738 et
1216 5696 1423 5739 omnes
1454 5681 1615 5751 edit.,
1643 5704 1665 5729 «ι
1692 5681 1753 5737 in

1879 553 1980 606 tus
2010 550 2310 606 hominum
2341 551 2616 623 lugerent
2645 551 2779 624 (99),
2815 552 3130 625 obitusque
3154 553 3541 610 celebrarent.

1885 641 2008 695 Nec
2058 640 2498 711 imprudenter:
2550 656 2654 696 eos
2702 641 2856 697 enim
2900 643 3001 714 qui
3049 642 3109 697 in
3157 642 3270 698 hoc
3297 642 3435 698 vitm
3467 641 3546 711 (1)

1882 729 2073 784 salum
2112 730 2444 799 venissent,
2491 730 2829 786 moerendos
2875 732 3199 802 putabant:
3253 746 3358 787 eos
3403 746 3545 787 vero

1888 819 1990 890 qui
2019 833 2091 874 ex
2119 818 2294 874 istius
2323 818 2521 874 mundi
2554 819 2833 891 procellis
2856 825 2911 875 et
2944 819 3222 875 ﬂuctibus
3255 820 3542 875 emersis-

1881 911 2034 977 sent,
2068 922 2185 962 non
2206 906 2432 980 injuste
2463 908 2677 979 gaudio
2707 908 3157 980 prosequendos
3189 908 3547 965 arbitraban-

1879 1000 1992 1052 tur.
2028 996 2155 1052 Nos
2188 1012 2421 1068 quoque
2453 997 2568 1069 ipsi
2598 997 2826 1052 natales
2855 998 3005 1067 dies,
3030 997 3443 1053 defunctorum
3465 998 3544 1070 (2)

1880 1085 2309 1154 obliviscimur,
2344 1089 2401 1141 et
2430 1102 2563 1141 eum
2585 1101 2700 1158 quo
2730 1086 3003 1143 obierunt
3033 1086 3186 1142 diem
3206 1086 3426 1143 celebri
3447 1103 3543 1144 so-

1877 1175 2176 1231 lemnitate
2200 1190 2579 1231 renovamus.

1946 1299 2000 1354 6.
2036 1299 2168 1355 Non
2200 1305 2291 1357 est
2320 1315 2467 1373 ergo
2496 1300 2703 1373 gravis
2716 1300 3068 1356 subeundus
3090 1316 3307 1358 maeror
3323 1316 3538 1357 secun-

1877 1389 2012 1446 dum
2046 1392 2351 1460 naturam;
2401 1405 2472 1445 ne
2503 1393 2600 1445 aut
2641 1389 3115 1446 excellentiorem
3147 1390 3401 1462 aliquam
3432 1407 3541 1446 na-

1878 1481 2026 1535 turm
2057 1478 2465 1550 exceptionem
2514 1479 2688 1534 nobis
2736 1494 3021 1551 arrogare
3070 1479 3393 1549 videamur,
3444 1483 3544 1536 aut

1876 1581 2249 1623 communem
2297 1583 2599 1623 recusare.
2663 1567 2890 1624 Etenim
2943 1583 3104 1623 mors
3147 1569 3395 1641 aequalis
3450 1574 3544 1625 est

1875 1657 2173 1727 omnibus,
2210 1657 2534 1713 indiscreta
2584 1657 3309 1729 pauperibusrinexcepta
3339 1658 3540 1713 diviti-

1875 1747 2011 1801 bus.
2045 1745 2116 1801 Et
2146 1746 2277 1802 ideo
2307 1745 2446 1802 licet
2490 1762 2597 1818 per
2641 1746 2820 1801 unius
2868 1750 3205 1817 peccatum,
3239 1748 3299 1802 in
3330 1762 3539 1803 omnes

2508 1834 2695 1903 (Rom.
2747 1851 2804 1905 v,
2837 1834 2928 1905 18)
2956 1852 2968 1900 ;
3000 1840 3064 1889 ut
3092 1850 3267 1906 quem
3299 1836 3540 1907 generis

1875 1939 1990 1980 non
2020 1925 2356 1996 refugimus
2383 1928 2709 1993 auctorem,
2743 1938 2861 1979 non
2891 1924 3261 1996 refugiamus
3291 1928 3349 1978 et
3378 1938 3538 1979 mor-

1872 2013 1950 2069 tis
1983 2030 1995 2068 :
2028 2016 2089 2069 et
2116 2014 2196 2069 sit
2223 2013 2398 2069 nobis
2420 2013 2577 2069 sicut
2596 2027 2702 2084 per
2721 2027 2899 2068 unum
2922 2028 3108 2082 mors,
3134 2013 3211 2067 ita
3232 2028 3340 2083 per
3358 2029 3540 2068 unum

1873 2103 2048 2160 etiam
2077 2103 2480 2168 resurrectio;
2533 2117 2642 2158 nec
2678 2117 3030 2158 recusemus
3080 2117 3424 2169 aerumnam,
3475 2105 3539 2157 ut

1872 2191 2292 2264 perveniamus
2321 2192 2393 2246 ad
2437 2191 2686 2263 gratiam
2721 2206 2733 2245 :
2772 2212 2794 2238 ιι
2848 2190 3021 2245 Venit
3055 2213 3077 2238 η
3113 2190 3290 2260 enim,
3345 2190 3540 2254 1137

1873 2284 1934 2336 ut
1965 2280 2243 2354 legimus,
2282 2302 2303 2330 ι
2336 2280 2616 2336 Christus
2648 2280 2878 2334 salvum
2909 2279 3124 2347 facere,
3158 2279 3317 2351 quod
3347 2280 3538 2350 perie-

1872 2374 1961 2424 rat
1992 2370 2155 2440 (Lue.
2186 2386 2308 2437 nux,
2345 2368 2433 2439 10)
2468 2385 2480 2423 :
2519 2390 2540 2418 ιι
2582 2391 2605 2416 α
2642 2371 2697 2423 et
2731 2390 2753 2417 ε
2787 2370 2849 2422 ιιι
2879 2383 2996 2423 non
3026 2368 3220 2422 solum
3241 2369 3533 2438 vivorum,

1873 2458 1980 2514 sed
2012 2459 2187 2514 etiam
2218 2461 2583 2514 mortuorum
2632 2457 2965 2512 dominetur
3012 2457 3202 2527 (Rom.
3244 2474 3363 2528 χιιι,
3395 2456 3473 2528 6).
3510 2481 3533 2506 ιο

1872 2548 2107 2619 Lapsus
2139 2564 2271 2603 sum
2293 2547 2353 2603 in
2385 2547 2590 2617 Adam,
2612 2547 2683 2602 de
2704 2546 2981 2618 paradiso
2994 2546 3223 2618 ejectus
3245 2546 3306 2601 in
3327 2547 3534 2618 Adam,

1870 2641 2139 2693 mortuus
2168 2638 2227 2692 in
2268 2637 2490 2706 Adam;
2536 2636 2832 2708 quomodo
2881 2639 3154 2706 revocet,
3204 2635 3321 2692 nisi
3350 2650 3443 2692 me
3474 2636 3536 2693 in

1870 2727 2055 2782 Adam
2086 2726 2397 2794 invenerit,
2430 2728 2492 2781 ut
2521 2726 2582 2781 in
2610 2725 2712 2780 illo
2756 2726 2945 2795 culpaa
2988 2724 3330 2796 obnoxium,
3363 2727 3535 2781 morti

1869 2815 2150 2885 debitum,
2185 2815 2261 2870 ita
2292 2814 2351 2870 in
2399 2813 2640 2869 Christo
2681 2812 3072 2886 justitlcatum
3115 2813 3198 2882 (S.
3244 2814 3398 2887 Aug.
3450 2814 3546 2870 De

1861 2910 2109 2977 peccato
2157 2904 2347 2975 orig.,
2400 2919 2526 2975 cap.
2558 2903 2700 2974 4t)?
2749 2926 2772 2952 ι
2820 2903 2883 2959 Si
2942 2916 3088 2975 ergo
3137 2903 3397 2959 debitum
3445 2907 3539 2958 est

1869 2994 2102 3062 mortis,
2125 2994 2343 3050 solutio
2371 2993 2548 3049 debet
2570 3007 2708 3049 esse
2729 2992 3076 3049 tolerabilis.
3100 2991 3217 3048 Sed
3239 2991 3335 3048 hic
3364 2993 3535 3048 locus

1868 3082 2305 3154 posterioribus
2333 3082 2602 3155 partibus
2649 3082 3070 3138 reservandus.

1937 3209 1991 3264 '7.
2023 3208 2194 3264 Nunc
2227 3207 2594 3280 propositum
2625 3211 2680 3263 et
2701 3221 2976 3262 asserere
3001 3204 3244 3262 moriem
3270 3205 3533 3278 graviori

1868 3314 1985 3354 non
2018 3297 2235 3353 debere
2265 3312 2405 3352 esse
2453 3294 2714 3364 mmrori,
2758 3295 2914 3368 quod
2964 3310 3098 3349 eum
3143 3296 3349 3350 natura
3405 3292 3533 3366 ipsa

1866 3391 2127 3459 respuat.
2164 3387 2429 3459 Denique
2462 3385 2775 3458 Lyciorum
2808 3383 2887 3455 (3)
2920 3382 3189 3439 feruntur
3219 3398 3357 3439 esse
3392 3399 3537 3454 prae-

1866 3482 2054 3549 cepta,
2079 3492 2213 3549 qum
2234 3475 2657 3548 virosjubeant
2682 3474 2989 3530 mulierum
3014 3477 3240 3528 vestem
3263 3471 3531 3541 induere,

1867 3566 1921 3621 si
1951 3565 2195 3621 maerori
2224 3565 2570 3638 indulgeant
2593 3582 2607 3630 ;
2642 3578 2712 3618 eo
2734 3562 2891 3635 quod
2909 3562 3144 3618 mollem
3158 3565 3214 3618 et
3234 3560 3533 3618 etTemina-

1865 3658 1988 3710 tum
2010 3654 2413 3726 judicavorint
2443 3655 2503 3709 in
2533 3653 2664 3709 viro
2696 3653 2937 3708 luctum.
2964 3651 3237 3707 Deforme
3262 3653 3355 3707 est
3378 3650 3533 3707 enim

1865 3758 1973 3799 eos
2029 3744 2130 3815 qui
2179 3758 2287 3814 pro
2337 3743 2469 3811 fide,
2512 3757 2620 3814 pro
2662 3741 2973 3814 religione,
3027 3755 3131 3813 pro
3177 3740 3384 3813 patria,
3427 3756 3535 3811 pro
3598 3776 3613 3791 .

1868 3832 2141 3905 aequitate
2168 3831 2401 3905 judicii,
2454 3835 2627 3904 atque
2668 3830 2990 3887 intentione
3020 3829 3257 3885 virtutis
3296 3828 3536 3885 obvium

1866 3922 2039 3977 morti
2054 3920 2272 3977 debent
2288 3924 2497 3993 pectus
2519 3919 2754 3991 offerre,
2772 3935 3025 3975 moerere
3048 3920 3106 3974 in
3129 3919 3242 3974 alio
3266 3918 3533 3992 gravius,

1868 4009 2025 4083 quod
2074 4010 2134 4065 in
2182 4026 2269 4079 se,
2328 4011 2379 4066 si
2422 4026 2603 4065 causa
2653 4010 2955 4083 exegerit,
2998 4009 3077 4065 sit
3123 4008 3533 4079 expetendum.

1867 4100 2016 4155 Nam
2048 4100 2540 4173 quemadmodum
2564 4104 2732 4173 potes
2766 4099 2822 4153 in
2842 4102 2897 4154 te
2912 4114 3030 4154 non
3049 4099 3349 4173 refugere,
3375 4096 3532 4171 quod

1865 4243 1978 4299 hoc
2008 4244 2145 4298 vitm
2178 4244 2388 4311 salum,
2427 4267 2449 4291 η
2485 4241 2539 4297 id
2574 4246 2686 4311 est,
2720 4243 2779 4297 in
2818 4242 2934 4298 hoc
2963 4257 3165 4304 mare;
3221 4264 3244 4289 α
3279 4241 3470 4296 salum
3504 4264 3527 4288 υ

1865 4315 2022 4372 enim
2068 4314 2281 4370 dicitur
2309 4313 2401 4371 vel
2448 4333 2481 4372 a
2509 4320 2703 4386 ζαλάω,
2730 4330 2839 4370 seu
2867 4319 3037 4386 ζάλος,
3065 4313 3222 4384 quod
3253 4314 3346 4367 est
3373 4327 3525 4382 aqua

1864 4396 2155 4451 fluctuans
2182 4413 2192 4450 :
2236 4396 2328 4452 vel
2342 4401 2513 4466 σάλος,
2549 4410 2665 4466 quo
2698 4398 2755 4449 et
2784 4408 2948 4449 mare
2978 4397 3038 4450 et
3058 4391 3299 4465 jactatio
3330 4389 3526 4463 signi-

1865 4475 2092 4530 ilcatur.

3039 4568 3061 4591 ι»
3114 4541 3374 4613 intelligo
3408 4556 3524 4596 non

1860 4612 2082 4673 tantum
2115 4618 2557 4690 martyrum,de
2590 4615 3154 4690 quibusCyprianus
3185 4612 3358 4690 epist.
3419 4628 3528 4684 pa-

1862 4705 1986 4744 raen
2022 4693 2078 4743 ct
2115 4689 2211 4743 alii
2244 4683 2483 4760 p'lurimi
2508 4683 2927 4760 meminerunt;
2949 4685 3058 4740 sed
3080 4684 3253 4760 etiam
3270 4683 3521 4760 aliorum

1863 4753 2351 4842 Christianorum,
2384 4775 2636 4842 quorum
2667 4758 2865 4841 obitus
2898 4753 3215 4842 quotannis
3243 4753 3527 4842 precibus

1864 4836 2039 4903 atque
2071 4826 2710 4903 sacrificiisfcelebra‘ri
2740 4826 3167 4903 consueverat,
3200 4831 3274 4903 ut
3292 4826 3527 4881 discere

1861 4898 2326 4958 ex'Tertulliano
2356 4901 2458 4956 lib.
2493 4902 2568 4956 de
2596 4900 2828 4972 Monog.
2864 4915 2991 4971 cap.
3018 4898 3105 4965 10,
3130 4898 3527 4972 Denique__na-

1862 4974 2012 5028 tales
2034 4973 2163 5027 dies
2197 4986 2265 5043 ac
2296 4972 2553 5026 natalitia
2578 4968 3151 5043 praeterquamiquod
3166 4968 3529 5043 martyribus

1863 5042 2474 5114 accommodabuntur,
2510 5040 2626 5114 quo
2659 5040 2842 5097 sensu
2875 5042 2934 5096 in
2977 5040 3202 5114 Paulini
3247 5041 3528 5095 carmini-

1862 5115 1977 5170 bus
2007 5115 2079 5169 de
2111 5116 2317 5168 sancto
2349 5113 2544 5168 Felice
2578 5129 2694 5168 non
2726 5114 2908 5183 semel
2942 5113 3131 5183 posita
3168 5115 3326 5178 sunt,
3363 5115 3527 5183 apta-

1859 5186 2075 5241 bantur
2105 5186 2280 5241 etiam
2311 5185 2444 5239 aliis
2478 5184 2682 5240 rebus.
2715 5182 2815 5239 Sic
2859 5182 3216 5238 Ambrosius
3263 5183 3363 5237 lib.
3400 5182 3523 5251 vm,

1860 5258 1924 5312 in
1954 5258 2116 5325 Luc.,
2151 5271 2311 5310 num.
2336 5256 2441 5327 7'73,
2489 5260 2545 5312 et
2584 5256 2758 5327 epist.
2798 5271 2876 5327 iv,
2912 5256 2983 5327 ad
3030 5255 3287 5327 Felicem
3318 5255 3482 5327 (Jom.
3510 5293 3525 5321 ,

1860 5345 2021 5383 num.
2054 5328 2107 5391 2,
2143 5326 2459 5381 sacerdotii
2492 5324 2637 5381 initi'
2662 5326 2913 5381 natalem
2944 5325 3087 5380 dicit
3119 5342 3131 5380 :
3167 5340 3283 5396 quo
3316 5324 3517 5379 ultimo

1859 5399 1992 5454 loco
2026 5398 2201 5453 etiam
2234 5398 2500 5453 nonnihil
2530 5414 2561 5452 a
2592 5398 2768 5453 nobis
2804 5398 3183 5452 observatum
3214 5398 3325 5449 est.

1931 5468 2312 5551 (3)'Hujus-ce
2354 5469 2530 5551 legis,
2573 5485 2708 5551 quae
2752 5468 2817 5551 in
2844 5468 3021 5551 Lyris
3067 5466 3321 5551 minoris
3363 5464 3522 5551 asia)

1859 5535 2177 5612 provincia
2194 5542 2351 5596 circa
2375 5535 2614 5612 lu'gendi
2637 5539 2873 5612 modum
2896 5535 3347 5612 observabatur,
3363 5549 3523 5612 men-

1859 5603 1938 5666 tio
1991 5610 2284 5682 reperitur
2330 5603 2484 5682 apud
2533 5612 2659 5666 Val.
2696 5611 3013 5682 Maximum
3046 5607 3243 5682 Ιὶὶρηιι,
3280 5619 3414 5682 cap.
3448 5603 3515 5667 6,

1858 5685 2034 5758 atque
2058 5674 2447 5743 Plutarchum
2475 5683 2578 5741 lib.
2610 5683 2685 5739 de
2719 5678 3014 5741 Consolat.
3049 5676 3123 5735 ad
3148 5674 3421 5753 Apollon.
