4098 6178
334 280 493 351 1375

1798 234 1877 352 ΑΒ.
1923 286 2366 354 AMBROSII.

3640 293 3817 358 1376

358 486 758 558 impatientius
791 489 887 544 alii
918 489 1122 546 doleas
1154 489 1448 545 accidisse
1468 492 1497 546 ?
1527 490 1762 562 Depone
1795 505 2017 545 moero-
2050 471 2109 533 Α
2139 490 2293 546 ferre
2323 506 2391 545 ac
2420 490 2645 562 perpeti
2674 489 3087 564 nequiverunt,
3120 492 3481 548 contrarium
3520 495 3662 549 voto
3715 494 3813 548 in-

360 591 506 646 rem,
541 576 592 631 si
625 581 795 647 potes
832 595 843 633 :
879 578 1133 648 include,
1160 580 1209 634 si
1242 596 1359 635 non
1393 583 1582 651 potes.

430 664 484 720 8.
517 667 633 720 Aut
664 666 1082 723 absorbendus
1121 669 1335 739 omnis,
1388 673 1486 723 aut
1532 669 1890 741 premendus
1931 672 2023 725 est

358 752 548 808 dolor.
583 754 701 810 Cur
733 757 888 811 enim
920 758 1258 811 mmstitiam
1301 761 1458 812 tuam
1490 774 1606 812 non
1647 758 1796 813 ratio
1826 756 2021 828 potius

360 857 536 914 quam
566 842 695 899 dies
726 844 905 899 leniat
934 845 1054 916 (4)?
1102 846 1235 901 Non
1283 847 1439 918 quod
1483 846 1885 905 oblitteratum
1933 848 2024 899 est

361 933 650 1003 temporis
683 933 897 1002 series,
929 934 1142 989 melius
1192 936 1500 1005 prudentia
1531 935 1840 1007 mitigabit.
1873 933 2025 1000 Quin

363 1019 537 1076 etiam
567 1020 681 1076 hoc
712 1022 907 1093 ipsum
950 1022 1352 1097 irreligiosum
1388 1026 1526 1096 puto
1576 1040 1720 1095 erga
1759 1026 2025 1094 ipsorum

363 1110 725 1179 memoriam,
779 1127 930 1183 quos
977 1112 1246 1167 dolemus
1290 1114 1590 1182 amissos,
1644 1117 1704 1168 ut
1751 1112 2025 1168 oblivisci

363 1212 568 1253 eorum
599 1199 870 1255 malimus
901 1217 1074 1273 quam
1127 1202 1532 1257 consolatione
1581 1202 1865 1267 mulceri;
1928 1205 2026 1256 aut

364 1303 496 1342 eum
530 1288 774 1345 horrore
807 1291 1126 1360 reminisci,
1148 1308 1322 1363 quam
1346 1292 1690 1347 meminisse
1714 1307 1846 1346 cum
1882 1305 2023 1363 gra-

365 1376 443 1431 tia
479 1393 492 1432 :
525 1379 993 1435 recordationem
1025 1380 1248 1451 timere,
1305 1397 1558 1453 quorum
1588 1381 1783 1453 imago
1814 1380 2029 1435 debeat

308 1486 329 1499 ι’
369 1480 510 1523 esse
538 1468 818 1538 voluptati
853 1485 865 1523 :
900 1468 1168 1525 diffidere
1215 1470 1413 1541 po'ius
1462 1485 1638 1541 quam
1680 1484 1923 1540 sperare
1956 1468 2028 1522 de

270 1600 281 1607 ι
368 1556 595 1610 meritis
624 1556 1080 1616 defunctorum:
1115 1575 1306 1630 poenae
1354 1559 1643 1627 addictos,
1692 1573 1868 1630 quam
1916 1556 2028 1611 im-

368 1645 703 1701 mortalitati
731 1647 986 1715 debitos,
1021 1664 1176 1719 quos
1206 1648 1508 1717 dilexeris,
1541 1648 1857 1702 aestimare.

437 1734 492 1790 9.
526 1734 643 1790 Sed
672 1736 824 1791 dicis
849 1751 862 1791 :
885 1735 1045 1800 Quos
1078 1737 1495 1808 diligebamus,
1520 1735 1849 1790 amisimus.
1872 1734 2032 1789 Non-

367 1837 441 1877 ne
471 1823 599 1878 haec
630 1824 802 1879 nobis
826 1841 959 1880 cum
990 1826 1120 1894 ipso
1149 1826 1366 1879 mundo
1413 1824 1839 1895 elementisque
1863 1838 2031 1878 eom-

371 1913 571 1967 munia
602 1917 776 1983 sunt;
810 1914 947 1985 quia
976 1913 1048 1968 ad
1079 1918 1311 1984 tempus
1343 1913 1568 1967 credita
1600 1914 1657 1966 in
1689 1917 2032 1984 perpetuum

371 2004 573 2057 tenere
609 2018 728 2057 non
765 2004 1138 2073 possumus?
1184 2002 1373 2057 Gemit
1427 2008 1580 2057 terra
1641 2003 1754 2057 sub
1796 2001 2031 2071 aratris,

362 2089 664 2146 imbribus
695 2091 959 2158 ceeditur,
985 2094 1332 2162 tempestate
1353 2092 1704 2160 concutitur,
1722 2090 2036 2163 stringitur

368 2177 615 2251 frigore,
649 2180 777 2236 sole
806 2183 1065 2235 torretur
1094 2196 1108 2236 :
1142 2185 1203 2236 ut
1233 2180 1463 2235 fruetus
1490 2196 1719 2235 annuos
1758 2179 1871 2234 feta
1908 2195 2036 2250 par-

371 2269 590 2324 turiat:
636 2271 692 2323 et
747 2285 881 2325 eum
929 2285 996 2325 se
1042 2269 1205 2325 vario
1254 2270 1396 2324 flore
1448 2269 1735 2336 vestiet-it,
1789 2268 2035 2339 prOprio

372 2358 608 2414 exuitur
635 2362 692 2414 et
723 2359 1010 2429 spoliatur
1039 2362 1267 2416 ornatu.
1302 2358 1564 2424 Quantos
1596 2358 1724 2413 haec
1767 2342 2035 2427 raptores

372 2447 551 2503 habet
570 2449 598 2504 ?
627 2448 750 2504 Nec
781 2449 1037 2504 fructum
1058 2464 1231 2503 suum
1250 2449 1518 2519 queritur
1540 2446 2039 2517 nmissum,quem

373 2536 508 2593 ideo
536 2538 864 2610 generavit,
899 2541 963 2592 ut
1003 2538 1294 2592 amitteret
1326 2551 1339 2591 :
1375 2552 1484 2592 nec
1515 2537 1896 2608 imposterum
1932 2549 2039 2589 ne-

372 2629 491 2701 gat,
527 2642 700 2698 quem
731 2626 848 2681 sibi
878 2626 1139 2685 meminit
1172 2625 1579 2681 auferendum.

445 2715 531 2770 10.
564 2715 791 2771 leum
823 2716 1017 2785 ipsum
1050 2731 1167 2770 non
1197 2730 1434 2784 semper
1469 2714 1772 2769 stellarum
1813 2712 2042 2767 mican-

370 2804 515 2860 tium
546 2804 744 2877 globis
776 2804 982 2876 fulget,
1016 2804 1233 2875 quibus
1283 2803 1452 2875 quasi
1484 2802 1844 2875 quihusdam
1898 2801 2040 2856 insi-

375 2894 575 2967 gnitur
603 2893 863 2948 coronis.
916 2894 1048 2949 Non
1095 2908 1331 2965 semper
1376 2896 1506 2948 ortu
1551 2892 1703 2947 lucis
1750 2891 2020 2959 albescit,

372 2983 561 3039 radiis
589 2982 737 3039 solis
765 2983 1020 3039 irrutilat
1053 2998 1066 3039 :
1094 2983 1198 3039 sed
1230 2982 1496 3038 assiduis
1529 2981 1768 3036 vicibus
1791 2980 1888 3036 ille
1921 2981 2044 3052 qui-

375 3072 509 3132 dam
541 3072 739 3129 mundi
770 3072 971 3128 vultus
1021 3064 1423 3145 gratissimus,
1475 3071 1738 3126 humenti
1782 3070 2044 3126 noctium
2092 3098 2101 3106 ι

2070 1959 2120 2020 Β

2139 580 2358 651 cidunt,
2391 583 2452 636 ut
2482 581 2554 635 ab
2587 580 2682 635 his
2706 580 2787 635 'in
2832 582 3182 652 perpetuum
3236 584 3608 653 separentur,
3658 598 3822 655 quos

2139 669 2311 741 sequi
2338 669 2828 725 desideraverint.
2863 668 2981 724 Sed
3013 669 3142 725 haec
3173 686 3340 741 rara;
3389 672 3675 742 quoniam
3708 688 3825 727 na-

2138 762 2268 812 tura
2299 758 2427 830 ipsa
2455 761 2718 828 revocat,
2752 758 2866 812 etsi
2899 758 3232 829 praecipitet
3259 760 3533 814 amentia.

2213 845 2298 902 1‘2.
2341 847 2487 902 Illud
2518 862 2659 902 vero
2691 846 2973 919 frequens
3017 847 3076 901 in
3127 847 3516 920 mulieribus,
3572 852 3639 904 ut
3696 850 3828 904 cla-

2142 952 2340 991 mores
2389 934 2661 1007 publicos
2704 937 2927 1004 serant,
2980 936 3152 1009 quasi
3204 940 3467 993 metuant
3506 952 3582 992 ne
3613 954 3826 993 earum

2143 1025 2455 1097 ignoretur
2485 1040 2745 1079 aerumna
2777 1023 2854 1094 (6)
2890 1040 2901 1079 :
2938 1030 2998 1080 ut
3023 1024 3285 1080 illuviem
3307 1026 3496 1081 vestis
3517 1025 3822 1096 aﬂ'ectent,

2143 1115 2314 1185 quasi
2346 1113 2403 1168 in
2433 1128 2503 1168 ea
2530 1113 2605 1167 sit
2636 1128 2855 1167 sensus
2888 1113 3125 1169 dolendi
3160 1129 3172 1168 :
3210 1118 3272 1168 ut
3324 1114 3627 1185 impexum
3676 1132 3823 1171 sor-

2143 1202 2318 1257 dibus
2348 1202 2725 1258 immadident
2752 1206 2927 1273 caput
2957 1219 2968 1257 :
3007 1207 3067 1257 ut
3097 1207 3418 1273 postremo,
3472 1203 3638 1275 quod
3692 1204 3832 1275 ple-

2143 1292 2346 1364 risque
2380 1292 2437 1345 in
2465 1291 2614 1346 locis
2645 1291 2823 1364 vulgo
2857 1291 2982 1346 fieri
3025 1291 3197 1360 solet,
3247 1291 3508 1348 discisso
3560 1294 3812 1363 amictu,

2145 1381 2448 1436 diloricala
2479 1384 2667 1451 veste,
2699 1380 2920 1437 secreti
2953 1380 3200 1451 pudoris
3231 1380 3387 1435 nuda
3429 1383 3824 1451 prostituant,

2146 1471 2317 1542 quasi
2349 1470 2545 1540 ipsum
2573 1469 2983 1525 lenocinentur
3020 1470 3328 1540 pudorem,
3382 1470 3519 1542 quia
3564 1471 3830 1542 pudoris

2147 1558 2241 1614 sui
2272 1559 2512 1630 praemia
2542 1558 2943 1627 perdiderunt.
2993 1556 3092 1613 Sic
3138 1573 3430 1630 procaces
3474 1559 3638 1614 oculi
3685 1576 3829 1630 pro.

2149 1651 2453 1716 vocantur,
2487 1651 2547 1702 ut
2568 1646 3010 1717 concupiscant,
3031 1650 3093 1701 ut
3110 1662 3307 1702 amare
3328 1647 3613 1717 incipiant
3633 1663 3827 1703 mem-

2150 1738 2255 1791 bra
2286 1735 2500 1791 nudata
2533 1751 2545 1790 :
2580 1751 2714 1813 quae
2745 1735 2797 1789 si
2828 1750 2947 1790 non
2979 1735 3338 1805 aspicerent,
3385 1751 3504 1791 non
3534 1742 3832 1792 amarent.

2153 1822 2343 1897 Atque
2376 1822 2613 1879 ’utinam
2658 1823 2960 1879 sordidata
3002 1822 3101 1878 illa
3150 1827 3493 1895 tegumenta
3550 1826 3841 1895 corporis

2149 1932 2269 1971 non
2302 1916 2585 1987 Speciem,
2621 1913 2727 1968 sed
2758 1917 3013 1968 mentem
3042 1909 3439 1968 obnuberentl
3491 1913 3668 1968 Latet
3713 1914 3839 1984 ple-

2153 2020 2400 2077 rumque
2449 2003 2561 2059 sub
2611 2002 2764 2057 tristi
2812 2001 3027 2057 amictu
3076 2001 3291 2055 mentis
3330 2000 3603 2069 lascivia,
3638 2006 3698 2058 et
3729 2003 3834 2057 de-

2154 2094 2362 2149 formis
2393 2093 2608 2147 horror
2638 2091 2824 2147 vestis
2855 2089 3179 2156 obtexitur;
3214 2093 3276 2145 ut
3304 2093 3537 2146 secreta
3565 2091 3841 2162 petulan-

2154 2183 2296 2239 tium
2319 2182 2594 2255 legantur
2615 2180 2966 2235 animorum.

2227 2271 2314 2327 13.
2356 2272 2513 2326 Satis
2543 2269 2861 2355 pie.virum
2895 2268 3078 2340 luget,
3110 2283 3245 2340 quae
3270 2272 3469 2323 servat
3510 2269 3837 2340 pudorem,

2155 2377 2271 2417 non
2302 2360 2522 2416 deserit
2551 2359 2745 2415 fidem.
2794 2357 2936 2414 Haec
2968 2358 3120 2412 bene
3153 2357 3450 2413 defunctis
3484 2357 3691 2413 officia
3725 2360 3839 2413 im-

2156 2450 2469 2522 peduntur,
2505 2452 2567 2504 ut
2596 2449 2795 2503 vivant
2825 2447 2883 2502 in
2914 2446 3234 2515 mentibus,
3268 2444 3327 2501 in
3357 2444 3677 2501 affectibus
3707 2464 3843 2517 per-

2156 2542 2450 2595 severent.
2485 2538 2615 2592 Non
2644 2536 2854 2591 amasit
2884 2537 3100 2605 virum,
3133 2550 3267 2607 qum
3319 2534 3607 2590 exhibent
3658 2536 3844 2591 casti-

2155 2632 2330 2684 tatem
2362 2644 2374 2683 :
2409 2643 2525 2683 non
2554 2631 2646 2682 est
2676 2626 2912 2681 viduata
2944 2623 3247 2697 eonjugio,
3282 2639 3417 2696 quae
3441 2639 3558 2679 non
3579 2625 3845 2679 mutavit

2159 2734 2373 2774 nomen
2414 2717 2625 2773 mariti.
2676 2716 2801 2771 Nec
2852 2716 2913 2770 tu
2959 2712 3273 2784 perdidisti
3322 2712 3647 2783 haeredem,
3700 2728 3843 2785 qua

2158 2808 2409 2879 adjuvas
2442 2804 2817 2862 cohaeredem
2850 2818 2862 2860 :
2897 2802 3006 2859 sed
3035 2817 3142 2874 pro
3178 2816 3540 2857 successore
3570 2817 3838 2873 cormp-

2157 2897 2429 2965 tibilium,
2462 2895 2701 2950 mutasti
2732 2895 3070 2949 consortem
3101 2889 3516 2946 immortalium
3564 2891 3669 2963 ('7).
3717 2891 3846 2946 Ha-

2158 2987 2266 3042 bes
2298 2985 2398 3058 qui
2427 2985 2530 3040 tibi
2564 2985 2953 3055 repraesentet
2981 2979 3281 3035 hmredem
3315 2994 3328 3033 :
3359 2979 3528 3036 solve
3556 2981 3843 3050 pauperi,

2158 3077 2316 3149 quod
2348 3075 2595 3131 debetur
2625 3071 2848 3128 haeredi
2884 3086 2897 3127 :
2931 3073 2992 3125 ut
3021 3084 3136 3124 non
3170 3067 3363 3123 solum
3395 3073 3682 3124 materna:
3732 3075 3842 3124 aut

379 3161 595 3238 caligat
626 3163 900 3218 horrore.
932 3162 1081 3229 Quid
1136 3161 1366 3235 gratius
1400 3160 1575 3216 luce?
1620 3159 1760 3231 quid
1793 3159 1922 3215 sole
1948 3157 2045 3231 ju-
2084 3164 2133 3226 C
2161 3170 2423 3239 paternae
2472 3162 2821 3231 senectutis,
2886 3159 2992 3215 sed
3040 3159 3218 3213 etiam
3267 3158 3405 3213 vitm
3446 3158 3713 3230 propriae
3769 3159 3853 3213 sit

376 3252 628 3309 cundius
649 3252 678 3308 ιι
699 3268 832 3324 quae
853 3251 1111 3324 quotidie
1135 3251 1444 3317 occidunt;
1474 3251 1556 3314 11
1571 3250 1668 3314 38
1698 3248 2043 3303 decessisse

372 3346 568 3399 tamen
599 3341 728 3397 haec
760 3341 934 3397 nobis
983 3357 1100 3396 non
1142 3339 1389 3396 molesto
1421 3339 1694 3407 ferimus,
1741 3336 1877 3409 quia
1911 3352 2045 3392 eum

375 3433 571 3488 redire
617 3431 1057 3503 prtesumimus.
1110 3430 1359 3485 Doceris
1408 3429 1467 3484 iu
1497 3428 1592 3482 his
1625 3442 1803 3500 quam
1834 3426 1893 3481 in
1924 3425 2043 3481 tuis

375 3520 597 3577 debeas
627 3521 908 3577 exhibere
939 3519 1295 3592 patientiam.
1321 3516 1384 3573 Si
1416 3515 1724 3588 superiora
1747 3514 1849 3569 tibi
1880 3513 2043 3569 occi-

376 3612 538 3684 dunt,
575 3628 684 3668 nec
715 3608 902 3668 dolori
932 3613 1108 3676 sunt;
1159 3625 1266 3664 cur
1294 3607 1346 3663 si
1398 3605 1726 3663 occiderint
1767 3604 2041 3672 humana,

378 3706 688 3761 doleantur
707 3705 735 3759 ?

434 3784 535 3851 'tt.
568 3794 656 3849 Sit
687 3797 879 3850 tamen
910 3791 1141 3864 patiens
1172 3788 1363 3858 dolor,
1397 3786 1475 3843 sit
1506 3784 1565 3841 iu
1598 3785 1869 3840 tristibus
1912 3797 2042 3837 mo-

377 3884 513 3952 dus,
545 3883 645 3955 qui
677 3882 934 3955 exigitur
974 3880 1034 3936 in
1065 3877 1369 3935 secundis.
1416 3877 1508 3931 An
1557 3875 1611 3931 si
1663 3870 2045 3928 immoderate

378 3971 639 4045 gaudere
670 3987 786 4026 non
816 3969 1109 4037 convenit,
1141 3968 1348 4040 lugere
1370 3963 1690 4021 convenit?
1722 3962 1855 4017 Non
1887 3960 2043 4016 enim

376 4059 677 4116 mediocre
707 4059 923 4114 malum
953 4062 1045 4113 est
1074 4054 1479 4111 immoderatio
1510 4052 1757 4120 doloris,
1794 4054 1893 4105 aut
1916 4065 2041 4104 me-

377 4152 477 4206 tus
507 4149 737 4204 mortis.
768 4147 1031 4214 Quantos
1061 4146 1132 4200 ad
1154 4146 1428 4216 laqueum
1451 4138 2043 4212 impulit,armavitad

2160 3260 2492 3327 superstes.
2527 3252 2671 3308 Plus
2703 3247 3045 3307 successori
3076 3252 3175 3303 tuo
3210 3246 3521 3318 relinquis,
3555 3246 3609 3301 si
3640 3248 3854 3319 portio

2161 3344 2296 3417 ejus
2343 3360 2457 3398 non
2509 3342 2581 3397 ad
2627 3341 2831 3395 luxum
2859 3337 3261 3411 'praasentium
3293 3335 3579 3407 proficiat,
3616 3336 3732 3391 sed
3767 3336 3847 3393 ad

2161 3434 2417 3506 pretium
2448 3432 2799 3486 futurorum.

2234 3524 2318 3578 14.
2362 3521 2478 3577 Sed
2526 3520 2941 3576 desideramus
2986 3516 3272 3571 amissos.
3322 3513 3449 3569 Duo
3494 3517 3639 3569 sunt
3676 3514 3844 3570 enim

2160 3628 2294 3685 quae
2326 3610 2578 3666 maxime
2610 3611 2854 3682 angunt,
2886 3610 2986 3661 aut
3013 3603 3378 3661 desiderium
3408 3617 3642 3673 eorum,
3690 3620 3853 3675 quos

2161 3700 2562 3768 amiserimus,
2598 3699 2753 3752 sicut
2784 3711 2914 3751 meo
2947 3692 3217 3764 exemplo
3249 3692 3461 3748 metior
3492 3707 3505 3748 :
3540 3695 3644 3746 aut
3685 3693 3853 3765 quod

2161 3806 2269 3848 eos
2317 3789 2455 3845 vitm
2501 3788 2789 3843 suavitate
2833 3784 3120 3857 privatos,
3170 3786 3410 3854 ereptos
3461 3780 3697 3836 laboris
3745 3782 3851 3836 sui

2164 3864 2458 3936 fructibus
2490 3876 2846 3931 arbitremur
2874 3873 2973 3945 (8).
3006 3872 3237 3926 Tenera
3269 3870 3424 3925 enim
3461 3871 3658 3935 1139
3682 3886 3852 3925 amo-

2164 3969 2252 4024 ris
2283 3970 2377 4023 est
2406 3965 2678 4034 titillatio,
2714 3979 2848 4036 quas
2879 3960 3272 4032 improvisum
3299 3958 3576 4014 affectum
3607 3958 3854 4025 excitat,

2163 4061 2225 4113 ut
2256 4055 2501 4112 sedandi
2534 4052 2748 4125 magis,
2781 4066 2957 4124 quam
2987 4048 3339 4105 excludendi
3369 4047 3597 4102 doloris
3651 4047 3853 4102 facul-

2163 4149 2254 4201 tas
2286 4145 2655 4216 relinquatur
2686 4156 2699 4196 :
2736 4141 2913 4196 simul
2947 4139 3086 4211 quia
3117 4138 3279 4209 pium
3329 4136 3567 4190 videtur
3610 4136 3853 4190 deside-

380 4238 662 4313 gladillm.
695 4240 758 4292 ιιι
785 4236 843 4291 in
874 4251 944 4291 θο
974 4236 1108 4305 ipso
1135 4232 1449 4289 amentiam
1498 4245 1665 4285 Euam
1704 4228 2040 4299 Ρνοάθνθηίν
2077 4250 2128 4312 D
2161 4250 2300 4290 rare
2347 4233 2507 4305 quod
2555 4230 2883 4301 amiseris,'
2912 4232 2971 4284 et
3020 4226 3223 4300 specie
3268 4226 3506 4280 virtutis
3556 4224 3852 4280 adolescit

377 4331 623 4385 mortem
656 4342 773 4384 non
812 4325 1093 4393 ferentes,
1143 4327 1200 4379 et
1243 4325 1489 4377 mortem
1538 4320 1880 4391 appetentes
1924 4316 2040 4385 (5):

268 4418 281 4423 ’
379 4422 437 4475 et
467 4417 625 4491 quod
670 4433 776 4489 pro
821 4415 974 4471 malo
1006 4415 1318 4486 fugerent,
1360 4426 1466 4483 pro
1527 4408 1788 4465 remedio
1845 4404 2043 4460 ascis-

382 4514 585 4569 cerent
610 4511 640 4565 ?
676 4507 786 4576 Qui
824 4505 1102 4581 quoniam
1137 4506 1600 4559 consentaneum
1654 4500 1879 4553 natura
1918 4509 2047 4550 suae

453 4656 530 4727 (4)
564 4655 729 4710 Hanc
761 4651 1111 4727 sententiam
1142 4644 1415 4727 Nannius
1442 4644 1701 4727 autumat
1749 4636 2048 4727 deforme:

383 4709 661 4783 tam—Iesse
692 4741 767 4781 ex
814 4724 934 4779 illis
982 4719 1354 4794 Terentianis
1401 4715 1481 4794 in_
1510 4713 1793 4794 Hecaton.
1824 4724 1838 4765 :
1875 4728 1896 4758 α

385 4781 500 4871 sed
532 4781 799 4871 rrofecte
838 4793 1082 4871 ingenio
1127 4788 1371 4871 egregie
1414 4786 1485 4871 ed
1532 4781 2049 4871 W‘SQ"?9'E£-”§EP?

387 4850 691 4934 anim
718 4867 860 4921 illud
890 4850 1105 4922 falsum
1145 4850 1256 4929 eust,
1277 4850 1447 4934 quod
1483 4856 1676 4934 vulgo
1704 4852 1878 4934 audio
1909 4850 2047 4917 dici,

389 4923 830 4995 diem'adimere
875 4923 1699 5009 aegritudinem'hominibus.
1737 4947 1759 4972 η
1803 4923 1947 5009 Item
1970 4935 2053 5009 ex

389 4993 524 5067 istis
562 4993 975 5067 Cieeroniani‘s'.
1014 5007 1117 5063 lib.
1167 5022 1268 5072 xu,
1295 5002 1394 5077 _ad
1430 5000 1692 5077 Atticum
1729 4993 1918 5077 epist.
2036 5007 2048 5044 :

395 5107 417 5131 οι
451 5079 939 5138 Consolationum
970 5083 1161 5133 autem
1193 5067 1390 5130 multae
1422 5072 1554 5137 viae,
1589 5067 1695 5123 sed
1727 5067 1823 5120 illa
1856 5067 2056 5118 rectis-

392 5137 580 5210 sima:
614 5153 885 5221 impetret
916 5150 1083 5215 ratio,
1117 5146 1283 5221 quod
1305 5144 1434 5199 dies
1468 5142 1842 5221 impetratum
1868 5137 1988 5221 ‘e‘st.
2028 5156 2050 5181 η

733 5204 927 5294 inepte
959 5204 1092 5294 cum
1126 5204 1238 5294 hoc
1270 5216 1398 5294 loco
1430 5204 1708 5294 concinit,
1732 5205 1886 5278 quod
1913 5204 2059 5294 hlar—

392 5283 551 5354 tia‘lis
582 5283 971 5350 voluntariam
995 5289 1200 5345 Fannii
1242 5289 1492 5340 mortem
1524 5283 1887 5352 vituperans,
1924 5283 2053 5347 epi-

397 5366 707 5444 grammati
741 5364 898 5419 hunc
922 5363 1098 5418 tinem
1126 5359 1289 5430 ponit
1320 5373 1332 5412 :

524 5457 640 5515 llic,
673 5467 819 5521 rego,
850 5465 953 5501 non
977 5454 1125 5500 furor
1150 5452 1246 5506 est,
1271 5459 1334 5494 ne
1355 5442 1596 5500 moriare,
1624 5435 1797 5488 mori?

466 5538 543 5607 (6)
573 5516 789 5607 Cicero
808 5534 912 5589 lib.
944 5548 1008 5585 ιιι
1056 5526 1283 5607 Tusca].
1311 5524 1527 5607 Quaest.
1562 5516 2061 5607 illamAmu‘lierum

397 5587 1295 5674 inluctibusintemperantiam
1317 5587 1488 5650 vocat
1538 5616 1558 5639 α
1597 5589 1757 5674 varia
1806 5590 1863 5674 et
1894 5587 2060 5674 dete-

400 5658 857 5751 Emungam};
876 5658 1137 5751 lugendi,
1168 5669 1461 5751 paedqres,
1495 5658 2063 5751 muliebres‘laepra-

397 5730 974 5823 ﬁaﬁasjg’e'd'dérau‘,’
1003 5730 1286 5819 pectoris,
1322 5730 1627 5805 feminum,
1680 5730 1900 5805 capitis
1928 5743 2061 5801 per-

2163 4323 2495 4380 infirmitas.

2237 4424 2323 4478 15.
2364 4419 2480 4475 Sed
2511 4432 2617 4473 cur
2650 4417 2708 4468 tu
2739 4406 3359 4484 putesjpatientiorem
3389 4403 3549 4459 illam
3570 4418 3716 4458 esse
3747 4401 3850 4457 de-

2165 4515 2330 4582 bere,
2363 4525 2497 4582 qua)
2528 4507 2807 4562 dilectum
2829 4500 2901 4556 ad
2924 4496 3241 4570 peregrina
3269 4493 3586 4561 dimiserit,
3604 4496 3664 4546 et
3689 4490 3852 4546 mili-

2168 4654 2487 4711 cussiones
2521 4673 2542 4697 u
2581 4653 2638 4703 et
2668 4646 2763 4701 his
2795 4641 3014 4716 similia
3060 4637 3418 4716 describens
3465 4633 3851 4716 etncondem-

2169 4705 2450 4783 {duelli
2480 4721 2581 4775 vix
2608 4718 2926 4790 quisquam
2955 4712 3014 4766 in
3041 4708 3466 4790 turpitudinem
3507 4705 3672 4790 illam
3703 4721 3850 4778 gra-

2169 4776 2315 4853 Gil;
2328 4776 2446 4850 'aiii
2469 4776 2881 4847 vehementius
2910 4776 3180 4858 invectus
3212 4783 3324 4858 est,
3356 4793 3537 4858 quam
3575 4776 3851 4858 βιηθεοο

2173 4847 2594 4925 stemus—hom.
2623 4861 2689 4916 61
2723 4860 2783 4913 in
2814 4872 2943 4929 cap.
2975 4871 3037 4929 xi
3066 4847 3335 4929 Joannis,
3371 4847 3687 4929 homsut‘in
3713 4861 3848 4917 cap.

2174 4918 2661 4999 ilva-d—“liebraaos,
2712 4934 2770 4994 et
2817 4918 3039 5000 ho'm._3
3066 4925 3136 5000 in_
3160 4937 3289 5000 cap.
3324 4938 3341 5000 ι
3371 4920 3443 4973 ad
3470 4918 3855 5000 _Phil_ippenf

2175 4990 2317 5067 Eeé."
2351 4990 2532 5079 Ktqui
2579 4990 2867 5079 nihildum
2915 4996 3031 5079 tale
3074 4990 3855 5079 viderantautdaudie‘ra‘nt,

2216 5058 2781 5147 uale-iujregionum
2811 5069 2967 5147 haud
2995 5066 3224 5147 pridem
3254 5064 3622 5147 detectaf'um
3645 5058 3857 5144 .Relaf

2174 5131 2436 5209 dabin};
2459 5131 2836 5210 meumoratur,
2869 5131 3453 5210 nimirumbarbaras
3475 5131 3853 5210 Narsiugani

2176 5203 2354 5296 ἦέἁῖ
2372 5203 2630 5296 feminas
2662 5230 2796 5296 cum
2823 5203 3040 5291 mariti.
3067 5203 3721 5296 (ιιιόιιξνςξῐ-ιῗ..ιιιιῖιῐιξιξξιξιζ
3735 5204 3857 5296 aut

2176 5272 2349 5350 ἶιῖξῗιίἔ
2378 5272 2630 5356 humari,
2661 5290 2760 5340 aut
2792 5280 3044 5356 cremari
3073 5294 3180 5356 prp
3220 5275 3504 5356 dignitate
3541 5272 3855 5356 conjugis.

2247 5345 2343 5435 (illi
2362 5345 2638 5433 Plerique
2667 5371 2841 5422 mss.,
2879 5376 2901 5400 -
2928 5345 3168 5406 mutasti
3197 5345 3563 5403 consortium
3601 5345 3851 5398 immor-

2177 5438 2401 5493 talium.
2431 5457 2454 5483 ιι
3523 5486 3535 5497 ο
3843 5485 3855 5495 _

2249 5508 2333 5577 (8)
2370 5504 2601 5577 Tullius
2647 5499 2749 5555 lib.
2785 5515 2817 5577 ι.
2842 5495 3009 5550 Tusc.
3046 5492 3312 5577 Quaestzz
3355 5486 3699 5577 {Quaest},
3742 5501 3857 5577 qu}

2180 5556 2702 5636 su‘ovrlumwmortem
2728 5569 2984 5640 primum
3012 5556 3136 5640 non
3160 5577 3230 5640 eo
3260 5561 3515 5640 lugeAatL
3534 5556 3710 5640 quod.
3736 5571 3846 5610 eos

2180 5627 2425 5709 38356;
2459 5627 2606 5701 vitae
2663 5627 3016 5709 commodis
3056 5627 3415 5709 arbitretur?
3470 5627 3635 5684 Tolle
3695 5627 3851 5682 hanc

2181 5704 2537 5799 opinionem,
2570 5714 2793 5772 luctum
2827 5706 3169 5775 sustuleris,
3209 5727 3231 5751 ιο
3266 5704 3378 5759 etc.
