4060 6178
180 374 346 441 1377

1033 373 1143 436 DE
1189 370 1567 438 EXCESSU
1611 368 1976 434 FRATRIS
2022 367 2158 434 SUI
2205 370 2511 432 SATYRI
2558 367 2716 433 LIB.
2765 364 2842 432 Π.

3490 365 3648 438 1378

187 581 287 634 tiae
340 578 550 649 gratia,
604 576 697 631 vel
747 578 1046 645 susceptae
1083 573 1611 629 administrationis
1645 572 1862 643 officio,
1895 562 1954 624 A
1985 571 2298 641 humanae;
2347 570 2487 643 quid
2536 574 2730 626 tamen
2779 573 3070 629 commodi
3118 575 3406 646 consequi
3449 579 3645 646 potest

190 669 284 721 vel
325 665 664 737 negotiandi
688 681 802 718 usu
823 664 1252 718 transfretasse
1275 661 1659 733 compererit;
1693 677 1868 734 quam

189 760 247 810 te
280 757 380 827 qui
415 771 529 809 non
563 753 803 808 fortuito
837 753 1082 807 arbitrio
1114 752 1570 823 derelinqucris,
1610 755 1706 805 aut
1739 754 1868 804 stu-

191 846 292 900 dio
325 844 614 914 pecuniae,
653 843 755 898 sed
789 842 923 914 lege
953 846 1179 896 naturae
1201 844 1229 896 ε)
1261 843 1335 895 At
1357 841 1744 910 recuperandi
1766 839 1869 894 tibi

191 934 519 989 interclusa
552 948 694 1002 spes
731 949 742 986 :
778 932 949 1002 quasi
969 932 1238 1001 cuiquam
1264 934 1423 986 certa
1454 931 1531 984 sit
1563 928 1866 985 redeundi.

193 1023 266 1078 Et
296 1023 647 1093 plerumque
678 1021 854 1075 dubia
884 1019 1018 1089 plus
1050 1019 1316 1091 fatigant,
1349 1020 1450 1074 ubi
1479 1019 1725 1090 periculi
1757 1034 1872 1072 me-

193 1117 296 1167 tus
327 1112 576 1182 integer,
630 1110 996 1182 graviusque
1047 1111 1141 1163 est
1186 1109 1414 1178 timere,
1451 1124 1524 1163 ne
1564 1107 1868 1176 acciderit,

195 1216 377 1272 quam
431 1199 690 1253 tolerare
747 1197 906 1268 quod
959 1196 1082 1268 jam
1129 1197 1206 1266 (9)
1253 1198 1495 1252 noveris
1553 1197 1868 1251 accidisse.

193 1288 377 1344 Aliud
420 1289 573 1343 enim
619 1302 910 1341 summam
960 1286 1310 1358 formidinis.
1345 1289 1675 1356 coacervat,
1716 1284 1872 1339 aliud

198 1379 382 1433 tinem
412 1378 716 1446 exspectat
744 1375 991 1431 doloris.

270 1467 359 1521 16.
409 1467 499 1520 An
549 1464 807 1519 dominis
852 1463 957 1536 jus
1010 1466 1120 1533 est,
1171 1479 1287 1536 quo
1335 1464 1708 1520 decreverint
1735 1462 1869 1535 (10),
1920 1494 1924 1498 ~

197 1555 533 1611 transferre
564 1554 874 1624 mancipia,
908 1554 1029 1608 Deo
1062 1569 1178 1608 non
1209 1554 1347 1608 est?
1374 1552 1490 1608 Sed
1520 1569 1634 1608 non
1666 1568 1875 1624 suppe-

199 1647 268 1700 tit
297 1648 647 1714 exspectare
678 1647 1035 1698 remeantem
1063 1661 1076 1706 ;
1113 1643 1369 1713 suppetit
1403 1645 1596 1696 tamen
1647 1656 1875 1712 praece-

200 1734 441 1789 dentem
471 1732 666 1804 sequi.
717 1731 789 1786 Et
837 1735 998 1786 certe
1047 1731 1250 1786 brevis
1298 1732 1434 1785 vitae
1473 1747 1623 1786 usus
1654 1747 1761 1786 nec
1793 1730 1876 1784 illi

199 1822 452 1878 multum
498 1821 735 1876 videtur
783 1820 1120 1891 eripuisse,
1169 1821 1266 1892 qui
1326 1824 1456 1875 ante
1515 1820 1870 1890 praecessit:

201 1928 316 1966 nec
350 1916 406 1966 te
437 1908 678 1965 ditl‘erre
709 1909 950 1979 diutius,
985 1910 1084 1981 qui
1115 1910 1500 1965 remanseris.

278 1998 368 2054 17.
401 1998 568 2064 Quod
600 1999 652 2053 si
682 1999 1046 2053 desiderium
1078 2003 1240 2052 tuum
1270 1999 1540 2071 mitigare
1577 2014 1693 2053 non
1739 2014 1876 2069 pos-

205 2089 336 2154 sis;
386 2105 579 2142 nonne
626 2092 820 2142 tamen
856 2087 1090 2142 videtur
1117 2087 1424 2159 indignum
1454 2104 1563 2158 pro
1595 2086 1880 2142 desiderii

204 2179 290 2233 tui
343 2177 538 2232 studio
587 2192 787 2231 rerum
836 2177 1102 2232 ordinem
1134 2176 1286 2231 velle
1318 2178 1632 2231 converti?
1661 2178 1881 2230 Aman—

205 2267 354 2321 tium
404 2266 739 2320 ardentiora
783 2266 982 2337 utique
1037 2251 1331 2321 desideria
1382 2271 1538 2333 sunt,
1587 2270 1643 2321 et
1691 2271 1883 2320 tamen

207 2354 594 2410 necessitatis
627 2355 891 2409 contuitu
924 2358 1357 2425 temperantur:
1394 2358 1450 2410 et
1480 2355 1531 2409 si
1566 2355 1763 2409 dolent
1794 2354 1888 2408 de-

207 2444 340 2500 seri
373 2444 506 2514 (11).
542 2443 781 2516 Lugere
811 2446 1000 2498 tamen
1033 2460 1150 2499 non
1181 2444 1403 2499 solent:
1439 2443 1702 2498 destituti
1732 2459 1887 2497 ama-

214 2550 281 2590 re
315 2533 720 2604 impatientius
752 2533 1134 2589 erubescunt.
1169 2533 1250 2588 Ita
1281 2533 1558 2604 patientia
1607 2531 1888 2588 desiderii

211 2624 356 2695 plus
387 2623 690 2694 probatur.

289 2712 377 2766 18.
409 2709 560 2776 Quid
593 2714 785 2766 autem
816 2711 888 2766 de
919 2711 1012 2766 his
1043 2710 1272 2782 loquar,
1307 2711 1407 2782 qui
1436 2710 1749 2766 defunctos
1778 2725 1890 2780 pu-

212 2804 344 2856 tant
373 2802 508 2856 vitm
538 2800 827 2856 suavitate
858 2801 1131 2871 privari?
1180 2800 1357 2855 Nulla
1402 2803 1598 2870 potest
1630 2814 1769 2854 esse
1798 2798 1893 2870 ju-

215 2889 495 2945 cunditas
544 2889 699 2943 inter
745 2889 853 2943 has
903 2890 1040 2944 vitae
1091 2893 1312 2944 nostrae
1344 2889 1765 2943 amaritudines
1799 2891 1896 2942 aut

215 2979 485 3046 dolores,
506 2994 639 3049 quae
669 2977 764 3034 vel
796 2994 868 3033 ex
895 2978 1171 3049 corporis
1204 2977 1393 3048 ipsius
1418 2977 1773 3045 inﬁrmitate,
1802 2978 1898 3032 vel

219 3053 601 3123 extrinsecus
651 3067 1040 3122 accidentium
1085 3067 1556 3122 incommoditate
1600 3082 1897 3139 generan-

217 3161 340 3212 tur.
378 3157 550 3211 Anxii
599 3157 754 3211 enim
804 3172 1062 3226 semper,
1095 3159 1152 3211 et
1182 3156 1251 3210 ad
1283 3157 1413 3226 ipsa
1443 3155 1733 3210 laetiorum
1764 3158 1897 3210 vota

216 3246 526 3317 suspensi,
579 3245 833 3316 quodam
887 3246 1241 3300 ﬁuctuamus
1291 3245 1537 3312 incerto,
1586 3249 1896 3314 sperantes

221 3334 406 3390 dubia
437 3350 545 3404 pro
577 3334 777 3402 certis,
813 3333 1181 3389 incommoda
1203 3349 1308 3402 pro
1334 3333 1639 3401 secundis,
1676 3333 1897 3388 caduca

222 3440 336 3495 pro
371 3423 580 3478 solidis
613 3441 625 3478 :
660 3423 802 3477 nihil
838 3423 1122 3478 habentes
1156 3423 1468 3492 potestatis
1518 3423 1578 3476 in
1629 3423 1894 3492 arbitrio,

221 3511 372 3568 nihil
408 3512 698 3566 ﬁrmitatis
730 3512 788 3565 in
819 3513 1083 3567 voto.‘At
1115 3511 1166 3564 si
1199 3510 1418 3582 aliquid
1451 3514 1652 3566 contra
1685 3511 1899 3567 volun-

224 3605 406 3656 tatem
437 3600 736 3669 acciderit,
773 3601 1035 3671 perditos
1068 3615 1178 3655 nos
1209 3605 1505 3670 putamus,
1527 3600 1780 3672 plusque
1803 3600 1900 3654 ad-

229 3705 548 3746 versorum
605 3689 806 3746 dolore
864 3690 1215 3762 frangimur,
1277 3705 1454 3760 quam
1503 3689 1904 3744 secundorum

225 3779 427 3834 fructu
486 3779 760 3849 petimur.
811 3777 1040 3844 Quibus
1088 3778 1274 3850 igitur
1319 3780 1520 3833 carent
1566 3777 1762 3848 bonis,
1805 3777 1906 3850 qui

229 3868 430 3940 magis
461 3867 793 3937 eripiuntur
821 3864 1212 3922 incommodis
1233 3867 1261 3921 ‘?

305 3954 394 4011 19.
428 3955 736 4026 Valetudo,
769 3956 947 4011 credo
979 3956 1134 4011 bona
1174 3955 1309 4026 plus
1340 3954 1582 4027 adjuvat
1611 3971 1785 4027 quam
1816 3954 1908 4010 af-

228 4045 385 4118 fligit
414 4043 566 4098 mala
600 4061 612 4099 :
648 4047 747 4100 aut
777 4044 1072 4115 opulentia
1095 4045 1229 4116 plus
1253 4044 1500 4100 delectat
1531 4061 1706 4116 quam
1737 4060 1910 4117 eges-

234 4137 330 4189 tas
383 4132 566 4187 afﬁcit
615 4148 629 4188 :
681 4135 780 4187 aut
828 4133 1086 4188 filiorum
1143 4133 1336 4205 magis
1396 4133 1666 4188 amabilis
1725 4134 1912 4205 gratia

235 4239 416 4295 quam
451 4222 724 4294 lugubris
759 4223 1004 4277 amissio
1038 4240 1050 4278 :
1105 4227 1203 4277 aut
1252 4222 1648 4278 adolescentia
1689 4223 1912 4294 jucun-

233 4312 372 4367 dior
402 4327 580 4382 quam
615 4315 894 4366 senectus
924 4311 1169 4367 tristior.
1201 4312 1385 4376 Quam
1405 4311 1749 4383 plerumque
1782 4327 1915 4366 suo-

235 4416 375 4456 rum
426 4400 603 4456 taedet
654 4404 930 4456 votorum
980 4405 1036 4455 et
1085 4401 1265 4471 optati
1307 4402 1588 4471 pcenitet;
1633 4405 1694 4455 ut
1723 4400 1915 4456 doleat

1986 660 2175 714 anima
2207 660 2264 712 in
2296 659 2633 715 istiusmodi
2665 663 2933 731 corporis
2975 663 3202 718 inclusa
3233 665 3644 736 compagibus,

1986 755 2040 804 et
2071 749 2426 821 quibusdam
2459 744 2859 804 membrorum
2893 752 3186 823 angustiis
3220 757 3554 809 coaretata?
3586 755 3645 810 Si

1986 855 2124 894 caro
2174 843 2380 894 nostra
2431 855 2730 893 carcerem
2776 840 2946 909 fugit,
2994 841 3045 894 si
3095 842 3418 898 detestatur
3475 860 3646 901 omne

1986 928 2266 999 quidquid
2299 928 2588 999 evagandi
2640 927 2972 984 facultatem
3025 934 3219 1000 negat,
3271 948 3404 1004 qum
3446 936 3648 1007 utique

1984 1016 2185 1086 parvis
2217 1017 2367 1070 ultra
2402 1033 2467 1072 se
2502 1018 2770 1072 audiendi
2823 1017 3176 1091 videndique
3207 1035 3523 1078 excurrere
3562 1025 3648 1078 vi-

1987 1106 2156 1159 detur
2188 1105 2470 1160 sensibus
2497 1124 2507 1160 :
2545 1112 2759 1178 quanto
2784 1108 2974 1180 magis
2997 1108 3186 1162 anima
3219 1113 3419 1166 nostra
3450 1128 3652 1184 corpo-

1984 1209 2154 1248 reum
2205 1195 2360 1249 istud
2411 1195 2662 1250 evadere
2707 1197 2887 1266 gestit
2933 1198 3301 1268 ergastulum
3350 1201 3481 1270 (12),
3517 1218 3650 1274 quae

1986 1286 2146 1338 motu
2179 1299 2356 1338 aereo
2388 1284 2595 1352 libera,
2631 1286 2933 1341 nescimus
2965 1303 3081 1359 quo
3111 1289 3302 1358 vadat,
3353 1293 3449 1344 aut
3495 1292 3652 1347 unde

1989 1371 2182 1426 veniat
2213 1373 2400 1441 (Joan.
2437 1391 2516 1441 ιιι,
2551 1373 2604 1442 8)
2631 1372 2644 1428 ι
3131 1384 3134 1388 ’

2058 1461 2147 1515 21.
2180 1460 2414 1516 Scimus
2464 1467 2659 1517 tamen
2706 1465 2863 1536 quod
2910 1467 3149 1537 corpori
3198 1470 3565 1540 supervivat,
3599 1475 3656 1526 et

1989 1565 2076 1617 ea,
2108 1549 2233 1622 jam
2266 1551 2555 1621 depositis
2606 1554 2827 1623 proprii
2875 1570 3096 1608 sensus
3148 1557 3451 1629 repagulis
3487 1576 3657 1630 expe-

1990 1638 2127 1706 dita,
2160 1638 2349 1694 libero
2383 1645 2582 1695 cernat
2614 1641 2837 1709 obtutu,
2873 1659 3004 1713 quae
3037 1648 3169 1699 ante
3193 1645 3303 1698 sita
3326 1646 3385 1700 in
3407 1664 3656 1718 corpore

1991 1744 2109 1782 non
2139 1728 2393 1783 videbat.
2427 1728 2591 1793 Quod
2625 1731 2892 1800 exemplo
2925 1731 3035 1800 (13)
3069 1731 3484 1791 dormientium
3515 1753 3660 1807 pos-

1994 1833 2205 1872 sumus
2237 1816 2535 1872 mstimare
2557 1819 2831 1889 (quorum
2848 1819 3026 1873 animi
3048 1820 3206 1875 velut
3229 1823 3461 1892 sepulto
3479 1825 3661 1895 quieti

1912 1885 1962 1946 Β
1997 1920 2266 1976 corpore,
2327 1905 2399 1960 ad
2458 1905 2666 1960 altiora
2722 1923 2789 1962 se
2839 1907 3176 1980 subrigunt,
3226 1914 3282 1965 et
3330 1885 3664 1971 renuntiant

1998 1995 2254 2066 corpori)
2285 2010 2484 2049 rerum
2517 1995 2871 2065 absentium,
2905 1995 2997 2051 vel
3030 1999 3202 2052 etiam
3226 2001 3556 2057 caelestium
3587 2003 3668 2058 vi-

1997 2085 2223 2139 siones.
2257 2083 2416 2155 Ergo
2449 2083 2502 2137 si
2534 2099 2697 2138 mors
2727 2085 2927 2138 carnis
2959 2089 3014 2139 et
3041 2088 3248 2141 saeculi
3266 2105 3377 2143 nos
3408 2090 3667 2148 absolvit

1997 2172 2309 2242 mrumnis,
2354 2173 2554 2242 utique
2605 2171 2820 2226 malum
2870 2189 2986 2227 non
3030 2179 3142 2245 est,
3174 2191 3307 2246 quae
3336 2177 3700 2243 libertatem_

1998 2262 2277 2329 restituit,
2313 2260 2570 2315 eXcludit
2599 2260 2881 2315 dolorem.

2071 2350 2160 2405 22.
2196 2350 2347 2403 Hinc
2379 2350 2562 2421 igitur
2593 2349 2768 2403 nobis
2801 2350 3159 2408 adoriendus
3191 2352 3528 2426 disputandi
3574 2358 3665 2416 lo-

2003 2455 2111 2494 cus
2141 2441 2390 2494 mortem
2439 2439 2657 2492 malum
2702 2453 2820 2494 non
2871 2455 3029 2510 esse,
3082 2443 3218 2515 quia
3266 2461 3666 2504 aerumnarum

2004 2527 2264 2584 omnium
2297 2526 2701 2598 malorumque
2732 2527 3068 2602 perfugium
3099 2536 3210 2602 est,
3245 2537 3300 2588 et
3328 2534 3442 2589 tida
3491 2538 3667 2593 statio

2007 2617 2370 2685 securitatis,
2393 2632 2459 2670 ac
2478 2620 2686 2687 portus
2717 2616 2953 2688 quietis.
2979 2617 3129 2674 Nam
3150 2621 3291 2692 quid
3319 2621 3378 2677 in
3411 2623 3522 2679 hac
3553 2626 3669 2682 vita

2005 2723 2121 2762 non
2155 2705 2494 2776 experimur
2521 2705 2808 2762 adversi?
2837 2705 2994 2771 Quas
3028 2724 3145 2764 non
3180 2711 3474 2780 procellas
3525 2717 3668 2770 tem-

2008 2798 2389 2868 pestatesque
2419 2795 2826 2865 perpetimur?
2871 2797 3088 2867 quibus
3140 2815 3256 2854 non
3305 2803 3674 2875 exagitamur

2009 2884 2399 2940 incommodis
2420 2885 2447 2939 ?
2480 2883 2656 2956 cujus
2688 2885 2946 2955 parcitur
2975 2887 3246 2945 meritis?
3713 2956 3717 2958 _

2079 2973 2168 3028 23.
2216 2972 2468 3029 Sanctus
2514 2973 2845 3044 patriarcha
2893 2975 3077 3030 Israel
3127 2978 3419 3051 profugus
3466 2981 3672 3054 patria,

2010 3063 2214 3132 fratre,
2266 3062 2630 3133 parentibus,
2684 3063 2920 3118 domum
2966 3066 3208 3120 mutavit
3256 3069 3467 3125 exsilio
3498 3071 3674 3140 (Gen.

2011 3169 2214 3222 xxvm,
2263 3152 2339 3221 5),
2387 3155 2656 3221 stuprum
2703 3152 2839 3206 tiliae
2888 3151 3061 3222 (Gen.
3112 3171 3318 3225 xxxiv,
3350 3158 3427 3226 5),
3473 3161 3680 3230 generi

2013 3257 2219 3296 necem
2270 3240 2428 3294 flevit
2477 3240 2654 3310 (Ibid.
2703 3236 2814 3310 30),
2867 3242 3060 3295 tamen
3099 3244 3337 3313 pertulit
3367 3245 3540 3314 (Gen.
3578 3264 3674 3319 LII,

2012 3331 2088 3401 2),
2125 3329 2487 3400 sepulturam
2537 3329 2854 3384 defunctus
2901 3330 3136 3398 amisit;
3174 3333 3488 3390 transferri
3521 3337 3679 3392 enim

2013 3436 2154 3476 ossa
2189 3435 2318 3489 sua,
2353 3434 2425 3473 ne
2456 3419 2548 3474 vel
2580 3422 2852 3474 mortuus
2879 3421 3302 3492 requiesceret,
3341 3423 3679 3482 obsecravit

2014 3509 2188 3581 (Gen.
2222 3525 2378 3576 Lvm,
2411 3507 2523 3578 21).

2085 3596 2174 3652 24.
2210 3598 2462 3652 Sanctus
2494 3596 2718 3667 Joseph
2750 3597 2882 3652 odia
2919 3597 3186 3674 fratrum,
3238 3600 3486 3658 insidias
3532 3602 3681 3658 invi-

2018 3687 2248 3757 dorum,
2297 3685 2676 3740 servulorum
2725 3686 3034 3759 obsequia,
3069 3692 3461 3746 mercatorum
3502 3693 3683 3764 impe-

2016 3777 2105 3832 ria
2149 3774 2322 3846 (Gen.
2372 3791 2592 3843 xxxvu,
2643 3775 2674 3829 4
2724 3782 2782 3831 et
2819 3777 2990 3848 seq.),
3025 3777 3278 3834 domina:
3307 3780 3685 3850 petulantiam

2018 3863 2153 3937 (14),
2187 3863 2380 3918 mariti
2412 3863 2728 3935 inscitiam,
2781 3866 3040 3921 carceris
3090 3882 3324 3940 quoque
3355 3872 3447 3934 est
3475 3885 3687 3943 exper«

2022 3958 2119 4010 tus
2150 3968 2475 4008 aerumnam
2505 3951 2678 4023 (Gen.
2715 3971 2915 4024 xxxix,
2952 3954 3018 4010 12
3049 3958 3221 4030 seq.).

2093 4041 2182 4096 25.
2235 4041 2490 4097 Sanctus
2535 4041 2719 4097 David
2752 4043 2908 4098 ﬁlios
2938 4045 3133 4099 amisit
3164 4046 3314 4102 duos
3348 4063 3361 4103 :
3395 4063 3576 4104 unum
3606 4048 3692 4104 in-

2025 4135 2251 4188 cestum
2285 4129 2371 4203 (II
2417 4130 2564 4202 Reg.
2618 4148 2738 4201 xm,
2791 4132 2902 4202 29),
2953 4133 3198 4190 alterum
3231 4137 3582 4206 parricidam
3612 4136 3701 4208 (II

2027 4221 2175 4292 Reg.
2208 4237 2370 4289 xvm,
2407 4217 2516 4288 1-1).
2553 4219 2678 4275 Hos
2711 4221 2996 4278 habuisse
3027 4224 3272 4294 pudoris
3303 4229 3415 4294 est,
3467 4225 3691 4281 doloris

2028 4314 2121 4366 est
2152 4309 2505 4380 perdidisse.
2539 4311 2754 4363 Amisit
2801 4314 2857 4365 et
2905 4313 3163 4380 tertium,
3214 4329 3391 4384 quem
3437 4313 3688 4384 amabat,

2027 4398 2357 4470 parvulum.
2394 4398 2562 4452 Hunc
2593 4398 2884 4453 viventem
2929 4399 3120 4455 adhuc
3167 4401 3347 4469 ﬂevit,
3399 4405 3693 4456 mortuum

234 4490 636 4560 impetratum,
670 4490 827 4560 quod
877 4505 996 4544 non
1044 4490 1355 4560 impetrare
1388 4490 1702 4544 metuebat.
1738 4489 1914 4543 Exsi-
1947 4512 1998 4573 Ι)
2031 4505 2148 4543 non
2178 4487 2556 4542 desideravit.
2590 4487 2687 4541 Sic
2709 4488 2864 4541 enim
2890 4487 3144 4561 legimus
3167 4489 3345 4560 quod,
3369 4493 3695 4562 aegrotante

234 4577 315 4633 lia
346 4593 512 4645 vero,
547 4582 604 4632 et
631 4582 985 4633 caeterarum
1017 4594 1325 4649 poenarum
1355 4578 1730 4648 acerbitates,
1781 4594 1915 4650 qua)

236 4669 440 4738 potest
469 4681 859 4736 compensare
909 4667 1093 4736 patria
1120 4667 1149 4721 ?
1187 4683 1319 4738 quae
1364 4667 1696 4736 voluptates
1719 4669 1746 4722 ἱ)
1775 4667 1918 4733 Quae

2032 4592 2239 4649 puero,
2293 4577 2724 4646 deprecabatur
2766 4576 2947 4630 David
2999 4577 3308 4631 Dominum
3355 4594 3462 4649 pro
3509 4594 3601 4649 eo,
3639 4583 3699 4636 et

2027 4665 2344 4740 jejunavit,
2379 4669 2435 4720 et
2464 4665 2524 4719 in
2556 4664 2746 4719 cilicio
2773 4663 2976 4734 jacuit,
3010 4670 3067 4720 et
3095 4666 3428 4722 astantibus
3458 4668 3696 4740 majori-

239 4756 420 4810 etiam
472 4771 605 4809 cum
650 4755 888 4825 adsunt,
939 4755 1320 4809 debilitantur
1367 4758 1589 4822 tamen,
1651 4761 1750 4810 aut
1807 4773 1923 4812 non
2033 4756 2150 4811 bus
2182 4759 2341 4824 natu,
2373 4758 2436 4809 ut
2465 4753 2786 4808 excitarent
2817 4769 2948 4808 eum
2980 4754 3051 4808 de
3082 4757 3258 4825 terra,
3301 4771 3408 4810 nec
3449 4773 3699 4830 surgen-

244 4844 450 4899 utendi
480 4842 712 4913 affectu,
746 4847 844 4898 aut
875 4844 1176 4899 amittendi
1208 4847 1384 4899 metu.

315 4933 409 4988 20.
470 4932 612 4988 Esto
659 4937 850 4988 tamen
887 4949 898 4989 :
939 4936 1167 4989 maneat
1199 4932 1550 5004 inoffensus,
1585 4933 1862 4988 immunis
1893 4951 1926 4989 a

247 5021 582 5086 doloribus,
598 5023 888 5092 perpesin
911 5021 1308 5094 voluptatibus
1332 5023 1464 5078 vita:
1486 5039 1704 5078 cursus
1734 5022 1926 5087 1140

319 5243 403 5316 (9)
452 5244 599 5299 Mss.
654 5259 839 5316 prope
889 5241 959 5299 ad
1006 5258 1206 5317 unum,
1261 5269 1279 5292 ει
1317 5261 1492 5318 quam
1541 5245 1738 5303 dolere
1772 5245 1926 5319 quod

243 5317 396 5390 jam,
437 5321 605 5390 -_etc.

323 5387 442 5458 (10)
472 5387 554 5442 Ita
588 5403 794 5443 omnes
825 5388 987 5462 edit.;
1023 5404 1171 5443 mss.
1196 5393 1388 5444 autem
1414 5405 1629 5462 magno
1661 5405 1926 5457 numero,

255 5482 277 5506 ει
315 5475 435 5532 qua
465 5475 582 5532 non
615 5459 964 5532 creaverint.
1005 5481 1027 5510 ι

325 5528 444 5602 (11)
477 5529 828 5602 gomplures
862 5547 1036 5602 mss.,
1074 5553 1096 5578 α
1132 5532 1244 5586 etsi
1275 5528 1472 5602 dolent
1500 5531 1830 5587 discedere.
1871 5553 1890 5578 ι

324 5601 442 5673 (12)
477 5600 862 5673 Ergastulum
893 5600 1240 5673 est,'inquit
1283 5601 1575 5673 Nannius,
1625 5603 1721 5656 ubi
1770 5601 1934 5656 servi

251 5672 442 5759 vincti
490 5672 768 5730 tenentur
795 5679 918 5759 πρὸς
955 5682 1022 5737 τὰ
1063 5672 1207 5758 (ne,
1241 5672 1298 5730 id
1331 5676 1441 5744 est,
1494 5673 1566 5730 ad
1616 5689 1795 5748 opera
1844 5673 1933 5730 fa-

249 5752 486 5814 cienda.

2035 4845 2174 4900 dum
2207 4843 2343 4910 sibi,
2377 4857 2486 4897 nec
2518 4841 2868 4896 ccenandum
2897 4843 3122 4914 putavit
3164 4843 3251 4914 (II
3295 4843 3441 4918 Reg.
3477 4863 3577 4918 χιι,
3612 4847 3700 4920 18,

2039 4933 2150 5003 19).
2182 4930 2303 4987 Ubi
2331 4945 2473 4986 vero
2505 4930 2843 4985 defunctum
2873 4947 3120 5003 puerum
3153 4935 3456 5005 comperit,
3499 4953 3704 4993 surre-

2040 5022 2123 5076 xit
2170 5020 2242 5077 de
2290 5023 2465 5090 terra,
2513 5019 2654 5075 lavit
2703 5019 2880 5090 illico,
2930 5025 3146 5077 unctus
3191 5025 3302 5094 est,
3354 5026 3706 5083 vestimenta

2113 5243 2224 5315 (13)
2259 5243 2430 5318 Rom.
2464 5242 2602 5318 edit.
2638 5243 2786 5318 sola,
2825 5265 2845 5295 ι
2880 5244 3046 5312 Quod
3076 5246 3431 5318 exemplum.
3470 5272 3491 5296 ιι
3543 5247 3703 5302 Infra

2043 5332 2194 5389 vero
2235 5315 2334 5369 ubi
2385 5314 2590 5389 eadem
2638 5315 2778 5389 edit.
2831 5333 2962 5372 cum
3011 5322 3127 5374 vet.
3177 5314 3426 5374 (ac—mss.
3461 5318 3702 5389 aliquot,

2049 5408 2070 5438 ι
2106 5387 2266 5459 velut
2295 5386 2526 5456 sepulto
2558 5387 2752 5457 quiete
2783 5403 3063 5459 corpore;
3103 5413 3124 5436 ι»
3171 5390 3410 5444 Amerb.
3445 5392 3502 5444 et
3531 5386 3704 5458 mss.,

2049 5482 2070 5506 (ι
2109 5458 2291 5530 quieti
2321 5473 2602 5530 corpore;
2643 5481 2664 5507 ι
2713 5459 2794 5513 ibi
2842 5458 3032 5530 major
3079 5476 3363 5530 numerus
3401 5475 3548 5515 mss.
3583 5465 3706 5516 tan-

2049 5529 2168 5602 tum
2194 5529 2461 5602 exhibet,
2501 5550 2523 5580 ι
2561 5530 2722 5584 velut
2753 5529 2965 5602 sepulti
2995 5531 3066 5584 ad
3096 5529 3327 5602 altiora.
3361 5550 3384 5578 ι

2097 5599 2234 5682 ’(11)
2265 5601 2413 5682 Mss.
2449 5597 2565 5656 non
2595 5601 2787 5674 pauci,
2825 5597 2862 5650 'a
2899 5603 3126 5674 reginae
3173 5597 3572 5675 petulantiam,
3620 5615 3712 5665 re.

2049 5675 2148 5754 gis
2180 5675 2490 5730 inscitiam.
2528 5694 2550 5724 ι
