4098 6178
426 392 582 466 1379

1881 400 1945 471 S.
1981 390 2422 468 AMBROSII.

3740 401 3912 472 1380

432 601 696 671 mutavit,
730 600 994 658 adoravit
1026 601 1360 672 Dominum,
1393 602 1589 658 cibum
1626 601 1883 674 sumpsit
1913 556 2096 673 (Ibid.
2124 583 2182 645 Α
2216 602 2305 669 (II
2329 603 2476 675 Reg.
2509 620 2677 674 xvm,
2708 603 2845 676 33)?
2884 628 2907 652 υ
2952 603 3087 662 Νοιι
3123 605 3293 662 solus
3323 620 3470 678 ergo
3501 606 3681 661 ﬂetur
3711 605 3911 662 Abea-

431 689 542 761 20).
576 690 725 746 Cum
754 690 882 745 haec
913 680 1177 745 miranda
1206 691 1412 763 pueris
1446 691 1575 746 suis
1611 692 1975 762 viderentur,
2006 706 2097 746 re-

433 779 670 851 spondit
700 780 790 835 eis
820 783 979 835 recte
1011 796 1098 850 se,
1133 781 1354 835 infante
1386 781 1640 851 vivente,
1684 779 1999 852 jejunasse
2043 782 2101 835 et

430 868 727 940 plorasse,
775 870 911 942 quia
950 869 1086 941 jure
1132 870 1526 925 arbitrabatur
1569 870 1881 925 Dominum
1915 885 2098 940 posse

433 959 727 1030 misereri,
761 975 871 1015 nec
901 959 1284 1015 dubitandum
1315 959 1472 1032 quod
1502 960 1679 1014 vitam
1718 963 1927 1030 posset
1972 976 2097 1015 ser-

432 1064 571 1104 vare
603 1049 877 1119 viventis,
914 1048 1013 1121 qui
1046 1053 1253 1119 posset
1269 1049 1569 1104 viviﬁcare
1587 1048 1898 1104 defunctos
1932 1067 1945 1104 :
1973 1048 2100 1121 jam

432 1153 598 1205 vero,
649 1137 807 1193 obita
850 1142 1073 1209 morte,
1120 1140 1261 1211 quid
1298 1138 1632 1212 jejunaret,
1679 1138 1780 1210 qui
1818 1137 1943 1210 jam
1982 1154 2100 1194 non

430 1231 639 1300 posset
668 1227 955 1283 reducere
985 1232 1281 1283 mortuum
1309 1228 1755 1299 exanimemque
1776 1243 2095 1282 revocare:

435 1337 458 1368 α
496 1316 645 1389 Ego,
680 1316 884 1389 inquit,
920 1316 1015 1372 ibo
1045 1317 1119 1372 ad
1148 1332 1315 1372 eum:
1350 1316 1479 1388 ipse
1507 1319 1700 1372 autem
1731 1332 1850 1372 non
1898 1332 2099 1373 rever-

432 1410 587 1461 tetur
615 1406 686 1460 ad
721 1421 811 1461 me
843 1405 1021 1475 (Ibid.
1054 1404 1165 1475 23).
1202 1429 1224 1454 η

358 1514 361 1517 λ
513 1495 699 1560 1141
738 1495 826 1551 ‘26.
877 1494 925 1550 Ο
973 1495 1293 1550 maximum
1337 1493 1615 1551 solatium
1660 1490 2096 1550 desiderantis!

429 1584 479 1641 Ο
506 1600 712 1641 verum
744 1583 1031 1656 sapientis
1054 1582 1346 1655 judicium
1377 1581 1523 1655 (15)!
1555 1583 1603 1640 Ο
1632 1584 1840 1639 miram
1872 1583 2108 1655 sapien:

432 1674 571 1730 tiam
601 1671 954 1730 servientis!
989 1677 1052 1729 ut
1083 1689 1254 1729 nemo
1287 1673 1403 1728 sibi
1425 1672 1667 1729 adversi
1698 1672 1920 1745 aliquid
1952 1673 2099 1729 acci-

431 1764 597 1819 disse
630 1763 869 1835 indigne
912 1762 1084 1832 ferat,
1134 1767 1190 1819 et
1233 1765 1437 1818 contra
1486 1762 1759 1819 meritum
1807 1778 1981 1818 suum
2030 1778 2098 1818 se

431 1854 717 1926 queratur
759 1851 1060 1906 afﬂictum.
1107 1849 1252 1917 Quis
1301 1851 1455 1907 enim
1502 1854 1563 1906 tu
1611 1867 1699 1920 es,
1749 1851 1849 1923 qui
1894 1850 1965 1908 de
1998 1854 2097 1908 tuo

432 1941 640 1996 merito
670 1943 801 1995 ante
832 1939 1226 2011 pronunties?
1269 1937 1392 1994 Cur
1430 1939 1758 2011 praevenire
1788 1940 2097 1997 desideras

2214 691 2404 762 salon,
2440 693 2613 748 ﬂetur
2639 692 2961 764 parricida,
2995 693 3172 749 ﬂetur
3192 694 3450 749 .Ammon
3479 693 3565 763 (II
3590 695 3751 766 Reg.
3772 711 3902 764 xm,

2210 780 2323 852 86).
2356 781 2490 837 Non
2524 783 2719 838 solum
2749 783 2922 838 ﬂetur
2949 782 3235 852 incestus,
3273 783 3381 838 sed
3412 784 3587 838 etiam
3616 784 3903 837 vindiea-

2211 872 2355 925 tur:
2404 872 2551 926 alter
2599 876 2936 944 contemptu
2984 872 3176 944 regni,
3225 872 3375 926 alter
3413 871 3617 927 fratris
3647 872 3901 927 exsilio.

2212 957 2413 1015 Fletur
2441 961 2791 1031 sceleratus,
2825 978 2941 1016 non
2973 961 3147 1016 ﬂetur
3174 961 3447 1016 dilectus.
3481 960 3627 1026 Quae
3659 976 3857 1015 causa
3877 963 3907 1015 ’ἲ

2213 1063 2347 1119 quae
2379 1048 2573 1105 ratio?
2620 1050 2755 1105 Non
2798 1051 3118 1115 mediocris
3164 1050 3346 1124 igitur
3387 1050 3448 1105 in
3488 1051 3900 1121 prudentibus

2214 1137 2578 1208 deliberatio,
2634 1140 3005 1210 sapientibus
3047 1138 3451 1209 confirmatio;
3484 1155 3711 1211 magna
3745 1140 3901 1194 enim

2212 1226 2542 1298 prudentia:
2572 1227 2633 1282 in
2662 1231 2821 1283 tanta
2852 1228 3141 1284 factorum
3158 1227 3500 1283 diversitate
3529 1228 3897 1297 constantia,

2215 1330 2330 1370 una
2360 1314 2530 1371 fides.
2564 1315 2636 1371 Et
2666 1316 2801 1371 illos
2831 1320 3099 1372 mortuos
3132 1316 3312 1385 flevit,
3336 1321 3394 1372 et
3410 1316 3675 1372 ﬂendum
3708 1317 3900 1372 infan-

2213 1405 2331 1459 tem
2361 1407 2659 1460 mortuum
2688 1419 2808 1460 non
2837 1406 3097 1475 putavit;
3130 1405 3267 1460 illos
3295 1405 3451 1461 enim
3480 1406 3599 1461 sibi
3632 1406 3900 1481 periisse

2214 1493 2511 1563 credebat,
2544 1493 2704 1548 hunc
2733 1497 3227 1549 resurrecturum
3256 1495 3553 1566 sperabat.

2283 1582 2371 1639 29.
2404 1582 2524 1639 Sed
2552 1583 2625 1638 de
2655 1582 3103 1640 resurrectione
3123 1583 3447 1654 posterius,
3473 1599 3635 1639 nunc
3656 1583 3740 1639 ad
3765 1600 3899 1654 pro-

2211 1673 2403 1745 posita
2426 1674 2816 1729 revertamur.
2840 1673 3251 1729 Prmmisimus
3267 1672 3424 1730 enim
3443 1672 3627 1730 etiam
3647 1678 3901 1729 sanctos

2211 1762 2374 1819 viros
2406 1761 2613 1836 gravia
2643 1761 2703 1816 in
2733 1761 2846 1819 hoc
2862 1760 3104 1833 mundo,
3129 1766 3185 1819 et
3208 1762 3388 1819 multa
3404 1778 3749 1834 perpessos
3770 1763 3900 1818 sine

2211 1848 2635 1924 suffragatione
2680 1851 3047 1921 meritorum,
3100 1866 3234 1907 cum
3277 1867 3540 1907 erumna
3594 1851 3897 1907 laborum.

2213 1938 2382 1996 Unde
2404 1954 2730 2012 regressus
2751 1939 2825 1995 ad
2846 1955 2913 1996 se
2933 1939 3140 2009 David,
3166 1940 3225 1994 in
3244 1940 3692 2012 posterioribus
3721 1940 3897 1996 dicit:

432 2028 847 2103 cognitorem?
901 2026 1019 2083 Cur
1074 2027 1256 2100 eripis
1316 2029 1665 2083 sententiam
1709 2027 2099 2102 judicaturo?
2130 2002 2181 2065 Β
2213 2028 2525 2097 Memento,
2578 2026 2859 2100 Domine,
2915 2051 2938 2077 α
2985 2029 3123 2101 quia
3172 2029 3366 2101 pulvis
3416 2045 3668 2101 sumus;
3723 2030 3901 2085 homo

433 2118 557 2174 Nec
606 2117 831 2173 sanctis
882 2116 1040 2172 istud
1083 2115 1446 2189 permissum
1492 2121 1603 2188 est,
1652 2133 1761 2173 nec
1801 2134 1833 2172 a
1872 2118 2098 2174 sanctis

432 2209 668 2280 impune
698 2221 957 2279 unquam
1000 2211 1094 2262 est
1135 2208 1504 2278 usurpatum.
1546 2206 1729 2263 David
1760 2223 1828 2263 se
1858 2210 2098 2280 propte-

431 2313 534 2353 rea
582 2296 940 2369 ﬂagellatum
991 2310 1101 2350 suo
1151 2296 1412 2351 carmine
1455 2295 1770 2351 confitetur
1816 2313 1829 2352 :
1886 2297 2097 2352 «Ecce

429 2385 544 2458 ipsi
571 2388 915 2457 peccatores
947 2386 1005 2440 et
1034 2383 1402 2440 abundantes
1435 2385 1492 2439 in
1526 2386 1772 2454 saeculo,
1821 2385 2097 2441 obtinue-

429 2478 566 2530 runt
596 2473 852 2530 divitias:
885 2472 1044 2546 Ergo
1067 2472 1197 2528 sine
1219 2488 1399 2529 causa
1413 2471 1736 2546 justiﬂcavi
1759 2490 1861 2529 cor
1880 2490 2096 2545 meum,

427 2568 487 2620 et
512 2562 629 2619 lavi
660 2563 812 2618 inter
842 2562 1189 2618 innocentes
1220 2578 1431 2618 manus
1462 2578 1626 2618 meas
1652 2578 1665 2618 :
1701 2563 1757 2619 et
1786 2562 1871 2619 fui
1903 2563 2101 2636 ﬂagel-

428 2651 583 2708 latus
627 2653 746 2708 tota
790 2651 904 2721 die,
955 2653 1011 2707 et
1054 2650 1232 2708 index
1279 2666 1450 2707 meus
1494 2651 1605 2723 (16)
1650 2652 1710 2708 in
1751 2652 2099 2708 matutinum

429 2742 618 2813 (Psal.
651 2757 832 2810 Lxxn,
851 2737 974 2809 42).
1014 2764 1037 2789 υ

498 2830 588 2885 γι.
620 2830 837 2885 Petrus
869 2844 1104 2902 quoque
1135 2829 1408 2902 quamvis
1440 2827 1652 2900 plenus
1683 2829 1796 2885 fide
1827 2829 2098 2886 devotio-

429 2918 544 2989 nis,
577 2922 771 2975 tamen
800 2919 936 2990 quia
966 2918 1224 2974 nondum
1254 2918 1535 2973 conscius
1584 2922 1809 2974 nostrm
1856 2918 2098 2974 infirmi-

428 3007 565 3062 tatis
597 3008 1017 3079 praesumptivc
1038 3007 1267 3063 dixerat
1288 3007 1535 3062 Domino
1562 3023 1575 3063 :
1608 3007 1883 3062 Animam
1914 3023 2100 3064 meam

427 3112 538 3170 pro
566 3101 627 3151 te
640 3111 852 3169 ponam
874 3096 1063 3167 (Joan.
1098 3112 1223 3167 xui,
1243 3096 1355 3167 37),
1380 3096 1759 3152 tentationem
1779 3112 2102 3168 praesump-

426 3186 606 3241 tionis
670 3189 982 3257 antequam
1044 3185 1212 3240 tertio
1285 3184 1481 3256 gallus
1540 3187 1800 3240 cantaret
1853 3184 2103 3240 incurrit

422 3274 615 3345 (Joan.
665 3290 826 3341 xvm,
879 3273 990 3343 2'1).
1045 3273 1210 3328 Licet
1259 3272 1355 3328 illa
1397 3274 1637 3329 tentatio
1684 3273 2100 3329 documentum

2209 2121 2485 2190 tanquam
2517 2117 2760 2188 foenum,
2794 2118 2923 2174 dies
2955 2118 3092 2191 ejus
3123 2117 3312 2187 (Psal.
3344 2134 3442 2187 cn,
3475 2118 3567 2189 15)
3595 2136 3608 2183 ;
3650 2142 3672 2167 ιι
3713 2123 3777 2175 et
3804 2120 3905 2174 ali-

2210 2207 2267 2262 bi
2304 2222 2316 2263 :
2375 2228 2396 2256 α
2435 2207 2624 2262 Homo
2674 2207 2913 2263 vanitati
2959 2207 3176 2262 similis
3225 2207 3417 2263 factus
3446 2212 3562 2278 est,
3596 2207 3737 2263 dies
3768 2208 3903 2280 ejus

2210 2297 2368 2352 sicut
2389 2295 2596 2351 umbra
2616 2299 2975 2366 prietereunt
2986 2295 3176 2367 (Psal.
3199 2313 3396 2368 cxun,
3418 2296 3497 2366 4).
3519 2318 3541 2346 ι
3566 2295 3729 2363 Quid
3746 2299 3905 2354 enim

2210 2385 2388 2441 nobis
2424 2384 2618 2449 1142
2649 2385 2952 2455 miserius,
2985 2384 3087 2456 qui
3117 2385 3230 2456 (1'7)
3258 2390 3537 2458 tanquam
3567 2386 3821 2457 spoliati
3846 2390 3903 2442 et

2213 2474 2355 2530 nudi
2405 2473 2758 2547 projicimur
2799 2473 2860 2529 in
2907 2473 3061 2529 hanc
3107 2475 3307 2544 vitam,
3356 2490 3613 2546 corpore
3665 2474 3891 2547 fragili,

2158 2616 2167 2621 -
2214 2562 2396 2619 corde
2424 2562 2676 2634 lubrico,
2710 2562 3007 2618 imbecillo
3040 2562 3255 2633 animo,
3289 2564 3448 2618 anxii
3489 2563 3562 2618 ad
3597 2563 3901 2620 sollicitu-

2216 2653 2411 2721 dines,
2444 2651 2736 2708 desidiosi
2765 2651 2835 2708 ad
2867 2650 3130 2721 labores,
3160 2652 3330 2723 proni
3361 2652 3438 2707 ad
3468 2652 3863 2724 voluptates?

2284 2740 2374 2799 30.
2407 2741 2542 2797 Non
2572 2741 2738 2797 nasci
2770 2741 2954 2813 igitur
2980 2740 3159 2814 longe
3200 2742 3503 2812 optimum,
3554 2744 3901 2798 secundum

2214 2830 2405 2886 sancti
2435 2829 2770 2886 Salomonis
2800 2830 3171 2886 sententiam.
3203 2829 3404 2900 Ipsum
3436 2831 3597 2886 enim
3646 2834 3836 2888 etiam
3860 2832 3902 2885 ii

2214 2919 2313 2992 qui
2362 2918 2476 2975 sibi
2528 2918 2645 2974 visi
2694 2922 2834 2975 sunt
2876 2918 2937 2974 in
2964 2918 3343 2991 philosophia
3371 2920 3676 2976 excellere
3703 2923 3905 2977 secuti

2215 3011 2372 3064 sunt.
2407 3008 2556 3063 Nam
2577 3008 2708 3080 ipse
2730 3007 2849 3063 illis
2870 3009 3149 3079 anterior,
3174 3009 3402 3064 nostris
3425 3010 3736 3079 posterior
3764 3009 3901 3082 (18),

2212 3098 2291 3153 ita
2335 3098 2397 3152 in
2446 3095 2812 3153 Ecclesiaste
2858 3096 3096 3152 locutus
3145 3099 3283 3153 est:
3339 3119 3361 3149 ιι
3398 3097 3470 3152 Et
3505 3098 3757 3154 laudavi
3786 3116 3902 3173 ego

2214 3201 2420 3243 omnes
2450 3186 2765 3243 defunctos
2794 3187 2897 3258 qui
2923 3186 3045 3258 jam
3078 3186 3294 3243 mortui
3314 3191 3474 3257 sunt,
3496 3189 3700 3261 magis
3724 3206 3905 3262 quam

2213 3277 2504 3347 viventes,
2541 3276 2880 3349 quicunque
2910 3275 3119 3331 vivunt
3147 3292 3338 3348 usque
3365 3276 3581 3332 adhuc.
3619 3276 3700 3333 Et
3747 3281 3905 3352 Opti-

424 3363 601 3419 fuerit
645 3363 720 3418 ad
769 3361 1041 3429 salutem,
1094 3365 1157 3417 ut
1202 3361 1506 3418 discamus
1555 3378 1674 3417 non
1722 3366 2100 3439 contemnere
2136 3383 2186 3445 C
2213 3381 2346 3421 mus
2377 3381 2560 3436 super
2589 3364 2702 3420 hos
2733 3365 2906 3435 duos,
2939 3364 3040 3437 qui
3070 3364 3330 3420 nundum
3353 3368 3525 3421 natus
3547 3368 3668 3436 est,
3705 3372 3768 3423 et
3801 3369 3901 3440 qui

422 3452 622 3510 carnis
655 3451 1072 3522 inﬁrmitatem,
1105 3467 1180 3507 ne
1210 3451 1640 3508 contemnendo
1688 3455 2003 3507 tentemur.
2038 3451 2102 3507 Si

400 3528 637 3599 'Petrus
669 3543 926 3597 tentatus
974 3544 1086 3611 est,
1136 3540 1271 3612 quis
1319 3544 1665 3613 praesumat,
1705 3540 1842 3612 quis
1872 3544 2099 3596 astruat

424 3644 492 3689 se
522 3644 638 3687 non
668 3642 852 3702 posse
884 3630 1147 3687 tentari?
1174 3631 1369 3702 Atque
1395 3629 1550 3686 haud
1574 3628 1752 3685 dubie
1785 3647 1891 3702 pro
1924 3617 2098 3686 nobis

421 3723 680 3778 tentatus
712 3724 805 3777 est
836 3719 1072 3789 Petrus,
1106 3722 1169 3775 ut
1199 3719 1257 3775 in
1289 3719 1531 3775 fortiore
1563 3735 1681 3776 non
1711 3722 1877 3776 esset
1907 3721 2098 3775 tenta-

425 3810 605 3866 meuti
635 3809 964 3880 periculum
998 3823 1011 3865 :
1047 3808 1155 3864 sed
1187 3808 1246 3862 in
1277 3807 1376 3863 illo
1408 3808 1779 3875 disceremus
1813 3805 2099 3881 quemad-

425 3898 661 3955 modum
706 3896 766 3952 in
811 3895 1336 3968 persecutionibus
1383 3897 1758 3966 resistentes,
1802 3898 1917 3954 etsi
1963 3897 2098 3953 vitat

426 3985 627 4042 studio
650 3988 1030 4056 tentaremur,
1062 3983 1402 4041 tentationis
1434 3989 1629 4041 tamen
1676 3985 1946 4043 aculeum
1990 4002 2098 4059 pa-

426 4073 645 4130 tientim
674 4072 953 4146 lacrymis
984 4075 1382 4130 vinceremus.

498 4159 589 4220 28.
625 4163 782 4219 Idem
815 4166 1011 4218 tamen
1044 4162 1249 4232 David,
1285 4178 1357 4217 ne
1392 4178 1569 4234 quem
1614 4160 1895 4220 fortassis
1940 4163 2096 4221 Scri-

425 4256 731 4326 pturarum
773 4256 1041 4308 tenacem
1083 4254 1317 4307 moveat
1371 4251 1660 4307 factorum
1709 4253 2026 4309 diversitas
2077 4271 2090 4310 :

425 4342 601 4413 idem,
652 4342 912 4414 inquam,
960 4340 1146 4396 David
1193 4341 1548 4412 parricidam
1588 4344 1881 4398 mortuum
1912 4342 2093 4414 ﬂevit,

424 4432 526 4505 qui
567 4446 684 4487 non
729 4432 970 4487 ﬂeverat
1016 4430 1409 4486 innocentem.
1444 4431 1708 4504 Denique
1739 4447 1873 4487 cum
1906 4432 2097 4504 plora-
2144 4421 2157 4429 ’

424 4525 515 4578 ret
541 4523 600 4576 et
619 4520 871 4594 lugeret,
894 4519 1076 4576 dixit:
1115 4542 1137 4567 α
1166 4518 1350 4577 Filius
1370 4535 1537 4576 meus
1562 4519 1917 4591 Abessalon,
1938 4520 2097 4577 filius

2213 3469 2330 3510 non
2377 3454 2525 3508 vidit
2573 3453 2686 3510 hoc
2738 3469 2889 3525 opus
2931 3453 3170 3524 malum,
3208 3453 3367 3525 quod
3396 3452 3622 3511 factum
3655 3458 3757 3512 est
3788 3457 3899 3512 sub

2215 3543 2364 3599 sole.
2399 3542 2471 3598 Et
2517 3542 2637 3598 vidi
2681 3559 2794 3616 ego
2840 3542 3186 3600 universum
3230 3542 3516 3615 laborem,
3553 3549 3613 3600 et
3661 3561 3898 3602 omnem

2213 3633 2492 3688 virtutem
2519 3632 2718 3703 operis
2748 3631 2968 3705 hujus;
3000 3633 3139 3704 quia
3169 3631 3445 3689 emulatio
3476 3634 3607 3689 viro
3641 3635 3720 3690 ab
3752 3635 3897 3691 alte.

2213 3737 2281 3778 ro
2324 3720 2480 3793 ejus.
2531 3720 2602 3776 Et
2648 3720 2887 3792 quidem
2937 3719 3050 3777 hoc
3100 3720 3352 3792 vanitas,
3398 3725 3457 3778 et
3500 3724 3899 3796 praesumptio

2215 3807 2465 3881 spiritus
2495 3809 2721 3880 (Eccle.
2760 3826 2840 3880 iv,
2874 3810 2927 3877 2,
2962 3810 3040 3880 4).
3075 3835 3098 3859 ι

2283 3897 2373 3957 31.
2424 3898 2494 3955 Et
2537 3898 2674 3971 quis
2717 3898 2831 3954 hoc
2877 3898 3044 3968 dixit,
3094 3899 3212 3955 nisi
3256 3899 3355 3956 ille
3403 3900 3505 3973 qui
3536 3902 3897 3972 sapientiam

2211 3988 2486 4060 poposcit
2514 3990 2571 4043 et
2600 3987 2934 4058 impetravit
2982 3987 3144 4062 (Sep.
3174 4004 3276 4061 vn,
3308 3990 3385 4060 '1),
3419 3993 3482 4046 ut
3513 3991 3709 4048 sciret
3738 4007 3897 4049 com-

2211 4078 2565 4150 positionem
2615 4077 2780 4133 orbis
2828 4079 3141 4148 terrarum,
3174 4082 3232 4134 et
3261 4078 3537 4134 virtutem
3572 4080 3897 4137 elemento-

2212 4183 2363 4238 rum,
2413 4166 2549 4222 anni
2594 4181 2834 4237 cursus,
2868 4169 2927 4222 et
2955 4167 3258 4223 stellarum
3288 4167 3745 4240 dispositiones,
3780 4186 3895 4227 non

2211 4255 2517 4328 ignoraret
2544 4257 2786 4310 naturas
2815 4255 3174 4326 animalium,
3196 4256 3391 4313 etiras
3410 4257 3729 4330 colligeret
3750 4259 3889 4315 bes-

2211 4345 2444 4415 tiarum,
2491 4344 2611 4400 vim
2656 4348 2989 4414 ventorum,
3040 4349 3100 4401 et
3143 4347 3540 4418 cogitationes
3573 4346 3887 4404 hominum

2212 4433 2722 4505 deprehenderet?
2743 4432 2929 4499 Quem
2951 4432 3135 4506 igitur
3155 4448 3274 4490 non
3295 4435 3593 4491 latuerunt
3613 4436 3887 4493 coelestia

2213 4523 2707 4596 quemadmodum
2754 4521 3001 4578 laterent
3048 4522 3364 4579 mortalia?
3406 4522 3520 4588 Qui
3576 4525 3889 4598 cogitatio-

427 4625 598 4667 meus
626 4609 986 4682 Abessalon,
1033 4609 1168 4683 quis
1216 4609 1378 4665 dabit
1425 4607 1567 4664 mihi
1615 4613 1867 4666 mortem
1904 4625 2010 4682 pro
2039 4611 2097 4667 te
2131 4621 2184 4684 1)
2212 4627 2348 4669 nem
2377 4611 2647 4667 mulieris
2679 4611 3064 4684 iuvestigavit
3084 4612 3203 4667 sibi
3225 4612 3508 4669 infantem
3528 4613 3892 4670 vindicantis

498 4762 611 4902 €15)
638 4764 821 4819 Pauci
853 4778 1026 4831 mss.,
1064 4783 1087 4814 ι
1126 4762 1415 4834 sapientis
1446 4761 1746 4818 incidium.
1786 4786 1807 4810 ι»

523 4832 612 4902 16)
653 4834 873 4890 Omnes
917 4834 1054 4890 edit.
1106 4850 1174 4889 ac
1222 4850 1370 4891 mss.
1413 4834 1698 4902 nonnulli,
1739 4849 1807 4887 «ι

523 4832 612 4905 16)
653 4834 873 4890 Omnes
917 4834 1054 4890 edit.
1106 4850 1174 4889 ac
1196 4832 1370 4891 'mss.
1413 4834 1698 4904 nonnulli,
1739 4856 1761 4881 α
1795 4837 1852 4888 et
1879 4832 2096 4889 vindex

426 4917 632 4979 meus;
660 4928 690 4979 Β
740 4906 839 4979 alii
886 4922 1035 4961 mss.
1089 4905 1332 4979 aliquot,
1380 4906 1598 4979 quibus
1643 4905 1870 4979 accedit
1916 4905 2093 4962 Psalt.

431 4973 878 5048 ﬁe_m.Quinc.,
930 4997 952 5024 α
1002 4980 1058 5032 et
1097 4973 1285 5048 judex
1320 4973 1538 5047 meus;
1587 5000 1608 5025 η
1673 4977 1904 5048 Remig.
1963 4992 2097 5033 cum

428 5045 629 5129 Vulg,
682 5050 795 5129 g'et
840 5045 1345 5129 castigationmea,
1383 5072 1405 5097 υ
1450 5045 1535 5129 in;
1563 5063 1679 5119 quo
1714 5064 1833 5129 non
1854 5045 2095 5104 discre-

427 5120 525 5188 pat
554 5116 641 5191 'ab
688 5116 868 5191 Hebr.
916 5116 1019 5172 ubi
1063 5118 1299 5191 legitur,
1334 5116 1375 5168 'a
1411 5123 1468 5176 et
1515 5116 1836 5191 increpatio
1867 5134 2031 5189 mea;
2068 5143 2090 5168 ιο

427 5187 627 5261 Crateri
684 5187 937 5259 denique
995 5187 1152 5261 mss:
1206 5206 1339 5244 cum
1392 5192 1562 5261 Rom.
1616 5187 1788 5261 psalt.
1837 5187 2090 5245 comm):

427 5264 495 5344 et
508 5259 704 5344 index
733 5274 929 5344 meus,
951 5268 1041 5319 καί
1070 5263 1096 5320 ὀ
1127 5260 1333 5339 ἔλεγχός
1358 5287 1477 5344 μου,
1502 5259 1668 5326 Quod
1698 5264 1890 5344 autem
1922 5262 2091 5317 ltom.

427 5339 566 5396 edit.
599 5355 731 5394 cum
760 5338 968 5409 paucis
1000 5354 1146 5393 mss.
1198 5355 1304 5462 pro
1358 5338 1379 5388 ῐι
1417 5343 1476 5395 in
1521 5342 1890 5410 matutinum,
1928 5364 1949 5391 ι)
1983 5358 2094 5413 po-

427 5411 547 5462 suit
598 5434 619 5457 «ι
656 5411 714 5462 in
746 5409 1067 5462 matutinis.
1106 5432 1128 5457 υ
1182 5409 1199 5462 i
1228 5410 1300 5462 lic
1330 5428 1362 5462 ιι
1395 5428 1542 5462 mss.
1590 5412 1769 5462 longe
1799 5413 2090 5462 nlui-ibus.

427 5411 547 5484 suit
598 5434 619 5457 «ι
656 5409 1067 5484 in_matutinis,
1106 5432 1128 5457 υ
1182 5409 1300 5484 illic
1330 5428 1363 5466 ιι
1395 5428 1542 5466 mss.
1590 5412 1769 5484 longe
1798 5409 2091 5484 pluribus,

422 5482 500 5537 ab
527 5485 646 5608 atat.
678 5481 815 5537 edit.
851 5496 961 5537 nec
991 5497 1108 5537 non
1139 5481 1311 5536 etiam
1343 5483 1415 5538 ab
1447 5483 1600 5555 Aug.
1635 5481 1887 5539 lectione
1932 5481 2096 5541 aber-

425 5569 551 5608 ravn
584 5594 596 5608 .

425 5569 596 5608 ῐέινιῑ.

494 5625 612 5694 (Π)
642 5625 1013 5698 Augustinus
1043 5623 1145 5698 lib.
1179 5639 1261 5698 iv,
1291 5629 1499 5698 contra
1530 5622 1670 5698 101.,
1705 5640 1832 5698 cap.
1871 5624 1959 5698 12,
1991 5642 2094 5682 ea-

425 5692 1010 5767 dempropémodum
1043 5696 1216 5767 citate
1247 5692 1348 5767 lib.
1382 5713 1466 5766 ιιι,
1508 5692 1815 5752 Ciceronis
1864 5692 1956 5753 de
1987 5697 2096 5753 Re-

418 5764 607 5848 ρυρις
634 5764 787 5824 unde
835 5766 1190 5830 Ambrosius
1236 5764 1410 5831 etiam
1448 5764 1605 5828 hunc
1637 5768 1832 5828 locum
1862 5768 2095 5826 videtur

424 5836 704 5897 imitatus.

2126 5586 2131 5589 -
2212 5554 2294 5610 dit
2323 5554 2531 5611 Cicero
2562 5554 2664 5609 lib.
2697 5571 2715 5608 ι
2757 5554 2987 5611 Tusc-ul.
3025 5555 3241 5620 Quaest.
3277 5559 3335 5610 et
3365 5556 3421 5610 in
3454 5554 3554 5611 lib.

2281 4770 2524 4845 (18)AIta
2566 4771 2705 4828 edit.
2758 4787 2954 4845 mss.,_
2983 4772 3249 4845 exceptis
3295 4772 3653 4845 quibusdam
3694 4774 3892 4831 Paris.

2212 4844 2349 4901 edit.
2406 4843 2467 4898 in
2510 4844 2749 4916 quibus,
2803 4867 2824 4891 α
2860 4843 3036 4898 nobis
3080 4843 3378 4915 posterior
3412 4869 3434 4894 ι
3472 4850 3529 4901 et
3563 4862 3714 4901 mss.
3746 4863 3893 4902 non-

2212 4915 2391 4971 nullis
2411 4957 2425 4984 ,
2486 4915 2589 4990 qui
2642 4915 2886 4990 legunt,
2922 4937 2944 4962 α
2980 4916 3170 4990 nostri
3202 4917 3517 4990 posterior
3547 4938 3570 4967 ι
3590 4987 3604 4990 _
3625 4919 3890 4990 Remig,

2216 5001 2406 5060 «__non
2448 4985 2748 5060 posterior
2789 4986 2931 5060 fuit._
2973 5010 2996 5035 ιι
3021 4985 3646 5060 _Haud_incommode
3694 4985 3892 5060 potést

2211 5057 2594 5112 nihilominus
2643 5057 2972 5113 com'munis
3020 5056 3293 5113 lectionis
3339 5058 3435 5112 hic
3466 5056 3890 5124 sensus'esse,

2209 5131 2272 5183 ut
2298 5127 2576 5183 Salomon
2614 5128 2724 5198 qui
2768 5128 2985 5183 dicitur
3028 5128 3297 5198 profanis
3330 5130 3704 5199 sapientibus
3736 5133 3891 5185 auti-

2211 5200 2404 5271 quior,
2439 5199 2592 5271 idem
2612 5204 2818 5271 tamen
2848 5199 3051 5271 multis
3083 5202 3425 5271 nostrorum
3456 5202 3763 5270 posterior
3790 5203 3892 5270 sit,

2212 5268 2274 5324 ut
2300 5268 2601 5351 puta_qu,
2637 5269 2841 5351 ltioyse
2873 5275 2929 5325 et
2961 5270 3112 5324 aliis.
3146 5268 3313 5351 Quod
3345 5268 3539 5351 autem
3571 5268 3895 5351 adﬂant-to?

2210 5357 2338 5398 rem
2368 5341 2463 5397 cui
2493 5341 2565 5396 ab
2596 5341 2851 5396 ethnicis
2884 5345 3203 5397 memorata
3234 5343 3529 5397 sententia
3580 5343 3889 5411 tribuitur,

2212 5413 2565 5469 Aristoteles
2596 5411 2913 5467 Plutarcho
2944 5416 3116 5481 teste,
3151 5428 3298 5480 eam,
3351 5414 3410 5467 iu
3457 5413 3729 5469 Eudemo
3760 5416 3892 5470 sive

2212 5484 2314 5539 lib.
2340 5484 2424 5555 ide
2451 5485 2687 5555 Anima,
2721 5483 2922 5555 Sileno
2952 5483 3274 5555 adiudicat.
3306 5484 3466 5539 idem
3496 5500 3737 5555 quoque
3768 5490 3893 5541 tia-

2212 5557 2294 5610 dit
2323 5557 2531 5611 Cicero
2562 5557 2664 5609 lib.
2697 5571 2715 5608 ι
2757 5557 2987 5611 Tusc-ul.
3025 5557 3241 5620 Quaest.
3277 5559 3335 5610 et
3365 5557 3421 5610 in
3454 5557 3554 5611 lib.
3605 5557 3682 5611 de
3733 5557 3891 5614 Con-

2212 5624 2522 5708 solatione.
2556 5626 2703 5726 Vide
2750 5642 2987 5752 quoque
3036 5627 3404 5713 Theognidis
3456 5627 3515 5680 in
3564 5628 3720 5683 hanc
3766 5644 3894 5685 rem

2212 5711 2580 5752 epigramma
2601 5739 2615 5752 .
2661 5696 2898 5752 Sonhoc
2925 5711 3018 5752 em
3047 5713 3105 5751 in
3150 5696 3347 5752 didm.
3387 5696 3604 5752 Colon:
3635 5699 3892 5752 Laetam-

2212 5696 2616 5779 epigramma;
2661 5696 3018 5768 Sophoclem
3047 5697 3105 5751 in
3150 5696 3347 5780 (Εᾴίρ.
3387 5696 3892 5782 Colon;1.actan-

2212 5767 2496 5901 232022.
2532 5785 2619 5841 ιιι,
2652 5783 2780 5843 cap.
2816 5766 2904 5841 18,
2938 5774 2996 5825 et
3024 5768 3355 5826 Ausonium
3382 5767 3608 5847 Ecloga
3644 5770 3721 5828 de
3764 5770 3892 5833 Vita

2259 5854 2485 5901 αωαιιει.
