4060 6178
201 350 321 412 1381

922 338 1033 406 DE
1077 341 1465 426 EXCESSU
1512 334 1876 405 FRATRIS
1921 334 2057 404 SUI
2105 339 2413 403 SATYRI
2455 341 2613 403 LIB.
2664 340 2740 402 II.

3419 334 3574 411 1382

189 550 389 605 alienum
419 546 519 618 (Ill
544 546 692 617 Reg.
727 562 809 614 ιιι,
852 545 966 614 2'1),
999 544 1100 616 qui
1141 548 1384 599 naturas
1423 542 1782 612 animalium,
1805 525 1860 588 Α
1896 541 2025 612 ipse
2057 541 2322 612 deplorat
2352 541 2447 596 his
2469 541 2690 611 verbis,
2713 541 2950 596 dicens:
2989 563 3010 591 α
3049 541 3177 597 Heu
3199 557 3312 611 me,
3335 541 3564 596 mater!

187 654 306 710 quas
331 653 422 691 non
447 636 770 705 acceperat,
802 634 1001 688 divina
1032 637 1224 688 tamen
1257 634 1450 704 gratia
1489 632 1786 702 aspirante

188 726 411 798 cognovit
435 724 592 796 (Sap.
627 740 729 791 vn,
762 723 885 791 20):
925 723 1021 776 hic
1052 723 1123 776 de
1153 739 1281 777 suae
1314 721 1649 777 conditione
1679 736 1786 773 na-

184 821 322 882 turae,
346 831 491 886 quam
522 815 579 868 in
609 829 676 868 se
717 817 999 883 expertus
1029 815 1140 882 est,
1175 828 1376 868 errare
1414 814 1514 867 aut
1550 810 1786 865 mentiri

186 906 374 976 potuit?

243 995 314 1049 89..
340 992 431 1047 Sed
458 1008 573 1047 non
605 991 773 1047 solus
805 990 918 1046 hoc
949 991 1161 1060 sensit,
1196 991 1308 1046 etsi
1339 991 1508 1045 solus
1541 1005 1790 1058 expres-

183 1083 262 1139 sit.
285 1082 495 1154 Legerat
516 1084 786 1136 sanetum
808 1081 1037 1136 dixisse
1058 1079 1201 1135 Job:
1233 1102 1255 1126 α
1281 1080 1500 1134 Hereat
1519 1078 1650 1133 dies
1673 1077 1788 1146 ille,

182 1172 234 1226 in
259 1186 354 1243 quo
373 1177 524 1224 natus
554 1185 688 1224 sum
718 1169 876 1236 (Job.
912 1185 992 1238 ιιι,
1025 1167 1117 1238 3);
1163 1189 1186 1218 ι
1220 1171 1277 1222 et
1308 1168 1669 1240 cognoverat
1700 1182 1795 1219 na-

183 1261 259 1316 sci
293 1258 542 1314 malorum
585 1258 846 1313 omnium
899 1271 1040 1312 esse
1098 1256 1485 1328 principium:
1546 1259 1602 1310 et
1659 1254 1793 1308 ideo

179 1351 310 1404 diem
349 1364 446 1420 quo
483 1352 656 1402 natus
694 1350 807 1416 est,
858 1345 1054 1416 perire
1099 1347 1338 1416 aptavit,
1380 1350 1442 1400 ut
1488 1344 1793 1399 tolleretur

179 1438 324 1510 origo
349 1435 871 1492 incommodorum:
913 1437 971 1489 et
1007 1435 1226 1506 Optavit
1263 1433 1456 1506 perire
1497 1433 1651 1487 diem
1683 1448 1792 1504 ge-

163 1526 450 1586 nerationis
485 1541 634 1595 suae,
675 1529 737 1578 ut
773 1524 930 1578 diem
972 1523 1437 1579 resurrectionis
1476 1522 1790 1592 acciperet.

176 1615 415 1670 Audierat
453 1614 623 1669 etiam
671 1612 949 1669 Salomon
1007 1612 1236 1668 dixisse
1297 1615 1522 1683 patrem
1579 1625 1789 1666 suum:

181 1728 198 1750 ιι
229 1704 414 1760 Notum
440 1702 528 1757 fac
558 1701 722 1771 mihi,
757 1702 1024 1771 Domine,
1051 1702 1227 1756 ﬁnem
1258 1716 1474 1770 meum,
1507 1704 1564 1756 et
1592 1715 1794 1754 nume-

173 1810 286 1848 rum
325 1792 533 1847 dierum
583 1807 870 1859 meorum,
923 1795 983 1846 ut
1032 1791 1217 1845 sciam
1264 1791 1403 1862 quid
1450 1790 1604 1845 desit
1653 1788 1796 1843 mihi

1896 634 1958 684 ut
1991 631 2130 701 quid
2163 646 2254 684 me
2284 630 2596 700 perperisti
2630 631 2823 684 virum
2842 646 3082 684 causam
3104 631 3393 685 dicentem
3415 628 3567 702 judi-

1899 719 1974 772 cii
2001 720 2058 772 in
2091 719 2248 773 omni
2280 723 2436 773 terra
2461 719 2489 772 ?
2521 718 2651 772 Non
2683 719 2900 789 profui,
2935 735 3125 790 neque
3165 721 3384 790 profuit
3422 718 3566 775 mihi

1905 809 2221 879 quisquam
2268 808 2413 877 (21):
2468 808 2656 862 virtus
2713 823 2840 862 mea
2899 808 3113 863 defecit
3171 811 3414 880 (Jerem.
3467 829 3562 881 xv,

1910 895 2018 967 10).
2058 919 2077 944 ιι
2115 897 2173 952 Si
2205 897 2387 968 igitur
2424 897 2612 951 sancti
2658 897 2770 950 viri
2808 897 2984 950 vitam
3034 898 3283 970 fugiunt,
3317 917 3569 973 quorum

1898 987 2016 1040 vita
2049 986 2158 1041 etsi
2193 987 2367 1040 nobis
2399 986 2582 1055 utilis,
2607 986 2720 1041 sibi
2752 989 2942 1040 tamen
2966 987 3188 1042 inutilis
3219 991 3563 1060 aestimatur,

1899 1075 2040 1146 quid
2074 1091 2183 1130 nos
2216 1076 2414 1130 facere
2444 1079 2692 1146 oportet,
2727 1077 2826 1148 qui
2849 1091 2956 1132 nec
2979 1077 3112 1131 aliis
3131 1079 3418 1148 prodesse
3436 1096 3568 1151 pos.

1900 1180 2132 1234 sumus,
2164 1167 2220 1219 et
2250 1163 2424 1220 nobis
2453 1165 2630 1219 vitam
2661 1165 2811 1219 hanc
2841 1167 3012 1236 quasi
3037 1166 3360 1222 foenebrem
3391 1184 3568 1239 pecu-

1902 1253 2055 1308 niam
2087 1253 2363 1308 usurario
2393 1254 2645 1325 quodam
2681 1256 2914 1310 cumulo
2945 1259 3396 1328 gravescentem
3436 1274 3570 1313 one-

1905 1343 2028 1397 rari
2059 1343 2117 1397 in
2149 1342 2277 1397 dies
2309 1347 2683 1413 peccatorum
2715 1359 2833 1399 iere
2865 1345 3154 1399 sentimus
3185 1348 3214 1401 ?

1973 1432 2062 1487 35.
2101 1454 2122 1477 υ
2157 1430 2425 1497 Quotidie
2457 1433 2695 1502 morior,
2735 1455 2756 1480 ιι
2802 1433 3123 1504 Apostolus
3165 1435 3303 1490 dicit
3343 1437 3398 1507 (Ι
3429 1437 3564 1493 Cor.

1905 1537 2001 1590 xv,
2035 1518 2147 1590 3t).
2181 1520 2393 1575 Melius
2425 1521 2646 1593 utique,
2682 1537 2855 1594 quam
2879 1522 2982 1592 illi,
3003 1523 3104 1595 qui
3132 1525 3566 1582 meditationem

1904 1610 2112 1666 mortis
2141 1609 2576 1680 philosophiam
2609 1626 2746 1666 esse
2786 1610 3060 1666 dixerunt
3097 1595 3244 1683 (2'2):
3290 1615 3372 1670 illi
3413 1617 3567 1671 enim

1905 1698 2164 1753 studium
2192 1697 2610 1768 praedicarunt,
2644 1698 2739 1753 hic
2762 1715 2936 1754 usum
2960 1700 3151 1770 ipsum
3173 1704 3380 1758 mortis
3403 1721 3571 1760 exer-

1906 1787 2042 1843 cuit.
2078 1786 2149 1842 Et
2179 1786 2260 1841 illi
2291 1786 2526 1858 quidem
2558 1790 2798 1858 propter
2828 1803 2893 1842 se
2920 1803 2932 1842 :
2966 1789 3185 1844 Paulus
3215 1794 3407 1846 autem
3441 1793 3569 1864 ipse

172 1881 339 1951 (I’sal.
370 1897 597 1949 xxxvm,
631 1881 707 1949 5).
749 1902 768 1928 ι
797 1880 1056 1936 Noverat
1086 1881 1239 1936 enim
1262 1879 1446 1934 David
1477 1895 1591 1934 non
1615 1893 1796 1948 posse
1829 1902 1878 1964 Β
1907 1877 2207 1948 perfectus
2221 1875 2602 1964 moriebatur,
2619 1891 2733 1931 non
2747 1879 2991 1964 propter
3009 1879 3319 1948 suam,sed
3335 1886 3574 1953 propter

168 1971 220 2025 id
258 1969 396 2041 quod
431 1969 754 2040 perfectum
795 1971 906 2038 est,
951 1968 1047 2023 hic
1088 1968 1527 2038 comprehendi,
1571 1971 1628 2022 et
1665 1967 1797 2022 ideo

165 2059 230 2113 ad
259 2075 320 2114 ea
348 2075 465 2130 quae
497 2062 634 2113 sunt
667 2057 881 2127 futura,
918 2057 1289 2128 properabat.
1325 2057 1496 2112 Nunc
1535 2056 1688 2112 enim
1723 2071 1797 2110 ex

164 2151 316 2219 parte
344 2147 576 2215 scimus,
602 2148 658 2201 et
688 2161 758 2201 ex
779 2149 944 2216 parte
967 2147 1389 2218 cognoscimus
1415 2162 1427 2202 :
1451 2149 1587 2200 tunc
1607 2148 1800 2200 autem

162 2237 214 2290 id
244 2223 390 2308 quod
425 2235 744 2306 perfectum
783 2238 894 2304 est,
937 2235 1155 2305 poterit
1194 2234 1634 2305 comprehendi,
1668 2249 1801 2288 cum

159 2325 400 2380 revelata
429 2324 574 2379 facie
605 2323 778 2378 nobis
809 2323 1188 2394 speculanda:
1219 2323 1547 2395 majestatis
1569 2322 1805 2377 mterni-

154 2415 396 2485 totisque
432 2413 644 2468 divinae
686 2412 930 2483 coeperit
971 2412 1238 2470 relueere
1278 2428 1394 2468 non
1437 2411 1663 2482 umbra,
1698 2410 1806 2466 sed

156 2503 366 2559 veritas
392 2501 441 2572 (1
471 2501 607 2558 Cor.
638 2518 762 2570 xm,
803 2501 986 2571 9-12).

225 2591 310 2647 33.
341 2591 520 2647 Nemo
559 2593 755 2645 tamen
801 2590 1113 2645 festinaret
1148 2591 1220 2645 ad
1270 2590 1468 2659 ﬁnem,
1515 2589 1631 2645 nisi
1669 2590 1806 2644 vita;

148 2681 323 2736 istius
355 2680 579 2752 fugeret
611 2679 1165 2734 incommoditatem.
1199 2679 1272 2734 Et
1309 2679 1442 2735 ideo
1481 2681 1654 2736 etiam
1691 2679 1808 2733 Da-

147 2770 246 2824 vid
302 2784 474 2841 quare
533 2768 605 2823 ad
661 2769 837 2823 finem
894 2768 1164 2839 festinet,
1223 2769 1499 2839 exposuit
1559 2767 1806 2823 dicens:

147 2883 169 2907 ιι
214 2858 361 2914 Ecce
405 2861 639 2913 veteres
684 2858 939 2928 posuisti
987 2857 1118 2912 dies
1167 2873 1364 2925 meos,
1425 2860 1484 2912 et
1529 2856 1808 2912 habitudo

141 2964 275 3004 mea
304 2947 415 3019 (l9)
444 2949 720 3018 tanquam
751 2945 895 3000 nihil
926 2949 1060 3001 ante
1089 2949 1144 3001 te
1171 2963 1184 3002 :
1228 2949 1636 3001 verumtamen
1668 2945 1805 3000 uni-

140 3053 322 3092 versa
360 3037 608 3105 vanitas,
643 3030 834 3090 omnis
877 3034 1052 3091 homo
1094 3036 1302 3090 vivens
1340 3034 1530 3105 (Psal.
1563 3051 1810 3104 xxxvm,

136 3124 220 3196 6).
246 3149 266 3172 ι·
293 3123 437 3189 Quid
461 3125 640 3196 igitur
664 3140 966 3178 moramur
992 3116 1024 3178 1
1044 3115 1185 3179 143
1213 3123 1423 3195 fugere
1453 3124 1768 3178 vanitatem
1787 3125 1815 3178 εἰ

135 3217 242 3269 aut
271 3213 410 3285 quid
442 3228 552 3268 nos
585 3213 835 3268 delectat
874 3213 933 3267 in
975 3212 1087 3268 hoc
1127 3213 1352 3268 saeculo
1383 3229 1532 3268 vane
1572 3216 1818 3267 contur-

134 3303 292 3371 bari,
335 3302 679 3357 thesaurum
719 3302 1104 3374 pecuniarum
1143 3301 1418 3372 condere,
1454 3306 1510 3358 et
1539 3302 1816 3374 ignorare

135 3393 236 3447 cui
271 3407 712 3463 eongregamus
745 3390 964 3446 haeredi
989 3393 1017 3445 ἱ)
1049 3391 1322 3446 Petamus
1354 3391 1617 3447 amoveri
1647 3405 1679 3444 a
1712 3406 1817 3446 no-

131 3482 237 3535 bis
269 3481 503 3552 plagas,
537 3480 683 3551 eripi
719 3496 829 3535 nos
875 3495 948 3536 ex
989 3479 1291 3550 insipienti
1328 3479 1572 3550 saeculo,
1611 3495 1816 3535 carere

127 3569 625 3642 peregrinatione
675 3569 970 3638 diuturna,
1015 3568 1087 3622 ad
1134 3568 1292 3623 illam
1335 3568 1528 3624 redire
1572 3570 1818 3640 patriam

125 3663 192 3716 et
234 3657 571 3714 naturalem
619 3657 876 3713 domum.
921 3657 984 3711 ln
1035 3656 1144 3711 hac
1183 3657 1340 3712 enim
1380 3659 1534 3712 terra
1573 3657 1820 3712 advena:

122 3762 355 3804 sumus
386 3750 566 3818 atque
597 3745 897 3819 peregrini
936 3746 1183 3818 (thes.
1219 3763 1278 3815 ιι,
1315 3745 1438 3815 19);
1487 3745 1820 3817 remigran-

121 3839 277 3892 dum
321 3834 446 3906 (ιο)
485 3850 579 3905 eo,
631 3834 786 3890 unde
835 3834 1296 3904 descendimus;
1346 3833 1722 3889 ambiendum
1765 3837 1822 3891 et

118 3924 587 3981 obsecrandum
625 3938 743 3978 non
787 3921 1210 3993 perfunctorie,
1253 3922 1360 3977 sed
1411 3922 1650 3993 obnixe,
1684 3927 1748 3979 ut
1791 3940 1824 3978 a

116 4015 290 4071 dolis
325 4018 388 4069 et
415 4013 493 4068 ab
525 4013 827 4084 iniquitate
869 4011 1203 4083 loquacium
1243 4011 1588 4068 liberemur.
1624 4013 1695 4068 Et
1725 4013 1823 4069 ille

112 4104 230 4176 qui
274 4101 617 4158 remedium
658 4104 922 4170 noverat,
963 4100 1377 4172 prolongntum
1416 4105 1608 4155 tamen
1649 4117 1824 4156 suum

112 4193 393 4265 ingemit
424 4191 767 4260 ineolatum,
799 4193 856 4245 et
903 4205 1038 4244 cum
1068 4190 1484 4261 peccatoribus
1515 4195 1572 4245 et
1603 4191 1823 4262 iniquis

107 4299 192 4338 se
224 4283 520 4337 habitare
550 4280 822 4351 deplorat
854 4278 1042 4350 (Psal.
1075 4295 1234 4348 cxxx,
1267 4281 1342 4350 5).
1375 4278 1528 4345 Quid
1575 4295 1689 4352 ego
1735 4279 1825 4334 fa-

103 4375 308 4439 ciam,
346 4370 459 4442 qui
493 4372 550 4424 et
571 4371 876 4440 peccatum
899 4367 1110 4438 habeo,
1135 4371 1192 4422 et
1224 4368 1434 4440 ignoro
1457 4370 1780 4424 remedium
1797 4371 1826 4424 ?

185 4461 292 4516 34.
359 4459 665 4514 Jeremias
725 4473 960 4530 quoque
1017 4457 1173 4530 quod
1237 4463 1556 4529 generatus
1615 4459 1711 4528 sit,
1772 4461 1829 4513 et

182 4603 320 4674 (19)
359 4603 545 4657 Rom.
580 4600 716 4674 edit.
753 4616 885 4655 cum
924 4600 1130 4674 paucis
1155 4617 1326 4674 mss.,
1365 4625 1385 4648 α
1414 4603 1470 4655 et
1493 4601 1824 4674 substantia

91 4671 252 4731 mea
296 4671 324 4721 ἓν
367 4677 495 4728 vet.
534 4673 672 4728 edit.
704 4687 774 4726 ac
821 4688 966 4726 mss.
1004 4672 1184 4726 multo
1233 4671 1457 4741 plures,
1498 4695 1519 4719 α
1555 4676 1612 4728 et
1662 4673 1828 4726 habi-

85 4756 265 4811 tudo
318 4769 486 4809 mea.
539 4777 559 4800 η
604 4751 830 4821 Graece,
876 4753 964 4804 καὶ
993 4748 1276 4812 ὺπὸστασίς
1301 4769 1422 4824 μου,
1466 4751 1522 4806 id
1563 4755 1675 4823 est,
1719 4768 1826 4806 na-

83 4835 276 4892 tura,
321 4824 706 4892 constitutio,
731 4827 843 4878 etc.

173 4898 320 4966 (20)
348 4895 650 4951 Nonnulli
670 4911 840 4963 mss.,
866 4893 1316 4966 remigandum;
1349 4894 1561 4950 melius
1592 4893 1710 4965 alii,
1745 4897 1826 4948 at-

75 4984 228 5042 que
272 4967 470 5035 edit.,
507 4967 972 5039 remigraudum.

169 5038 318 5091 (2h
359 5038 526 5091 Mss.
563 5036 918 5091 complures.
957 5059 978 5088 ι
1015 5053 1206 5091 neque
1236 5037 1456 5091 profuit
1487 5037 1627 5091 mihi
1659 5036 1827 5091 auid-

169 5038 318 5110 (21)
359 5038 526 5093 Mss.
563 5036 918 5107 complures,
957 5059 978 5088 ι
1004 5053 1206 5110 neque
1236 5037 1456 5108 profuit
1479 5037 1627 5110 mihi

68 5109 305 5186 quam
341 5129 356 5175 ;
410 5133 436 5155 ι»
472 5109 593 5176 alii,
618 5113 691 5186 _et_
713 5125 918 5186 omnes
947 5109 1083 5164 edit.
1117 5110 1392 5186 proprius
1425 5109 1494 5163 ad
1528 5109 1830 5186 prophetae

65 5181 431 5247 verbm...
473 5202 496 5231 ι
555 5181 694 5234 mihi
741 5181 1074 5252 quisquam.
1109 5203 1141 5252 ν»
1195 5181 1404 5235 Totum
1452 5181 1831 5252 veroilocum

64 5252 422 5311 nonnihil
458 5252 699 5334 diverse
723 5254 859 5334 citat
892 5251 1056 5334 Philo
1089 5251 1457 5334 Judaeuslib.
1483 5253 1556 5306 de
1589 5251 1827 5334 Con/iis.

63 5337 304 5406 Ling.
358 5349 438 5386 ιιι
481 5332 640 5387 hunc
679 5332 915 5387 modum
983 5328 1041 5382 Ὠ
1099 5335 1274 5406 μῆτερ,
1341 5329 1509 5388 ἡλίκον
1562 5349 1624 5404 με
1678 5328 1832 5391 ἔτεκες

63 5405 414 5488 Ξνθρῶπον
469 5413 671 5488 μάχηςἶ
725 5413 812 5464 καὶ
869 5411 1127 5486 ἄνθρωπον
1177 5405 1352 5473 ἀηδίας
1399 5412 1566 5472 πάσης
1615 5416 1703 5472 τῆς

63 5486 196 5550 iubae
234 5490 548 5566 ὠφελῆσαι,
730 5489 1004 5566 ὼγὲλησάν
1038 5509 1120 5565 με.

151 5561 319 5639 (2ὲῇ
350 5565 591 5620 Cicero
658 5561 825 5639 Tusc.
865 5561 1081 5630 Quaest.
1115 5562 1464 5639 sententiam
1509 5562 1662 5639 hanc
1705 5561 1837 5639 Pla-

73 5632 217 5695 oxii
264 5632 622 5706 acceptam
657 5635 857 5705 refert,
891 5641 946 5690 et
977 5649 1184 5706 revera
1226 5635 1284 5687 in
1323 5632 1840 5706 hujusPAbaodone

71 5713 182 5766 lla
232 5701 587 5780 reperias,
609 5719 743 5780 quae
766 5707 826 5762 in
845 5701 1177 5762 Tusculana
1199 5701 1452 5780 citantur
1470 5705 1544 5780 ab
1563 5701 1835 5780 Qr_a_to_re.

63 5774 435 5841 uuam-en
471 5774 593 5836 non
622 5774 876 5860 primum
907 5780 1208 5838 auctorem
1245 5776 1420 5836 istius
1450 5774 1609 5837 otiati
1635 5775 1836 5836 Plato-

1908 1969 2172 2020 nostram
2205 1963 2622 2018 infirmitatem.
2656 1963 2806 2029 Quid
2836 1971 3029 2020 autem
3052 1971 3143 2021 est
3172 1969 3376 2024 mortis
3391 1970 3573 2025 medi-

1909 2055 2068 2122 tatio,
2103 2052 2215 2108 nisi
2249 2053 2518 2124 quaedam
2553 2053 2822 2124 corporis
2864 2057 2920 2109 et
2967 2056 3176 2111 animus
3207 2059 3569 2131 segregatio,

1908 2143 2045 2214 quia
2094 2157 2258 2197 mors
2306 2142 2432 2212 ipsa
2482 2157 2597 2196 non
2649 2142 2803 2196 aliud
2855 2159 3030 2215 quam
3080 2148 3346 2215 corporis
3400 2150 3572 2220 atque

1909 2231 2120 2286 animae
2151 2230 2421 2285 secessio
2451 2230 2568 2300 (23)
2599 2231 2918 2286 definitur?
2955 2232 3071 2288 Sed
3102 2233 3212 2290 hoc
3245 2236 3574 2292 secundum

1911 2335 2280 2377 communem
2313 2319 2666 2389 opinionem.

1981 2409 2070 2464 36.
2103 2407 2439 2464 Secundum
2486 2407 2824 2480 Scripturas
2856 2413 3049 2466 autem
3097 2411 3386 2484 triplicem
3436 2431 3574 2474 esse

1912 2501 2161 2553 mortem
2210 2497 2532 2567 accipimus
2591 2497 2722 2568 (24).
2778 2497 2905 2555 Una
2959 2504 3051 2557 est
3103 2518 3237 2558 cum
3293 2506 3580 2564 morimur

1912 2590 2174 2659 peccato,
2219 2585 2340 2642 Deo
2389 2586 2646 2640 vivimus
2687 2587 2875 2656 (Rom.
2907 2605 2986 2658 vn,
3019 2590 3127 2662 10).
3180 2592 3355 2648 Beata
3396 2595 3580 2668 igitur

1914 2692 2100 2746 mors,
2126 2691 2260 2746 quae
2291 2675 2480 2746 culpae
2512 2675 2740 2748 refuga,
2776 2677 3023 2736 Domino
3054 2680 3267 2752 dedita,
3289 2701 3319 2737 a
3350 2686 3580 2742 mortali

1914 2782 2025 2821 nos
2075 2767 2329 2835 separat,
2365 2765 2678 2819 immortali
2725 2781 2835 2822 nos
2881 2775 3211 2826 consecrat.
3260 2772 3387 2828 Alia
3419 2791 3582 2832 mors

1915 2859 2008 2911 est
2041 2854 2174 2909 vita:
2203 2853 2386 2923 hujus
2417 2867 2732 2924 excessus,
2769 2871 2882 2928 qua
2912 2863 3184 2914 mortuus
3216 2863 3307 2915 est
3338 2864 3581 2933 patriar-

1917 2944 2028 3000 cha
2078 2942 2396 3013 Abraham,
2448 2944 2780 3013 patriarcha
2834 2946 3038 3016 David,
3081 2951 3137 3003 et
3182 2953 3396 3022 sepulti
3445 2959 3583 3010 sunt

1919 3049 2052 3088 cum
2074 3031 2340 3102 patribus
2363 3033 2514 3102 suis,
2541 3049 2674 3088 cum
2696 3035 2887 3088 anima
2913 3052 3069 3091 nexu
3092 3041 3359 3109 corporis
3381 3041 3586 3098 libera.

1917 3125 2032 3177 tur.
2067 3121 2260 3176 Tertia
2291 3136 2453 3176 mors
2484 3126 2594 3190 est,
2631 3122 2703 3176 de
2735 3139 2849 3195 qua
2879 3123 3097 3179 dictum
3128 3131 3250 3183 est:
3290 3149 3312 3179 ι
3352 3129 3585 3187 Dimitte

1919 3215 2185 3267 mortuos
2217 3209 2471 3280 sepelire
2503 3214 2769 3266 mortuos
2801 3227 2946 3268 suos
2979 3213 3218 3282 (Matth.
3254 3233 3376 3289 νιιι,
3409 3218 3520 3289 22).
3557 3244 3579 3268 υ»

1923 3299 2003 3354 Ea
2036 3301 2225 3354 morte
2257 3314 2374 3354 non
2405 3299 2599 3355 solum
2631 3315 2790 3370 caro,
2825 3301 2932 3356 sed
2971 3302 3146 3357 etiam
3184 3305 3373 3361 anima
3404 3308 3587 3364 mori-

1921 3392 2052 3445 ιωιε
2093 3411 2113 3435 ιι
2153 3387 2359 3443 Anima
2392 3389 2546 3444 enim
2579 3405 2710 3461 quas
2750 3392 3104 3463 peccaverit,
3143 3394 3270 3466 ipsa
3307 3397 3590 3455 morietur

1923 3477 2174 3550 (Ezech.
2222 3493 2394 3547 xvm,
2447 3478 2521 3547 4).
2577 3500 2599 3524 η
2653 3478 2897 3534 Moritur
2941 3482 3095 3536 enim
3146 3482 3424 3557 Domino,
3474 3505 3590 3544 non

1926 3571 2152 3623 naturae
2175 3565 2529 3636 infirmitate,
2568 3566 2674 3622 sed
2710 3565 2920 3638 culpae.
2960 3569 3075 3626 Sed
3117 3572 3244 3628 haec
3283 3591 3444 3632 mors
3475 3595 3591 3634 non
3671 3609 3690 3616 -

1925 3656 2255 3729 perfunctio
2287 3653 2470 3726 hujus
2492 3659 2584 3711 est
2617 3656 2752 3711 vitae
2787 3657 2921 3728 (95),
2960 3659 3066 3716 sed
3107 3661 3310 3734 lapsus
3342 3667 3588 3723 erroris.

1995 3745 2086 3800 3'7.
2120 3744 2248 3800 Una
2277 3759 2422 3816 ergo
2454 3747 2545 3799 est
2575 3760 2739 3800 mors
2775 3748 3083 3820 spiritalis,
3121 3751 3232 3806 alia
3281 3755 3588 3827 naturalis,

1926 3834 2094 3890 tertia
2125 3833 2397 3905 poenalis.
2432 3832 2548 3888 Sed
2581 3849 2698 3889 non
2731 3851 2864 3907 quae
2895 3839 3201 3912 naturalis,
3234 3842 3438 3899 eadem
3472 3859 3592 3915 pecs

1927 3923 2114 3993 nalis;
2163 3938 2280 3977 non
2310 3921 2466 3978 enim
2503 3939 2611 3994 pro
2639 3939 2813 3994 poena
2847 3926 3151 4000 Dominus,
3194 3931 3299 3986 sed
3341 3950 3446 4004 pro
3497 3950 3595 3991 re-

1928 4013 2120 4068 medio
2153 4011 2311 4066 dedit
2341 4016 2609 4067 mortem.
2647 4013 2910 4087 Denique
2940 4017 3084 4072 Adae
3125 4023 3392 4090 peceanti
3438 4040 3596 4094 prae-

1933 4105 2217 4174 scriptum
2257 4106 2349 4157 est
2378 4103 2533 4157 aliud
2567 4119 2673 4174 pro
2705 4121 2895 4174 paena,
2929 4106 3086 4162 aliud
3131 4100 3326 4166 1144
3365 4129 3472 4182 pro
3514 4129 3599 4169 re-

1933 4193 2162 4262 medio;
2194 4209 2304 4264 pro
2334 4208 2528 4262 poena,
2565 4208 2697 4246 cum
2729 4194 2971 4251 dicitur:
3012 4219 3033 4243 ιε
3065 4195 3349 4262 Quoniam
3381 4201 3598 4255 audisti

1934 4298 2140 4337 vocem
2172 4282 2378 4336 uxoris
2409 4285 2548 4348 tuae,
2583 4287 2638 4336 et
2670 4283 3036 4338 manducasti
3068 4285 3139 4340 de
3172 4285 3350 4358 ligno,
3377 4289 3450 4342 do
3481 4304 3598 4360 quo

1933 4386 2332 4445 prteceperam
2365 4369 2466 4424 tibi
2499 4369 2571 4424 ab
2602 4386 2672 4425 eo
2705 4369 2833 4426 solo
2864 4387 2938 4427 ne
2970 4373 3380 4444 manducares,
3412 4376 3596 4431 male-

1936 4463 2088 4516 dicta
2121 4465 2277 4515 terra
2309 4459 2368 4514 in
2401 4459 2682 4530 operibus
2714 4460 2867 4515 tuis:
2912 4461 2970 4516 in
3009 4462 3244 4516 tristitia
3277 4464 3598 4521 manduca-

1939 4619 2262 4680 nem_es_se,
2295 4602 2403 4680 sed
2434 4602 2830 4680 Pythagoram
2852 4603 3140 4660 discimus
3163 4621 3235 4660 ex
3256 4604 3600 4680 Hieronymi

1934 4677 2220 4750 Apologia
2254 4674 2396 4750 adv.
2425 4674 2617 4728 Rufin.
2653 4675 2753 4729 lib.
2788 4692 2868 4729 ιιι.

2008 4745 2305 4818 (“23)'Mss.
2325 4745 2566 4816 aliquot,
2595 4766 2621 4818 «ί
2647 4747 2914 4817 corporis
2936 4751 3109 4818 atque
3131 4749 3340 4805 animm
3365 4767 3604 4808 succes-

1936 4817 2050 4888 sio,
2096 4843 2117 4865 »
2167 4817 2736 4894 quidamsuccisip,
2786 4817 3167 4894 meliuscule:
3221 4825 3278 4876 at
3324 4823 3598 4894 aliorum,

1937 4897 1993 4946 et
2023 4887 2282 4944 Omnium
2323 4887 2458 4961 edit.
2491 4903 2637 4961 vera
2676 4887 2848 4944 lectio
2893 4894 3003 4958 est,
3037 4906 3213 4961 quam
3254 4887 3598 4951 retinemus.

1941 4961 2148 5043 Mortis
2179 4962 2372 5014 autem
2404 4959 2687 5043 definitio,
2705 4959 3144 5043 quamindieat
3173 4969 3416 5043 sanctus
3453 4983 3601 5022 anu-

1941 5045 2087 5108 stes,
2121 5041 2198 5096 ita
2228 5039 2576 5110 proponitur
2607 5038 2664 5092 in
2704 5039 2959 5115 Platonis
2997 5040 3250 5115 Gorgia:
3299 5038 3351 5097 ’0
3393 5046 3606 5107 θάνατος

1938 5120 2186 5195 τυγχάνει
2249 5115 2350 5195 ὧν,
2423 5118 2488 5179 ὡς
2549 5114 2656 5192 ἕμοί
2717 5112 2889 5183 δοκεῖ,
2967 5112 3138 5174 δοὺδὲὗ
3196 5121 3316 5178 ἄλλο
3377 5122 3408 5181 ἢ
3468 5120 3606 5178 δυοῖν

1943 5194 2288 5279 “nimia-ocr-
2323 5194 2573 5279 8:_ai?w¢€_,
2627 5205 2735 5279 ⁸’τῆς
2790 5198 2974 5279 ψυχῆς
2998 5205 3135 5279 -ιιαί
3168 5207 3288 5279 Δτοῦ
3348 5206 3599 5279 σώματος.

1941 5272 2046 5328 (iui
2061 5272 2394 5346 deﬁnitioni
2416 5272 2570 5326 haud
2591 5272 2896 5328 absimiles
2915 5275 2972 5328 in
2988 5274 3314 5332 Phaadom's
3334 5272 3603 5346 pluribus

1943 5347 2091 5402 locis
2125 5345 2522 5399 inveniuntur.
2688 5350 2693 5355 ’

2013 5417 2126 5489 (24)
2157 5414 2396 5489 Triplex
2429 5415 2636 5489 mortis
2658 5430 2795 5472 esse
2820 5432 3012 5489 genus
3034 5416 3340 5489 definierat
3363 5418 3605 5473 Ambro-

1942 5487 2072 5544 sius
2106 5492 2310 5543 noster
2339 5487 2439 5541 lib.
2474 5487 2548 5542 de
2580 5487 2743 5544 Bono
2771 5487 3012 5558 Mortis,
3047 5504 3174 5558 cap.
3202 5488 3255 5556 9,
3277 5504 3384 5542 nec
3407 5504 3523 5543 non
3545 5489 3606 5544 in

1943 5561 2088 5616 Luc.
2123 5559 2226 5614 lib.
2259 5573 2384 5627 vn.,
2416 5574 2576 5613 num.
2607 5558 2696 5626 35,
2730 5559 2948 5630 quibus
2979 5573 3128 5630 cum,
3161 5559 3310 5613 locis
3353 5562 3411 5613 et
3449 5559 3606 5618 hunc

1945 5644 2299 5702 componere
2329 5630 2533 5702 lectori
2564 5645 2681 5685 non
2709 5627 2819 5686 erit
2849 5627 3258 5702 injucundum.

1988 5699 2131 5834 ,ἔξω
2161 5701 2444 5760 Nonnulli
2475 5717 2646 5775 mss.,
2683 5725 2704 5751 α
2741 5717 2858 5762 non
2885 5699 3289 5777 perfunctorie
3311 5699 3494 5784 hujus
3518 5707 3612 5770 est

1988 5792 2003 5832 ι
2088 5816 2102 5834 .
2138 5800 2160 5830 ιι

1944 5791 2102 5836 γιιεο.
2138 5800 2160 5830 ιι
