4098 6178
485 384 639 451 1383

1933 382 1996 447 S.
2043 378 2486 452 AMBROSII.
2892 380 2925 405 ⁸
2970 402 2973 405 ·

3804 384 3955 452 1384

490 588 586 643 bis
609 588 866 646 fructum
886 586 1022 660 ejus
1044 587 1321 643 omnibus
1344 586 1558 643 diebus
1600 588 1735 643 vitae
1776 588 1913 642 tuae.
1937 586 2154 657 Spinas
2178 568 2238 630 Α
2266 587 2581 658 medicum,
2596 602 2918 659 sequamur
2938 588 3283 644 remedium.
3303 587 3656 643 Remedium
3670 590 3946 642 nostrum

490 679 548 733 et
577 676 830 732 tribulos
862 676 1219 748 germinabit
1248 676 1372 746 tibi,
1408 679 1466 731 et
1507 676 1651 731 edes
1682 674 1963 746 pabulum
2000 675 2150 747 agri.

487 764 633 821 Cum
665 766 883 821 sudore
934 766 1134 822 vultus
1164 766 1246 821 tui
1296 764 1683 820 manducabis
1721 780 1932 836 panem
1965 768 2149 832 tuum,

485 854 673 910 donec
692 854 1023 917 revertaris
1056 854 1116 910 in
1145 857 1386 925 terram,
1437 855 1511 910 de
1542 871 1659 927 qua
1703 856 2051 925 assumptus
2080 868 2149 907 es

484 942 660 1017 (Gen.
685 961 767 1011 ιιι,
802 940 1017 1014 17-19).
1055 966 1077 992 ιι

553 1032 643 1088 38.
666 1032 867 1088 Habes
884 1048 1192 1103 pinnarum
1215 1032 1418 1103 ferias,
1464 1032 1602 1105 quia
1624 1032 1918 1087 adversus
1941 1031 2150 1102 Spinas

483 1121 690 1177 saeculi
714 1120 897 1193 hujus
918 1124 975 1177 et
996 1121 1430 1177 sollicitudines
1452 1120 1674 1190 mundi,
1699 1119 2152 1191 voluptatesque

480 1210 837 1281 divitiarum,
862 1226 995 1283 quae
1018 1208 1279 1265 Verbum
1316 1207 1660 1278 excludunt,
1684 1223 1920 1279 poenam
1959 1207 2152 1262 inclu-

476 1298 621 1354 dunt
649 1298 812 1370 (Luc.
845 1315 968 1369 vui,
1004 1298 1129 1369 l2);
1180 1314 1341 1354 mors
1393 1314 1499 1370 pro
1542 1297 1804 1353 remedio
1854 1297 1987 1352 data
2035 1300 2149 1366 est,

478 1387 651 1460 quasi
674 1387 809 1443 linis
828 1387 1133 1443 malorum.
1161 1388 1293 1443 Non
1314 1387 1471 1444 enim
1511 1386 1695 1442 dixit:
1727 1383 2011 1450 Quoniam
2044 1401 2153 1440 au-

473 1477 617 1533 disti
646 1492 853 1532 vocem
901 1476 1188 1547 mulieris,
1242 1476 1565 1533 reverteris
1624 1474 1686 1530 in
1733 1478 1991 1545 terram;
2022 1473 2152 1529 haec

475 1565 633 1622 enim
663 1568 827 1621 esset
853 1564 1105 1637 poenalis
1152 1565 1464 1635 sententia,
1518 1562 2025 1637 quemadmodum
2057 1565 2151 1618 est

477 1654 574 1710 illa
600 1671 613 1710 :
652 1677 673 1702 ιι
701 1654 1010 1710 Maledicta
1032 1656 1223 1711 terra:
1260 1653 1469 1724 epinas
1491 1657 1548 1709 et
1566 1651 1818 1708 tribulos
1849 1651 2152 1725 germina-

476 1744 564 1800 bit
582 1744 686 1800 tibi
709 1762 725 1810 ;
762 1765 783 1792 ι
810 1743 919 1798 sed
950 1742 1131 1799 dixit:
1176 1763 1198 1792 α
1237 1741 1626 1797 Manducabis
1657 1755 1869 1814 panem
1900 1742 2065 1798 tuum
2092 1740 2154 1796 in

479 1833 719 1903 sudore,
745 1832 932 1887 donec
954 1831 1274 1887 revertaris
1299 1831 1359 1886 in
1383 1834 1622 1887 terram.
1652 1853 1673 1877 υ
1701 1829 1884 1884 Vides
1905 1831 2152 1885 mortem

482 1921 674 1993 magis
706 1922 918 1976 metam
950 1935 1091 1976 esse
1122 1922 1459 1975 nostrarum
1500 1934 1832 1990 poenarum,
1865 1934 1981 1991 qua
2010 1934 2151 1974 cur-

484 2026 594 2066 sus
623 2008 807 2081 hm'us
837 2008 975 2065 vitm
1002 2008 1281 2064 inciditur
1300 2010 1329 2065 ?

550 2098 641 2155 39.
685 2096 847 2170 Ergo
890 2113 1054 2154 mors
1083 2113 1202 2154 non
1243 2096 1437 2154 solum
1471 2096 1702 2168 fmalum
1749 2112 1868 2153 non
1898 2098 2009 2165 est,
2042 2094 2152 2151 sed
2185 2084 2236 2147 Β

485 2189 661 2245 etiam
682 2186 905 2243 bonum
926 2190 1039 2242 est.
1065 2186 1332 2258 Denique
1353 2202 1461 2258 pro
1485 2185 1640 2242 bono
1669 2185 1973 2257 quaeritur,
1997 2186 2153 2240 sicut

483 2276 773 2349 scriptum
795 2278 886 2330 est
911 2291 923 2329 :
963 2297 985 2322 ιι
1019 2273 1297 2339 Quaerant
1326 2274 1599 2330 homines
1630 2278 1915 2339 mortem._
1948 2277 2005 2330 et
2032 2290 2152 2329 non

484 2366 786 2422 invenient
833 2380 961 2419 eam
1009 2363 1217 2435 (Apoc.
1266 2380 1348 2433 ix,
1383 2362 1460 2434 6).
1498 2386 1519 2411 η
1555 2362 1833 2429 Qumrent
1878 2363 2035 2418 enim
2062 2362 2153 2417 illi

481 2455 583 2529 qui
611 2453 826 2510 dicturi
856 2456 994 2508 sunt
1027 2451 1360 2509 montibus:
1417 2473 1441 2503 ι
1477 2450 1679 2507 Cadite
1710 2466 1895 2523 super
1924 2466 2057 2520 nos,
2092 2454 2150 2506 et

484 2544 778 2601 collibus:
838 2541 1073 2613 Operite
1122 2557 1234 2597 nos
1280 2541 1443 2611 (Luc.
1479 2557 1646 2611 xxiii,
1688 2539 1802 2612 30).
1841 2564 1863 2589 ιι
1914 2538 2151 2606 Quaeret

483 2633 658 2691 etiam
680 2632 872 2688 anima
890 2630 1008 2701 illa,
1033 2646 1168 2703 quae
1201 2632 1426 2701 peccat.
1462 2629 1684 2695 Quaerit
1715 2630 1884 2685 dives
1914 2629 2010 2685 ille
2039 2644 2149 2700 po-

482 2724 637 2779 situs
665 2724 725 2777 in
756 2720 1008 2790 inferno,
1042 2720 1143 2791 qui
1173 2719 1297 2774 vult
1338 2718 1524 2792 digito
1572 2718 1779 2774 Lazari
1807 2717 2149 2791 refrigerari

480 2812 748 2884 linguam
777 2824 948 2865 suam
977 2809 1139 2878 (Luc.
1173 2824 1296 2879 xvi,
1329 2807 1444 2876 24).

553 2900 642 2956 40.
662 2898 946 2955 Videmus
964 2898 1159 2968 itaque
1182 2897 1337 2968 quod
1367 2899 1425 2952 et
1447 2912 1611 2952 mors
1629 2896 1759 2953 haec
1784 2896 2017 2952 lucrum
2034 2898 2147 2967 est,

488 2992 545 3048 et
564 2990 682 3045 vita
702 3002 874 3060 poena
891 2989 1003 3043 est.
1043 2984 1213 3042 Unde
1247 2988 1305 3040 et
1340 2985 1564 3041 Paulus
1586 2986 1702 3043 ait:
1755 3008 1777 3034 α
1812 2984 1955 3041 Mihi
1982 2985 2150 3040 vive-

485 3096 551 3137 re
581 3078 860 3135 Christus
891 3079 1003 3146 est,
1036 3079 1092 3131 et
1120 3075 1271 3130 mori
1303 3074 1542 3131 lucrum
1588 3075 1870 3147 (Philipp.
1901 3092 1941 3146 ι,
1974 3074 2087 3145 21).
2123 3096 2146 3123 ιι

484 3168 635 3237 Quid
656 3171 749 3225 est
768 3166 1067 3236 Christus,
1093 3165 1210 3220 nisi
1231 3181 1397 3221 mors
1418 3165 1706 3237 corporis,
1724 3165 1972 3236 spiritus
1986 3164 2154 3219 vitae?

483 3258 557 3315 Et
576 3257 709 3313 ideo
732 3256 1189 3313 commoriamur
1211 3271 1345 3310 cum
1367 3270 1460 3326 eo,
1504 3258 1567 3310 ut
1596 3255 1869 3311 vivamus
1893 3269 2027 3309 cum
2056 3268 2148 3309 eo.

484 3349 571 3404 Sit
602 3345 841 3420 quidam
874 3344 1252 3417 quotidianus
1287 3360 1437 3400 usus
1468 3344 1528 3399 in
1558 3344 1754 3413 nobis,
1786 3346 2152 3414 allectusque

2266 675 2486 731 Christi
2511 676 2699 748 gratia
2716 678 2827 746 est,
2844 680 2910 732 et
2930 692 3149 747 corpus
3183 677 3389 731 mortis
3412 692 3640 747 corpus
3678 680 3785 731 est
3807 691 3945 730 nos-

2266 768 2441 821 trum.
2462 765 2623 837 Ergo
2648 766 3150 838 peregrinemura
3179 781 3450 837 corpore,
3484 782 3559 821 ne
3592 765 3943 836 peregrine-

2266 869 2399 909 mur
2428 870 2462 908 a
2490 854 2729 910 Christo
2753 870 2768 925 ;
2801 855 2916 910 etsi
2960 856 3021 910 in
3042 871 3292 926 corpore
3321 871 3551 925 sumus,
3582 858 3798 909 tamen
3818 870 3941 925 qua

2268 946 2407 998 sunt
2428 944 2700 1015 corporis
2717 959 2829 999 nec
2849 959 3189 1016 sequamur,
3215 959 3326 999 nec
3362 938 3392 999 1
3410 935 3553 999 145
3585 944 3943 998 deseramus

2261 1031 2402 1104 jura
2446 1036 2672 1088 natura
2722 1032 2834 1103 (2'7,
2888 1033 2996 1088 sed
3041 1033 3194 1088 dona
3240 1033 3451 1105 gratim
3499 1035 3941 1103 pmoptemus:

2272 1143 2295 1170 α
2322 1121 2585 1177 Dissolvi
2605 1121 2784 1192 enim,
2811 1123 3024 1177 etcum
3044 1120 3283 1177 Christo
3300 1136 3439 1177 esse
3463 1122 3659 1177 multo
3692 1121 3940 1176 melius:

2266 1225 2615 1282 permanere
2635 1213 2831 1266 autem
2850 1210 2911 1266 in
2939 1225 3120 1266 carne
3152 1210 3347 1283 magis
3375 1210 3943 1280 necessariarum-o-

2267 1301 2397 1372 pter
2423 1315 2536 1356 vos
2563 1298 2849 1374 (Philipp.
2874 1316 2916 1371 ι,
2944 1300 3035 1369 33,
3066 1299 3178 1369 24).
3218 1324 3241 1347 ιι

2336 1387 2428 1444 42.
2448 1387 2566 1444 Sed
2589 1404 2707 1446 non
2728 1388 3011 1444 omnibus
3031 1390 3462 1459 necessarium,
3480 1389 3746 1446 Domine
3769 1387 3939 1443 Jesu:

2268 1492 2388 1533 non
2428 1477 2592 1544 mihi,
2628 1476 2730 1550 qui
2777 1477 2923 1533 nulli
2951 1477 3114 1533 utilis
3145 1493 3319 1548 sum;
3364 1494 3503 1534 nam
3533 1477 3691 1533 mihi
3723 1477 3945 1532 lucrum

2268 1568 2363 1622 est
2382 1566 2552 1635 mori,
2578 1581 2653 1622 ne
2671 1566 2839 1638 plura
2857 1581 3125 1638 peccem.
3162 1566 3424 1623 Lucrum
3456 1567 3609 1622 mihi
3651 1569 3757 1622 est
3784 1567 3944 1635 mori,

2268 1655 2372 1728 qui
2398 1656 2531 1726 ipso
2562 1655 2715 1711 libro
2745 1670 2863 1728 quo
2892 1656 3044 1712 alios
3074 1655 3373 1726 consolor,
3410 1656 3588 1729 quasi
3622 1656 3946 1711 vehemen-

2268 1746 2417 1801 tiore
2448 1745 2739 1800 monitore
2767 1744 2842 1799 ad
2871 1744 3240 1800 desiderium
3274 1745 3484 1800 amissi
3506 1744 3728 1800 fratris
3751 1744 3947 1815 impete

2268 1833 2361 1890 lor
2387 1832 2665 1906 quoniam
2696 1848 2791 1889 me
2822 1833 2959 1906 ejus
2989 1849 3107 1890 non
3137 1834 3277 1889 sinit
3297 1834 3599 1889 oblivisci.
3621 1833 3811 1888 Nunc
3840 1848 3949 1887 ma-

2266 1922 2365 1994 gis
2393 1938 2549 1993 amo,
2583 1925 2641 1979 et
2671 1922 3084 1978 vehementius
3132 1922 3431 1978 desidero.
3483 1922 3799 1978 Desidero
3827 1938 3949 1977 cum

2266 2012 2499 2084 loquor,
2533 2011 2811 2068 desidero
2863 2028 2998 2067 cum
3045 2010 3286 2085 relego;
3334 2014 3393 2067 et
3420 2011 3555 2067 ideo
3586 2012 3713 2067 hoe
3748 2013 3943 2083 potius

2267 2100 2652 2157 scribendum
2683 2100 2956 2172 arbitror,
2990 2116 3064 2157 ne
3101 2100 3338 2174 quando
3365 2100 3440 2156 ab
3488 2100 3635 2171 ejus
3668 2102 3948 2155 recorda-

2267 2191 2424 2246 tione
2452 2189 2718 2246 divellar.
2750 2189 2917 2255 Quod
2965 2205 3086 2245 non
3124 2192 3332 2246 contra
3369 2189 3728 2260 Scripturas
3773 2188 3937 2257 facio,

2268 2280 2377 2336 sed
2408 2295 2543 2335 cum
2587 2278 2913 2349 Scripturis
2944 2280 3177 2351 sentio;
3227 2282 3292 2334 ut
3334 2278 3666 2350 patientius
3695 2278 3943 2345 doleam,

2225 2409 2232 2415 .
2266 2368 2669 2440 impatientius
2698 2368 3055 2425 desiderem.

2338 2458 2428 2514 43.
2460 2458 2769 2513 Prmtitisti
2798 2457 2964 2527 mihi,
2999 2457 3201 2528 frater,
3232 2472 3307 2513 ne
3356 2460 3608 2513 mortem
3656 2457 3942 2525 timerem,

2268 2550 2443 2619 atque
2474 2546 2696 2615 utinpm
2727 2547 3011 2602 moriatur
3058 2547 3250 2601 anima
3293 2561 3425 2602 mea
3460 2546 3523 2601 in
3572 2546 3786 2601 anima
3816 2546 3941 2601 tua!

2269 2636 2382 2692 hoc
2404 2635 2562 2692 enim
2600 2636 2719 2691 sibi
2756 2635 2993 2690 Balaam
3024 2651 3132 2705 pro
3154 2635 3407 2691 maximo
3436 2635 3601 2691 bono
3633 2639 3825 2706 optat,
3857 2636 3944 2690 do.

2269 2730 2445 2782 natus
2474 2724 2698 2797 Spiritu
2727 2725 3152 2796 prophetandi:
3190 2746 3213 2776 ι
3248 2725 3552 2793 Moriatur,
3588 2724 3817 2797 inquit,
3836 2726 3944 2779 uni-

2270 2832 2364 2871 ma
2392 2831 2523 2872 mea
2572 2814 2636 2871 in
2661 2814 2877 2869 animis
2903 2813 3226 2886 justorum,
3278 2816 3336 2869 et
3377 2814 3475 2868 fiat
3506 2828 3727 2868 semen
3761 2829 3943 2868 meum

2270 2906 2428 2962 sicut
2441 2920 2648 2960 semen
2666 2904 2917 2959 istorum
2937 2904 3051 2973 (28)
3092 2903 3288 2966 (Num.
3313 2919 3479 2972 xxm,
3511 2900 3629 2972 10).
3657 2927 3681 2950 ιι
3706 2902 3789 2957 Et
3819 2917 3941 2956 vere

2271 2996 2383 3052 hoc
2403 2992 2731 3051 secundum
2751 2992 3120 3064 prophetiam
3163 2994 3355 3063 optat;
3385 2992 3485 3064 qui
3518 2992 3684 3046 enim
3715 2991 3944 3046 viderat

2271 3087 2464 3141 ortum
2482 3082 2724 3153 Christi,
2747 3082 2895 3137 vidit
2916 3081 3051 3154 ejus
3076 3080 3450 3152 triumphale,
3487 3081 3641 3135 vidit
3673 3083 3939 3143 mortem.

2270 3174 2416 3229 vidit
2442 3173 2505 3228 in
2532 3188 2602 3228 eo
2632 3186 2955 3243 perennem
2985 3170 3288 3226 hominum
3309 3170 3829 3226 resurrectionem
3854 3188 3871 3235 ;
3900 3176 3944 3223 et

2270 3264 2402 3319 ideo
2437 3262 2586 3318 mori
2615 3277 2733 3317 non
2762 3260 2944 3333 timet]
2968 3262 3440 3315 resurrecturus.
3492 3258 3632 3313 Non
3663 3259 3945 3314 moriatur

2269 3367 2415 3426 ergo
2445 3351 2634 3407 anima
2673 3365 2802 3405 mea
2830 3349 2890 3404 in
2916 3351 3184 3420 peccato,
3216 3363 3409 3419 neque
3436 3352 3763 3418 peccatum
3796 3347 3857 3402 in
3884 3362 3943 3401 se

485 3435 806 3503 moriendi;
839 3439 904 3490 ut
931 3450 1039 3505 per
1068 3432 1247 3503 illam,
1272 3449 1450 3505 quam
1472 3433 1756 3503 diximus,
1782 3432 2149 3505 segregatio-

2274 3442 2512 3512 recipiat
2543 3439 2694 3510 (29);
2727 3438 2834 3494 sed
2865 3438 3154 3493 moriatur
3180 3439 3241 3492 in
3267 3437 3462 3491 anima
3483 3435 3643 3508 justi
3670 3452 3683 3492 :
3720 3440 3790 3491 ut
3819 3436 3941 3507 ejus

484 3542 619 3583 nem
651 3541 684 3581 a
707 3524 1014 3596 corpereis
1057 3522 1479 3593 cupiditatibus
1511 3522 1707 3576 anima
1734 3524 1937 3576 nostra
1967 3536 2034 3576 se
2064 3520 2149 3576 di-

486 3618 634 3688 scat,
654 3614 989 3682 extrahere,
1023 3616 1082 3668 et
1109 3615 1387 3684 tanquam
1432 3612 1493 3667 in
1523 3611 1762 3667 sublimi
1793 3610 2000 3681 locata,
2031 3625 2149 3681 quo

483 3714 740 3766 terrenae
770 3703 932 3759 adire
961 3700 1263 3772 libidines,
1295 3704 1353 3757 et
1380 3716 1511 3757 eam
1561 3700 1678 3756 sibi
1709 3698 2003 3773 glutinare
2030 3714 2150 3754 non

490 3796 746 3872 possint,
788 3791 1077 3862 suscipiat
1118 3793 1368 3846 mortem
1416 3789 1754 3862 imaginem,
1800 3804 1874 3844 ne
1914 3803 2151 3860 poenam

486 3885 696 3942 mortis
718 3882 1001 3937 incurrat.
1024 3880 1338 3952 Repugnat
1357 3878 1514 3934 enim
1527 3878 1623 3934 lex
1638 3877 1840 3934 carnis
1864 3878 1982 3950 legi
1995 3892 2152 3932 men-

489 3975 567 4029 tis
588 3972 723 4044 (2G),
747 3973 803 4028 et
825 3986 953 4027 eam
974 3969 1092 4041 legi
1112 3967 1341 4024 erroris
1364 3968 1600 4038 addicit,
1640 3968 1797 4022 sicut
1826 3966 2150 4037 Apostolus

485 4062 787 4131 revelavit,
812 4060 1055 4115 dicens:
1103 4081 1123 4105 -
1146 4058 1329 4112 Video
1360 4056 1517 4111 enim
1548 4056 1742 4128 legem
1772 4054 1972 4111 carnis
2001 4069 2150 4110 mea:

410 4166 446 4191 ι’
484 4151 912 4225 repugnantem
929 4148 1100 4221 leges
1122 4146 1335 4202 mentis
1352 4159 1520 4215 meae,
1554 4147 1612 4200 et
1643 4144 2034 4216 captivantem
2056 4159 2150 4200 me

483 4243 545 4298 in
574 4241 708 4314 lege
754 4236 980 4310 peccati
1008 4235 1197 4308 (Rom.
1223 4251 1325 4304 vn,
1357 4233 1470 4305 23).
1510 4255 1532 4283 ι
1585 4232 1804 4289 Omnes
1834 4233 2149 4306 impugna-

483 4330 634 4397 mur,
661 4342 869 4384 omnes
890 4324 1181 4382 sentimus
1205 4339 1219 4380 :
1270 4322 1379 4380 sed
1407 4338 1525 4379 non
1567 4338 1775 4379 omnes
1805 4322 2146 4378 liberamur.

483 4420 557 4477 Et
578 4420 711 4475 ideo
734 4415 940 4472 infelix
968 4430 1081 4487 ego
1112 4413 1310 4485 homo,
1358 4412 1474 4468 nisi
1505 4412 1833 4469 remedium
1861 4426 2145 4484 quaeram.

551 4510 643 4566 4t.
676 4507 793 4565 Sed
814 4505 973 4579 quod
1011 4503 1381 4560 remedium?
1413 4522 1436 4554 ι
1471 4500 1617 4568 Quis
1646 4516 1741 4556 me
1771 4500 2046 4556 liberavit
2074 4500 2147 4556 de

484 4614 736 4673 corpore
754 4595 961 4653 mortis
984 4593 1167 4667 hujus
1188 4594 1217 4648 εν
1244 4592 1439 4650 Gratia
1462 4591 1567 4647 Dei
1587 4606 1695 4662 per
1714 4590 1921 4646 Jesum
1944 4589 2148 4643 Chris-

479 4694 604 4749 tum
635 4687 947 4745 Dominum
977 4686 1247 4740 nostrum
1275 4681 1453 4756 (Ibid.
1498 4680 1588 4751 24,
1629 4678 1740 4750 25).
1780 4701 1802 4728 ι
1842 4679 2147 4734 Habemus

555 4829 668 4903 (26)
697 4826 979 4903 Nonnulli
1010 4842 1182 4898 mss.,
1220 4847 1242 4875 ι
1276 4823 1548 4903 legi_Dei_.
1586 4846 1609 4872 ιι

556 4892 668 4975 (2Ἶ)
700 4903 848 4958 Mss.
882 4899 1123 4972 aliquot,
1161 4892 1183 4947 ἆ
1220 4892 1788 4953 non'desideremus
1812 4892 1952 4966 jura
1981 4894 2149 4948 natu-

487 4992 593 5032 rw.
632 4996 655 5024 Ι

557 5045 671 5117 (28)
695 5044 821 5100 Vet.
854 5042 991 5117 edit.
1025 5057 1095 5097 ac
1122 5039 1326 5111 plures
1346 5052 1535 5117 _mss_.,
1572 5060 1594 5085 α
1631 5037 2021 5117 sicut_s_emen
2048 5033 2150 5117 ju-_-

490 5108 759 5186 storu'm;
793 5108 1436 5186 urectiusrtamenedit.
1467 5111 1655 5186 Rom._
1666 5111 1741 5186 _et_
1757 5108 1854 5162 alii
1884 5123 2056 5186 mss._,
2089 5110 2151 5186 ut

488 5192 551 5247 in
590 5179 886 5245 contextu.
923 5184 1150 5239 Etenim
1191 5183 1291 5238 ubi
1331 5181 1517 5237 Hebr.
1556 5187 1612 5236 et
1632 5180 1832 5252 Vulg.,
1869 5199 1893 5229 ι
1926 5182 1983 5234 et
2012 5179 2151 5252 ﬁant

487 5260 817 5319 novissima
847 5273 972 5312 mea
1004 5271 1206 5311 eorum
1238 5253 1452 5308 similia
1478 5271 1491 5319 ;
1532 5277 1555 5301 ι»
1589 5248 2035 5320 LXX'interpr.
2060 5248 2149 5304 ef-

490 5342 707 5412 ferunt,
772 5338 860 5391 καὶ
918 5330 1112 5409 γένοιτο
1160 5330 1218 5387 τὸ
1521 5351 1619 5406 μου
1660 5331 1726 5392 ὡς
2023 5327 2149 5383 τού-

486 5439 845 5581 Τωέἑθὶβξεε·
878 5488 1121 5561 aliquot,
1161 5510 1183 5536 α
1217 5502 1411 5559 neque
1440 5484 1666 5558 peccati
1715 5484 1776 5538 in
1808 5496 1875 5537 se
1909 5480 2153 5554 recipiat

489 5569 569 5624 ini
619 5569 875 5621 nitatem.
914 5586 936 5612 ιο

472 5696 479 5704 ,
560 5583 676 5709 ὅθ)
704 5636 932 5709 Omnes
967 5631 1105 5689 edit.
1140 5647 1214 5709 ac_
1249 5646 1398 5709 ms_s_.
1437 5643 1557 5709 non
1587 5624 1781 5709 pauci,
1821 5646 1843 5672 κ
1878 5640 1987 5680 nec
2017 5638 2152 5696 gra-

484 5699 638 5766 tiosa
656 5699 963 5776 divitibus,
1000 5727 1022 5753 ιι
1059 5702 1219 5776 quod
1248 5702 1487 5775 quidem
1516 5699 1806 5776 licetnper
1837 5711 1905 5752 se
1928 5710 2152 5776 fer-um

476 5765 584 5857 pit,
615 5780 688 5839 ab
722 5778 834 5843 hoc
884 5765 1097 5837 tamen‘
1127 5765 1286 5833 toco’
1309 5784 1564 5851 prorsus
1613 5765 1891 5828 alienum.
1922 5765 2151 5845 Optime

2268 3531 2512 3602 recipiat
2540 3528 2894 3601 tequitatem.
2920 3525 3186 3598 Denique
3207 3525 3303 3580 cui
3335 3524 3584 3581 moritur
3611 3526 3676 3579 in
3706 3524 3943 3581 Christo

2269 3621 2334 3677 ﬁt
2360 3618 2495 3691 ejus
2527 3616 2735 3690 gratias
2766 3614 3064 3687 particeps
3096 3615 3156 3669 in
3186 3613 3444 3669 lavacro.

2338 3709 2428 3765 44.
2448 3707 2582 3763 Non
2600 3720 2750 3778 ergo
2773 3702 3169 3760 formidabilis
3192 3717 3377 3773 mors,
3400 3718 3511 3758 nec
3541 3717 3757 3758 amara
3781 3718 3946 3777 egen-

2268 3799 2428 3856 tibus
2442 3839 2457 3868 ,
2475 3812 2586 3852 nec
2608 3794 2853 3869 gravior
2872 3792 3163 3848 divitibus
3181 3792 3316 3862 (30),
3338 3807 3447 3847 nec
3475 3790 3707 3863 injuste
3742 3794 3942 3849 senio-

2268 3888 2458 3951 ribus,
2492 3900 2605 3943 nec
2634 3884 2852 3958 ignava
2887 3881 3161 3951 fortibus,
3187 3896 3299 3936 nec
3327 3882 3610 3952 perpetua
3642 3880 3941 3944 ﬁdelibus,

2270 3993 2379 4034 nec
2420 3974 2746 4046 improvisa
2786 3970 3163 4043 sapientibus
3203 3969 3339 4041 (31).
3371 3968 3555 4035 Quam
3584 3970 3767 4024 multi
3798 3972 3939 4026 enim

2267 4067 2446 4121 vitam
2469 4063 2603 4119 solo
2624 4062 2834 4118 mortis
2879 4058 3048 4116 titulo
3077 4061 3531 4114 consecrarunt.
3561 4056 3843 4122 Quantos
3870 4060 3942 4113 τίς

2266 4171 2410 4212 vere
2432 4153 2658 4225 puduit,
2688 4151 2841 4207 mori
2868 4146 3125 4222 profuit!
3160 4147 3348 4203 Morte
3376 4147 3555 4203 unius
3583 4146 3939 4219 plerumque

2268 4244 2607 4315 accepimus
2625 4239 2916 4295 maximos
2948 4237 3201 4310 populos
3228 4236 3546 4293 liberatos:
3588 4240 3797 4292 morte
3842 4238 3938 4292 ίιιι-

2266 4332 2563 4407 peratoris
2580 4330 2821 4403 fugatos
2841 4327 3142 4384 exercitus
3162 4325 3444 4397 hostium,
3459 4340 3614 4397 quos
3627 4326 3820 4381 vivus
3832 4327 3939 4379 vin-

2267 4438 2404 4480 cere
2432 4419 2827 4492 nequivisset.

2334 4513 2426 4568 45.
2476 4511 2663 4566 Morte
2712 4509 3033 4579 martyrum
3079 4504 3292 4578 religio
3340 4502 3609 4571 defensa,
3643 4504 3935 4559 cumulata

2266 4603 2437 4672 ﬁdes,
2462 4596 2733 4655 Ecclesia
2752 4596 3028 4652 roborata
3058 4597 3183 4650 est:
3219 4594 3490 4648 vicerunt
3520 4592 3771 4662 mortui,
3809 4592 3937 4647 victi

2263 4692 2683 4765 persecutores
2707 4688 2866 4742 sunt.
2891 4684 3092 4756 Itaque
3124 4698 3375 4756 quorum
3401 4682 3582 4736 vitam
3603 4682 3935 4749 nescimus,

2176 4839 2232 4901 D
2266 4835 2448 4909 igitur
2465 4831 2740 4903 Benign.,
2761 4826 2995 4909 Remig:
3008 4824 3455 4909 .etaliicodices,
3470 4839 3818 4896 quanquam
3831 4839 3942 4879 non

2266 4897 2454 4974 multi,
2492 4926 2514 4951 ιι
2548 4897 3267 4974 necgravior'divitibus.
3303 4919 3325 4944 ιι

2338 4965 2454 5047 (31)
2483 4965 2754 5047 Nannius
2783 4971 2843 5025 in
2891 4983 3097 5047 eorum
3140 4982 3470 5047 numerum,
3504 4965 3941 5047 quihvitmsuge

2267 5037 2688 5118 turpitudinem
2724 5043 2974 5118 honesta
3004 5042 3191 5118 morte
3212 5037 3575 5118 velaverun’t,
3594 5037 3851 5118 Catonis
3882 5037 3941 5091 ti-

2268 5108 2411 5176 lium
2443 5119 2500 5173 et
2540 5115 2829 5171 Othonem
2864 5111 3276 5183 imperatorem
3311 5108 3524 5183 refert:
3576 5108 3649 5162 de
3682 5124 3939 5183 quorum

2270 5193 2444 5248 etiam
2465 5186 2798 5260 posteriore
2822 5179 3337 5260 Auspniiversus,
3373 5196 3441 5235 ac
3477 5179 3750 5260 suetonii
3776 5181 3941 5260 testi:

2270 5250 2532 5317 monium
2578 5257 2813 5330 promit.
2863 5254 2980 5330 Sed
3008 5253 3163 5330 alios
3188 5252 3442 5330 addere
3458 5251 3755 5330 potuisset
3786 5250 3939 5330 ha_ud

2269 5347 2515 5405 paucos,
2540 5320 2641 5414 qui
2670 5328 2809 5414 sibi,
2831 5329 2895 5381 ut
2923 5324 3279 5414 Ambrosius
3326 5320 3940 5414 indicat,.famam‘fa-

2272 5392 2347 5461 ἱδιί
2371 5392 2662 5475 sanguine
2694 5392 3088 5475 red'emelunt,
3124 5408 3396 5475 quosque
3426 5392 3653 5475 passim
3685 5392 3937 5475 inlitte-

2271 5491 2469 5531 rarum
2486 5462 2869 5528 monimentis
2887 5462 3174 5525 offendas.
3205 5462 3370 5531 Quod
3402 5462 3597 5519 autem
3618 5462 3941 5531 subjicitur

2272 5548 2343 5603 de
2365 5544 2600 5618 populis
2624 5542 2801 5618 unius
2824 5543 3009 5596 morte
3024 5539 3320 5618 liberatis,
3343 5534 3686 5618 adire-licet,
3732 5534 3937 5618 {Expo-

2271 5604 2386 5674 sit.‘
2416 5604 2480 5673 in
2520 5617 2660 5673 Luc.
2701 5613 2805 5668 lib.
2844 5628 2923 5683 Vl,
2954 5627 3117 5668 num.
3151 5608 3276 5682 108,
3309 5604 3367 5664 et
3397 5609 3664 5664 nostram
3695 5604 3771 5661 ad
3801 5604 3937 5661 eum

2270 5689 2467 5750 locum
2498 5686 2876 5746 notationem.
