4098 6178
287 294 445 359 1385

1102 291 1214 358 DE
1259 291 1644 360 EXCESSU
1691 288 2056 359 FRATRIS
2098 295 2235 359 SUI
2279 295 2587 359 SATYRI
2630 296 2789 359 LIB.
2835 294 2912 356 II.

3579 295 3737 360 1386

290 497 502 552 horum
535 497 782 550 mortem
825 495 1216 552 celebramus.
1259 497 1430 552 Unde
1480 500 1536 552 et
1578 498 1762 552 David
1813 514 1950 569 pro-
1983 477 2042 539 Α
2073 497 2320 552 Domino
2351 497 2574 552 erimus
2606 497 2658 566 (1
2696 496 2899 552 Thess.
2949 514 3026 567 ιν,
3065 497 3150 566 15,
3186 496 3293 566 16).
3333 516 3355 545 ιο
3411 496 3496 550 Illi
3541 496 3736 566 primi,

287 585 522 656 phetice
545 583 833 655 gloriatus
855 585 914 640 in
935 601 1062 640 sum
1079 587 1292 642 mentis
1314 602 1600 642 excessu:
1623 609 1643 636 «ι
1662 587 1950 654 Pretiosa,

288 675 499 745 inquit,
533 673 593 728 in
623 678 943 745 conspectu
976 675 1208 729 Domini
1237 691 1403 730 mors
1444 679 1785 732 sanctorum
1821 677 1954 747 ejus

289 763 478 832 (Psal.
513 779 650 831 cxv,
685 763 794 833 15).
843 783 866 813 ι
909 764 1159 819 Mortem
1196 765 1398 819 maluit
1435 765 1740 835 praeferre,
1781 782 1956 837 quam

289 852 491 907 vitam.
544 852 680 923 Ipsa
727 868 891 908 mors
938 856 1260 923 martyrum
1301 854 1610 922 praemium
1658 854 1794 909 vitae
1843 857 1953 909 est.

289 940 478 996 Morte
507 940 682 995 etiam
710 939 1082 996 inimicorum
1113 941 1244 996 odia
1276 942 1608 997 solvuntur.

363 1027 453 1084 46.
494 1027 646 1095 Quid
684 1029 900 1100 plura?
945 1029 1138 1085 Unius
1181 1033 1370 1085 morte
1417 1032 1673 1087 mundus
1723 1031 1958 1086 redem-

290 1120 428 1190 ptus
459 1120 570 1173 est.
602 1117 798 1173 Potuit
826 1120 984 1174 enim
1014 1118 1291 1174 Christus
1319 1135 1438 1175 non
1469 1121 1638 1190 mori,
1665 1121 1720 1176 si
1741 1120 1963 1176 voluis-

290 1210 412 1278 set;
447 1206 556 1262 sed
573 1222 763 1278 neque
782 1207 1194 1280 refugiendam
1217 1212 1464 1264 mortem
1487 1209 1660 1280 quasi
1684 1209 1960 1281 ignavam

291 1296 536 1367 putavit,
570 1311 762 1367 neque
791 1296 1004 1352 melius
1047 1312 1158 1352 nos
1199 1313 1373 1369 quam
1423 1288 1615 1353 1146
1655 1298 1961 1352 moriendo

292 1388 622 1441 servasset.
657 1385 857 1457 Itaque
887 1401 1052 1441 mors
1081 1385 1216 1457 ejus
1246 1387 1366 1441 vita
1387 1389 1480 1443 est
1501 1387 1779 1442 omnium.
1801 1386 1962 1442 Mor-

293 1475 350 1529 te
381 1472 517 1545 ejus
547 1473 860 1546 signamur
885 1474 1020 1545 (82),
1047 1477 1294 1530 mortem
1317 1474 1454 1547 ejus
1475 1478 1714 1531 orantes
1731 1491 1962 1530 annun-

291 1564 528 1632 tiamus,
561 1566 811 1618 mortem
839 1562 975 1634 ejus
1000 1562 1317 1619 offerentes
1338 1564 1762 1635 praedicamus;
1799 1579 1964 1619 mors

294 1649 430 1723 ejus
452 1651 700 1706 victoria
725 1656 837 1721 est,
862 1667 1026 1707 mors
1049 1651 1184 1724 ejus
1207 1656 1638 1708 sacramentum
1665 1656 1776 1721 est,
1801 1669 1963 1708 mors

295 1739 430 1812 ejus
448 1756 642 1795 annua
663 1741 1011 1796 solemnitas
1034 1742 1237 1796 mundi
1259 1744 1368 1796 est.
1401 1741 1550 1807 Quid
1574 1745 1860 1812 praeterea
1891 1742 1963 1796 de

296 1829 430 1900 ejus
453 1832 641 1886 morte
663 1830 953 1898 dicamus,
970 1845 1104 1884 cum
1117 1830 1316 1885 divino
1329 1831 1653 1900 probemus
1671 1831 1960 1902 exemplo,

297 1919 431 1989 quia
449 1919 940 1974 immortalitatem
964 1934 1128 1974 mors
1151 1919 1278 1974 sola
1307 1920 1603 1992 qumsivit,
1627 1923 1802 1993 atque
1836 1921 1964 1990 ipsa

298 2023 363 2063 se
395 2023 558 2063 mors
589 2007 878 2063 redemit?
906 2008 1037 2063 Non
1069 2008 1252 2080 igitur
1279 2009 1582 2064 mcerenda
1613 2025 1797 2079 mors,
1831 2025 1965 2082 quae

299 2112 479 2152 causa
518 2097 732 2152 salutis
771 2101 863 2152 est
917 2097 1176 2168 publica:
1213 2115 1225 2153 :
1282 2115 1400 2154 non
1454 2099 1734 2170 fugienda
1776 2115 1962 2169 mors,

297 2201 474 2258 quam
503 2186 609 2240 Dei
639 2185 826 2241 Filius
857 2201 976 2241 non
1026 2187 1365 2259 delignatus
1413 2191 1524 2258 est,
1562 2203 1676 2243 non
1723 2187 1963 2259 refugit.

298 2275 432 2330 Non
465 2275 791 2330 solvendus
823 2275 970 2331 ordo
993 2280 1249 2346 naturae;
1281 2277 1438 2348 quod
1470 2276 1624 2331 enim
1656 2291 1967 2332 commune

298 2367 392 2420 est
456 2365 754 2434 omnibus,
825 2367 1133 2436 exceptum
1191 2365 1253 2420 in
1318 2365 1576 2438 singulis
1643 2381 1784 2421 esse
1850 2382 1968 2420 non

297 2456 512 2525 potest.

369 2541 458 2597 4'1.
493 2541 566 2597 Et
594 2557 758 2597 mors
790 2541 1027 2614 quidem
1058 2542 1117 2598 in
1148 2545 1354 2599 natura
1384 2558 1498 2599 non
1530 2545 1657 2612 fuit,
1691 2542 1794 2599 sed
1830 2558 1966 2599 con-

299 2645 475 2686 versa
506 2634 602 2686 est
629 2632 690 2687 in
721 2635 1029 2703 naturam;
1059 2648 1178 2688 non
1209 2633 1364 2688 enim
1398 2650 1429 2687 a
1471 2633 1762 2704 principio
1809 2633 1969 2688 Deus

300 2722 550 2775 mortem
579 2721 851 2790 instituit,
884 2721 992 2776 sed
1022 2737 1130 2793 pro
1161 2722 1424 2777 remedio
1453 2721 1632 2777 dedit.
1667 2721 1736 2777 Et
1767 2723 1970 2778 consi-

301 2809 578 2864 deremus
607 2825 682 2864 ne
711 2810 982 2864 videatur
1011 2826 1150 2866 esse
1182 2811 1560 2867 contrarium.
1595 2811 1745 2865 Nam
1775 2813 1828 2866 si
1857 2811 1971 2866 bo-

301 2915 441 2953 num
470 2899 564 2953 est
585 2913 770 2969 mors,
793 2914 900 2954 cur
916 2899 1203 2970 scriptum
1226 2903 1339 2969 est,
1368 2921 1392 2951 ι
1427 2900 1562 2972 quia
1589 2921 1611 2950 ι
1640 2900 1801 2955 Deus
1824 2916 1974 2954 mor-

299 2992 416 3042 tem
439 3003 558 3043 non
589 2987 750 3057 fecit,
785 2987 893 3043 sed
928 2988 1147 3043 malitia
1178 2989 1482 3045 hominum
1517 3006 1680 3046 mors
1712 2989 1973 3045 introivit

301 3077 361 3130 in
392 3077 594 3132 orbem
625 3079 914 3131 terrarum
947 3077 1110 3148 (Sap.
1145 3095 1184 3146 ι,
1223 3078 1327 3147 13;
1377 3095 1438 3145 ιι,
1470 3078 1611 3135 24)?
1660 3103 1680 3125 η
1741 3080 1971 3134 Revera

303 3165 460 3221 enim
479 3181 642 3220 mors
666 3165 866 3220 divino
887 3167 1052 3236 operi
1076 3167 1418 3222 necessaria
1442 3183 1559 3223 non
1595 3167 1721 3232 fuit,
1749 3184 1880 3222 cum
1911 3168 1971 3221 in

301 3255 579 3325 paradiso
609 3255 825 3325 positis
857 3255 1148 3310 bonorum
1171 3257 1429 3311 omnium
1448 3256 1618 3328 jugis
1642 3272 1970 3312 successus

302 3343 600 3414 afflueret;
624 3343 732 3399 sed
753 3344 1244 3414 prmvaricatione
1267 3345 1610 3400 damnatain
1624 3345 1825 3400 labore
1839 3345 1970 3400 diu-

304 3437 498 3503 turno,
533 3433 874 3504 gemituque
905 3433 1274 3488 intolerando
1313 3435 1434 3487 vita
1465 3433 1768 3489 hominum
1797 3437 1974 3506 coepit

303 3536 443 3577 esse
472 3521 857 3592 miserabilis,
892 3522 1211 3593 debuitque
1243 3523 1371 3577 dari
1403 3522 1539 3578 finis
1571 3523 1877 3591 malorum,
1912 3528 1976 3579 ut

304 3625 466 3665 mors
499 3611 856 3681 restitueret,
889 3611 1048 3682 quod
1078 3613 1195 3666 vita
1227 3612 1526 3667 amiserat.
1562 3613 1973 3668 Immortalitas

305 3699 460 3754 enim
509 3699 676 3755 oneri
731 3699 929 3770 potius
985 3716 1164 3772 quam
1220 3701 1357 3756 usui
1415 3705 1530 3770 est,
1578 3703 1694 3756 nisi
1751 3702 1975 3772 aspiret

308 3788 495 3860 gratia
526 3788 660 3858 (33).

375 3877 464 3932 48.
501 3877 571 3932 Et
599 3877 654 3932 si
689 3877 840 3933 bene
883 3878 1193 3948 discutias,
1234 3894 1350 3934 non
1391 3881 1614 3934 naturae
1655 3895 1818 3934 mors
1863 3880 1974 3935 ista

307 3971 418 4034 est,
453 3967 560 4022 sed
591 3966 858 4033 malitiae;
893 3970 1088 4023 manet
1111 3968 1267 4022 enim
1290 3971 1518 4037 natura,
1542 3969 1760 4023 malitia
1791 3971 1975 4025 mori-

307 4059 420 4110 tur.
456 4055 742 4128 Resurgit
770 4056 928 4127 quod
959 4057 1087 4126 fuit,
1118 4061 1293 4128 atque
1323 4059 1544 4112 utinam
1584 4062 1646 4113 ut
1671 4057 1795 4129 jam
1835 4075 1976 4128 pec—

308 4145 477 4199 candi
508 4145 782 4216 liberum,
821 4147 899 4198 ita
925 4161 1180 4200 vacuum
1215 4146 1404 4217 culpae
1433 4146 1683 4217 priorisl
1717 4148 1832 4202 Sed
1865 4148 1977 4202 hoc

307 4234 500 4304 ipsum
533 4234 750 4288 indicio
780 4237 874 4289 est
903 4238 1152 4290 mortem
1201 4252 1318 4290 non
1369 4252 1508 4291 esse
1556 4241 1800 4304 naturae,
1842 4238 1978 4307 quia

304 4322 484 4376 iidem
515 4322 758 4384 erimus.
796 4325 897 4395 qui
938 4323 1181 4379 fuimus.
1215 4325 1414 4397 Itaque
1459 4331 1556 4381 aut
1602 4329 1978 4397 peccatorum

2074 588 2344 640 viventes
2375 589 2566 640 autem
2601 586 2868 640 secundi.
2891 585 2977 639 Illi
3001 602 3135 639 cum
3155 586 3320 654 Jesu,
3343 585 3612 640 viventes
3636 601 3744 656 per

2074 675 2303 730 Jesum.
2339 675 2462 729 Illis
2495 675 2726 729 dulcior
2758 675 2872 729 vita
2901 678 3038 744 post
3068 674 3370 745 requiem;
3403 674 3743 730 viventibus

2075 766 2188 819 etsi
2220 768 2385 836 grata
2417 763 2783 834 compendia,
2818 767 3011 818 tamen
3052 765 3252 834 ignota
3282 764 3562 819 remedia.

2144 853 2234 908 49.
2268 853 2428 907 Nihil
2456 857 2549 908 est
2579 853 2760 924 igitur
2787 853 2944 923 quod
2974 853 3034 906 in
3075 855 3261 907 morte
3284 853 3616 922 timeamus,
3651 851 3744 906 ni-

2076 941 2157 996 hil
2189 942 2346 1012 quod
2379 942 2702 997 debeamus
2746 941 2987 1011 dolere;
3035 942 3111 996 sit
3159 945 3258 996 aut
3297 943 3523 997 naturae
3571 955 3745 1012 repe-

2076 1031 2218 1084 tenti
2247 1032 2387 1097 vita,
2421 1047 2554 1102 quae
2583 1032 2824 1100 accepta
2854 1033 2968 1101 est,
2992 1031 3377 1101 rependatur:
3411 1033 3510 1085 aut
3537 1034 3746 1102 peten-

2077 1120 2118 1174 ti
2151 1119 2522 1190 impendatur
2552 1119 2771 1187 officio,
2805 1120 2865 1172 in
2895 1134 3011 1190 quo
3051 1119 3361 1191 religionis
3401 1119 3616 1189 cultus,
3651 1123 3750 1173 aut

2078 1208 2314 1264 virtutis
2344 1224 2495 1263 usus
2529 1211 2639 1263 est.
2668 1207 2876 1278 Neque
2897 1209 3051 1262 enim
3075 1208 3392 1280 quisquam
3414 1208 3551 1278 sibi,
3576 1210 3637 1263 ut
3658 1207 3749 1262 sic

2079 1302 2362 1367 maneret,
2399 1298 2637 1367 Optavit.
2679 1297 2890 1352 Joanni
2923 1297 3036 1366 (34)
3081 1298 3444 1368 promissum
3485 1296 3748 1352 aestima-

2078 1392 2203 1441 tum
2251 1391 2362 1455 est,
2412 1387 2517 1441 sed
2564 1402 2681 1441 non
2733 1391 2825 1440 est
2870 1387 3178 1442 creditum.
3222 1386 3414 1442 Verba
3452 1389 3748 1454 tenemus,

2079 1477 2438 1531 sententiam
2460 1475 2820 1530 derivamus.
2843 1474 3050 1546 Ipsein
3073 1476 3223 1531 libro
3246 1480 3422 1547 negat
3440 1475 3578 1545 sibi,
3593 1474 3752 1546 quod

2081 1581 2197 1620 non
2219 1569 2568 1636 moreretur,
2594 1578 2735 1618 esse
2750 1565 3140 1632 promissum:
3165 1581 3238 1620 ne
3251 1581 3427 1637 quem
3443 1580 3514 1618 va
3523 1580 3594 1618 na
3608 1578 3751 1635 spes

2082 1654 2352 1724 exemplo
2383 1654 2732 1712 incesseret.
2761 1645 2954 1712 1147
2987 1654 3153 1719 Quod
3194 1655 3249 1709 si
3297 1655 3355 1708 id
3403 1653 3556 1709 velle
3605 1667 3750 1723 spes

2082 1742 2349 1796 insolens
2377 1759 2392 1811 ;
2425 1748 2642 1814 quanto
2673 1745 3053 1812 insolentius,
3079 1743 3236 1814 quod
3258 1757 3375 1797 non
3399 1745 3618 1813 praeter
3638 1757 3756 1798 mo-

2084 1830 2221 1884 dum
2253 1832 2556 1901 acciderit,
2591 1835 2742 1890 ultra
2770 1834 3009 1890 modum
3039 1833 3241 1887 dolere
3263 1833 3291 1885 ?

2154 1917 2244 1974 50.
2275 1919 2541 1976 Gentiles
2575 1923 2923 1994 plerumque
2971 1937 3037 1975 se
3071 1920 3458 1975 consolantur
3494 1919 3628 1991 viri,
3661 1921 3756 1975 vel

2084 2010 2156 2064 de
2179 2009 2595 2066 communitate
2615 2027 2920 2078 aerumnae,
2949 2010 3040 2066 vel
3059 2010 3285 2080 dejure
3307 2013 3554 2079 naturae,
3570 2011 3665 2064 vel
3683 2009 3756 2064 de

2085 2099 2515 2154 immortalitate
2552 2102 2764 2156 animae
2814 2101 2949 2170 (35).
3001 2099 3232 2164 Quibus
3279 2100 3502 2154 utinam
3550 2113 3756 2153 sermo

2087 2191 2404 2256 constaret,
2434 2205 2502 2242 ac
2534 2205 2650 2243 non
2681 2190 2961 2243 miseram
3001 2189 3254 2242 animam
3296 2189 3355 2241 in
3404 2187 3568 2241 varia
3613 2201 3756 2257 por-

2086 2279 2378 2332 tentorum
2400 2277 2652 2331 ludibria
2673 2277 3015 2350 formasque
3046 2276 3528 2332 transfunderent
3553 2274 3565 2330 l
3607 2274 3759 2340 Quid

2088 2366 2270 2438 igitur
2300 2381 2412 2421 nos
2451 2366 2649 2421 facere
2696 2370 2945 2437 oportet,
2987 2381 3240 2438 quorum
3278 2364 3637 2436 stipendium
3666 2379 3758 2420 re-

2088 2456 2382 2510 surrectio
2404 2459 2496 2510 est
2511 2457 2539 2510 ?
2569 2454 2746 2526 cujus
2771 2457 3018 2527 gratiam
3039 2455 3318 2527 quoniam
3341 2469 3561 2526 negare
3581 2452 3758 2524 pleri-

2086 2559 2200 2616 que
2234 2559 2353 2599 non
2383 2549 2658 2615 possunt,
2692 2545 2867 2600 ﬁdem
2895 2545 3178 2600 abnuunt.
3215 2542 3285 2598 Et
3311 2542 3446 2598 ideo
3477 2557 3607 2598 eam
3640 2557 3758 2598 non

2087 2648 2204 2687 uno
2235 2637 2584 2705 argumento
2616 2634 2833 2706 aliquo,
2868 2634 2974 2689 sed
3004 2633 3276 2705 pluribus
3299 2631 3513 2702 modis,
3534 2634 3598 2687 ut
3618 2645 3757 2703 pos-

2088 2737 2320 2790 sumus,
2352 2725 2712 2778 astruamus.

2157 2811 2246 2865 51.
2283 2809 2355 2865 Et
2404 2811 2642 2882 quidem
2683 2812 2878 2867 omnia
2920 2814 3021 2866 aut
3057 2827 3194 2882 usu,
3234 2813 3334 2866 aut
3370 2810 3618 2882 ratione,
3661 2813 3760 2866 aut

2088 2899 2382 2971 exemplo,
2416 2903 2515 2954 aut
2545 2915 2615 2955 eo
2637 2902 2773 2972 quia
2794 2901 3075 2956 decorum
3094 2901 3173 2956 sit
3193 2915 3260 2955 ea
3277 2915 3438 2970 esse,
3463 2900 3597 2956 ideo
3617 2914 3757 2955 esse

2090 2989 2437 3057 creduntur;
2470 2992 2526 3042 et
2555 2989 2625 3043 ad
2650 2989 2823 3044 ﬁdem
2855 2989 3092 3062 singula
3123 2987 3545 3062 suffragantur.
3568 2988 3756 3060 Usus,

2011 3101 2062 3164 ο
2091 3078 2226 3148 quia
2270 3093 2614 3133 movemur:
2670 3079 2839 3144 ratio,
2883 3079 3019 3149 quia
3062 3079 3219 3149 quod
3270 3079 3484 3146 movet,
3518 3077 3755 3132 virtutis

2090 3167 2333 3222 alterius
2365 3168 2641 3222 convenit
2671 3167 2952 3221 aestimari
2978 3182 2991 3222 :
3023 3166 3380 3236 exemplum,
3414 3166 3550 3237 quia
3582 3181 3761 3237 gene-

2090 3257 2241 3310 ravit
2268 3272 2413 3327 ager
2442 3256 2671 3328 fruges,
2707 3260 2764 3310 et
2793 3256 2924 3310 ideo
2954 3259 3378 3328 generaturum
3416 3269 3556 3310 esse
3595 3271 3754 3325 prte-

2089 3345 2419 3400 sumimus:
2455 3345 2756 3415 decorum,
2789 3346 2923 3416 quia
2954 3349 3012 3400 et
3049 3345 3150 3399 ubi
3190 3344 3442 3400 fructum
3484 3360 3602 3400 non
3642 3360 3754 3416 pu-

2090 3440 2303 3505 tamus,
2336 3434 2548 3490 decere
2589 3439 2781 3490 tamen
2821 3434 3141 3504 credimus,
3182 3437 3245 3489 ut
3292 3433 3528 3488 virtutis
3577 3449 3756 3504 opera

2091 3524 2329 3578 minime
2361 3525 2728 3578 deseramus.

2161 3614 2248 3666 5‘2.
2283 3613 2529 3684 Singula
2561 3613 2740 3685 igitur
2762 3612 3019 3684 singulis
3044 3615 3406 3667 astruuntur.
3433 3611 3650 3666 Tribus
3671 3615 3754 3667 ta-

2090 3717 2223 3757 men
2255 3703 2588 3757 evidentius
2622 3701 2924 3773 colligitur
2943 3701 3403 3757 resurrectionis
3432 3701 3602 3771 ﬂdes,
3629 3703 3757 3773 qui-

2060 3842 2062 3844 ,
2091 3791 2206 3846 bus
2237 3791 2431 3846 omnia
2463 3791 3081 3861 comprehenduntur:
3117 3791 3362 3860 ratione,
3396 3791 3756 3846 universita-

2091 3881 2169 3934 tis
2227 3880 2520 3950 exemplo,
2568 3880 2906 3934 testimonio
2949 3881 3036 3934 rei
3084 3883 3291 3952 gestae,
3343 3881 3480 3950 quia
3522 3879 3759 3950 plurimi

2093 3972 2500 4024 surrexerunt.
2553 3969 2723 4024 Ratio
2774 3969 3022 4024 evidens
3065 3972 3176 4038 est,
3217 3969 3353 4040 quia
3393 3984 3529 4023 cum
3564 3970 3758 4024 omnis

2093 4060 2229 4113 vitae
2261 4061 2484 4112 nostrae
2515 4074 2665 4112 usus
2694 4058 2752 4112 in
2785 4058 3054 4129 corporis
3086 4059 3418 4130 animmque
3459 4059 3759 4113 consortio

2095 4149 2191 4216 sit,
2225 4148 2586 4202 resurrectio
2618 4151 2811 4202 autem
2842 4152 2941 4201 aut
2968 4147 3108 4202 boni
3132 4152 3300 4202 actus
3321 4147 3628 4217 praemium
3660 4146 3761 4200 ha-

2093 4237 2248 4306 beat,
2284 4240 2381 4291 aut
2411 4252 2642 4307 poenam
2677 4236 2931 4307 improbi
2958 4253 2972 4305 ;
3023 4251 3275 4291 necesse
3305 4237 3383 4291 sit
3413 4251 3631 4306 corpus
3662 4251 3760 4290 re-

2096 4341 2368 4396 surgere,
2396 4325 2572 4396 cujus
2593 4328 2761 4378 actus
2791 4325 3166 4395 expenditur.
3189 4323 3494 4388 Quomodo
3523 4325 3681 4379 enim
3704 4325 3761 4378 in

307 4413 646 4466 nostrorum
677 4413 969 4483 supplicia
1000 4413 1350 4485 pendemus,
1377 4419 1475 4470 aut
1496 4415 1648 4470 bene
1673 4419 1978 4488 gestorum
2007 4415 2065 4479 D
2091 4414 2379 4486 judicium
2409 4414 2719 4468 vocabitur
2738 4415 2929 4467 anima
2953 4413 3082 4468 sine
3105 4427 3374 4484 corpore,
3399 4427 3534 4466 cum
3555 4412 3626 4466 de
3649 4427 3762 4468 suo

308 4498 558 4568 gratiam
571 4515 1028 4571 consequemur.
1047 4503 1347 4574 Resurget
1359 4505 1516 4558 enim
1530 4508 1736 4559 natura
1750 4504 1974 4570 eadem,

303 4584 428 4656 jam
452 4586 767 4654 stipendiis
788 4590 995 4645 mortis
1015 4591 1378 4647 honoratior.
1404 4593 1671 4664 Denique
1709 4616 1730 4640 α
1765 4593 1980 4648 mortui

308 4673 409 4746 qui
437 4674 499 4728 in
529 4673 771 4730 Christo
793 4681 952 4748 sunt,
975 4685 1294 4751 resurgent
1311 4681 1483 4750 primi
1508 4697 1521 4750 ;
1555 4681 1768 4737 deinde
1793 4686 1848 4738 et
1870 4699 1980 4737 nos

309 4763 411 4834 qui
437 4763 719 4835 vivimus,
750 4765 960 4837 inquit,
1004 4769 1184 4823 simul
1235 4785 1368 4824 cum
1412 4769 1532 4824 illis
1581 4771 1880 4840 rapiemur
1923 4772 1983 4825 in

309 4852 570 4908 nubibus
599 4854 836 4909 obviam
855 4855 1094 4912 Christo
1112 4857 1170 4911 in
1197 4872 1360 4912 aera:
1395 4861 1452 4912 et
1482 4858 1559 4912 ita
1592 4874 1828 4928 semper
1849 4876 1982 4914 cum

382 4996 494 5071 (32)
527 4997 814 5071 Hocloco
844 5001 901 5052 et
933 5014 1110 5053 usum
1154 4999 1366 5056 frontis
1416 5016 1449 5054 a
1496 5001 1756 5071 pectoris
1806 5016 1981 5055 cruce

315 5069 861 5142 consignandorum
883 5071 1201 5142 indicatum
1224 5073 1427 5141 voluit,
1453 5069 1515 5126 et
1533 5089 1562 5125 a
1585 5072 1866 5142 precibus
1889 5089 1983 5125 sa-

316 5139 606 5214 criﬁcium
654 5157 772 5194 non
819 5141 1099 5214 ambigue
1149 5139 1437 5198 distinxit.
1498 5139 1613 5198 Sed
1669 5149 1981 5214 utrumque

311 5209 594 5292 frequens
622 5225 762 5266 esse
785 5213 936 5282 apud
956 5209 1337 5268 Kmbrosium
1361 5217 1586 5284 saepius
1608 5220 1740 5269 ante
1769 5209 1981 5270 obser-

311 5297 604 5337 V'ﬂVIIDllS.

384 5352 808 5427 (33)_A_lludere
838 5355 1074 5427 videtur
1102 5357 1174 5409 ad
1218 5356 1475 5410 fabulam
1517 5357 1770 5422 Tithoni,
1807 5373 1982 5427 quem

312 5437 444 5496 cum
476 5425 530 5478 ei
562 5425 822 5496 Tethyos
853 5426 1146 5482 beneficio
1181 5443 1540 5482 concessum
1573 5425 1985 5482 essetinimor-

314 5495 837 5570 tali_t_atisgdonuim,
885 5499 1022 5552 vitae
1072 5501 1298 5553 tantum
1349 5500 1650 5553 fastidium
1699 5501 1870 5570 cepit,
1925 5503 1985 5552 ut

312 5566 511 5643 mallet
560 5567 629 5643 _in
685 5568 802 5643 vile
858 5570 1255 5643 animaculum
1311 5566 1983 5643 transformarifquam

312 5637 535 5721 diutius
560 5638 833 5694 humanis
856 5640 1182 5714 molestiis;
1213 5645 1388 5717 atque
1419 5642 1702 5700 arumnis
1719 5637 1858 5700 esse
1881 5641 1979 5698 ob-

310 5723 575 5773 nonum.

596 5809 849 5869 PATROL.
905 5811 1060 5873 XVI.

2098 4508 2155 4560 et
2182 4504 2450 4574 corporis
2480 4502 2866 4557 contubernio
2898 4502 3046 4556 ratio
3077 4501 3414 4572 praestanda
3445 4501 3571 4555 sit?

2168 4594 2257 4648 53.
2295 4591 2676 4654 Resurrectio
2707 4591 2982 4645 omnibus
3014 4591 3290 4645 attributa
3320 4592 3413 4645 est
3442 4604 3454 4644 :
3489 4590 3599 4646 sed
3629 4589 3762 4646 ideo

2097 4682 2337 4737 difﬁcile
2367 4681 2648 4749 creditur,
2684 4679 2820 4751 quia
2851 4696 2968 4734 non
3008 4682 3278 4734 nostrum
3320 4678 3612 4749 meritum,
3656 4681 3764 4735 sed

2099 4771 2203 4826 Dei
2253 4787 2469 4825 munus
2515 4774 2609 4825 est
2655 4769 2790 4838 (36).
2844 4769 3038 4823 Prima
3077 4768 3258 4839 igitur
3302 4768 3764 4824 resurrectionis

2098 4860 2247 4914 fides
2286 4874 2435 4913 usus
2482 4861 2573 4913 est
2615 4857 2836 4923 mundi,
2881 4871 3200 4928 rerumque
3240 4859 3431 4912 status
3477 4858 3758 4928 omnium,

2167 5001 2280 5068 (3-1)
2322 5001 2384 5054 ln
2422 5000 2572 5070 psal.
2609 5015 2982 5072 cvm,gserm.
3023 4997 3111 5067 20,
3155 5015 3292 5054 num
3343 4999 3430 5068 12,
3473 5002 3761 5072 quosdam

2097 5073 2168 5126 de
2199 5072 2444 5126 Joannis
2477 5075 2664 5126 morte
2693 5071 2998 5126 dubitasse
3047 5073 3122 5124 ita
3163 5075 3466 5142 memorat,
3495 5071 3562 5128 ut
3593 5089 3658 5129 se
3690 5074 3761 5126 de

2098 5144 2195 5197 illa
2227 5146 2449 5197 certum
2483 5143 2671 5196 fuisse
2703 5143 2924 5213 liquido
2952 5143 3179 5212 prodat.

2168 5213 2286 5281 (35)
2332 5214 2440 5267 Hic
2498 5215 2706 5283 paucis
2766 5213 3149 5282 contrahitur,
3198 5214 3484 5285 quidquid
3532 5213 3761 5284 profani

2097 5289 2372 5339 auctores
2420 5285 2491 5338 de
2541 5286 2748 5339 mortis
2799 5285 3207 5355 aequanimiter
3253 5286 3510 5339 ferendas
3559 5286 3760 5338 causis

2099 5356 2412 5410 tradidere.
2444 5355 2568 5419 Qua
2599 5355 2671 5410 de
2700 5371 2763 5410 re
2817 5356 3049 5410 consuli
3089 5360 3342 5426 possunt
3371 5357 3578 5409 tiicero
3608 5356 3708 5409 lib.
3745 5371 3762 5407 ι

2107 5427 2296 5495 Tusc.,
2335 5427 2551 5491 Qumst.
2586 5431 2641 5481 et
2671 5428 2729 5480 in
2766 5426 3178 5482 Consolatione
3200 5441 3381 5495 super
3401 5426 3561 5480 obitu
3587 5426 3757 5492 tiliae;

2099 5498 2453 5552 Plutarchus
2485 5498 2558 5552 de
2591 5499 2888 5553 Consolat.
2919 5499 2992 5552 ad
3021 5497 3236 5567 Apoll.,
3271 5497 3508 5566 aliique.

2170 5569 2282 5644 (36)
2311 5569 2462 5624 Mss.
2497 5569 2735 5642 aliquot,
2776 5593 2795 5620 α
2823 5569 2957 5644 quia
2983 5583 3160 5639 supra
3193 5571 3460 5623 nostrum
3491 5570 3764 5628 meritum

2103 5641 2208 5698 Dei
2239 5656 2454 5699 munus
2487 5641 2607 5698 est.
2640 5666 2659 5689 η

3411 5809 3482 5880 44
