  <div class='ocr_page' id='page_1' title='image "/cluster/home/n/w/nwhite01/storage/ocr_20150623/16/hvd.32044096580444/699.png"; bbox 0 0 4060 6178; ppageno 0'>
   <div class='ocr_carea' id='block_1_1' title="bbox 410 277 573 341">
    <p class='ocr_par' dir='ltr' id='par_1_1' title="bbox 410 277 573 341">
     <span class='ocr_line' id='line_1_1' title="bbox 410 277 573 341; baseline 0.012 -1"><span class='ocrx_word' id='word_1_1' title='bbox 410 277 573 341; x_wconf 84' lang='grc'><strong>1387</strong></span> 
     </span>
    </p>
   </div>
   <div class='ocr_carea' id='block_1_2' title="bbox 1856 275 2413 339">
    <p class='ocr_par' dir='ltr' id='par_1_2' title="bbox 1856 275 2413 339">
     <span class='ocr_line' id='line_1_2' title="bbox 1856 275 2413 339; baseline 0.002 -3"><span class='ocrx_word' id='word_1_2' title='bbox 1856 276 1920 337; x_wconf 91' lang='lat' dir='ltr'><strong>S.</strong></span> <span class='ocrx_word' id='word_1_3' title='bbox 1971 275 2413 339; x_wconf 82' lang='lat' dir='ltr'><strong>AMBROSII.</strong></span> 
     </span>
    </p>
   </div>
   <div class='ocr_carea' id='block_1_3' title="bbox 3675 287 3812 350">
    <p class='ocr_par' dir='ltr' id='par_1_3' title="bbox 3675 287 3812 350">
     <span class='ocr_line' id='line_1_3' title="bbox 3675 287 3812 350; baseline 0.015 -1"><span class='ocrx_word' id='word_1_4' title='bbox 3675 287 3812 350; x_wconf 84' lang='lat'><strong>1388</strong></span> 
     </span>
    </p>
   </div>
   <div class='ocr_carea' id='block_1_4' title="bbox 418 455 3814 550">
    <p class='ocr_par' dir='ltr' id='par_1_4' title="bbox 418 455 3814 550">
     <span class='ocr_line' id='line_1_4' title="bbox 418 455 3814 550; baseline 0.003 -20"><span class='ocrx_word' id='word_1_5' title='bbox 418 474 868 549; x_wconf 88' lang='lat' dir='ltr'><strong>generationum</strong></span> <span class='ocrx_word' id='word_1_6' title='bbox 907 475 1121 545; x_wconf 89' lang='lat' dir='ltr'><strong>series,</strong></span> <span class='ocrx_word' id='word_1_7' title='bbox 1165 475 1623 530; x_wconf 90' lang='lat' dir='ltr'><strong>successionum</strong></span> <span class='ocrx_word' id='word_1_8' title='bbox 1662 474 1848 544; x_wconf 85' lang='lat' dir='ltr'><strong>vices,</strong></span> <span class='ocrx_word' id='word_1_9' title='bbox 1889 474 2087 530; x_wconf 91' lang='lat' dir='ltr'><strong>obitus</strong></span> <span class='ocrx_word' id='word_1_10' title='bbox 2112 455 2161 517; x_wconf 77' lang='grc' dir='ltr'><strong>Ᾱ</strong></span> <span class='ocrx_word' id='word_1_11' title='bbox 2199 475 2472 530; x_wconf 80' lang='lat' dir='ltr'><strong>mandata</strong></span> <span class='ocrx_word' id='word_1_12' title='bbox 2537 475 2652 530; x_wconf 86' lang='lat' dir='ltr'><strong>sibi</strong></span> <span class='ocrx_word' id='word_1_13' title='bbox 2711 477 2938 532; x_wconf 83' lang='lat' dir='ltr'><strong>semina</strong></span> <span class='ocrx_word' id='word_1_14' title='bbox 3003 479 3281 533; x_wconf 90' lang='lat' dir='ltr'><strong>usurario</strong></span> <span class='ocrx_word' id='word_1_15' title='bbox 3335 478 3577 550; x_wconf 89' lang='lat' dir='ltr'><strong>quodam</strong></span> <span class='ocrx_word' id='word_1_16' title='bbox 3636 482 3814 540; x_wconf 88' lang='lat' dir='ltr'><strong>fenore</strong></span> 
     </span>
    </p>
   </div>
   <div class='ocr_carea' id='block_1_5' title="bbox 416 564 2087 635">
    <p class='ocr_par' dir='ltr' id='par_1_5' title="bbox 416 564 2087 635">
     <span class='ocr_line' id='line_1_5' title="bbox 416 564 2087 635; baseline -0.001 -16"><span class='ocrx_word' id='word_1_17' title='bbox 416 569 704 635; x_wconf 90' lang='lat' dir='ltr'><strong>ortusque</strong></span> <span class='ocrx_word' id='word_1_18' title='bbox 736 564 1067 635; x_wconf 89' lang='lat' dir='ltr'><strong>signorum,</strong></span> <span class='ocrx_word' id='word_1_19' title='bbox 1101 564 1219 619; x_wconf 89' lang='lat' dir='ltr'><strong>diei</strong></span> <span class='ocrx_word' id='word_1_20' title='bbox 1249 567 1305 618; x_wconf 94' lang='lat' dir='ltr'><strong>et</strong></span> <span class='ocrx_word' id='word_1_21' title='bbox 1337 564 1529 619; x_wconf 88' lang='lat' dir='ltr'><strong>noctis</strong></span> <span class='ocrx_word' id='word_1_22' title='bbox 1560 579 2087 633; x_wconf 88' lang='lat' dir='ltr'><strong>occasus,eorum-</strong></span> 
     </span>
    </p>
   </div>
   <div class='ocr_carea' id='block_1_6' title="bbox 415 652 2084 724">
    <p class='ocr_par' dir='ltr' id='par_1_6' title="bbox 415 652 2084 724">
     <span class='ocr_line' id='line_1_6' title="bbox 415 652 2084 724; baseline -0.001 -17"><span class='ocrx_word' id='word_1_23' title='bbox 415 668 532 724; x_wconf 89' lang='lat' dir='ltr'><strong>que</strong></span> <span class='ocrx_word' id='word_1_24' title='bbox 563 652 823 723; x_wconf 78' lang='lat' dir='ltr'><strong>quotidie</strong></span> <span class='ocrx_word' id='word_1_25' title='bbox 854 657 1131 724; x_wconf 81' lang='lat' dir='ltr'><strong>tanquam</strong></span> <span class='ocrx_word' id='word_1_26' title='bbox 1160 653 1426 709; x_wconf 88' lang='lat' dir='ltr'><strong>rediviva</strong></span> <span class='ocrx_word' id='word_1_27' title='bbox 1466 654 1797 708; x_wconf 85' lang='lat' dir='ltr'><strong>successio.</strong></span> <span class='ocrx_word' id='word_1_28' title='bbox 1831 654 2084 722; x_wconf 86' lang='lat' dir='ltr'><strong>Tempe-</strong></span> 
     </span>
    </p>
   </div>
   <div class='ocr_carea' id='block_1_7' title="bbox 409 741 2084 814">
    <p class='ocr_par' dir='ltr' id='par_1_7' title="bbox 409 741 2084 814">
     <span class='ocr_line' id='line_1_7' title="bbox 409 741 2084 814; baseline -0.001 -19"><span class='ocrx_word' id='word_1_29' title='bbox 409 741 668 796; x_wconf 62' lang='lat' dir='ltr'><strong>ramenti</strong></span> <span class='ocrx_word' id='word_1_30' title='bbox 697 757 935 813; x_wconf 91' lang='lat' dir='ltr'><strong>quoque</strong></span> <span class='ocrx_word' id='word_1_31' title='bbox 973 742 1254 814; x_wconf 81' lang='lat' dir='ltr'><strong>genitalis</strong></span> <span class='ocrx_word' id='word_1_32' title='bbox 1297 741 1480 813; x_wconf 85' lang='lat' dir='ltr'><strong>hujus</strong></span> <span class='ocrx_word' id='word_1_33' title='bbox 1518 746 1692 796; x_wconf 70' lang='lat' dir='ltr'><strong>terraa</strong></span> <span class='ocrx_word' id='word_1_34' title='bbox 1731 742 1901 796; x_wconf 92' lang='lat' dir='ltr'><strong>aliter</strong></span> <span class='ocrx_word' id='word_1_35' title='bbox 1936 741 2084 795; x_wconf 87' lang='lat' dir='ltr'><strong>ratio</strong></span> 
     </span>
    </p>
   </div>
   <div class='ocr_carea' id='block_1_8' title="bbox 413 830 2084 902">
    <p class='ocr_par' dir='ltr' id='par_1_8' title="bbox 413 830 2084 902">
     <span class='ocr_line' id='line_1_8' title="bbox 413 830 2084 902; baseline -0.001 -17"><span class='ocrx_word' id='word_1_36' title='bbox 413 830 674 886; x_wconf 85' lang='lat' dir='ltr'><strong>subesse</strong></span> <span class='ocrx_word' id='word_1_37' title='bbox 703 846 822 886; x_wconf 91' lang='lat' dir='ltr'><strong>non</strong></span> <span class='ocrx_word' id='word_1_38' title='bbox 852 833 1078 901; x_wconf 86' lang='lat' dir='ltr'><strong>posset,</strong></span> <span class='ocrx_word' id='word_1_39' title='bbox 1102 831 1216 885; x_wconf 89' lang='lat' dir='ltr'><strong>nisi</strong></span> <span class='ocrx_word' id='word_1_40' title='bbox 1242 831 1509 886; x_wconf 88' lang='lat' dir='ltr'><strong>humoris</strong></span> <span class='ocrx_word' id='word_1_41' title='bbox 1539 831 1728 901; x_wconf 88' lang='lat' dir='ltr'><strong>ipsius</strong></span> <span class='ocrx_word' id='word_1_42' title='bbox 1749 845 1866 902; x_wconf 93' lang='lat' dir='ltr'><strong>quo</strong></span> <span class='ocrx_word' id='word_1_43' title='bbox 1889 830 2084 885; x_wconf 86' lang='lat' dir='ltr'><strong>omnia</strong></span> 
     </span>
    </p>
   </div>
   <div class='ocr_carea' id='block_1_9' title="bbox 410 920 2082 991">
    <p class='ocr_par' dir='ltr' id='par_1_9' title="bbox 410 920 2082 991">
     <span class='ocr_line' id='line_1_9' title="bbox 410 920 2082 991; baseline -0.001 -18"><span class='ocrx_word' id='word_1_44' title='bbox 410 920 647 975; x_wconf 87' lang='lat' dir='ltr'><strong>terrena</strong></span> <span class='ocrx_word' id='word_1_45' title='bbox 696 922 1075 991; x_wconf 78' lang='lat' dir='ltr'><strong>generantur,</strong></span> <span class='ocrx_word' id='word_1_46' title='bbox 1129 924 1412 990; x_wconf 88' lang='lat' dir='ltr'><strong>quantum</strong></span> <span class='ocrx_word' id='word_1_47' title='bbox 1451 920 1649 975; x_wconf 85' lang='lat' dir='ltr'><strong>diurni</strong></span> <span class='ocrx_word' id='word_1_48' title='bbox 1696 920 1845 975; x_wconf 90' lang='lat' dir='ltr'><strong>solis</strong></span> <span class='ocrx_word' id='word_1_49' title='bbox 1894 923 2082 974; x_wconf 64' lang='lat' dir='ltr'><strong>estus</strong></span> 
     </span>
    </p>
   </div>
   <div class='ocr_carea' id='block_1_10' title="bbox 410 1007 2083 1079">
    <p class='ocr_par' dir='ltr' id='par_1_10' title="bbox 410 1007 2083 1079">
     <span class='ocr_line' id='line_1_10' title="bbox 410 1007 2083 1079; baseline -0.001 -17"><span class='ocrx_word' id='word_1_50' title='bbox 410 1010 791 1079; x_wconf 80' lang='lat' dir='ltr'><strong>excoqueret,</strong></span> <span class='ocrx_word' id='word_1_51' title='bbox 827 1011 1051 1064; x_wconf 89' lang='lat' dir='ltr'><strong>tantum</strong></span> <span class='ocrx_word' id='word_1_52' title='bbox 1073 1022 1207 1063; x_wconf 91' lang='lat' dir='ltr'><strong>rore</strong></span> <span class='ocrx_word' id='word_1_53' title='bbox 1226 1011 1514 1064; x_wconf 91' lang='lat' dir='ltr'><strong>nocturno</strong></span> <span class='ocrx_word' id='word_1_54' title='bbox 1546 1008 1863 1078; x_wconf 84' lang='lat' dir='ltr'><strong>dispositio</strong></span> <span class='ocrx_word' id='word_1_55' title='bbox 1884 1007 2083 1061; x_wconf 87' lang='lat' dir='ltr'><strong>divina</strong></span> 
     </span>
    </p>
   </div>
   <div class='ocr_carea' id='block_1_11' title="bbox 409 1096 2083 1169">
    <p class='ocr_par' dir='ltr' id='par_1_11' title="bbox 409 1096 2083 1169">
     <span class='ocr_line' id='line_1_11' title="bbox 409 1096 2083 1169; baseline 0 -18"><span class='ocrx_word' id='word_1_56' title='bbox 409 1100 736 1166; x_wconf 83' lang='lat' dir='ltr'><strong>repararet.</strong></span> <span class='ocrx_word' id='word_1_57' title='bbox 772 1097 921 1151; x_wconf 87' lang='lat' dir='ltr'><strong>Nam</strong></span> <span class='ocrx_word' id='word_1_58' title='bbox 963 1096 1105 1168; x_wconf 87' lang='lat' dir='ltr'><strong>quid</strong></span> <span class='ocrx_word' id='word_1_59' title='bbox 1137 1096 1209 1151; x_wconf 93' lang='lat' dir='ltr'><strong>de</strong></span> <span class='ocrx_word' id='word_1_60' title='bbox 1250 1097 1546 1152; x_wconf 88' lang='lat' dir='ltr'><strong>fructibus</strong></span> <span class='ocrx_word' id='word_1_61' title='bbox 1584 1097 1835 1169; x_wconf 86' lang='lat' dir='ltr'><strong>loquar?</strong></span> <span class='ocrx_word' id='word_1_62' title='bbox 1870 1096 2083 1151; x_wconf 89' lang='lat' dir='ltr'><strong>Nonne</strong></span> 
     </span>
    </p>
   </div>
   <div class='ocr_carea' id='block_1_12' title="bbox 408 1185 2072 1256">
    <p class='ocr_par' dir='ltr' id='par_1_12' title="bbox 408 1185 2072 1256">
     <span class='ocr_line' id='line_1_12' title="bbox 408 1185 2072 1256; baseline 0.001 -17"><span class='ocrx_word' id='word_1_63' title='bbox 408 1185 517 1240; x_wconf 89' lang='lat' dir='ltr'><strong>tibi</strong></span> <span class='ocrx_word' id='word_1_64' title='bbox 555 1185 830 1241; x_wconf 91' lang='lat' dir='ltr'><strong>videntur</strong></span> <span class='ocrx_word' id='word_1_65' title='bbox 868 1185 1165 1255; x_wconf 90' lang='lat' dir='ltr'><strong>occidere,</strong></span> <span class='ocrx_word' id='word_1_66' title='bbox 1200 1201 1335 1240; x_wconf 91' lang='lat' dir='ltr'><strong>cum</strong></span> <span class='ocrx_word' id='word_1_67' title='bbox 1375 1186 1688 1241; x_wconf 89' lang='lat' dir='ltr'><strong>decidunt:</strong></span> <span class='ocrx_word' id='word_1_68' title='bbox 1732 1196 2072 1256; x_wconf 76' lang='lat' dir='ltr'><strong>resurgere,</strong></span> 
     </span>
    </p>
   </div>
   <div class='ocr_carea' id='block_1_13' title="bbox 410 1273 2080 1345">
    <p class='ocr_par' dir='ltr' id='par_1_13' title="bbox 410 1273 2080 1345">
     <span class='ocr_line' id='line_1_13' title="bbox 410 1273 2080 1345; baseline 0 -16"><span class='ocrx_word' id='word_1_69' title='bbox 410 1288 546 1329; x_wconf 89' lang='lat' dir='ltr'><strong>cum</strong></span> <span class='ocrx_word' id='word_1_70' title='bbox 575 1274 995 1330; x_wconf 85' lang='lat' dir='ltr'><strong>revirescunt?</strong></span> <span class='ocrx_word' id='word_1_71' title='bbox 1027 1273 1195 1339; x_wconf 89' lang='lat' dir='ltr'><strong>Quod</strong></span> <span class='ocrx_word' id='word_1_72' title='bbox 1226 1278 1422 1329; x_wconf 89' lang='lat' dir='ltr'><strong>satum</strong></span> <span class='ocrx_word' id='word_1_73' title='bbox 1453 1278 1567 1344; x_wconf 90' lang='lat' dir='ltr'><strong>est,</strong></span> <span class='ocrx_word' id='word_1_74' title='bbox 1590 1275 1887 1345; x_wconf 84' lang='lat' dir='ltr'><strong>resurgit:</strong></span> <span class='ocrx_word' id='word_1_75' title='bbox 1921 1274 2080 1345; x_wconf 91' lang='lat' dir='ltr'><strong>quod</strong></span> 
     </span>
    </p>
   </div>
   <div class='ocr_carea' id='block_1_14' title="bbox 410 1362 2081 1434">
    <p class='ocr_par' dir='ltr' id='par_1_14' title="bbox 410 1362 2081 1434">
     <span class='ocr_line' id='line_1_14' title="bbox 410 1362 2081 1434; baseline -0.001 -16"><span class='ocrx_word' id='word_1_76' title='bbox 410 1366 706 1418; x_wconf 89' lang='lat' dir='ltr'><strong>mortuum</strong></span> <span class='ocrx_word' id='word_1_77' title='bbox 754 1367 869 1433; x_wconf 90' lang='lat' dir='ltr'><strong>est,</strong></span> <span class='ocrx_word' id='word_1_78' title='bbox 913 1362 1216 1434; x_wconf 73' lang='lat' dir='ltr'><strong>resurgit;</strong></span> <span class='ocrx_word' id='word_1_79' title='bbox 1269 1366 1327 1418; x_wconf 92' lang='lat' dir='ltr'><strong>et</strong></span> <span class='ocrx_word' id='word_1_80' title='bbox 1371 1363 1430 1417; x_wconf 93' lang='lat' dir='ltr'><strong>in</strong></span> <span class='ocrx_word' id='word_1_81' title='bbox 1476 1363 1682 1418; x_wconf 90' lang='lat' dir='ltr'><strong>eadem</strong></span> <span class='ocrx_word' id='word_1_82' title='bbox 1732 1378 1972 1434; x_wconf 89' lang='lat' dir='ltr'><strong>genera,</strong></span> <span class='ocrx_word' id='word_1_83' title='bbox 2020 1363 2081 1417; x_wconf 91' lang='lat' dir='ltr'><strong>in</strong></span> 
     </span>
    </p>
   </div>
   <div class='ocr_carea' id='block_1_15' title="bbox 409 1449 2080 1522">
    <p class='ocr_par' dir='ltr' id='par_1_15' title="bbox 409 1449 2080 1522">
     <span class='ocr_line' id='line_1_15' title="bbox 409 1449 2080 1522; baseline 0 -16"><span class='ocrx_word' id='word_1_84' title='bbox 409 1451 652 1506; x_wconf 88' lang='lat' dir='ltr'><strong>easdem</strong></span> <span class='ocrx_word' id='word_1_85' title='bbox 700 1451 938 1522; x_wconf 86' lang='lat' dir='ltr'><strong>species</strong></span> <span class='ocrx_word' id='word_1_86' title='bbox 994 1449 1371 1507; x_wconf 79' lang='lat' dir='ltr'><strong>reformatur.</strong></span> <span class='ocrx_word' id='word_1_87' title='bbox 1428 1451 1554 1507; x_wconf 86' lang='lat' dir='ltr'><strong>Hos</strong></span> <span class='ocrx_word' id='word_1_88' title='bbox 1614 1455 1770 1506; x_wconf 91' lang='lat' dir='ltr'><strong>terra</strong></span> <span class='ocrx_word' id='word_1_89' title='bbox 1826 1452 2080 1521; x_wconf 88' lang='lat' dir='ltr'><strong>primum</strong></span> 
     </span>
    </p>
   </div>
   <div class='ocr_carea' id='block_1_16' title="bbox 409 1540 2080 1611">
    <p class='ocr_par' dir='ltr' id='par_1_16' title="bbox 409 1540 2080 1611">
     <span class='ocr_line' id='line_1_16' title="bbox 409 1540 2080 1611; baseline 0 -15"><span class='ocrx_word' id='word_1_90' title='bbox 409 1540 664 1596; x_wconf 83' lang='lat' dir='ltr'><strong>reddidit</strong></span> <span class='ocrx_word' id='word_1_91' title='bbox 683 1540 934 1611; x_wconf 87' lang='lat' dir='ltr'><strong>fructus,</strong></span> <span class='ocrx_word' id='word_1_92' title='bbox 959 1540 1018 1594; x_wconf 91' lang='lat' dir='ltr'><strong>in</strong></span> <span class='ocrx_word' id='word_1_93' title='bbox 1049 1540 1145 1595; x_wconf 90' lang='lat' dir='ltr'><strong>his</strong></span> <span class='ocrx_word' id='word_1_94' title='bbox 1177 1540 1431 1610; x_wconf 88' lang='lat' dir='ltr'><strong>primum</strong></span> <span class='ocrx_word' id='word_1_95' title='bbox 1462 1542 1670 1595; x_wconf 84' lang='lat' dir='ltr'><strong>natura</strong></span> <span class='ocrx_word' id='word_1_96' title='bbox 1701 1542 1907 1595; x_wconf 90' lang='lat' dir='ltr'><strong>nostra</strong></span> <span class='ocrx_word' id='word_1_97' title='bbox 1937 1554 2080 1611; x_wconf 86' lang='lat' dir='ltr'><strong>spe-</strong></span> 
     </span>
    </p>
   </div>
   <div class='ocr_carea' id='block_1_17' title="bbox 410 1628 1453 1685">
    <p class='ocr_par' dir='ltr' id='par_1_17' title="bbox 410 1628 1453 1685">
     <span class='ocr_line' id='line_1_17' title="bbox 410 1628 1453 1685; baseline 0.003 -3"><span class='ocrx_word' id='word_1_98' title='bbox 410 1628 561 1684; x_wconf 90' lang='lat' dir='ltr'><strong>ciem</strong></span> <span class='ocrx_word' id='word_1_99' title='bbox 592 1629 1059 1685; x_wconf 86' lang='lat' dir='ltr'><strong>resurrectionis</strong></span> <span class='ocrx_word' id='word_1_100' title='bbox 1088 1630 1311 1685; x_wconf 82' lang='lat' dir='ltr'><strong>imitata</strong></span> <span class='ocrx_word' id='word_1_101' title='bbox 1341 1632 1453 1685; x_wconf 91' lang='lat' dir='ltr'><strong>est.</strong></span> 
     </span>
    </p>
   </div>
   <div class='ocr_carea' id='block_1_18' title="bbox 478 1716 2078 1791">
    <p class='ocr_par' dir='ltr' id='par_1_18' title="bbox 478 1716 2078 1791">
     <span class='ocr_line' id='line_1_18' title="bbox 478 1716 2078 1791; baseline 0 -19"><span class='ocrx_word' id='word_1_102' title='bbox 478 1717 570 1772; x_wconf 80' lang='lat'><strong>54.</strong></span> <span class='ocrx_word' id='word_1_103' title='bbox 602 1716 754 1782; x_wconf 91' lang='lat' dir='ltr'><strong>Quid</strong></span> <span class='ocrx_word' id='word_1_104' title='bbox 786 1718 1022 1774; x_wconf 88' lang='lat' dir='ltr'><strong>dubitas</strong></span> <span class='ocrx_word' id='word_1_105' title='bbox 1053 1719 1125 1774; x_wconf 92' lang='lat' dir='ltr'><strong>de</strong></span> <span class='ocrx_word' id='word_1_106' title='bbox 1167 1734 1416 1789; x_wconf 89' lang='lat' dir='ltr'><strong>corpore</strong></span> <span class='ocrx_word' id='word_1_107' title='bbox 1455 1734 1677 1790; x_wconf 90' lang='lat' dir='ltr'><strong>corpus</strong></span> <span class='ocrx_word' id='word_1_108' title='bbox 1709 1719 2078 1791; x_wconf 82' lang='lat' dir='ltr'><strong>resurgere?</strong></span> 
     </span>
    </p>
   </div>
   <div class='ocr_carea' id='block_1_19' title="bbox 2196 564 3815 641">
    <p class='ocr_par' dir='ltr' id='par_1_19' title="bbox 2196 564 3815 641">
     <span class='ocr_line' id='line_1_19' title="bbox 2196 564 3815 641; baseline 0.007 -24"><span class='ocrx_word' id='word_1_109' title='bbox 2196 564 2578 635; x_wconf 87' lang='lat' dir='ltr'><strong>multiplicata</strong></span> <span class='ocrx_word' id='word_1_110' title='bbox 2643 565 2939 621; x_wconf 87' lang='lat' dir='ltr'><strong>restituat.</strong></span> <span class='ocrx_word' id='word_1_111' title='bbox 3001 566 3152 620; x_wconf 89' lang='lat' dir='ltr'><strong>Nam</strong></span> <span class='ocrx_word' id='word_1_112' title='bbox 3209 567 3350 637; x_wconf 91' lang='lat' dir='ltr'><strong>quid</strong></span> <span class='ocrx_word' id='word_1_113' title='bbox 3404 568 3475 623; x_wconf 92' lang='lat' dir='ltr'><strong>de</strong></span> <span class='ocrx_word' id='word_1_114' title='bbox 3529 572 3815 641; x_wconf 86' lang='lat' dir='ltr'><strong>generibus</strong></span> 
     </span>
    </p>
   </div>
   <div class='ocr_carea' id='block_1_20' title="bbox 2196 654 3815 729">
    <p class='ocr_par' dir='ltr' id='par_1_20' title="bbox 2196 654 3815 729">
     <span class='ocr_line' id='line_1_20' title="bbox 2196 654 3815 729; baseline 0.006 -23"><span class='ocrx_word' id='word_1_115' title='bbox 2196 654 2471 708; x_wconf 90' lang='lat' dir='ltr'><strong>arborum</strong></span> <span class='ocrx_word' id='word_1_116' title='bbox 2494 654 2721 724; x_wconf 89' lang='lat' dir='ltr'><strong>loquar,</strong></span> <span class='ocrx_word' id='word_1_117' title='bbox 2746 670 2879 725; x_wconf 76' lang='lat' dir='ltr'><strong>quae</strong></span> <span class='ocrx_word' id='word_1_118' title='bbox 2902 654 3095 724; x_wconf 83' lang='lat' dir='ltr'><strong>posito</strong></span> <span class='ocrx_word' id='word_1_119' title='bbox 3112 660 3368 727; x_wconf 89' lang='lat' dir='ltr'><strong>surgunt</strong></span> <span class='ocrx_word' id='word_1_120' title='bbox 3387 656 3459 711; x_wconf 89' lang='lat' dir='ltr'><strong>de</strong></span> <span class='ocrx_word' id='word_1_121' title='bbox 3481 659 3706 729; x_wconf 88' lang='lat' dir='ltr'><strong>semine,</strong></span> <span class='ocrx_word' id='word_1_122' title='bbox 3728 661 3815 715; x_wconf 54' lang='lat' dir='ltr'><strong>nu.</strong></span> 
     </span>
    </p>
   </div>
   <div class='ocr_carea' id='block_1_21' title="bbox 2196 743 3816 812">
    <p class='ocr_par' dir='ltr' id='par_1_21' title="bbox 2196 743 3816 812">
     <span class='ocr_line' id='line_1_21' title="bbox 2196 743 3816 812; baseline 0.006 -17"><span class='ocrx_word' id='word_1_123' title='bbox 2196 744 2446 812; x_wconf 91' lang='lat' dir='ltr'><strong>ctusque</strong></span> <span class='ocrx_word' id='word_1_124' title='bbox 2476 743 2776 797; x_wconf 89' lang='lat' dir='ltr'><strong>resolutos</strong></span> <span class='ocrx_word' id='word_1_125' title='bbox 2823 744 3086 798; x_wconf 86' lang='lat' dir='ltr'><strong>rediviva</strong></span> <span class='ocrx_word' id='word_1_126' title='bbox 3120 744 3470 799; x_wconf 86' lang='lat' dir='ltr'><strong>fecunditate</strong></span> <span class='ocrx_word' id='word_1_127' title='bbox 3499 749 3816 805; x_wconf 82' lang='lat' dir='ltr'><strong>resuscitant</strong></span> 
     </span>
    </p>
   </div>
   <div class='ocr_carea' id='block_1_22' title="bbox 2196 830 3811 905">
    <p class='ocr_par' dir='ltr' id='par_1_22' title="bbox 2196 830 3811 905">
     <span class='ocr_line' id='line_1_22' title="bbox 2196 830 3811 905; baseline 0.004 -21"><span class='ocrx_word' id='word_1_128' title='bbox 2196 830 2329 899; x_wconf 85' lang='lat'>(38),</span> <span class='ocrx_word' id='word_1_129' title='bbox 2363 835 2419 884; x_wconf 89' lang='lat' dir='ltr'><strong>et</strong></span> <span class='ocrx_word' id='word_1_130' title='bbox 2449 830 2655 885; x_wconf 61' lang='lat' dir='ltr'><strong>formae</strong></span> <span class='ocrx_word' id='word_1_131' title='bbox 2687 832 2874 885; x_wconf 85' lang='lat' dir='ltr'><strong>veteri</strong></span> <span class='ocrx_word' id='word_1_132' title='bbox 2914 836 3091 902; x_wconf 92' lang='lat' dir='ltr'><strong>atque</strong></span> <span class='ocrx_word' id='word_1_133' title='bbox 3131 832 3372 903; x_wconf 87' lang='lat' dir='ltr'><strong>imagini</strong></span> <span class='ocrx_word' id='word_1_134' title='bbox 3409 849 3536 888; x_wconf 62' lang='lat' dir='ltr'><strong>suae</strong></span> <span class='ocrx_word' id='word_1_135' title='bbox 3572 836 3811 905; x_wconf 89' lang='lat' dir='ltr'><strong>reddunt,</strong></span> 
     </span>
    </p>
   </div>
   <div class='ocr_carea' id='block_1_23' title="bbox 2197 920 3814 994">
    <p class='ocr_par' dir='ltr' id='par_1_23' title="bbox 2197 920 3814 994">
     <span class='ocr_line' id='line_1_23' title="bbox 2197 920 3814 994; baseline 0.004 -22"><span class='ocrx_word' id='word_1_136' title='bbox 2197 920 2527 989; x_wconf 87' lang='lat' dir='ltr'><strong>multasque</strong></span> <span class='ocrx_word' id='word_1_137' title='bbox 2559 922 2763 974; x_wconf 81' lang='lat' dir='ltr'><strong>aetates</strong></span> <span class='ocrx_word' id='word_1_138' title='bbox 2795 920 3067 991; x_wconf 67' lang='lat' dir='ltr'><strong>quaedam</strong></span> <span class='ocrx_word' id='word_1_139' title='bbox 3097 920 3375 975; x_wconf 90' lang='lat' dir='ltr'><strong>arborum</strong></span> <span class='ocrx_word' id='word_1_140' title='bbox 3403 938 3640 993; x_wconf 90' lang='lat' dir='ltr'><strong>corpora</strong></span> <span class='ocrx_word' id='word_1_141' title='bbox 3668 939 3814 994; x_wconf 87' lang='lat' dir='ltr'><strong>repa-</strong></span> 
     </span>
    </p>
   </div>
   <div class='ocr_carea' id='block_1_24' title="bbox 2197 1008 3815 1079">
    <p class='ocr_par' dir='ltr' id='par_1_24' title="bbox 2197 1008 3815 1079">
     <span class='ocr_line' id='line_1_24' title="bbox 2197 1008 3815 1079; baseline 0.006 -20"><span class='ocrx_word' id='word_1_142' title='bbox 2197 1012 2322 1060; x_wconf 90' lang='lat' dir='ltr'><strong>rata</strong></span> <span class='ocrx_word' id='word_1_143' title='bbox 2352 1008 2773 1077; x_wconf 89' lang='lat' dir='ltr'><strong>transmittunt,</strong></span> <span class='ocrx_word' id='word_1_144' title='bbox 2798 1012 2869 1075; x_wconf 59' lang='lat' dir='ltr'><strong>,ut</strong></span> <span class='ocrx_word' id='word_1_145' title='bbox 2896 1009 3029 1079; x_wconf 91' lang='lat' dir='ltr'><strong>ipsa</strong></span> <span class='ocrx_word' id='word_1_146' title='bbox 3059 1008 3325 1064; x_wconf 89' lang='lat' dir='ltr'><strong>durando</strong></span> <span class='ocrx_word' id='word_1_147' title='bbox 3345 1010 3575 1065; x_wconf 90' lang='lat' dir='ltr'><strong>vincant</strong></span> <span class='ocrx_word' id='word_1_148' title='bbox 3594 1015 3815 1069; x_wconf 74' lang='lat' dir='ltr'><strong>saecula?</strong></span> 
     </span>
    </p>
   </div>
   <div class='ocr_carea' id='block_1_25' title="bbox 2194 1095 3811 1172">
    <p class='ocr_par' dir='ltr' id='par_1_25' title="bbox 2194 1095 3811 1172">
     <span class='ocr_line' id='line_1_25' title="bbox 2194 1095 3811 1172; baseline 0.006 -24"><span class='ocrx_word' id='word_1_149' title='bbox 2194 1095 2548 1151; x_wconf 85' lang='lat' dir='ltr'><strong>Putrescere</strong></span> <span class='ocrx_word' id='word_1_150' title='bbox 2605 1096 2876 1152; x_wconf 88' lang='lat' dir='ltr'><strong>videmus</strong></span> <span class='ocrx_word' id='word_1_151' title='bbox 2931 1098 3186 1166; x_wconf 89' lang='lat' dir='ltr'><strong>acinum,</strong></span> <span class='ocrx_word' id='word_1_152' title='bbox 3257 1098 3436 1154; x_wconf 89' lang='lat' dir='ltr'><strong>vitem</strong></span> <span class='ocrx_word' id='word_1_153' title='bbox 3491 1114 3811 1172; x_wconf 87' lang='lat' dir='ltr'><strong>resurgere:</strong></span> 
     </span>
    </p>
   </div>
   <div class='ocr_carea' id='block_1_26' title="bbox 2194 1184 3815 1261">
    <p class='ocr_par' dir='ltr' id='par_1_26' title="bbox 2194 1184 3815 1261">
     <span class='ocr_line' id='line_1_26' title="bbox 2194 1184 3815 1261; baseline 0.004 -23"><span class='ocrx_word' id='word_1_154' title='bbox 2194 1184 2475 1240; x_wconf 90' lang='lat' dir='ltr'><strong>surculus</strong></span> <span class='ocrx_word' id='word_1_155' title='bbox 2506 1185 2806 1254; x_wconf 88' lang='lat' dir='ltr'><strong>inseritur,</strong></span> <span class='ocrx_word' id='word_1_156' title='bbox 2838 1185 3018 1241; x_wconf 90' lang='lat' dir='ltr'><strong>arbor</strong></span> <span class='ocrx_word' id='word_1_157' title='bbox 3054 1187 3407 1242; x_wconf 89' lang='lat' dir='ltr'><strong>renascitur.</strong></span> <span class='ocrx_word' id='word_1_158' title='bbox 3442 1188 3529 1242; x_wconf 79' lang='lat' dir='ltr'><strong>An</strong></span> <span class='ocrx_word' id='word_1_159' title='bbox 3566 1188 3634 1244; x_wconf 90' lang='lat' dir='ltr'><strong>de</strong></span> <span class='ocrx_word' id='word_1_160' title='bbox 3671 1206 3815 1261; x_wconf 86' lang='lat' dir='ltr'><strong>repa-</strong></span> 
     </span>
    </p>
   </div>
   <div class='ocr_carea' id='block_1_27' title="bbox 2197 1272 3813 1346">
    <p class='ocr_par' dir='ltr' id='par_1_27' title="bbox 2197 1272 3813 1346">
     <span class='ocr_line' id='line_1_27' title="bbox 2197 1272 3813 1346; baseline 0.004 -19"><span class='ocrx_word' id='word_1_161' title='bbox 2197 1273 2401 1328; x_wconf 88' lang='lat' dir='ltr'><strong>randis</strong></span> <span class='ocrx_word' id='word_1_162' title='bbox 2421 1272 2741 1329; x_wconf 85' lang='lat' dir='ltr'><strong>arboribus</strong></span> <span class='ocrx_word' id='word_1_163' title='bbox 2763 1273 2962 1329; x_wconf 87' lang='lat' dir='ltr'><strong>divina</strong></span> <span class='ocrx_word' id='word_1_164' title='bbox 2981 1276 3075 1330; x_wconf 89' lang='lat' dir='ltr'><strong>est</strong></span> <span class='ocrx_word' id='word_1_165' title='bbox 3093 1276 3484 1346; x_wconf 88' lang='lat' dir='ltr'><strong>providentia,</strong></span> <span class='ocrx_word' id='word_1_166' title='bbox 3507 1276 3578 1332; x_wconf 91' lang='lat' dir='ltr'><strong>de</strong></span> <span class='ocrx_word' id='word_1_167' title='bbox 3597 1277 3813 1333; x_wconf 88' lang='lat' dir='ltr'><strong>homini-</strong></span> 
     </span>
    </p>
   </div>
   <div class='ocr_carea' id='block_1_28' title="bbox 2191 1362 3813 1436">
    <p class='ocr_par' dir='ltr' id='par_1_28' title="bbox 2191 1362 3813 1436">
     <span class='ocr_line' id='line_1_28' title="bbox 2191 1362 3813 1436; baseline 0.002 -18"><span class='ocrx_word' id='word_1_168' title='bbox 2191 1362 2307 1418; x_wconf 91' lang='lat' dir='ltr'><strong>bus</strong></span> <span class='ocrx_word' id='word_1_169' title='bbox 2340 1362 2501 1417; x_wconf 90' lang='lat' dir='ltr'><strong>nulla</strong></span> <span class='ocrx_word' id='word_1_170' title='bbox 2531 1377 2674 1418; x_wconf 88' lang='lat' dir='ltr'><strong>cura</strong></span> <span class='ocrx_word' id='word_1_171' title='bbox 2693 1363 2722 1417; x_wconf 86' lang='lat'><strong>?</strong></span> <span class='ocrx_word' id='word_1_172' title='bbox 2760 1362 2832 1418; x_wconf 85' lang='lat' dir='ltr'><strong>Et</strong></span> <span class='ocrx_word' id='word_1_173' title='bbox 2867 1363 2970 1434; x_wconf 92' lang='lat' dir='ltr'><strong>qui</strong></span> <span class='ocrx_word' id='word_1_174' title='bbox 3007 1378 3079 1419; x_wconf 89' lang='lat' dir='ltr'><strong>ea</strong></span> <span class='ocrx_word' id='word_1_175' title='bbox 3107 1380 3242 1436; x_wconf 65' lang='lat' dir='ltr'><strong>quae</strong></span> <span class='ocrx_word' id='word_1_176' title='bbox 3271 1365 3346 1420; x_wconf 90' lang='lat' dir='ltr'><strong>ad</strong></span> <span class='ocrx_word' id='word_1_177' title='bbox 3377 1381 3527 1420; x_wconf 88' lang='lat' dir='ltr'><strong>usus</strong></span> <span class='ocrx_word' id='word_1_178' title='bbox 3556 1365 3813 1423; x_wconf 86' lang='lat' dir='ltr'><strong>hominum</strong></span> 
     </span>
    </p>
   </div>
   <div class='ocr_carea' id='block_1_29' title="bbox 2192 1451 3811 1527">
    <p class='ocr_par' dir='ltr' id='par_1_29' title="bbox 2192 1451 3811 1527">
     <span class='ocr_line' id='line_1_29' title="bbox 2192 1451 3811 1527; baseline 0.004 -22"><span class='ocrx_word' id='word_1_179' title='bbox 2192 1451 2371 1519; x_wconf 89' lang='lat' dir='ltr'><strong>dedit,</strong></span> <span class='ocrx_word' id='word_1_180' title='bbox 2402 1451 2601 1521; x_wconf 90' lang='lat' dir='ltr'><strong>perire</strong></span> <span class='ocrx_word' id='word_1_181' title='bbox 2630 1467 2749 1507; x_wconf 91' lang='lat' dir='ltr'><strong>non</strong></span> <span class='ocrx_word' id='word_1_182' title='bbox 2778 1467 3001 1521; x_wconf 90' lang='lat' dir='ltr'><strong>passus</strong></span> <span class='ocrx_word' id='word_1_183' title='bbox 3031 1456 3126 1508; x_wconf 91' lang='lat' dir='ltr'><strong>est</strong></span> <span class='ocrx_word' id='word_1_184' title='bbox 3147 1471 3162 1519; x_wconf 88' lang='lat'><strong>;</strong></span> <span class='ocrx_word' id='word_1_185' title='bbox 3199 1453 3495 1509; x_wconf 86' lang='lat' dir='ltr'><strong>hominem</strong></span> <span class='ocrx_word' id='word_1_186' title='bbox 3523 1456 3703 1525; x_wconf 90' lang='lat' dir='ltr'><strong>perire</strong></span> <span class='ocrx_word' id='word_1_187' title='bbox 3728 1472 3811 1527; x_wconf 85' lang='lat' dir='ltr'><strong>pa-</strong></span> 
     </span>
    </p>
   </div>
   <div class='ocr_carea' id='block_1_30' title="bbox 2189 1540 3406 1612">
    <p class='ocr_par' dir='ltr' id='par_1_30' title="bbox 2189 1540 3406 1612">
     <span class='ocr_line' id='line_1_30' title="bbox 2189 1540 3406 1612; baseline 0 -17"><span class='ocrx_word' id='word_1_188' title='bbox 2189 1540 2386 1609; x_wconf 89' lang='lat' dir='ltr'><strong>tietur,</strong></span> <span class='ocrx_word' id='word_1_189' title='bbox 2419 1554 2597 1611; x_wconf 88' lang='lat' dir='ltr'><strong>quem</strong></span> <span class='ocrx_word' id='word_1_190' title='bbox 2628 1540 2702 1595; x_wconf 89' lang='lat' dir='ltr'><strong>ad</strong></span> <span class='ocrx_word' id='word_1_191' title='bbox 2732 1540 3053 1612; x_wconf 87' lang='lat' dir='ltr'><strong>imagmem</strong></span> <span class='ocrx_word' id='word_1_192' title='bbox 3082 1543 3179 1596; x_wconf 91' lang='lat' dir='ltr'><strong>sui</strong></span> <span class='ocrx_word' id='word_1_193' title='bbox 3216 1541 3356 1598; x_wconf 89' lang='lat' dir='ltr'><strong>fecit</strong></span> <span class='ocrx_word' id='word_1_194' title='bbox 3376 1543 3406 1596; x_wconf 84' lang='lat'><strong>?</strong></span> 
     </span>
    </p>
   </div>
   <div class='ocr_carea' id='block_1_31' title="bbox 2261 1627 3811 1699">
    <p class='ocr_par' dir='ltr' id='par_1_31' title="bbox 2261 1627 3811 1699">
     <span class='ocr_line' id='line_1_31' title="bbox 2261 1627 3811 1699; baseline 0.003 -16"><span class='ocrx_word' id='word_1_195' title='bbox 2261 1628 2351 1684; x_wconf 80' lang='lat'><strong>57.</strong></span> <span class='ocrx_word' id='word_1_196' title='bbox 2384 1627 2503 1684; x_wconf 90' lang='lat' dir='ltr'><strong>Sed</strong></span> <span class='ocrx_word' id='word_1_197' title='bbox 2532 1628 2882 1684; x_wconf 90' lang='lat' dir='ltr'><strong>incredibile</strong></span> <span class='ocrx_word' id='word_1_198' title='bbox 2911 1628 3018 1685; x_wconf 90' lang='lat' dir='ltr'><strong>tibi</strong></span> <span class='ocrx_word' id='word_1_199' title='bbox 3056 1629 3309 1699; x_wconf 90' lang='lat' dir='ltr'><strong>videtur,</strong></span> <span class='ocrx_word' id='word_1_200' title='bbox 3344 1632 3410 1685; x_wconf 89' lang='lat' dir='ltr'><strong>ut</strong></span> <span class='ocrx_word' id='word_1_201' title='bbox 3446 1632 3653 1687; x_wconf 88' lang='lat' dir='ltr'><strong>mortui</strong></span> <span class='ocrx_word' id='word_1_202' title='bbox 3685 1634 3811 1688; x_wconf 81' lang='lat' dir='ltr'><strong>revi-</strong></span> 
     </span>
    </p>
   </div>
   <div class='ocr_carea' id='block_1_32' title="bbox 2189 1716 3812 1791">
    <p class='ocr_par' dir='ltr' id='par_1_32' title="bbox 2189 1716 3812 1791">
     <span class='ocr_line' id='line_1_32' title="bbox 2189 1716 3812 1791; baseline 0.004 -20"><span class='ocrx_word' id='word_1_203' title='bbox 2189 1717 2460 1773; x_wconf 86' lang='lat' dir='ltr'><strong>viscant:</strong></span> <span class='ocrx_word' id='word_1_204' title='bbox 2509 1740 2531 1765; x_wconf 76' lang='grc' dir='ltr'><strong>α</strong></span> <span class='ocrx_word' id='word_1_205' title='bbox 2576 1716 2869 1788; x_wconf 90' lang='lat' dir='ltr'><strong>Insipiens</strong></span> <span class='ocrx_word' id='word_1_206' title='bbox 2901 1722 2962 1774; x_wconf 90' lang='lat' dir='ltr'><strong>tu</strong></span> <span class='ocrx_word' id='word_1_207' title='bbox 2992 1720 3121 1788; x_wconf 90' lang='lat' dir='ltr'><strong>ipse</strong></span> <span class='ocrx_word' id='word_1_208' title='bbox 3158 1719 3316 1791; x_wconf 87' lang='lat' dir='ltr'><strong>quod</strong></span> <span class='ocrx_word' id='word_1_209' title='bbox 3347 1720 3627 1791; x_wconf 73' lang='lat' dir='ltr'><strong>seminus,</strong></span> <span class='ocrx_word' id='word_1_210' title='bbox 3656 1737 3812 1777; x_wconf 85' lang='lat' dir='ltr'><strong>nonne</strong></span> 
     </span>
    </p>
   </div>
   <div class='ocr_carea' id='block_1_33' title="bbox 408 1804 3811 1889">
    <p class='ocr_par' dir='ltr' id='par_1_33' title="bbox 408 1804 3811 1889">
     <span class='ocr_line' id='line_1_33' title="bbox 408 1804 3811 1889; baseline 0.001 -27"><span class='ocrx_word' id='word_1_211' title='bbox 408 1804 669 1863; x_wconf 86' lang='lat' dir='ltr'><strong>Granum</strong></span> <span class='ocrx_word' id='word_1_212' title='bbox 700 1806 944 1876; x_wconf 90' lang='lat' dir='ltr'><strong>seritur,</strong></span> <span class='ocrx_word' id='word_1_213' title='bbox 969 1821 1221 1878; x_wconf 89' lang='lat' dir='ltr'><strong>granum</strong></span> <span class='ocrx_word' id='word_1_214' title='bbox 1243 1808 1508 1879; x_wconf 88' lang='lat' dir='ltr'><strong>resurgit</strong></span> <span class='ocrx_word' id='word_1_215' title='bbox 1531 1824 1543 1862; x_wconf 90' lang='lat'><strong>:</strong></span> <span class='ocrx_word' id='word_1_216' title='bbox 1576 1823 1816 1878; x_wconf 88' lang='lat' dir='ltr'><strong>pomum</strong></span> <span class='ocrx_word' id='word_1_217' title='bbox 1837 1807 2075 1877; x_wconf 80' lang='lat' dir='ltr'><strong>decidit,</strong></span> <span class='ocrx_word' id='word_1_218' title='bbox 2105 1828 2157 1889; x_wconf 77' lang='grc' dir='ltr'>Β</span> <span class='ocrx_word' id='word_1_219' title='bbox 2190 1807 2357 1877; x_wconf 91' lang='lat' dir='ltr'><strong>prius</strong></span> <span class='ocrx_word' id='word_1_220' title='bbox 2376 1807 2644 1875; x_wconf 92' lang='lat' dir='ltr'><strong>moritur,</strong></span> <span class='ocrx_word' id='word_1_221' title='bbox 2664 1810 2728 1862; x_wconf 91' lang='lat' dir='ltr'><strong>ut</strong></span> <span class='ocrx_word' id='word_1_222' title='bbox 2748 1807 3079 1862; x_wconf 71' lang='lat' dir='ltr'><strong>vivnilcetur</strong></span> <span class='ocrx_word' id='word_1_223' title='bbox 3099 1806 3275 1877; x_wconf 82' lang='lat' dir='ltr'><strong>(Ibid.</strong></span> <span class='ocrx_word' id='word_1_224' title='bbox 3294 1808 3429 1878; x_wconf 83' lang='lat'><strong>36)?</strong></span> <span class='ocrx_word' id='word_1_225' title='bbox 3452 1833 3474 1857; x_wconf 78' lang='grc' dir='ltr'><strong>ι</strong></span> <span class='ocrx_word' id='word_1_226' title='bbox 3500 1808 3637 1865; x_wconf 83' lang='lat' dir='ltr'><strong>Sera</strong></span> <span class='ocrx_word' id='word_1_227' title='bbox 3655 1826 3811 1880; x_wconf 82' lang='lat' dir='ltr'><strong>quem-</strong></span> 
     </span>
    </p>
   </div>
   <div class='ocr_carea' id='block_1_34' title="bbox 408 1895 2079 1967">
    <p class='ocr_par' dir='ltr' id='par_1_34' title="bbox 408 1895 2079 1967">
     <span class='ocr_line' id='line_1_34' title="bbox 408 1895 2079 1967; baseline 0.001 -18"><span class='ocrx_word' id='word_1_228' title='bbox 408 1909 648 1967; x_wconf 90' lang='lat' dir='ltr'><strong>pomum</strong></span> <span class='ocrx_word' id='word_1_229' title='bbox 678 1896 972 1966; x_wconf 86' lang='lat' dir='ltr'><strong>resurgit;</strong></span> <span class='ocrx_word' id='word_1_230' title='bbox 1014 1895 1121 1950; x_wconf 89' lang='lat' dir='ltr'><strong>sed</strong></span> <span class='ocrx_word' id='word_1_231' title='bbox 1152 1895 1299 1951; x_wconf 79' lang='lat' dir='ltr'><strong>flore</strong></span> <span class='ocrx_word' id='word_1_232' title='bbox 1331 1911 1582 1967; x_wconf 90' lang='lat' dir='ltr'><strong>granum</strong></span> <span class='ocrx_word' id='word_1_233' title='bbox 1614 1896 1893 1966; x_wconf 89' lang='lat' dir='ltr'><strong>induitur,</strong></span> <span class='ocrx_word' id='word_1_234' title='bbox 1927 1895 2079 1951; x_wconf 90' lang='lat' dir='ltr'><strong>folli-</strong></span> 
     </span>
    </p>
   </div>
   <div class='ocr_carea' id='block_1_35' title="bbox 409 1976 2079 2055">
    <p class='ocr_par' dir='ltr' id='par_1_35' title="bbox 409 1976 2079 2055">
     <span class='ocr_line' id='line_1_35' title="bbox 409 1976 2079 2055; baseline 0.001 -16"><span class='ocrx_word' id='word_1_235' title='bbox 409 1984 665 2055; x_wconf 88' lang='lat' dir='ltr'><strong>culoque</strong></span> <span class='ocrx_word' id='word_1_236' title='bbox 693 1984 973 2039; x_wconf 86' lang='lat' dir='ltr'><strong>vestitur:</strong></span> <span class='ocrx_word' id='word_1_237' title='bbox 1011 2007 1033 2032; x_wconf 73' lang='grc' dir='ltr'><strong><em>ιο</em></strong></span> <span class='ocrx_word' id='word_1_238' title='bbox 1069 1982 1140 2038; x_wconf 91' lang='lat' dir='ltr'><strong>Et</strong></span> <span class='ocrx_word' id='word_1_239' title='bbox 1169 1983 1284 2039; x_wconf 91' lang='lat' dir='ltr'><strong>hoc</strong></span> <span class='ocrx_word' id='word_1_240' title='bbox 1322 1984 1567 2040; x_wconf 87' lang='lat' dir='ltr'><strong>mortale</strong></span> <span class='ocrx_word' id='word_1_241' title='bbox 1612 1976 1807 2040; x_wconf 86' lang='lat'><strong>1148</strong></span> <span class='ocrx_word' id='word_1_242' title='bbox 1846 1990 2079 2055; x_wconf 87' lang='lat' dir='ltr'><strong>oportet</strong></span> 
     </span>
    </p>
   </div>
   <div class='ocr_carea' id='block_1_36' title="bbox 408 2072 2076 2144">
    <p class='ocr_par' dir='ltr' id='par_1_36' title="bbox 408 2072 2076 2144">
     <span class='ocr_line' id='line_1_36' title="bbox 408 2072 2076 2144; baseline 0.002 -17"><span class='ocrx_word' id='word_1_243' title='bbox 408 2072 656 2128; x_wconf 91' lang='lat' dir='ltr'><strong>induere</strong></span> <span class='ocrx_word' id='word_1_244' title='bbox 675 2072 1193 2136; x_wconf 87' lang='lat' dir='ltr'><strong>immortalitatem.</strong></span> <span class='ocrx_word' id='word_1_245' title='bbox 1217 2072 1408 2129; x_wconf 89' lang='lat' dir='ltr'><strong>ethoc</strong></span> <span class='ocrx_word' id='word_1_246' title='bbox 1428 2073 1812 2144; x_wconf 90' lang='lat' dir='ltr'><strong>corruptibile</strong></span> <span class='ocrx_word' id='word_1_247' title='bbox 1829 2073 2076 2131; x_wconf 88' lang='lat' dir='ltr'><strong>induere</strong></span> 
     </span>
    </p>
   </div>
   <div class='ocr_carea' id='block_1_37' title="bbox 407 2162 2077 2232">
    <p class='ocr_par' dir='ltr' id='par_1_37' title="bbox 407 2162 2077 2232">
     <span class='ocr_line' id='line_1_37' title="bbox 407 2162 2077 2232; baseline 0.001 -15"><span class='ocrx_word' id='word_1_248' title='bbox 407 2162 913 2232; x_wconf 90' lang='lat' dir='ltr'><strong>incorruptionem</strong></span> <span class='ocrx_word' id='word_1_249' title='bbox 931 2162 986 2231; x_wconf 92' lang='grc' dir='ltr'>(Ι</span> <span class='ocrx_word' id='word_1_250' title='bbox 1003 2162 1139 2216; x_wconf 84' lang='lat' dir='ltr'><strong>Cor.</strong></span> <span class='ocrx_word' id='word_1_251' title='bbox 1165 2178 1262 2232; x_wconf 83' lang='lat' dir='ltr'><strong>xv,</strong></span> <span class='ocrx_word' id='word_1_252' title='bbox 1287 2163 1399 2231; x_wconf 87' lang='lat'><strong>53).</strong></span> <span class='ocrx_word' id='word_1_253' title='bbox 1420 2182 1443 2212; x_wconf 74' lang='grc' dir='ltr'><strong>ι</strong></span> <span class='ocrx_word' id='word_1_254' title='bbox 1460 2162 1600 2217; x_wconf 91' lang='lat' dir='ltr'><strong>Flos</strong></span> <span class='ocrx_word' id='word_1_255' title='bbox 1614 2163 2077 2220; x_wconf 89' lang='lat' dir='ltr'><strong>resurrectionis</strong></span> 
     </span>
    </p>
   </div>
   <div class='ocr_carea' id='block_1_38' title="bbox 407 2250 2074 2323">
    <p class='ocr_par' dir='ltr' id='par_1_38' title="bbox 407 2250 2074 2323">
     <span class='ocr_line' id='line_1_38' title="bbox 407 2250 2074 2323; baseline 0.001 -17"><span class='ocrx_word' id='word_1_256' title='bbox 407 2250 817 2306; x_wconf 83' lang='lat' dir='ltr'><strong>immortalitas</strong></span> <span class='ocrx_word' id='word_1_257' title='bbox 833 2254 945 2319; x_wconf 90' lang='lat' dir='ltr'><strong>est,</strong></span> <span class='ocrx_word' id='word_1_258' title='bbox 960 2251 1075 2306; x_wconf 87' lang='lat' dir='ltr'><strong>ﬂos</strong></span> <span class='ocrx_word' id='word_1_259' title='bbox 1096 2250 1557 2306; x_wconf 89' lang='lat' dir='ltr'><strong>resurrectionis</strong></span> <span class='ocrx_word' id='word_1_260' title='bbox 1577 2252 1941 2323; x_wconf 88' lang='lat' dir='ltr'><strong>incorruptio</strong></span> <span class='ocrx_word' id='word_1_261' title='bbox 1961 2256 2074 2308; x_wconf 90' lang='lat' dir='ltr'><strong>est.</strong></span> 
     </span>
    </p>
   </div>
   <div class='ocr_carea' id='block_1_39' title="bbox 407 2338 2078 2412">
    <p class='ocr_par' dir='ltr' id='par_1_39' title="bbox 407 2338 2078 2412">
     <span class='ocr_line' id='line_1_39' title="bbox 407 2338 2078 2412; baseline 0.001 -17"><span class='ocrx_word' id='word_1_262' title='bbox 407 2338 558 2406; x_wconf 89' lang='lat' dir='ltr'><strong>Quid</strong></span> <span class='ocrx_word' id='word_1_263' title='bbox 590 2340 748 2395; x_wconf 91' lang='lat' dir='ltr'><strong>enim</strong></span> <span class='ocrx_word' id='word_1_264' title='bbox 776 2339 1023 2395; x_wconf 90' lang='lat' dir='ltr'><strong>uberius</strong></span> <span class='ocrx_word' id='word_1_265' title='bbox 1051 2340 1248 2411; x_wconf 89' lang='lat' dir='ltr'><strong>quiete</strong></span> <span class='ocrx_word' id='word_1_266' title='bbox 1277 2344 1559 2410; x_wconf 90' lang='lat' dir='ltr'><strong>perpetua</strong></span> <span class='ocrx_word' id='word_1_267' title='bbox 1579 2342 1608 2395; x_wconf 92' lang='lat'><strong>?</strong></span> <span class='ocrx_word' id='word_1_268' title='bbox 1638 2341 1781 2412; x_wconf 92' lang='lat' dir='ltr'><strong>quid</strong></span> <span class='ocrx_word' id='word_1_269' title='bbox 1810 2341 2078 2412; x_wconf 90' lang='lat' dir='ltr'><strong>locuple-</strong></span> 
     </span>
    </p>
   </div>
   <div class='ocr_carea' id='block_1_40' title="bbox 407 2428 2076 2504">
    <p class='ocr_par' dir='ltr' id='par_1_40' title="bbox 407 2428 2076 2504">
     <span class='ocr_line' id='line_1_40' title="bbox 407 2428 2076 2504; baseline 0.001 -19"><span class='ocrx_word' id='word_1_270' title='bbox 407 2430 531 2486; x_wconf 88' lang='lat' dir='ltr'><strong>tius</strong></span> <span class='ocrx_word' id='word_1_271' title='bbox 562 2429 878 2486; x_wconf 87' lang='lat' dir='ltr'><strong>securitate</strong></span> <span class='ocrx_word' id='word_1_272' title='bbox 909 2428 1225 2484; x_wconf 88' lang='lat' dir='ltr'><strong>diuturna?</strong></span> <span class='ocrx_word' id='word_1_273' title='bbox 1256 2428 1366 2483; x_wconf 83' lang='lat' dir='ltr'><strong>Hic</strong></span> <span class='ocrx_word' id='word_1_274' title='bbox 1383 2430 1476 2485; x_wconf 83' lang='lat' dir='ltr'><strong>est</strong></span> <span class='ocrx_word' id='word_1_275' title='bbox 1497 2430 1802 2500; x_wconf 87' lang='lat' dir='ltr'><strong>multiplex</strong></span> <span class='ocrx_word' id='word_1_276' title='bbox 1823 2431 2076 2504; x_wconf 90' lang='lat' dir='ltr'><strong>fructus,</strong></span> 
     </span>
    </p>
   </div>
   <div class='ocr_carea' id='block_1_41' title="bbox 408 2516 2077 2592">
    <p class='ocr_par' dir='ltr' id='par_1_41' title="bbox 408 2516 2077 2592">
     <span class='ocr_line' id='line_1_41' title="bbox 408 2516 2077 2592; baseline 0.001 -17"><span class='ocrx_word' id='word_1_277' title='bbox 408 2520 589 2592; x_wconf 82' lang='lat' dir='ltr'><strong>cujus</strong></span> <span class='ocrx_word' id='word_1_278' title='bbox 616 2520 907 2590; x_wconf 90' lang='lat' dir='ltr'><strong>proventu</strong></span> <span class='ocrx_word' id='word_1_279' title='bbox 935 2517 1184 2590; x_wconf 88' lang='lat' dir='ltr'><strong>pullulat</strong></span> <span class='ocrx_word' id='word_1_280' title='bbox 1211 2516 1520 2574; x_wconf 83' lang='lat' dir='ltr'><strong>fecundior</strong></span> <span class='ocrx_word' id='word_1_281' title='bbox 1549 2518 1850 2576; x_wconf 89' lang='lat' dir='ltr'><strong>hominum</strong></span> <span class='ocrx_word' id='word_1_282' title='bbox 1871 2523 2077 2577; x_wconf 90' lang='lat' dir='ltr'><strong>natura</strong></span> 
     </span>
    </p>
   </div>
   <div class='ocr_carea' id='block_1_42' title="bbox 408 2610 841 2684">
    <p class='ocr_par' dir='ltr' id='par_1_42' title="bbox 408 2610 841 2684">
     <span class='ocr_line' id='line_1_42' title="bbox 408 2610 841 2684; baseline -0.009 -18"><span class='ocrx_word' id='word_1_283' title='bbox 408 2610 548 2684; x_wconf 83' lang='lat' dir='ltr'><strong>post</strong></span> <span class='ocrx_word' id='word_1_284' title='bbox 573 2611 841 2664; x_wconf 88' lang='lat' dir='ltr'><strong>mortem.</strong></span> 
     </span>
    </p>
   </div>
   <div class='ocr_carea' id='block_1_43' title="bbox 478 2695 2075 2768">
    <p class='ocr_par' dir='ltr' id='par_1_43' title="bbox 478 2695 2075 2768">
     <span class='ocr_line' id='line_1_43' title="bbox 478 2695 2075 2768; baseline -0.001 -14"><span class='ocrx_word' id='word_1_285' title='bbox 478 2700 570 2754; x_wconf 89' lang='lat'><strong>55.</strong></span> <span class='ocrx_word' id='word_1_286' title='bbox 603 2697 720 2753; x_wconf 92' lang='lat' dir='ltr'><strong>Sed</strong></span> <span class='ocrx_word' id='word_1_287' title='bbox 751 2696 987 2751; x_wconf 88' lang='lat' dir='ltr'><strong>miraris</strong></span> <span class='ocrx_word' id='word_1_288' title='bbox 1026 2695 1520 2767; x_wconf 87' lang='lat' dir='ltr'><strong>quemadmodum</strong></span> <span class='ocrx_word' id='word_1_289' title='bbox 1559 2698 1889 2768; x_wconf 89' lang='lat' dir='ltr'><strong>putrefacta</strong></span> <span class='ocrx_word' id='word_1_290' title='bbox 1927 2698 2075 2754; x_wconf 89' lang='lat' dir='ltr'><strong>soli-</strong></span> 
     </span>
    </p>
   </div>
   <div class='ocr_carea' id='block_1_44' title="bbox 407 2786 2076 2859">
    <p class='ocr_par' dir='ltr' id='par_1_44' title="bbox 407 2786 2076 2859">
     <span class='ocr_line' id='line_1_44' title="bbox 407 2786 2076 2859; baseline -0.001 -15"><span class='ocrx_word' id='word_1_291' title='bbox 407 2789 642 2857; x_wconf 89' lang='lat' dir='ltr'><strong>dentur,</strong></span> <span class='ocrx_word' id='word_1_292' title='bbox 672 2787 946 2859; x_wconf 87' lang='lat' dir='ltr'><strong>dispersa</strong></span> <span class='ocrx_word' id='word_1_293' title='bbox 969 2787 1196 2856; x_wconf 90' lang='lat' dir='ltr'><strong>coeant,</strong></span> <span class='ocrx_word' id='word_1_294' title='bbox 1220 2786 1529 2856; x_wconf 87' lang='lat' dir='ltr'><strong>absumpta</strong></span> <span class='ocrx_word' id='word_1_295' title='bbox 1560 2792 1923 2859; x_wconf 89' lang='lat' dir='ltr'><strong>reparentur,</strong></span> <span class='ocrx_word' id='word_1_296' title='bbox 1955 2804 2076 2844; x_wconf 92' lang='lat' dir='ltr'><strong>non</strong></span> 
     </span>
    </p>
   </div>
   <div class='ocr_carea' id='block_1_45' title="bbox 409 2873 2072 2948">
    <p class='ocr_par' dir='ltr' id='par_1_45' title="bbox 409 2873 2072 2948">
     <span class='ocr_line' id='line_1_45' title="bbox 409 2873 2072 2948; baseline 0.002 -17"><span class='ocrx_word' id='word_1_297' title='bbox 409 2875 647 2932; x_wconf 89' lang='lat' dir='ltr'><strong>miraris</strong></span> <span class='ocrx_word' id='word_1_298' title='bbox 667 2874 1158 2948; x_wconf 87' lang='lat' dir='ltr'><strong>quemadmodum</strong></span> <span class='ocrx_word' id='word_1_299' title='bbox 1177 2873 1407 2931; x_wconf 86' lang='lat' dir='ltr'><strong>semina</strong></span> <span class='ocrx_word' id='word_1_300' title='bbox 1418 2892 1637 2947; x_wconf 89' lang='lat' dir='ltr'><strong>vapore</strong></span> <span class='ocrx_word' id='word_1_301' title='bbox 1654 2881 2072 2948; x_wconf 89' lang='lat' dir='ltr'><strong>etcompressu</strong></span> 
     </span>
    </p>
   </div>
   <div class='ocr_carea' id='block_1_46' title="bbox 408 2963 2074 3039">
    <p class='ocr_par' dir='ltr' id='par_1_46' title="bbox 408 2963 2074 3039">
     <span class='ocr_line' id='line_1_46' title="bbox 408 2963 2074 3039; baseline -0.001 -15"><span class='ocrx_word' id='word_1_302' title='bbox 408 2970 589 3024; x_wconf 67' lang='lat' dir='ltr'><strong>terrae</strong></span> <span class='ocrx_word' id='word_1_303' title='bbox 638 2964 830 3019; x_wconf 87' lang='lat' dir='ltr'><strong>soluta</strong></span> <span class='ocrx_word' id='word_1_304' title='bbox 867 2964 1247 3020; x_wconf 89' lang='lat' dir='ltr'><strong>viridescant.</strong></span> <span class='ocrx_word' id='word_1_305' title='bbox 1288 2963 1439 3019; x_wconf 88' lang='lat' dir='ltr'><strong>Nam</strong></span> <span class='ocrx_word' id='word_1_306' title='bbox 1487 2966 1688 3037; x_wconf 89' lang='lat' dir='ltr'><strong>utique</strong></span> <span class='ocrx_word' id='word_1_307' title='bbox 1732 2968 1905 3022; x_wconf 88' lang='lat' dir='ltr'><strong>etiam</strong></span> <span class='ocrx_word' id='word_1_308' title='bbox 1944 2968 2074 3039; x_wconf 89' lang='lat' dir='ltr'><strong>ipsa</strong></span> 
     </span>
    </p>
   </div>
   <div class='ocr_carea' id='block_1_47' title="bbox 408 3052 2071 3124">
    <p class='ocr_par' dir='ltr' id='par_1_47' title="bbox 408 3052 2071 3124">
     <span class='ocr_line' id='line_1_47' title="bbox 408 3052 2071 3124; baseline 0.001 -12"><span class='ocrx_word' id='word_1_309' title='bbox 408 3060 647 3112; x_wconf 91' lang='lat' dir='ltr'><strong>terreno</strong></span> <span class='ocrx_word' id='word_1_310' title='bbox 723 3053 935 3109; x_wconf 89' lang='lat' dir='ltr'><strong>coalitu</strong></span> <span class='ocrx_word' id='word_1_311' title='bbox 1000 3052 1327 3124; x_wconf 89' lang='lat' dir='ltr'><strong>putrefacta</strong></span> <span class='ocrx_word' id='word_1_312' title='bbox 1389 3053 1738 3122; x_wconf 86' lang='lat' dir='ltr'><strong>solvuntur,</strong></span> <span class='ocrx_word' id='word_1_313' title='bbox 1815 3060 1872 3111; x_wconf 92' lang='lat' dir='ltr'><strong>et</strong></span> <span class='ocrx_word' id='word_1_314' title='bbox 1937 3073 2071 3113; x_wconf 92' lang='lat' dir='ltr'><strong>cum</strong></span> 
     </span>
    </p>
   </div>
   <div class='ocr_carea' id='block_1_48' title="bbox 408 3140 2070 3215">
    <p class='ocr_par' dir='ltr' id='par_1_48' title="bbox 408 3140 2070 3215">
     <span class='ocr_line' id='line_1_48' title="bbox 408 3140 2070 3215; baseline 0 -14"><span class='ocrx_word' id='word_1_315' title='bbox 408 3146 702 3202; x_wconf 82' lang='lat' dir='ltr'><strong>occaecata</strong></span> <span class='ocrx_word' id='word_1_316' title='bbox 730 3140 845 3215; x_wconf 79' lang='lat'>(3&#39;1)</span> <span class='ocrx_word' id='word_1_317' title='bbox 873 3144 931 3197; x_wconf 88' lang='lat' dir='ltr'><strong>et</strong></span> <span class='ocrx_word' id='word_1_318' title='bbox 959 3147 1188 3197; x_wconf 88' lang='lat' dir='ltr'><strong>mortua</strong></span> <span class='ocrx_word' id='word_1_319' title='bbox 1218 3141 1332 3198; x_wconf 91' lang='lat' dir='ltr'><strong>soli</strong></span> <span class='ocrx_word' id='word_1_320' title='bbox 1374 3143 1648 3214; x_wconf 86' lang='lat' dir='ltr'><strong>genitalis</strong></span> <span class='ocrx_word' id='word_1_321' title='bbox 1688 3160 1908 3201; x_wconf 92' lang='lat' dir='ltr'><strong>succus</strong></span> <span class='ocrx_word' id='word_1_322' title='bbox 1947 3148 2070 3201; x_wconf 87' lang='lat' dir='ltr'><strong>ani-</strong></span> 
     </span>
    </p>
   </div>
   <div class='ocr_carea' id='block_1_49' title="bbox 404 3230 2069 3306">
    <p class='ocr_par' dir='ltr' id='par_1_49' title="bbox 404 3230 2069 3306">
     <span class='ocr_line' id='line_1_49' title="bbox 404 3230 2069 3306; baseline 0 -14"><span class='ocrx_word' id='word_1_323' title='bbox 404 3234 677 3304; x_wconf 89' lang='lat' dir='ltr'><strong>maverit,</strong></span> <span class='ocrx_word' id='word_1_324' title='bbox 709 3232 964 3306; x_wconf 90' lang='lat' dir='ltr'><strong>quodam</strong></span> <span class='ocrx_word' id='word_1_325' title='bbox 1004 3230 1204 3287; x_wconf 89' lang='lat' dir='ltr'><strong>calore</strong></span> <span class='ocrx_word' id='word_1_326' title='bbox 1244 3232 1404 3286; x_wconf 89' lang='lat' dir='ltr'><strong>vitali</strong></span> <span class='ocrx_word' id='word_1_327' title='bbox 1444 3234 1718 3303; x_wconf 89' lang='lat' dir='ltr'><strong>spiritum</strong></span> <span class='ocrx_word' id='word_1_328' title='bbox 1756 3236 2069 3306; x_wconf 90' lang='lat' dir='ltr'><strong>quemdam</strong></span> 
     </span>
    </p>
   </div>
   <div class='ocr_carea' id='block_1_50' title="bbox 406 3321 2071 3392">
    <p class='ocr_par' dir='ltr' id='par_1_50' title="bbox 406 3321 2071 3392">
     <span class='ocr_line' id='line_1_50' title="bbox 406 3321 2071 3392; baseline 0 -11"><span class='ocrx_word' id='word_1_329' title='bbox 406 3326 612 3383; x_wconf 73' lang='lat' dir='ltr'><strong>berbw</strong></span> <span class='ocrx_word' id='word_1_330' title='bbox 656 3322 970 3377; x_wconf 87' lang='lat' dir='ltr'><strong>viridantis</strong></span> <span class='ocrx_word' id='word_1_331' title='bbox 1008 3321 1303 3377; x_wconf 82' lang='lat' dir='ltr'><strong>exhalant.</strong></span> <span class='ocrx_word' id='word_1_332' title='bbox 1338 3322 1560 3378; x_wconf 89' lang='lat' dir='ltr'><strong>Deinde</strong></span> <span class='ocrx_word' id='word_1_333' title='bbox 1597 3323 1874 3392; x_wconf 89' lang='lat' dir='ltr'><strong>paulatim</strong></span> <span class='ocrx_word' id='word_1_334' title='bbox 1916 3329 2071 3382; x_wconf 86' lang='lat' dir='ltr'><strong>tene-</strong></span> 
     </span>
    </p>
   </div>
   <div class='ocr_carea' id='block_1_51' title="bbox 404 3411 2072 3486">
    <p class='ocr_par' dir='ltr' id='par_1_51' title="bbox 404 3411 2072 3486">
     <span class='ocr_line' id='line_1_51' title="bbox 404 3411 2072 3486; baseline 0.001 -15"><span class='ocrx_word' id='word_1_335' title='bbox 404 3431 534 3471; x_wconf 89' lang='lat' dir='ltr'><strong>ram</strong></span> <span class='ocrx_word' id='word_1_336' title='bbox 570 3413 754 3484; x_wconf 81' lang='lat' dir='ltr'><strong>spicae</strong></span> <span class='ocrx_word' id='word_1_337' title='bbox 801 3411 1199 3466; x_wconf 88' lang='lat' dir='ltr'><strong>adolescentis</strong></span> <span class='ocrx_word' id='word_1_338' title='bbox 1248 3414 1479 3466; x_wconf 81' lang='lat' dir='ltr'><strong>aetatem</strong></span> <span class='ocrx_word' id='word_1_339' title='bbox 1526 3412 1720 3468; x_wconf 91' lang='lat' dir='ltr'><strong>culmo</strong></span> <span class='ocrx_word' id='word_1_340' title='bbox 1768 3415 1962 3486; x_wconf 79' lang='lat' dir='ltr'><strong>erigit,</strong></span> <span class='ocrx_word' id='word_1_341' title='bbox 2014 3421 2072 3472; x_wconf 90' lang='lat' dir='ltr'><strong>et</strong></span> 
     </span>
    </p>
   </div>
   <div class='ocr_carea' id='block_1_52' title="bbox 403 3499 2069 3576">
    <p class='ocr_par' dir='ltr' id='par_1_52' title="bbox 403 3499 2069 3576">
     <span class='ocr_line' id='line_1_52' title="bbox 403 3499 2069 3576; baseline 0.001 -17"><span class='ocrx_word' id='word_1_342' title='bbox 403 3503 642 3576; x_wconf 90' lang='lat' dir='ltr'><strong>vaginis</strong></span> <span class='ocrx_word' id='word_1_343' title='bbox 680 3499 1037 3573; x_wconf 88' lang='lat' dir='ltr'><strong>quibusdam</strong></span> <span class='ocrx_word' id='word_1_344' title='bbox 1076 3502 1282 3554; x_wconf 89' lang='lat' dir='ltr'><strong>natura</strong></span> <span class='ocrx_word' id='word_1_345' title='bbox 1320 3503 1596 3571; x_wconf 89' lang='lat' dir='ltr'><strong>tanquam</strong></span> <span class='ocrx_word' id='word_1_346' title='bbox 1636 3502 1843 3557; x_wconf 90' lang='lat' dir='ltr'><strong>sedula</strong></span> <span class='ocrx_word' id='word_1_347' title='bbox 1882 3509 2069 3561; x_wconf 86' lang='lat' dir='ltr'><strong>mater</strong></span> 
     </span>
    </p>
   </div>
   <div class='ocr_carea' id='block_1_53' title="bbox 400 3590 2063 3665">
    <p class='ocr_par' dir='ltr' id='par_1_53' title="bbox 400 3590 2063 3665">
     <span class='ocr_line' id='line_1_53' title="bbox 400 3590 2063 3665; baseline -0.001 -14"><span class='ocrx_word' id='word_1_348' title='bbox 400 3594 686 3663; x_wconf 88' lang='lat' dir='ltr'><strong>includit;</strong></span> <span class='ocrx_word' id='word_1_349' title='bbox 727 3607 799 3647; x_wconf 92' lang='lat' dir='ltr'><strong>ne</strong></span> <span class='ocrx_word' id='word_1_350' title='bbox 839 3591 1262 3661; x_wconf 88' lang='lat' dir='ltr'><strong>pubescentem</strong></span> <span class='ocrx_word' id='word_1_351' title='bbox 1300 3590 1526 3662; x_wconf 89' lang='lat' dir='ltr'><strong>glacies</strong></span> <span class='ocrx_word' id='word_1_352' title='bbox 1572 3591 1782 3646; x_wconf 90' lang='lat' dir='ltr'><strong>adurat</strong></span> <span class='ocrx_word' id='word_1_353' title='bbox 1829 3609 2063 3665; x_wconf 90' lang='lat' dir='ltr'><strong>aspera,</strong></span> 
     </span>
    </p>
   </div>
   <div class='ocr_carea' id='block_1_54' title="bbox 401 3678 2066 3755">
    <p class='ocr_par' dir='ltr' id='par_1_54' title="bbox 401 3678 2066 3755">
     <span class='ocr_line' id='line_1_54' title="bbox 401 3678 2066 3755; baseline -0.003 -15"><span class='ocrx_word' id='word_1_354' title='bbox 401 3688 576 3755; x_wconf 86' lang='lat' dir='ltr'><strong>atque</strong></span> <span class='ocrx_word' id='word_1_355' title='bbox 607 3700 639 3738; x_wconf 92' lang='lat' dir='ltr'><strong>a</strong></span> <span class='ocrx_word' id='word_1_356' title='bbox 673 3680 853 3737; x_wconf 89' lang='lat' dir='ltr'><strong>nimio</strong></span> <span class='ocrx_word' id='word_1_357' title='bbox 880 3680 1028 3735; x_wconf 90' lang='lat' dir='ltr'><strong>solis</strong></span> <span class='ocrx_word' id='word_1_358' title='bbox 1060 3678 1336 3734; x_wconf 82' lang='lat' dir='ltr'><strong>defendat</strong></span> <span class='ocrx_word' id='word_1_359' title='bbox 1366 3679 1615 3751; x_wconf 89' lang='lat' dir='ltr'><strong>ardore;</strong></span> <span class='ocrx_word' id='word_1_360' title='bbox 1651 3680 1884 3754; x_wconf 86' lang='lat' dir='ltr'><strong>frugem</strong></span> <span class='ocrx_word' id='word_1_361' title='bbox 1915 3699 2066 3755; x_wconf 88' lang='lat' dir='ltr'><strong>quo-</strong></span> 
     </span>
    </p>
   </div>
   <div class='ocr_carea' id='block_1_55' title="bbox 400 3768 2066 3847">
    <p class='ocr_par' dir='ltr' id='par_1_55' title="bbox 400 3768 2066 3847">
     <span class='ocr_line' id='line_1_55' title="bbox 400 3768 2066 3847; baseline 0 -20"><span class='ocrx_word' id='word_1_362' title='bbox 400 3788 517 3847; x_wconf 85' lang='lat' dir='ltr'><strong>que</strong></span> <span class='ocrx_word' id='word_1_363' title='bbox 545 3773 735 3843; x_wconf 89' lang='lat' dir='ltr'><strong>ipsam</strong></span> <span class='ocrx_word' id='word_1_364' title='bbox 764 3769 957 3824; x_wconf 90' lang='lat' dir='ltr'><strong>adhuc</strong></span> <span class='ocrx_word' id='word_1_365' title='bbox 986 3769 1159 3840; x_wconf 91' lang='lat' dir='ltr'><strong>quasi</strong></span> <span class='ocrx_word' id='word_1_366' title='bbox 1187 3768 1397 3838; x_wconf 89' lang='lat' dir='ltr'><strong>primis</strong></span> <span class='ocrx_word' id='word_1_367' title='bbox 1445 3775 1850 3840; x_wconf 89' lang='lat' dir='ltr'><strong>erumpentem</strong></span> <span class='ocrx_word' id='word_1_368' title='bbox 1879 3789 2066 3827; x_wconf 88' lang='lat' dir='ltr'><strong>cuna-</strong></span> 
     </span>
    </p>
   </div>
   <div class='ocr_carea' id='block_1_56' title="bbox 398 3857 2065 3930">
    <p class='ocr_par' dir='ltr' id='par_1_56' title="bbox 398 3857 2065 3930">
     <span class='ocr_line' id='line_1_56' title="bbox 398 3857 2065 3930; baseline 0.001 -14"><span class='ocrx_word' id='word_1_369' title='bbox 398 3860 580 3930; x_wconf 85' lang='lat' dir='ltr'><strong>bulis,</strong></span> <span class='ocrx_word' id='word_1_370' title='bbox 630 3874 770 3913; x_wconf 79' lang='lat' dir='ltr'><strong>mox</strong></span> <span class='ocrx_word' id='word_1_371' title='bbox 815 3857 1069 3912; x_wconf 88' lang='lat' dir='ltr'><strong>adultam</strong></span> <span class='ocrx_word' id='word_1_372' title='bbox 1117 3874 1191 3913; x_wconf 93' lang='lat' dir='ltr'><strong>ne</strong></span> <span class='ocrx_word' id='word_1_373' title='bbox 1232 3859 1426 3927; x_wconf 88' lang='lat' dir='ltr'><strong>pluvia</strong></span> <span class='ocrx_word' id='word_1_374' title='bbox 1473 3859 1747 3930; x_wconf 90' lang='lat' dir='ltr'><strong>decutiat,</strong></span> <span class='ocrx_word' id='word_1_375' title='bbox 1799 3877 1873 3916; x_wconf 90' lang='lat' dir='ltr'><strong>ne</strong></span> <span class='ocrx_word' id='word_1_376' title='bbox 1920 3878 2065 3917; x_wconf 89' lang='lat' dir='ltr'><strong>aura</strong></span> 
     </span>
    </p>
   </div>
   <div class='ocr_carea' id='block_1_57' title="bbox 397 3947 2061 4021">
    <p class='ocr_par' dir='ltr' id='par_1_57' title="bbox 397 3947 2061 4021">
     <span class='ocr_line' id='line_1_57' title="bbox 397 3947 2061 4021; baseline 0.001 -17"><span class='ocrx_word' id='word_1_377' title='bbox 397 3949 728 4020; x_wconf 88' lang='lat' dir='ltr'><strong>dispergat,</strong></span> <span class='ocrx_word' id='word_1_378' title='bbox 769 3962 843 4002; x_wconf 92' lang='lat' dir='ltr'><strong>ne</strong></span> <span class='ocrx_word' id='word_1_379' title='bbox 886 3947 1083 4002; x_wconf 90' lang='lat' dir='ltr'><strong>avium</strong></span> <span class='ocrx_word' id='word_1_380' title='bbox 1130 3947 1423 4002; x_wconf 89' lang='lat' dir='ltr'><strong>minorum</strong></span> <span class='ocrx_word' id='word_1_381' title='bbox 1467 3964 1707 4004; x_wconf 88' lang='lat' dir='ltr'><strong>morsus</strong></span> <span class='ocrx_word' id='word_1_382' title='bbox 1750 3951 2061 4021; x_wconf 88' lang='lat' dir='ltr'><strong>interimat,</strong></span> 
     </span>
    </p>
   </div>
   <div class='ocr_carea' id='block_1_58' title="bbox 396 4036 1491 4105">
    <p class='ocr_par' dir='ltr' id='par_1_58' title="bbox 396 4036 1491 4105">
     <span class='ocr_line' id='line_1_58' title="bbox 396 4036 1491 4105; baseline -0.001 -13"><span class='ocrx_word' id='word_1_383' title='bbox 396 4038 555 4093; x_wconf 89' lang='lat' dir='ltr'><strong>vallo</strong></span> <span class='ocrx_word' id='word_1_384' title='bbox 583 4036 898 4091; x_wconf 87' lang='lat' dir='ltr'><strong>aristarum</strong></span> <span class='ocrx_word' id='word_1_385' title='bbox 929 4036 1129 4105; x_wconf 90' lang='lat' dir='ltr'><strong>sepire</strong></span> <span class='ocrx_word' id='word_1_386' title='bbox 1160 4037 1491 4091; x_wconf 90' lang='lat' dir='ltr'><strong>consuevit.</strong></span> 
     </span>
    </p>
   </div>
   <div class='ocr_carea' id='block_1_59' title="bbox 465 4125 2061 4199">
    <p class='ocr_par' dir='ltr' id='par_1_59' title="bbox 465 4125 2061 4199">
     <span class='ocr_line' id='line_1_59' title="bbox 465 4125 2061 4199; baseline 0.001 -17"><span class='ocrx_word' id='word_1_387' title='bbox 465 4125 559 4182; x_wconf 86' lang='lat'><strong>56.</strong></span> <span class='ocrx_word' id='word_1_388' title='bbox 588 4125 739 4191; x_wconf 89' lang='lat' dir='ltr'><strong>Quid</strong></span> <span class='ocrx_word' id='word_1_389' title='bbox 771 4125 951 4196; x_wconf 86' lang='lat' dir='ltr'><strong>igitur</strong></span> <span class='ocrx_word' id='word_1_390' title='bbox 986 4125 1223 4179; x_wconf 89' lang='lat' dir='ltr'><strong>miraris</strong></span> <span class='ocrx_word' id='word_1_391' title='bbox 1267 4127 1319 4179; x_wconf 91' lang='lat' dir='ltr'><strong>si</strong></span> <span class='ocrx_word' id='word_1_392' title='bbox 1362 4126 1654 4197; x_wconf 90' lang='lat' dir='ltr'><strong>homines,</strong></span> <span class='ocrx_word' id='word_1_393' title='bbox 1697 4143 1850 4199; x_wconf 91' lang='lat' dir='ltr'><strong>quos</strong></span> <span class='ocrx_word' id='word_1_394' title='bbox 1889 4145 2061 4184; x_wconf 89' lang='lat' dir='ltr'><strong>acce-</strong></span> 
     </span>
    </p>
   </div>
   <div class='ocr_carea' id='block_1_60' title="bbox 392 4215 2061 4291">
    <p class='ocr_par' dir='ltr' id='par_1_60' title="bbox 392 4215 2061 4291">
     <span class='ocr_line' id='line_1_60' title="bbox 392 4215 2061 4291; baseline -0.001 -18"><span class='ocrx_word' id='word_1_395' title='bbox 392 4216 565 4291; x_wconf 88' lang='lat' dir='ltr'><strong>perit,</strong></span> <span class='ocrx_word' id='word_1_396' title='bbox 597 4217 757 4271; x_wconf 85' lang='lat' dir='ltr'><strong>terra</strong></span> <span class='ocrx_word' id='word_1_397' title='bbox 787 4215 1059 4269; x_wconf 89' lang='lat' dir='ltr'><strong>restituat</strong></span> <span class='ocrx_word' id='word_1_398' title='bbox 1082 4231 1096 4279; x_wconf 89' lang='lat'><strong>;</strong></span> <span class='ocrx_word' id='word_1_399' title='bbox 1128 4229 1263 4268; x_wconf 92' lang='lat' dir='ltr'><strong>cum</strong></span> <span class='ocrx_word' id='word_1_400' title='bbox 1292 4215 1586 4270; x_wconf 89' lang='lat' dir='ltr'><strong>seminum</strong></span> <span class='ocrx_word' id='word_1_401' title='bbox 1618 4232 1867 4287; x_wconf 90' lang='lat' dir='ltr'><strong>corpora</strong></span> <span class='ocrx_word' id='word_1_402' title='bbox 1894 4235 2061 4290; x_wconf 81' lang='lat' dir='ltr'><strong>quae-</strong></span> 
     </span>
    </p>
   </div>
   <div class='ocr_carea' id='block_1_61' title="bbox 394 4303 2057 4378">
    <p class='ocr_par' dir='ltr' id='par_1_61' title="bbox 394 4303 2057 4378">
     <span class='ocr_line' id='line_1_61' title="bbox 394 4303 2057 4378; baseline 0 -15"><span class='ocrx_word' id='word_1_403' title='bbox 394 4321 629 4378; x_wconf 88' lang='lat' dir='ltr'><strong>cunque</strong></span> <span class='ocrx_word' id='word_1_404' title='bbox 645 4303 1001 4374; x_wconf 89' lang='lat' dir='ltr'><strong>susceperit,</strong></span> <span class='ocrx_word' id='word_1_405' title='bbox 1022 4304 1303 4373; x_wconf 82' lang='lat' dir='ltr'><strong>viviiicet,</strong></span> <span class='ocrx_word' id='word_1_406' title='bbox 1327 4305 1536 4376; x_wconf 85' lang='lat' dir='ltr'><strong>erigat,</strong></span> <span class='ocrx_word' id='word_1_407' title='bbox 1562 4307 1793 4375; x_wconf 90' lang='lat' dir='ltr'><strong>vestiat,</strong></span> <span class='ocrx_word' id='word_1_408' title='bbox 1817 4308 2057 4376; x_wconf 89' lang='lat' dir='ltr'><strong>muniat,</strong></span> 
     </span>
    </p>
   </div>
   <div class='ocr_carea' id='block_1_62' title="bbox 391 4391 2063 4469">
    <p class='ocr_par' dir='ltr' id='par_1_62' title="bbox 391 4391 2063 4469">
     <span class='ocr_line' id='line_1_62' title="bbox 391 4391 2063 4469; baseline -0.001 -16"><span class='ocrx_word' id='word_1_409' title='bbox 391 4402 567 4469; x_wconf 84' lang='lat' dir='ltr'><strong>atque</strong></span> <span class='ocrx_word' id='word_1_410' title='bbox 597 4391 924 4452; x_wconf 86' lang='lat' dir='ltr'><strong>defendat?</strong></span> <span class='ocrx_word' id='word_1_411' title='bbox 953 4393 1171 4448; x_wconf 88' lang='lat' dir='ltr'><strong>Desine</strong></span> <span class='ocrx_word' id='word_1_412' title='bbox 1193 4409 1337 4465; x_wconf 91' lang='lat' dir='ltr'><strong>ergo</strong></span> <span class='ocrx_word' id='word_1_413' title='bbox 1361 4394 1631 4449; x_wconf 91' lang='lat' dir='ltr'><strong>dubitare</strong></span> <span class='ocrx_word' id='word_1_414' title='bbox 1653 4396 1809 4466; x_wconf 92' lang='lat' dir='ltr'><strong>quod</strong></span> <span class='ocrx_word' id='word_1_415' title='bbox 1831 4396 2063 4467; x_wconf 82' lang='lat' dir='ltr'><strong>deposi-</strong></span> 
     </span>
    </p>
   </div>
   <div class='ocr_carea' id='block_1_63' title="bbox 390 4483 2059 4557">
    <p class='ocr_par' dir='ltr' id='par_1_63' title="bbox 390 4483 2059 4557">
     <span class='ocr_line' id='line_1_63' title="bbox 390 4483 2059 4557; baseline -0.001 -15"><span class='ocrx_word' id='word_1_416' title='bbox 390 4491 515 4542; x_wconf 89' lang='lat' dir='ltr'><strong>tum</strong></span> <span class='ocrx_word' id='word_1_417' title='bbox 547 4484 791 4557; x_wconf 86' lang='lat' dir='ltr'><strong>generis</strong></span> <span class='ocrx_word' id='word_1_418' title='bbox 821 4483 1058 4538; x_wconf 88' lang='lat' dir='ltr'><strong>humani</strong></span> <span class='ocrx_word' id='word_1_419' title='bbox 1090 4486 1262 4537; x_wconf 85' lang='lat' dir='ltr'><strong>terrae</strong></span> <span class='ocrx_word' id='word_1_420' title='bbox 1293 4483 1443 4538; x_wconf 83' lang='lat' dir='ltr'><strong>fides</strong></span> <span class='ocrx_word' id='word_1_421' title='bbox 1482 4484 1708 4553; x_wconf 89' lang='lat' dir='ltr'><strong>reddat,</strong></span> <span class='ocrx_word' id='word_1_422' title='bbox 1740 4500 1875 4557; x_wconf 83' lang='lat' dir='ltr'><strong>quae</strong></span> <span class='ocrx_word' id='word_1_423' title='bbox 1905 4501 2059 4541; x_wconf 89' lang='lat' dir='ltr'><strong>com-</strong></span> 
     </span>
    </p>
   </div>
   <div class='ocr_carea' id='block_1_64' title="bbox 462 4623 2057 4699">
    <p class='ocr_par' dir='ltr' id='par_1_64' title="bbox 462 4623 2057 4699">
     <span class='ocr_line' id='line_1_64' title="bbox 462 4623 2057 4699; baseline -0.001 -16"><span class='ocrx_word' id='word_1_424' title='bbox 462 4628 576 4699; x_wconf 84' lang='lat'>(3&#39;7)</span> <span class='ocrx_word' id='word_1_425' title='bbox 608 4627 737 4683; x_wconf 84' lang='lat' dir='ltr'><strong>Vet.</strong></span> <span class='ocrx_word' id='word_1_426' title='bbox 770 4625 908 4699; x_wconf 87' lang='lat' dir='ltr'><strong>edit.</strong></span> <span class='ocrx_word' id='word_1_427' title='bbox 947 4648 969 4674; x_wconf 74' lang='grc' dir='ltr'><strong>α</strong></span> <span class='ocrx_word' id='word_1_428' title='bbox 1013 4628 1213 4680; x_wconf 90' lang='lat' dir='ltr'><strong>occata</strong></span> <span class='ocrx_word' id='word_1_429' title='bbox 1255 4623 1405 4690; x_wconf 89' lang='lat' dir='ltr'><strong>soli;</strong></span> <span class='ocrx_word' id='word_1_430' title='bbox 1451 4626 1644 4699; x_wconf 79' lang='lat' dir='ltr'><strong>Rom.,</strong></span> <span class='ocrx_word' id='word_1_431' title='bbox 1690 4649 1713 4673; x_wconf 73' lang='grc' dir='ltr'><strong><em>α</em></strong></span> <span class='ocrx_word' id='word_1_432' title='bbox 1759 4632 1957 4681; x_wconf 89' lang='lat' dir='ltr'><strong>occata</strong></span> <span class='ocrx_word' id='word_1_433' title='bbox 2001 4634 2057 4683; x_wconf 93' lang='lat' dir='ltr'><strong>et</strong></span> 
     </span>
    </p>
   </div>
   <div class='ocr_carea' id='block_1_65' title="bbox 390 4698 2055 4769">
    <p class='ocr_par' dir='ltr' id='par_1_65' title="bbox 390 4698 2055 4769">
     <span class='ocr_line' id='line_1_65' title="bbox 390 4698 2055 4769; baseline -0.002 -14"><span class='ocrx_word' id='word_1_434' title='bbox 390 4705 622 4755; x_wconf 86' lang='lat' dir='ltr'><strong>mortua</strong></span> <span class='ocrx_word' id='word_1_435' title='bbox 659 4722 679 4745; x_wconf 73' lang='grc' dir='ltr'><strong><em>η</em></strong></span> <span class='ocrx_word' id='word_1_436' title='bbox 717 4698 866 4762; x_wconf 84' lang='lat' dir='ltr'><strong>soli;</strong></span> <span class='ocrx_word' id='word_1_437' title='bbox 898 4712 1105 4751; x_wconf 89' lang='lat' dir='ltr'><strong>omnes</strong></span> <span class='ocrx_word' id='word_1_438' title='bbox 1136 4712 1283 4751; x_wconf 89' lang='lat' dir='ltr'><strong>mss.</strong></span> <span class='ocrx_word' id='word_1_439' title='bbox 1318 4712 1351 4769; x_wconf 86' lang='lat' dir='ltr'><strong>e</strong></span> <span class='ocrx_word' id='word_1_440' title='bbox 1392 4698 1705 4767; x_wconf 82' lang='lat' dir='ltr'><strong>contrario,</strong></span> <span class='ocrx_word' id='word_1_441' title='bbox 1749 4706 2055 4769; x_wconf 67' lang='lat' dir='ltr'><strong>occaecata,</strong></span> 
     </span>
    </p>
   </div>
   <div class='ocr_carea' id='block_1_66' title="bbox 391 4768 2061 4838">
    <p class='ocr_par' dir='ltr' id='par_1_66' title="bbox 391 4768 2061 4838">
     <span class='ocr_line' id='line_1_66' title="bbox 391 4768 2061 4838; baseline -0.001 -13"><span class='ocrx_word' id='word_1_442' title='bbox 391 4774 503 4825; x_wconf 88' lang='lat' dir='ltr'><strong>etc.</strong></span> <span class='ocrx_word' id='word_1_443' title='bbox 528 4771 763 4823; x_wconf 82' lang='lat' dir='ltr'><strong>Minime</strong></span> <span class='ocrx_word' id='word_1_444' title='bbox 786 4769 963 4823; x_wconf 89' lang='lat' dir='ltr'><strong>male:</strong></span> <span class='ocrx_word' id='word_1_445' title='bbox 1010 4768 1070 4822; x_wconf 79' lang='lat' dir='ltr'><strong>{lt</strong></span> <span class='ocrx_word' id='word_1_446' title='bbox 1109 4769 1263 4821; x_wconf 89' lang='lat' dir='ltr'><strong>enim</strong></span> <span class='ocrx_word' id='word_1_447' title='bbox 1304 4768 1582 4822; x_wconf 85' lang='lat' dir='ltr'><strong>frumenti</strong></span> <span class='ocrx_word' id='word_1_448' title='bbox 1621 4770 1955 4838; x_wconf 87' lang='lat' dir='ltr'><strong>occasione,</strong></span> <span class='ocrx_word' id='word_1_449' title='bbox 1999 4775 2061 4825; x_wconf 90' lang='lat' dir='ltr'><strong>ut</strong></span> 
     </span>
    </p>
   </div>
   <div class='ocr_carea' id='block_1_67' title="bbox 389 4840 2056 4912">
    <p class='ocr_par' dir='ltr' id='par_1_67' title="bbox 389 4840 2056 4912">
     <span class='ocr_line' id='line_1_67' title="bbox 389 4840 2056 4912; baseline 0 -18"><span class='ocrx_word' id='word_1_450' title='bbox 389 4843 590 4912; x_wconf 82' lang='lat' dir='ltr'><strong>ipsum</strong></span> <span class='ocrx_word' id='word_1_451' title='bbox 615 4841 787 4912; x_wconf 90' lang='lat' dir='ltr'><strong>quasi</strong></span> <span class='ocrx_word' id='word_1_452' title='bbox 810 4840 1071 4894; x_wconf 87' lang='lat' dir='ltr'><strong>tenebris</strong></span> <span class='ocrx_word' id='word_1_453' title='bbox 1089 4843 1455 4912; x_wconf 62' lang='lat' dir='ltr'><strong>occaecatum</strong></span> <span class='ocrx_word' id='word_1_454' title='bbox 1476 4845 1649 4910; x_wconf 88' lang='lat' dir='ltr'><strong>atque</strong></span> <span class='ocrx_word' id='word_1_455' title='bbox 1676 4856 2056 4912; x_wconf 9' lang='lat' dir='ltr'><strong>,oppressum,</strong></span> 
     </span>
    </p>
   </div>
   <div class='ocr_carea' id='block_1_68' title="bbox 389 4910 2061 4983">
    <p class='ocr_par' dir='ltr' id='par_1_68' title="bbox 389 4910 2061 4983">
     <span class='ocr_line' id='line_1_68' title="bbox 389 4910 2061 4983; baseline -0.001 -16"><span class='ocrx_word' id='word_1_456' title='bbox 389 4910 504 4967; x_wconf 81' lang='lat' dir='ltr'><strong>sub</strong></span> <span class='ocrx_word' id='word_1_457' title='bbox 538 4910 710 4983; x_wconf 85' lang='lat' dir='ltr'><strong>gleba</strong></span> <span class='ocrx_word' id='word_1_458' title='bbox 740 4911 1049 4983; x_wconf 85' lang='lat' dir='ltr'><strong>moriatur.</strong></span> <span class='ocrx_word' id='word_1_459' title='bbox 1074 4910 1240 4983; x_wconf 75' lang='lat' dir='ltr'><strong>infra</strong></span> <span class='ocrx_word' id='word_1_460' title='bbox 1272 4926 1413 4983; x_wconf 89' lang='lat' dir='ltr'><strong>vero</strong></span> <span class='ocrx_word' id='word_1_461' title='bbox 1454 4927 1560 4983; x_wconf 82' lang='lat' dir='ltr'><strong>pro</strong></span> <span class='ocrx_word' id='word_1_462' title='bbox 1605 4935 1625 4957; x_wconf 81' lang='grc' dir='ltr'>α</span> <span class='ocrx_word' id='word_1_463' title='bbox 1674 4911 1871 4965; x_wconf 73' lang='lat' dir='ltr'><strong>herba:</strong></span> <span class='ocrx_word' id='word_1_464' title='bbox 1916 4913 2061 4965; x_wconf 84' lang='lat' dir='ltr'><strong>viri-</strong></span> 
     </span>
    </p>
   </div>
   <div class='ocr_carea' id='block_1_69' title="bbox 389 4981 2057 5053">
    <p class='ocr_par' dir='ltr' id='par_1_69' title="bbox 389 4981 2057 5053">
     <span class='ocr_line' id='line_1_69' title="bbox 389 4981 2057 5053; baseline -0.001 -15"><span class='ocrx_word' id='word_1_465' title='bbox 389 4981 606 5050; x_wconf 75' lang='lat' dir='ltr'><strong>dantis,</strong></span> <span class='ocrx_word' id='word_1_466' title='bbox 663 5002 687 5032; x_wconf 76' lang='grc' dir='ltr'><strong>ι</strong></span> <span class='ocrx_word' id='word_1_467' title='bbox 741 4982 897 5052; x_wconf 80' lang='lat' dir='ltr'><strong>quod</strong></span> <span class='ocrx_word' id='word_1_468' title='bbox 936 4986 1028 5035; x_wconf 90' lang='lat' dir='ltr'><strong>est</strong></span> <span class='ocrx_word' id='word_1_469' title='bbox 1068 4981 1125 5034; x_wconf 89' lang='lat' dir='ltr'><strong>in</strong></span> <span class='ocrx_word' id='word_1_470' title='bbox 1165 4982 1395 5034; x_wconf 86' lang='lat' dir='ltr'><strong>cunctis</strong></span> <span class='ocrx_word' id='word_1_471' title='bbox 1437 4982 1574 5053; x_wconf 84' lang='lat' dir='ltr'><strong>edit.</strong></span> <span class='ocrx_word' id='word_1_472' title='bbox 1624 4999 1692 5035; x_wconf 87' lang='lat' dir='ltr'><strong>ac</strong></span> <span class='ocrx_word' id='word_1_473' title='bbox 1743 4998 1890 5036; x_wconf 89' lang='lat' dir='ltr'><strong>mss.</strong></span> <span class='ocrx_word' id='word_1_474' title='bbox 1933 4984 2057 5053; x_wconf 85' lang='lat' dir='ltr'><strong>qui-</strong></span> 
     </span>
    </p>
   </div>
   <div class='ocr_carea' id='block_1_70' title="bbox 386 5052 2060 5122">
    <p class='ocr_par' dir='ltr' id='par_1_70' title="bbox 386 5052 2060 5122">
     <span class='ocr_line' id='line_1_70' title="bbox 386 5052 2060 5122; baseline -0.001 -12"><span class='ocrx_word' id='word_1_475' title='bbox 386 5055 662 5121; x_wconf 87' lang='lat' dir='ltr'><strong>busdam,</strong></span> <span class='ocrx_word' id='word_1_476' title='bbox 698 5052 797 5106; x_wconf 88' lang='lat' dir='ltr'><strong>alii</strong></span> <span class='ocrx_word' id='word_1_477' title='bbox 830 5068 977 5106; x_wconf 89' lang='lat' dir='ltr'><strong>mss.</strong></span> <span class='ocrx_word' id='word_1_478' title='bbox 1014 5052 1194 5106; x_wconf 86' lang='lat' dir='ltr'><strong>multo</strong></span> <span class='ocrx_word' id='word_1_479' title='bbox 1237 5054 1440 5122; x_wconf 87' lang='lat' dir='ltr'><strong>plures</strong></span> <span class='ocrx_word' id='word_1_480' title='bbox 1480 5052 1750 5122; x_wconf 71' lang='lat' dir='ltr'><strong>efferunt,</strong></span> <span class='ocrx_word' id='word_1_481' title='bbox 1786 5073 1809 5103; x_wconf 74' lang='grc' dir='ltr'><strong>ι</strong></span> <span class='ocrx_word' id='word_1_482' title='bbox 1861 5052 2060 5108; x_wconf 63' lang='lat' dir='ltr'><strong>herbis</strong></span> 
     </span>
    </p>
   </div>
   <div class='ocr_carea' id='block_1_71' title="bbox 384 5095 2059 5194">
    <p class='ocr_par' dir='ltr' id='par_1_71' title="bbox 384 5095 2059 5194">
     <span class='ocr_line' id='line_1_71' title="bbox 384 5095 2059 5194; baseline 0.001 -17"><span class='ocrx_word' id='word_1_483' title='bbox 384 5095 732 5191; x_wconf 68' lang='lat' dir='ltr'><strong>viridantes,</strong></span> <span class='ocrx_word' id='word_1_484' title='bbox 772 5147 793 5171; x_wconf 78' lang='grc' dir='ltr'><strong><em>υ</em></strong></span> <span class='ocrx_word' id='word_1_485' title='bbox 831 5124 1087 5194; x_wconf 88' lang='lat' dir='ltr'><strong>quidam,</strong></span> <span class='ocrx_word' id='word_1_486' title='bbox 1131 5095 1378 5177; x_wconf 49' lang='lat' dir='ltr'><strong>virfdes.</strong></span> <span class='ocrx_word' id='word_1_487' title='bbox 1412 5125 1703 5178; x_wconf 64' lang='lat' dir='ltr'><strong>Craterum</strong></span> <span class='ocrx_word' id='word_1_488' title='bbox 1734 5095 1916 5194; x_wconf 69' lang='lat' dir='ltr'><strong>hujus</strong></span> <span class='ocrx_word' id='word_1_489' title='bbox 1946 5125 2059 5178; x_wconf 87' lang='lat' dir='ltr'><strong>loci</strong></span> 
     </span>
    </p>
   </div>
   <div class='ocr_carea' id='block_1_72' title="bbox 386 5194 2053 5266">
    <p class='ocr_par' dir='ltr' id='par_1_72' title="bbox 386 5194 2053 5266">
     <span class='ocr_line' id='line_1_72' title="bbox 386 5194 2053 5266; baseline -0.001 -15"><span class='ocrx_word' id='word_1_490' title='bbox 386 5213 523 5251; x_wconf 91' lang='lat' dir='ltr'><strong>cum</strong></span> <span class='ocrx_word' id='word_1_491' title='bbox 573 5196 668 5265; x_wconf 91' lang='lat' dir='ltr'><strong>iis,</strong></span> <span class='ocrx_word' id='word_1_492' title='bbox 704 5211 836 5266; x_wconf 69' lang='lat' dir='ltr'><strong>qua:</strong></span> <span class='ocrx_word' id='word_1_493' title='bbox 877 5194 979 5248; x_wconf 89' lang='lat' dir='ltr'><strong>lib.</strong></span> <span class='ocrx_word' id='word_1_494' title='bbox 1031 5211 1091 5246; x_wconf 89' lang='grc' dir='ltr'><strong>ιιι</strong></span> <span class='ocrx_word' id='word_1_495' title='bbox 1144 5195 1427 5249; x_wconf 79' lang='lat' dir='ltr'><strong>Hexaem.</strong></span> <span class='ocrx_word' id='word_1_496' title='bbox 1472 5211 1599 5265; x_wconf 88' lang='lat' dir='ltr'><strong>cap.</strong></span> <span class='ocrx_word' id='word_1_497' title='bbox 1651 5196 1704 5261; x_wconf 88' lang='lat'><strong>8,</strong></span> <span class='ocrx_word' id='word_1_498' title='bbox 1754 5211 1913 5249; x_wconf 87' lang='lat' dir='ltr'><strong>num.</strong></span> <span class='ocrx_word' id='word_1_499' title='bbox 1964 5196 2053 5265; x_wconf 86' lang='grc'>34,</span> 
     </span>
    </p>
   </div>
   <div class='ocr_carea' id='block_1_73' title="bbox 382 5266 2057 5338">
    <p class='ocr_par' dir='ltr' id='par_1_73' title="bbox 382 5266 2057 5338">
     <span class='ocr_line' id='line_1_73' title="bbox 382 5266 2057 5338; baseline -0.001 -15"><span class='ocrx_word' id='word_1_500' title='bbox 382 5269 697 5323; x_wconf 87' lang='lat' dir='ltr'><strong>traduntur</strong></span> <span class='ocrx_word' id='word_1_501' title='bbox 715 5271 787 5321; x_wconf 88' lang='lat' dir='ltr'><strong>de</strong></span> <span class='ocrx_word' id='word_1_502' title='bbox 810 5266 1238 5338; x_wconf 82' lang='lat' dir='ltr'><strong>germinatione</strong></span> <span class='ocrx_word' id='word_1_503' title='bbox 1263 5267 1601 5336; x_wconf 82' lang='lat' dir='ltr'><strong>herbarum,</strong></span> <span class='ocrx_word' id='word_1_504' title='bbox 1626 5267 1914 5321; x_wconf 87' lang='lat' dir='ltr'><strong>studiosis</strong></span> <span class='ocrx_word' id='word_1_505' title='bbox 1939 5283 2057 5321; x_wconf 90' lang='lat' dir='ltr'><strong>non</strong></span> 
     </span>
    </p>
   </div>
   <div class='ocr_carea' id='block_1_74' title="bbox 383 5340 1160 5413">
    <p class='ocr_par' dir='ltr' id='par_1_74' title="bbox 383 5340 1160 5413">
     <span class='ocr_line' id='line_1_74' title="bbox 383 5340 1160 5413; baseline -0.005 -19"><span class='ocrx_word' id='word_1_506' title='bbox 383 5341 499 5413; x_wconf 81' lang='lat' dir='ltr'><strong>erit</strong></span> <span class='ocrx_word' id='word_1_507' title='bbox 524 5340 753 5413; x_wconf 86' lang='lat' dir='ltr'><strong>ingrata</strong></span> <span class='ocrx_word' id='word_1_508' title='bbox 783 5340 1160 5413; x_wconf 78' lang='lat' dir='ltr'><strong>comparatio.</strong></span> 
     </span>
    </p>
   </div>
   <div class='ocr_carea' id='block_1_75' title="bbox 454 5408 2055 5483">
    <p class='ocr_par' dir='ltr' id='par_1_75' title="bbox 454 5408 2055 5483">
     <span class='ocr_line' id='line_1_75' title="bbox 454 5408 2055 5483; baseline -0.002 -17"><span class='ocrx_word' id='word_1_509' title='bbox 454 5410 569 5483; x_wconf 83' lang='lat'>(38)</span> <span class='ocrx_word' id='word_1_510' title='bbox 593 5408 857 5466; x_wconf 54' lang='lat' dir='ltr'><strong>&#39;Allusio</strong></span> <span class='ocrx_word' id='word_1_511' title='bbox 922 5413 984 5464; x_wconf 87' lang='lat' dir='ltr'><strong>tit</strong></span> <span class='ocrx_word' id='word_1_512' title='bbox 1040 5410 1112 5463; x_wconf 89' lang='lat' dir='ltr'><strong>ad</strong></span> <span class='ocrx_word' id='word_1_513' title='bbox 1172 5409 1405 5480; x_wconf 80' lang='lat' dir='ltr'><strong>Virgilii</strong></span> <span class='ocrx_word' id='word_1_514' title='bbox 1463 5425 1705 5463; x_wconf 89' lang='lat' dir='ltr'><strong>versum</strong></span> <span class='ocrx_word' id='word_1_515' title='bbox 1764 5425 1797 5463; x_wconf 90' lang='lat' dir='ltr'><strong>e</strong></span> <span class='ocrx_word' id='word_1_516' title='bbox 1853 5408 1955 5465; x_wconf 87' lang='lat' dir='ltr'><strong>lib.</strong></span> <span class='ocrx_word' id='word_1_517' title='bbox 2016 5426 2055 5464; x_wconf 89' lang='grc' dir='ltr'><strong>ιι</strong></span> 
     </span>
    </p>
   </div>
   <div class='ocr_carea' id='block_1_76' title="bbox 381 5482 651 5555">
    <p class='ocr_par' dir='ltr' id='par_1_76' title="bbox 381 5482 651 5555">
     <span class='ocr_line' id='line_1_76' title="bbox 381 5482 651 5555; baseline -0.004 -16"><span class='ocrx_word' id='word_1_518' title='bbox 381 5482 605 5555; x_wconf 84' lang='lat' dir='ltr'><strong>Georg.</strong></span> <span class='ocrx_word' id='word_1_519' title='bbox 632 5503 651 5538; x_wconf 77' lang='lat'><strong>.-</strong></span> 
     </span>
    </p>
   </div>
   <div class='ocr_carea' id='block_1_77' title="bbox 506 5592 1769 5659">
    <p class='ocr_par' dir='ltr' id='par_1_77' title="bbox 506 5592 1769 5659">
     <span class='ocr_line' id='line_1_77' title="bbox 506 5592 1769 5659; baseline -0.006 -10"><span class='ocrx_word' id='word_1_520' title='bbox 506 5598 638 5649; x_wconf 84' lang='lat' dir='ltr'><strong>Pars</strong></span> <span class='ocrx_word' id='word_1_521' title='bbox 662 5604 833 5648; x_wconf 88' lang='lat' dir='ltr'><strong>autem</strong></span> <span class='ocrx_word' id='word_1_522' title='bbox 866 5596 1038 5659; x_wconf 90' lang='lat' dir='ltr'><strong>posito</strong></span> <span class='ocrx_word' id='word_1_523' title='bbox 1064 5601 1292 5659; x_wconf 85' lang='lat' dir='ltr'><strong>surgunt</strong></span> <span class='ocrx_word' id='word_1_524' title='bbox 1322 5593 1385 5643; x_wconf 93' lang='lat' dir='ltr'><strong>de</strong></span> <span class='ocrx_word' id='word_1_525' title='bbox 1416 5592 1632 5653; x_wconf 88' lang='lat' dir='ltr'><strong>semine,</strong></span> <span class='ocrx_word' id='word_1_526' title='bbox 1672 5599 1769 5642; x_wconf 85' lang='lat' dir='ltr'><strong>etc.</strong></span> 
     </span>
    </p>
   </div>
   <div class='ocr_carea' id='block_1_78' title="bbox 450 5692 2047 5777">
    <p class='ocr_par' dir='ltr' id='par_1_78' title="bbox 450 5692 2047 5777">
     <span class='ocr_line' id='line_1_78' title="bbox 450 5692 2047 5777; baseline -0.003 -22"><span class='ocrx_word' id='word_1_527' title='bbox 450 5699 566 5777; x_wconf 79' lang='lat'>(39)</span> <span class='ocrx_word' id='word_1_528' title='bbox 615 5697 762 5756; x_wconf 84' lang='lat' dir='ltr'><strong>Mss.</strong></span> <span class='ocrx_word' id='word_1_529' title='bbox 817 5696 1058 5772; x_wconf 90' lang='lat' dir='ltr'><strong>aliquot,</strong></span> <span class='ocrx_word' id='word_1_530' title='bbox 1115 5717 1136 5745; x_wconf 72' lang='grc' dir='ltr'>α</span> <span class='ocrx_word' id='word_1_531' title='bbox 1185 5692 1455 5770; x_wconf 85' lang='lat' dir='ltr'><strong>exemplo</strong></span> <span class='ocrx_word' id='word_1_532' title='bbox 1496 5693 1847 5751; x_wconf 89' lang='lat' dir='ltr'><strong>sumendum</strong></span> <span class='ocrx_word' id='word_1_533' title='bbox 1887 5693 2047 5754; x_wconf 86' lang='lat' dir='ltr'><strong>arbi-</strong></span> 
     </span>
    </p>
   </div>
   <div class='ocr_carea' id='block_1_79' title="bbox 2102 3189 2153 3254">
    <p class='ocr_par' dir='ltr' id='par_1_79' title="bbox 2102 3189 2153 3254">
     <span class='ocr_line' id='line_1_79' title="bbox 2102 3189 2153 3254; baseline 0 0"><span class='ocrx_word' id='word_1_534' title='bbox 2102 3189 2153 3254; x_wconf 89' lang='lat' dir='ltr'><strong>C</strong></span> 
     </span>
    </p>
   </div>
   <div class='ocr_carea' id='block_1_80' title="bbox 2081 4547 2136 4615">
    <p class='ocr_par' dir='ltr' id='par_1_80' title="bbox 2081 4547 2136 4615">
     <span class='ocr_line' id='line_1_80' title="bbox 2081 4547 2136 4615; baseline 0 0"><span class='ocrx_word' id='word_1_535' title='bbox 2081 4547 2136 4615; x_wconf 90' lang='lat' dir='ltr'><strong>D</strong></span> 
     </span>
    </p>
   </div>
   <div class='ocr_carea' id='block_1_81' title="bbox 2192 1894 3810 1964">
    <p class='ocr_par' dir='ltr' id='par_1_81' title="bbox 2192 1894 3810 1964">
     <span class='ocr_line' id='line_1_81' title="bbox 2192 1894 3810 1964; baseline 0.003 -16"><span class='ocrx_word' id='word_1_536' title='bbox 2192 1896 2334 1952; x_wconf 91' lang='lat' dir='ltr'><strong>libet</strong></span> <span class='ocrx_word' id='word_1_537' title='bbox 2388 1894 2646 1951; x_wconf 90' lang='lat' dir='ltr'><strong>fructum</strong></span> <span class='ocrx_word' id='word_1_538' title='bbox 2697 1900 2979 1964; x_wconf 85' lang='lat' dir='ltr'><strong>arentem,</strong></span> <span class='ocrx_word' id='word_1_539' title='bbox 3037 1896 3453 1952; x_wconf 85' lang='lat' dir='ltr'><strong>resuscitatur.</strong></span> <span class='ocrx_word' id='word_1_540' title='bbox 3512 1896 3624 1952; x_wconf 88' lang='lat' dir='ltr'><strong>Sed</strong></span> <span class='ocrx_word' id='word_1_541' title='bbox 3672 1898 3810 1953; x_wconf 79' lang='lat' dir='ltr'><strong>habet</strong></span> 
     </span>
    </p>
   </div>
   <div class='ocr_carea' id='block_1_82' title="bbox 2191 1983 3810 2059">
    <p class='ocr_par' dir='ltr' id='par_1_82' title="bbox 2191 1983 3810 2059">
     <span class='ocr_line' id='line_1_82' title="bbox 2191 1983 3810 2059; baseline 0.002 -19"><span class='ocrx_word' id='word_1_542' title='bbox 2191 2001 2458 2040; x_wconf 90' lang='lat' dir='ltr'><strong>succum.</strong></span> <span class='ocrx_word' id='word_1_543' title='bbox 2517 1983 2589 2039; x_wconf 91' lang='lat' dir='ltr'><strong>Et</strong></span> <span class='ocrx_word' id='word_1_544' title='bbox 2642 1988 2912 2040; x_wconf 88' lang='lat' dir='ltr'><strong>nostrum</strong></span> <span class='ocrx_word' id='word_1_545' title='bbox 2976 1999 3196 2055; x_wconf 89' lang='lat' dir='ltr'><strong>corpus</strong></span> <span class='ocrx_word' id='word_1_546' title='bbox 3262 1984 3443 2041; x_wconf 89' lang='lat' dir='ltr'><strong>habet</strong></span> <span class='ocrx_word' id='word_1_547' title='bbox 3507 1987 3810 2059; x_wconf 85' lang='lat' dir='ltr'><strong>sanguinem</strong></span> 
     </span>
    </p>
   </div>
   <div class='ocr_carea' id='block_1_83' title="bbox 2191 2072 3810 2145">
    <p class='ocr_par' dir='ltr' id='par_1_83' title="bbox 2191 2072 3810 2145">
     <span class='ocr_line' id='line_1_83' title="bbox 2191 2072 3810 2145; baseline 0.001 -16"><span class='ocrx_word' id='word_1_548' title='bbox 2191 2089 2388 2145; x_wconf 91' lang='lat' dir='ltr'><strong>suum,</strong></span> <span class='ocrx_word' id='word_1_549' title='bbox 2420 2072 2596 2129; x_wconf 87' lang='lat' dir='ltr'><strong>habet</strong></span> <span class='ocrx_word' id='word_1_550' title='bbox 2628 2073 2934 2128; x_wconf 89' lang='lat' dir='ltr'><strong>humorem</strong></span> <span class='ocrx_word' id='word_1_551' title='bbox 2956 2088 3152 2129; x_wconf 87' lang='lat' dir='ltr'><strong>suum.</strong></span> <span class='ocrx_word' id='word_1_552' title='bbox 3177 2073 3290 2129; x_wconf 86' lang='lat' dir='ltr'><strong>Hic</strong></span> <span class='ocrx_word' id='word_1_553' title='bbox 3310 2076 3507 2129; x_wconf 80' lang='lat' dir='ltr'><strong>nostri</strong></span> <span class='ocrx_word' id='word_1_554' title='bbox 3526 2091 3725 2130; x_wconf 89' lang='lat' dir='ltr'><strong>succus</strong></span> <span class='ocrx_word' id='word_1_555' title='bbox 3741 2079 3810 2131; x_wconf 83' lang='lat' dir='ltr'><strong>est</strong></span> 
     </span>
    </p>
   </div>
   <div class='ocr_carea' id='block_1_84' title="bbox 2190 2161 3806 2235">
    <p class='ocr_par' dir='ltr' id='par_1_84' title="bbox 2190 2161 3806 2235">
     <span class='ocr_line' id='line_1_84' title="bbox 2190 2161 3806 2235; baseline 0.002 -18"><span class='ocrx_word' id='word_1_556' title='bbox 2190 2163 2483 2233; x_wconf 90' lang='lat' dir='ltr'><strong>corporis.</strong></span> <span class='ocrx_word' id='word_1_557' title='bbox 2510 2162 2676 2216; x_wconf 93' lang='lat' dir='ltr'><strong>Unde</strong></span> <span class='ocrx_word' id='word_1_558' title='bbox 2696 2161 2841 2217; x_wconf 90' lang='lat' dir='ltr'><strong>illud</strong></span> <span class='ocrx_word' id='word_1_559' title='bbox 2863 2178 3099 2234; x_wconf 90' lang='lat' dir='ltr'><strong>quoque</strong></span> <span class='ocrx_word' id='word_1_560' title='bbox 3121 2164 3439 2233; x_wconf 80' lang='lat' dir='ltr'><strong>explosum</strong></span> <span class='ocrx_word' id='word_1_561' title='bbox 3452 2164 3806 2235; x_wconf 77' lang='lat' dir='ltr'><strong>arbitror(39),</strong></span> 
     </span>
    </p>
   </div>
   <div class='ocr_carea' id='block_1_85' title="bbox 2190 2251 3806 2325">
    <p class='ocr_par' dir='ltr' id='par_1_85' title="bbox 2190 2251 3806 2325">
     <span class='ocr_line' id='line_1_85' title="bbox 2190 2251 3806 2325; baseline 0.001 -18"><span class='ocrx_word' id='word_1_562' title='bbox 2190 2252 2347 2322; x_wconf 90' lang='lat' dir='ltr'><strong>quod</strong></span> <span class='ocrx_word' id='word_1_563' title='bbox 2367 2254 2631 2307; x_wconf 89' lang='lat' dir='ltr'><strong>arentem</strong></span> <span class='ocrx_word' id='word_1_564' title='bbox 2647 2251 2952 2306; x_wconf 87' lang='lat' dir='ltr'><strong>surculum</strong></span> <span class='ocrx_word' id='word_1_565' title='bbox 2974 2252 3211 2322; x_wconf 89' lang='lat' dir='ltr'><strong>quidam</strong></span> <span class='ocrx_word' id='word_1_566' title='bbox 3220 2253 3594 2308; x_wconf 80' lang='lat' dir='ltr'><strong>reviviscere</strong></span> <span class='ocrx_word' id='word_1_567' title='bbox 3613 2258 3806 2325; x_wconf 84' lang='lat' dir='ltr'><strong>negant,</strong></span> 
     </span>
    </p>
   </div>
   <div class='ocr_carea' id='block_1_86' title="bbox 2190 2339 3805 2411">
    <p class='ocr_par' dir='ltr' id='par_1_86' title="bbox 2190 2339 3805 2411">
     <span class='ocr_line' id='line_1_86' title="bbox 2190 2339 3805 2411; baseline 0.002 -16"><span class='ocrx_word' id='word_1_568' title='bbox 2190 2341 2365 2411; x_wconf 90' lang='lat' dir='ltr'><strong>idque</strong></span> <span class='ocrx_word' id='word_1_569' title='bbox 2410 2341 2483 2394; x_wconf 90' lang='lat' dir='ltr'><strong>ad</strong></span> <span class='ocrx_word' id='word_1_570' title='bbox 2536 2339 2949 2411; x_wconf 80' lang='lat' dir='ltr'><strong>praejudicium</strong></span> <span class='ocrx_word' id='word_1_571' title='bbox 3003 2340 3202 2396; x_wconf 91' lang='lat' dir='ltr'><strong>carnis</strong></span> <span class='ocrx_word' id='word_1_572' title='bbox 3252 2342 3525 2398; x_wconf 89' lang='lat' dir='ltr'><strong>derivare</strong></span> <span class='ocrx_word' id='word_1_573' title='bbox 3569 2344 3805 2398; x_wconf 87' lang='lat' dir='ltr'><strong>nituntur.</strong></span> 
     </span>
    </p>
   </div>
   <div class='ocr_carea' id='block_1_87' title="bbox 2189 2429 3804 2500">
    <p class='ocr_par' dir='ltr' id='par_1_87' title="bbox 2189 2429 3804 2500">
     <span class='ocr_line' id='line_1_87' title="bbox 2189 2429 3804 2500; baseline 0.001 -16"><span class='ocrx_word' id='word_1_574' title='bbox 2189 2429 2322 2484; x_wconf 90' lang='lat' dir='ltr'><strong>Non</strong></span> <span class='ocrx_word' id='word_1_575' title='bbox 2352 2430 2507 2484; x_wconf 90' lang='lat' dir='ltr'><strong>enim</strong></span> <span class='ocrx_word' id='word_1_576' title='bbox 2538 2445 2675 2484; x_wconf 92' lang='lat' dir='ltr'><strong>caro</strong></span> <span class='ocrx_word' id='word_1_577' title='bbox 2707 2429 2892 2499; x_wconf 90' lang='lat' dir='ltr'><strong>arida,</strong></span> <span class='ocrx_word' id='word_1_578' title='bbox 2925 2445 3059 2484; x_wconf 90' lang='lat' dir='ltr'><strong>cum</strong></span> <span class='ocrx_word' id='word_1_579' title='bbox 3090 2446 3232 2486; x_wconf 91' lang='lat' dir='ltr'><strong>caro</strong></span> <span class='ocrx_word' id='word_1_580' title='bbox 3262 2432 3461 2486; x_wconf 88' lang='lat' dir='ltr'><strong>omnis</strong></span> <span class='ocrx_word' id='word_1_581' title='bbox 3491 2448 3522 2487; x_wconf 92' lang='lat' dir='ltr'><strong>e</strong></span> <span class='ocrx_word' id='word_1_582' title='bbox 3568 2432 3693 2486; x_wconf 90' lang='lat' dir='ltr'><strong>limo</strong></span> <span class='ocrx_word' id='word_1_583' title='bbox 3732 2434 3804 2500; x_wconf 87' lang='lat' dir='ltr'><strong>sit,</strong></span> 
     </span>
    </p>
   </div>
   <div class='ocr_carea' id='block_1_88' title="bbox 2189 2518 3807 2593">
    <p class='ocr_par' dir='ltr' id='par_1_88' title="bbox 2189 2518 3807 2593">
     <span class='ocr_line' id='line_1_88' title="bbox 2189 2518 3807 2593; baseline 0.003 -21"><span class='ocrx_word' id='word_1_584' title='bbox 2189 2518 2370 2574; x_wconf 90' lang='lat' dir='ltr'><strong>limus</strong></span> <span class='ocrx_word' id='word_1_585' title='bbox 2413 2518 2475 2573; x_wconf 91' lang='lat' dir='ltr'><strong>in</strong></span> <span class='ocrx_word' id='word_1_586' title='bbox 2515 2518 2782 2589; x_wconf 89' lang='lat' dir='ltr'><strong>humore,</strong></span> <span class='ocrx_word' id='word_1_587' title='bbox 2818 2518 3031 2573; x_wconf 86' lang='lat' dir='ltr'><strong>humor</strong></span> <span class='ocrx_word' id='word_1_588' title='bbox 3076 2534 3110 2574; x_wconf 94' lang='lat' dir='ltr'><strong>e</strong></span> <span class='ocrx_word' id='word_1_589' title='bbox 3138 2521 3336 2575; x_wconf 90' lang='lat' dir='ltr'><strong>terris.</strong></span> <span class='ocrx_word' id='word_1_590' title='bbox 3374 2520 3633 2593; x_wconf 88' lang='lat' dir='ltr'><strong>Denique</strong></span> <span class='ocrx_word' id='word_1_591' title='bbox 3668 2522 3807 2577; x_wconf 84' lang='lat' dir='ltr'><strong>multa</strong></span> 
     </span>
    </p>
   </div>
   <div class='ocr_carea' id='block_1_89' title="bbox 2189 2607 3809 2680">
    <p class='ocr_par' dir='ltr' id='par_1_89' title="bbox 2189 2607 3809 2680">
     <span class='ocr_line' id='line_1_89' title="bbox 2189 2607 3809 2680; baseline 0.002 -19"><span class='ocrx_word' id='word_1_592' title='bbox 2189 2607 2497 2680; x_wconf 87' lang='lat' dir='ltr'><strong>gignentia</strong></span> <span class='ocrx_word' id='word_1_593' title='bbox 2524 2609 2799 2679; x_wconf 90' lang='lat' dir='ltr'><strong>quamvis</strong></span> <span class='ocrx_word' id='word_1_594' title='bbox 2822 2607 2958 2680; x_wconf 79' lang='lat' dir='ltr'><strong>jugi</strong></span> <span class='ocrx_word' id='word_1_595' title='bbox 2991 2609 3310 2663; x_wconf 82' lang='lat' dir='ltr'><strong>serenitate</strong></span> <span class='ocrx_word' id='word_1_596' title='bbox 3344 2608 3524 2664; x_wconf 91' lang='lat' dir='ltr'><strong>humo</strong></span> <span class='ocrx_word' id='word_1_597' title='bbox 3553 2610 3697 2664; x_wconf 89' lang='lat' dir='ltr'><strong>arida</strong></span> <span class='ocrx_word' id='word_1_598' title='bbox 3715 2626 3809 2664; x_wconf 56' lang='lat' dir='ltr'><strong>areo</strong></span> 
     </span>
    </p>
   </div>
   <div class='ocr_carea' id='block_1_90' title="bbox 2187 2698 3807 2769">
    <p class='ocr_par' dir='ltr' id='par_1_90' title="bbox 2187 2698 3807 2769">
     <span class='ocr_line' id='line_1_90' title="bbox 2187 2698 3807 2769; baseline 0.001 -18"><span class='ocrx_word' id='word_1_599' title='bbox 2187 2713 2454 2768; x_wconf 90' lang='lat' dir='ltr'><strong>nosaque</strong></span> <span class='ocrx_word' id='word_1_600' title='bbox 2498 2698 2612 2766; x_wconf 82' lang='lat'>(40)</span> <span class='ocrx_word' id='word_1_601' title='bbox 2650 2700 3015 2767; x_wconf 88' lang='lat' dir='ltr'><strong>nascuntur;</strong></span> <span class='ocrx_word' id='word_1_602' title='bbox 3064 2698 3348 2769; x_wconf 89' lang='lat' dir='ltr'><strong>quoniam</strong></span> <span class='ocrx_word' id='word_1_603' title='bbox 3392 2699 3523 2769; x_wconf 90' lang='lat' dir='ltr'><strong>ipsa</strong></span> <span class='ocrx_word' id='word_1_604' title='bbox 3552 2700 3659 2754; x_wconf 89' lang='lat' dir='ltr'><strong>sibi</strong></span> <span class='ocrx_word' id='word_1_605' title='bbox 3682 2702 3807 2755; x_wconf 82' lang='lat' dir='ltr'><strong>terra</strong></span> 
     </span>
    </p>
   </div>
   <div class='ocr_carea' id='block_1_91' title="bbox 2188 2777 3805 2859">
    <p class='ocr_par' dir='ltr' id='par_1_91' title="bbox 2188 2777 3805 2859">
     <span class='ocr_line' id='line_1_91' title="bbox 2188 2777 3805 2859; baseline -0.001 -16"><span class='ocrx_word' id='word_1_606' title='bbox 2188 2788 2496 2843; x_wconf 87' lang='lat' dir='ltr'><strong>humorem</strong></span> <span class='ocrx_word' id='word_1_607' title='bbox 2525 2786 2763 2841; x_wconf 82' lang='lat' dir='ltr'><strong>sufﬁcit.</strong></span> <span class='ocrx_word' id='word_1_608' title='bbox 2812 2779 2843 2840; x_wconf 95' lang='lat'><strong>1</strong></span> <span class='ocrx_word' id='word_1_609' title='bbox 2862 2777 3003 2841; x_wconf 83' lang='lat'><strong>149</strong></span> <span class='ocrx_word' id='word_1_610' title='bbox 3036 2785 3192 2841; x_wconf 88' lang='lat' dir='ltr'><strong>Num</strong></span> <span class='ocrx_word' id='word_1_611' title='bbox 3213 2786 3400 2859; x_wconf 90' lang='lat' dir='ltr'><strong>igitur</strong></span> <span class='ocrx_word' id='word_1_612' title='bbox 3429 2788 3490 2841; x_wconf 90' lang='lat' dir='ltr'><strong>in</strong></span> <span class='ocrx_word' id='word_1_613' title='bbox 3519 2788 3805 2842; x_wconf 85' lang='lat' dir='ltr'><strong>hominibus</strong></span> 
     </span>
    </p>
   </div>
   <div class='ocr_carea' id='block_1_92' title="bbox 2188 2875 3805 2948">
    <p class='ocr_par' dir='ltr' id='par_1_92' title="bbox 2188 2875 3805 2948">
     <span class='ocr_line' id='line_1_92' title="bbox 2188 2875 3805 2948; baseline -0.002 -15"><span class='ocrx_word' id='word_1_614' title='bbox 2188 2881 2347 2933; x_wconf 87' lang='lat' dir='ltr'><strong>terra</strong></span> <span class='ocrx_word' id='word_1_615' title='bbox 2376 2878 2699 2947; x_wconf 86' lang='lat' dir='ltr'><strong>degenerat</strong></span> <span class='ocrx_word' id='word_1_616' title='bbox 2726 2875 2858 2944; x_wconf 82' lang='grc'>(41),</span> <span class='ocrx_word' id='word_1_617' title='bbox 2892 2890 3026 2946; x_wconf 84' lang='lat' dir='ltr'><strong>quae</strong></span> <span class='ocrx_word' id='word_1_618' title='bbox 3064 2876 3259 2930; x_wconf 90' lang='lat' dir='ltr'><strong>omnia</strong></span> <span class='ocrx_word' id='word_1_619' title='bbox 3299 2891 3653 2948; x_wconf 89' lang='lat' dir='ltr'><strong>regenerare</strong></span> <span class='ocrx_word' id='word_1_620' title='bbox 3692 2890 3805 2930; x_wconf 88' lang='lat' dir='ltr'><strong>con-</strong></span> 
     </span>
    </p>
   </div>
   <div class='ocr_carea' id='block_1_93' title="bbox 2188 2963 3806 3035">
    <p class='ocr_par' dir='ltr' id='par_1_93' title="bbox 2188 2963 3806 3035">
     <span class='ocr_line' id='line_1_93' title="bbox 2188 2963 3806 3035; baseline -0.002 -13"><span class='ocrx_word' id='word_1_621' title='bbox 2188 2966 2431 3022; x_wconf 82' lang='lat' dir='ltr'><strong>suevit?</strong></span> <span class='ocrx_word' id='word_1_622' title='bbox 2483 2965 2651 3020; x_wconf 91' lang='lat' dir='ltr'><strong>Unde</strong></span> <span class='ocrx_word' id='word_1_623' title='bbox 2700 2965 2882 3019; x_wconf 88' lang='lat' dir='ltr'><strong>claret</strong></span> <span class='ocrx_word' id='word_1_624' title='bbox 2919 2979 3038 3019; x_wconf 91' lang='lat' dir='ltr'><strong>non</strong></span> <span class='ocrx_word' id='word_1_625' title='bbox 3077 2979 3219 3019; x_wconf 89' lang='lat' dir='ltr'><strong>esse</strong></span> <span class='ocrx_word' id='word_1_626' title='bbox 3262 2964 3643 3021; x_wconf 88' lang='lat' dir='ltr'><strong>dubitandum</strong></span> <span class='ocrx_word' id='word_1_627' title='bbox 3683 2963 3806 3035; x_wconf 72' lang='lat' dir='ltr'><strong>quod</strong></span> 
     </span>
    </p>
   </div>
   <div class='ocr_carea' id='block_1_94' title="bbox 2187 3053 3806 3125">
    <p class='ocr_par' dir='ltr' id='par_1_94' title="bbox 2187 3053 3806 3125">
     <span class='ocr_line' id='line_1_94' title="bbox 2187 3053 3806 3125; baseline -0.004 -14"><span class='ocrx_word' id='word_1_628' title='bbox 2187 3056 2516 3111; x_wconf 88' lang='lat' dir='ltr'><strong>secundum</strong></span> <span class='ocrx_word' id='word_1_629' title='bbox 2561 3058 2831 3109; x_wconf 91' lang='lat' dir='ltr'><strong>naturam</strong></span> <span class='ocrx_word' id='word_1_630' title='bbox 2879 3053 3094 3125; x_wconf 89' lang='lat' dir='ltr'><strong>magis,</strong></span> <span class='ocrx_word' id='word_1_631' title='bbox 3126 3069 3303 3125; x_wconf 90' lang='lat' dir='ltr'><strong>quam</strong></span> <span class='ocrx_word' id='word_1_632' title='bbox 3346 3060 3549 3109; x_wconf 89' lang='lat' dir='ltr'><strong>contra</strong></span> <span class='ocrx_word' id='word_1_633' title='bbox 3587 3056 3806 3110; x_wconf 85' lang='lat' dir='ltr'><strong>naturam</strong></span> 
     </span>
    </p>
   </div>
   <div class='ocr_carea' id='block_1_95' title="bbox 2186 3142 3805 3215">
    <p class='ocr_par' dir='ltr' id='par_1_95' title="bbox 2186 3142 3805 3215">
     <span class='ocr_line' id='line_1_95' title="bbox 2186 3142 3805 3215; baseline -0.004 -14"><span class='ocrx_word' id='word_1_634' title='bbox 2186 3150 2316 3215; x_wconf 89' lang='lat' dir='ltr'><strong>est;</strong></span> <span class='ocrx_word' id='word_1_635' title='bbox 2381 3160 2457 3199; x_wconf 82' lang='lat' dir='ltr'><strong>ex</strong></span> <span class='ocrx_word' id='word_1_636' title='bbox 2512 3146 2718 3197; x_wconf 89' lang='lat' dir='ltr'><strong>natura</strong></span> <span class='ocrx_word' id='word_1_637' title='bbox 2781 3142 2937 3197; x_wconf 89' lang='lat' dir='ltr'><strong>enim</strong></span> <span class='ocrx_word' id='word_1_638' title='bbox 3002 3145 3095 3197; x_wconf 86' lang='lat' dir='ltr'><strong>est</strong></span> <span class='ocrx_word' id='word_1_639' title='bbox 3160 3157 3489 3215; x_wconf 88' lang='lat' dir='ltr'><strong>resurgere</strong></span> <span class='ocrx_word' id='word_1_640' title='bbox 3552 3142 3805 3197; x_wconf 79' lang='lat' dir='ltr'><strong>nascentia</strong></span> 
     </span>
    </p>
   </div>
   <div class='ocr_carea' id='block_1_96' title="bbox 2185 3231 3353 3303">
    <p class='ocr_par' dir='ltr' id='par_1_96' title="bbox 2185 3231 3353 3303">
     <span class='ocr_line' id='line_1_96' title="bbox 2185 3231 3353 3303; baseline -0.004 -12"><span class='ocrx_word' id='word_1_641' title='bbox 2185 3234 2400 3303; x_wconf 89' lang='lat' dir='ltr'><strong>omnia,</strong></span> <span class='ocrx_word' id='word_1_642' title='bbox 2432 3234 2633 3287; x_wconf 87' lang='lat' dir='ltr'><strong>contra</strong></span> <span class='ocrx_word' id='word_1_643' title='bbox 2664 3236 2932 3286; x_wconf 89' lang='lat' dir='ltr'><strong>naturam</strong></span> <span class='ocrx_word' id='word_1_644' title='bbox 2958 3234 3051 3286; x_wconf 91' lang='lat' dir='ltr'><strong>est</strong></span> <span class='ocrx_word' id='word_1_645' title='bbox 3087 3231 3353 3286; x_wconf 89' lang='lat' dir='ltr'><strong>interire.</strong></span> 
     </span>
    </p>
   </div>
   <div class='ocr_carea' id='block_1_97' title="bbox 2253 3320 3804 3392">
    <p class='ocr_par' dir='ltr' id='par_1_97' title="bbox 2253 3320 3804 3392">
     <span class='ocr_line' id='line_1_97' title="bbox 2253 3320 3804 3392; baseline -0.005 -13"><span class='ocrx_word' id='word_1_646' title='bbox 2253 3324 2343 3378; x_wconf 91' lang='lat'><strong>58.</strong></span> <span class='ocrx_word' id='word_1_647' title='bbox 2376 3321 2655 3392; x_wconf 90' lang='lat' dir='ltr'><strong>Sequitur</strong></span> <span class='ocrx_word' id='word_1_648' title='bbox 2684 3320 2828 3374; x_wconf 91' lang='lat' dir='ltr'><strong>illud</strong></span> <span class='ocrx_word' id='word_1_649' title='bbox 2858 3320 3012 3390; x_wconf 92' lang='lat' dir='ltr'><strong>quod</strong></span> <span class='ocrx_word' id='word_1_650' title='bbox 3044 3320 3302 3392; x_wconf 91' lang='lat' dir='ltr'><strong>gentiles</strong></span> <span class='ocrx_word' id='word_1_651' title='bbox 3336 3321 3673 3392; x_wconf 90' lang='lat' dir='ltr'><strong>plerumque</strong></span> <span class='ocrx_word' id='word_1_652' title='bbox 3701 3334 3804 3390; x_wconf 53' lang='lat' dir='ltr'><strong>per.</strong></span> 
     </span>
    </p>
   </div>
   <div class='ocr_carea' id='block_1_98' title="bbox 2179 3409 3802 3483">
    <p class='ocr_par' dir='ltr' id='par_1_98' title="bbox 2179 3409 3802 3483">
     <span class='ocr_line' id='line_1_98' title="bbox 2179 3409 3802 3483; baseline -0.005 -14"><span class='ocrx_word' id='word_1_653' title='bbox 2179 3413 2395 3482; x_wconf 89' lang='lat' dir='ltr'><strong>turbat,</strong></span> <span class='ocrx_word' id='word_1_654' title='bbox 2427 3410 2721 3483; x_wconf 90' lang='lat' dir='ltr'><strong>quomodo</strong></span> <span class='ocrx_word' id='word_1_655' title='bbox 2753 3409 2881 3464; x_wconf 80' lang='lat' dir='ltr'><strong>fieri</strong></span> <span class='ocrx_word' id='word_1_656' title='bbox 2910 3410 3104 3479; x_wconf 89' lang='lat' dir='ltr'><strong>possit</strong></span> <span class='ocrx_word' id='word_1_657' title='bbox 3134 3414 3196 3463; x_wconf 89' lang='lat' dir='ltr'><strong>ut</strong></span> <span class='ocrx_word' id='word_1_658' title='bbox 3236 3425 3396 3481; x_wconf 90' lang='lat' dir='ltr'><strong>quos</strong></span> <span class='ocrx_word' id='word_1_659' title='bbox 3436 3426 3597 3465; x_wconf 89' lang='lat' dir='ltr'><strong>mare</strong></span> <span class='ocrx_word' id='word_1_660' title='bbox 3631 3411 3802 3465; x_wconf 83' lang='lat' dir='ltr'><strong>absor-</strong></span> 
     </span>
    </p>
   </div>
   <div class='ocr_carea' id='block_1_99' title="bbox 2179 3498 3803 3570">
    <p class='ocr_par' dir='ltr' id='par_1_99' title="bbox 2179 3498 3803 3570">
     <span class='ocr_line' id='line_1_99' title="bbox 2179 3498 3803 3570; baseline -0.004 -12"><span class='ocrx_word' id='word_1_661' title='bbox 2179 3502 2394 3570; x_wconf 89' lang='lat' dir='ltr'><strong>buerit,</strong></span> <span class='ocrx_word' id='word_1_662' title='bbox 2428 3500 2573 3555; x_wconf 68' lang='lat' dir='ltr'><strong>ferm</strong></span> <span class='ocrx_word' id='word_1_663' title='bbox 2614 3498 3065 3554; x_wconf 89' lang='lat' dir='ltr'><strong>dilaceraverint</strong></span> <span class='ocrx_word' id='word_1_664' title='bbox 3101 3498 3235 3567; x_wconf 76' lang='lat'>(42),</span> <span class='ocrx_word' id='word_1_665' title='bbox 3268 3498 3487 3555; x_wconf 69' lang='lat' dir='ltr'><strong>bestia:</strong></span> <span class='ocrx_word' id='word_1_666' title='bbox 3525 3499 3803 3554; x_wconf 81' lang='lat' dir='ltr'><strong>devorave-</strong></span> 
     </span>
    </p>
   </div>
   <div class='ocr_carea' id='block_1_100' title="bbox 2180 3586 3800 3661">
    <p class='ocr_par' dir='ltr' id='par_1_100' title="bbox 2180 3586 3800 3661">
     <span class='ocr_line' id='line_1_100' title="bbox 2180 3586 3800 3661; baseline -0.004 -15"><span class='ocrx_word' id='word_1_667' title='bbox 2180 3592 2326 3661; x_wconf 91' lang='lat' dir='ltr'><strong>rint,</strong></span> <span class='ocrx_word' id='word_1_668' title='bbox 2376 3593 2535 3645; x_wconf 91' lang='lat' dir='ltr'><strong>terra</strong></span> <span class='ocrx_word' id='word_1_669' title='bbox 2565 3588 2855 3643; x_wconf 83' lang='lat' dir='ltr'><strong>restituat.</strong></span> <span class='ocrx_word' id='word_1_670' title='bbox 2885 3586 3015 3652; x_wconf 88' lang='lat' dir='ltr'><strong>Quo</strong></span> <span class='ocrx_word' id='word_1_671' title='bbox 3043 3588 3122 3641; x_wconf 90' lang='lat' dir='ltr'><strong>ita</strong></span> <span class='ocrx_word' id='word_1_672' title='bbox 3159 3588 3401 3642; x_wconf 87' lang='lat' dir='ltr'><strong>demum</strong></span> <span class='ocrx_word' id='word_1_673' title='bbox 3440 3588 3693 3643; x_wconf 89' lang='lat' dir='ltr'><strong>veniatur</strong></span> <span class='ocrx_word' id='word_1_674' title='bbox 3723 3601 3800 3639; x_wconf 86' lang='lat' dir='ltr'><strong>ne-</strong></span> 
     </span>
    </p>
   </div>
   <div class='ocr_carea' id='block_1_101' title="bbox 2178 3674 3801 3749">
    <p class='ocr_par' dir='ltr' id='par_1_101' title="bbox 2178 3674 3801 3749">
     <span class='ocr_line' id='line_1_101' title="bbox 2178 3674 3801 3749; baseline -0.006 -12"><span class='ocrx_word' id='word_1_675' title='bbox 2178 3696 2355 3737; x_wconf 90' lang='lat' dir='ltr'><strong>cesse</strong></span> <span class='ocrx_word' id='word_1_676' title='bbox 2403 3682 2516 3749; x_wconf 89' lang='lat' dir='ltr'><strong>est,</strong></span> <span class='ocrx_word' id='word_1_677' title='bbox 2568 3681 2630 3732; x_wconf 93' lang='lat' dir='ltr'><strong>ut</strong></span> <span class='ocrx_word' id='word_1_678' title='bbox 2666 3693 2783 3737; x_wconf 92' lang='lat' dir='ltr'><strong>non</strong></span> <span class='ocrx_word' id='word_1_679' title='bbox 2823 3676 2895 3732; x_wconf 91' lang='lat' dir='ltr'><strong>de</strong></span> <span class='ocrx_word' id='word_1_680' title='bbox 2934 3676 3048 3731; x_wconf 82' lang='lat' dir='ltr'><strong>ﬁde</strong></span> <span class='ocrx_word' id='word_1_681' title='bbox 3095 3677 3585 3749; x_wconf 87' lang='lat' dir='ltr'><strong>resurrectionis,</strong></span> <span class='ocrx_word' id='word_1_682' title='bbox 3624 3675 3718 3732; x_wconf 89' lang='lat' dir='ltr'><strong>sed</strong></span> <span class='ocrx_word' id='word_1_683' title='bbox 3749 3674 3801 3728; x_wconf 83' lang='lat' dir='ltr'><strong>de</strong></span> 
     </span>
    </p>
   </div>
   <div class='ocr_carea' id='block_1_102' title="bbox 2175 3764 3800 3842">
    <p class='ocr_par' dir='ltr' id='par_1_102' title="bbox 2175 3764 3800 3842">
     <span class='ocr_line' id='line_1_102' title="bbox 2175 3764 3800 3842; baseline -0.006 -17"><span class='ocrx_word' id='word_1_684' title='bbox 2175 3774 2339 3842; x_wconf 91' lang='lat' dir='ltr'><strong>parte</strong></span> <span class='ocrx_word' id='word_1_685' title='bbox 2370 3768 2686 3823; x_wconf 83' lang='lat' dir='ltr'><strong>dubitatur.</strong></span> <span class='ocrx_word' id='word_1_686' title='bbox 2722 3764 2864 3821; x_wconf 86' lang='lat' dir='ltr'><strong>Esto</strong></span> <span class='ocrx_word' id='word_1_687' title='bbox 2894 3766 3051 3820; x_wconf 91' lang='lat' dir='ltr'><strong>enim</strong></span> <span class='ocrx_word' id='word_1_688' title='bbox 3081 3769 3142 3820; x_wconf 92' lang='lat' dir='ltr'><strong>ut</strong></span> <span class='ocrx_word' id='word_1_689' title='bbox 3170 3765 3568 3822; x_wconf 89' lang='lat' dir='ltr'><strong>laceratorum</strong></span> <span class='ocrx_word' id='word_1_690' title='bbox 3597 3778 3800 3835; x_wconf 81' lang='lat' dir='ltr'><strong>corpora</strong></span> 
     </span>
    </p>
   </div>
   <div class='ocr_carea' id='block_1_103' title="bbox 2176 3853 3799 3928">
    <p class='ocr_par' dir='ltr' id='par_1_103' title="bbox 2176 3853 3799 3928">
     <span class='ocr_line' id='line_1_103' title="bbox 2176 3853 3799 3928; baseline -0.004 -14"><span class='ocrx_word' id='word_1_691' title='bbox 2176 3874 2296 3914; x_wconf 87' lang='lat' dir='ltr'><strong>non</strong></span> <span class='ocrx_word' id='word_1_692' title='bbox 2326 3859 2662 3928; x_wconf 89' lang='lat' dir='ltr'><strong>resurgant,</strong></span> <span class='ocrx_word' id='word_1_693' title='bbox 2695 3859 3021 3926; x_wconf 90' lang='lat' dir='ltr'><strong>resurgunt</strong></span> <span class='ocrx_word' id='word_1_694' title='bbox 3060 3855 3288 3910; x_wconf 62' lang='lat' dir='ltr'><strong>caeteri:</strong></span> <span class='ocrx_word' id='word_1_695' title='bbox 3336 3871 3452 3912; x_wconf 91' lang='lat' dir='ltr'><strong>nec</strong></span> <span class='ocrx_word' id='word_1_696' title='bbox 3489 3853 3799 3911; x_wconf 87' lang='lat' dir='ltr'><strong>resurrectio</strong></span> 
     </span>
    </p>
   </div>
   <div class='ocr_carea' id='block_1_104' title="bbox 2175 3943 3797 4014">
    <p class='ocr_par' dir='ltr' id='par_1_104' title="bbox 2175 3943 3797 4014">
     <span class='ocr_line' id='line_1_104' title="bbox 2175 3943 3797 4014; baseline -0.006 -11"><span class='ocrx_word' id='word_1_697' title='bbox 2175 3948 2500 4003; x_wconf 90' lang='lat' dir='ltr'><strong>destruitur</strong></span> <span class='ocrx_word' id='word_1_698' title='bbox 2530 3944 2662 4013; x_wconf 82' lang='lat'>(48),</span> <span class='ocrx_word' id='word_1_699' title='bbox 2697 3944 2749 3998; x_wconf 91' lang='lat' dir='ltr'><strong>si</strong></span> <span class='ocrx_word' id='word_1_700' title='bbox 2782 3943 3040 3998; x_wconf 91' lang='lat' dir='ltr'><strong>conditio</strong></span> <span class='ocrx_word' id='word_1_701' title='bbox 3080 3944 3399 4014; x_wconf 78' lang='lat' dir='ltr'><strong>excipitur.</strong></span> <span class='ocrx_word' id='word_1_702' title='bbox 3434 3945 3616 4000; x_wconf 87' lang='lat' dir='ltr'><strong>Miror</strong></span> <span class='ocrx_word' id='word_1_703' title='bbox 3647 3949 3797 3997; x_wconf 87' lang='lat' dir='ltr'><strong>tamen</strong></span> 
     </span>
    </p>
   </div>
   <div class='ocr_carea' id='block_1_105' title="bbox 2174 4029 3797 4105">
    <p class='ocr_par' dir='ltr' id='par_1_105' title="bbox 2174 4029 3797 4105">
     <span class='ocr_line' id='line_1_105' title="bbox 2174 4029 3797 4105; baseline -0.007 -13"><span class='ocrx_word' id='word_1_704' title='bbox 2174 4052 2282 4092; x_wconf 91' lang='lat' dir='ltr'><strong>cur</strong></span> <span class='ocrx_word' id='word_1_705' title='bbox 2308 4036 2400 4091; x_wconf 91' lang='lat' dir='ltr'><strong>vel</strong></span> <span class='ocrx_word' id='word_1_706' title='bbox 2431 4034 2503 4089; x_wconf 92' lang='lat' dir='ltr'><strong>de</strong></span> <span class='ocrx_word' id='word_1_707' title='bbox 2533 4034 2629 4088; x_wconf 87' lang='lat' dir='ltr'><strong>his</strong></span> <span class='ocrx_word' id='word_1_708' title='bbox 2659 4032 3045 4087; x_wconf 87' lang='lat' dir='ltr'><strong>dubitandum</strong></span> <span class='ocrx_word' id='word_1_709' title='bbox 3074 4036 3296 4104; x_wconf 89' lang='lat' dir='ltr'><strong>putent,</strong></span> <span class='ocrx_word' id='word_1_710' title='bbox 3317 4034 3496 4105; x_wconf 89' lang='lat' dir='ltr'><strong>quasi</strong></span> <span class='ocrx_word' id='word_1_711' title='bbox 3520 4048 3631 4089; x_wconf 90' lang='lat' dir='ltr'><strong>non</strong></span> <span class='ocrx_word' id='word_1_712' title='bbox 3646 4029 3797 4088; x_wconf 71' lang='lat' dir='ltr'><strong>omnia</strong></span> 
     </span>
    </p>
   </div>
   <div class='ocr_carea' id='block_1_106' title="bbox 2172 4122 3795 4196">
    <p class='ocr_par' dir='ltr' id='par_1_106' title="bbox 2172 4122 3795 4196">
     <span class='ocr_line' id='line_1_106' title="bbox 2172 4122 3795 4196; baseline -0.004 -15"><span class='ocrx_word' id='word_1_713' title='bbox 2172 4142 2307 4196; x_wconf 62' lang='lat' dir='ltr'><strong>quae</strong></span> <span class='ocrx_word' id='word_1_714' title='bbox 2338 4141 2414 4179; x_wconf 79' lang='lat' dir='ltr'><strong>ex</strong></span> <span class='ocrx_word' id='word_1_715' title='bbox 2442 4124 2620 4179; x_wconf 88' lang='lat' dir='ltr'><strong>terris</strong></span> <span class='ocrx_word' id='word_1_716' title='bbox 2641 4125 2799 4191; x_wconf 86' lang='lat' dir='ltr'><strong>sunt,</strong></span> <span class='ocrx_word' id='word_1_717' title='bbox 2823 4123 2884 4176; x_wconf 93' lang='lat' dir='ltr'><strong>in</strong></span> <span class='ocrx_word' id='word_1_718' title='bbox 2915 4126 3130 4176; x_wconf 89' lang='lat' dir='ltr'><strong>terram</strong></span> <span class='ocrx_word' id='word_1_719' title='bbox 3154 4122 3426 4192; x_wconf 87' lang='lat' dir='ltr'><strong>redeant,</strong></span> <span class='ocrx_word' id='word_1_720' title='bbox 3456 4126 3514 4178; x_wconf 92' lang='lat' dir='ltr'><strong>et</strong></span> <span class='ocrx_word' id='word_1_721' title='bbox 3542 4123 3598 4177; x_wconf 92' lang='lat' dir='ltr'><strong>in</strong></span> <span class='ocrx_word' id='word_1_722' title='bbox 3626 4125 3795 4176; x_wconf 82' lang='lat' dir='ltr'><strong>terram</strong></span> 
     </span>
    </p>
   </div>
   <div class='ocr_carea' id='block_1_107' title="bbox 2172 4210 3795 4283">
    <p class='ocr_par' dir='ltr' id='par_1_107' title="bbox 2172 4210 3795 4283">
     <span class='ocr_line' id='line_1_107' title="bbox 2172 4210 3795 4283; baseline -0.006 -13"><span class='ocrx_word' id='word_1_723' title='bbox 2172 4213 2549 4270; x_wconf 90' lang='lat' dir='ltr'><strong>resolvantur</strong></span> <span class='ocrx_word' id='word_1_724' title='bbox 2585 4211 2809 4281; x_wconf 79' lang='lat' dir='ltr'><strong>(Eccle.</strong></span> <span class='ocrx_word' id='word_1_725' title='bbox 2850 4228 2933 4280; x_wconf 90' lang='grc' dir='ltr'><strong><em>ιιι,</em></strong></span> <span class='ocrx_word' id='word_1_726' title='bbox 2981 4211 3095 4279; x_wconf 76' lang='grc'><strong>20).</strong></span> <span class='ocrx_word' id='word_1_727' title='bbox 3146 4210 3307 4266; x_wconf 86' lang='lat' dir='ltr'><strong>Mare</strong></span> <span class='ocrx_word' id='word_1_728' title='bbox 3363 4226 3601 4283; x_wconf 91' lang='lat' dir='ltr'><strong>quoque</strong></span> <span class='ocrx_word' id='word_1_729' title='bbox 3644 4211 3795 4281; x_wconf 86' lang='lat' dir='ltr'><strong>ipsum</strong></span> 
     </span>
    </p>
   </div>
   <div class='ocr_carea' id='block_1_108' title="bbox 2170 4296 3793 4376">
    <p class='ocr_par' dir='ltr' id='par_1_108' title="bbox 2170 4296 3793 4376">
     <span class='ocr_line' id='line_1_108' title="bbox 2170 4296 3793 4376; baseline -0.007 -17"><span class='ocrx_word' id='word_1_730' title='bbox 2170 4316 2542 4376; x_wconf 81' lang='lat' dir='ltr'><strong>quaecunque</strong></span> <span class='ocrx_word' id='word_1_731' title='bbox 2608 4316 2856 4370; x_wconf 91' lang='lat' dir='ltr'><strong>corpora</strong></span> <span class='ocrx_word' id='word_1_732' title='bbox 2923 4300 3175 4355; x_wconf 89' lang='lat' dir='ltr'><strong>humana</strong></span> <span class='ocrx_word' id='word_1_733' title='bbox 3242 4301 3623 4369; x_wconf 86' lang='lat' dir='ltr'><strong>demerserit,</strong></span> <span class='ocrx_word' id='word_1_734' title='bbox 3684 4296 3793 4350; x_wconf 85' lang='lat' dir='ltr'><strong>vici-</strong></span> 
     </span>
    </p>
   </div>
   <div class='ocr_carea' id='block_1_109' title="bbox 2171 4382 3793 4462">
    <p class='ocr_par' dir='ltr' id='par_1_109' title="bbox 2171 4382 3793 4462">
     <span class='ocr_line' id='line_1_109' title="bbox 2171 4382 3793 4462; baseline -0.008 -14"><span class='ocrx_word' id='word_1_735' title='bbox 2171 4394 2265 4449; x_wconf 89' lang='lat' dir='ltr'><strong>nis</strong></span> <span class='ocrx_word' id='word_1_736' title='bbox 2314 4393 2554 4462; x_wconf 85' lang='lat' dir='ltr'><strong>exspuit</strong></span> <span class='ocrx_word' id='word_1_737' title='bbox 2600 4390 2756 4444; x_wconf 90' lang='lat' dir='ltr'><strong>unda</strong></span> <span class='ocrx_word' id='word_1_738' title='bbox 2801 4389 3148 4460; x_wconf 88' lang='lat' dir='ltr'><strong>plerumque</strong></span> <span class='ocrx_word' id='word_1_739' title='bbox 3191 4389 3517 4444; x_wconf 87' lang='lat' dir='ltr'><strong>littoribus.</strong></span> <span class='ocrx_word' id='word_1_740' title='bbox 3566 4385 3712 4453; x_wconf 88' lang='lat' dir='ltr'><strong>Quod</strong></span> <span class='ocrx_word' id='word_1_741' title='bbox 3749 4382 3793 4437; x_wconf 87' lang='lat' dir='ltr'><strong>ni</strong></span> 
     </span>
    </p>
   </div>
   <div class='ocr_carea' id='block_1_110' title="bbox 2172 4477 3792 4551">
    <p class='ocr_par' dir='ltr' id='par_1_110' title="bbox 2172 4477 3792 4551">
     <span class='ocr_line' id='line_1_110' title="bbox 2172 4477 3792 4551; baseline -0.005 -15"><span class='ocrx_word' id='word_1_742' title='bbox 2172 4484 2248 4539; x_wconf 91' lang='lat' dir='ltr'><strong>ita</strong></span> <span class='ocrx_word' id='word_1_743' title='bbox 2288 4485 2472 4551; x_wconf 90' lang='lat' dir='ltr'><strong>esset,</strong></span> <span class='ocrx_word' id='word_1_744' title='bbox 2516 4479 2777 4550; x_wconf 82' lang='lat' dir='ltr'><strong>difficile,</strong></span> <span class='ocrx_word' id='word_1_745' title='bbox 2811 4478 3007 4549; x_wconf 90' lang='lat' dir='ltr'><strong>credo,</strong></span> <span class='ocrx_word' id='word_1_746' title='bbox 3044 4478 3165 4533; x_wconf 92' lang='lat' dir='ltr'><strong>Deo</strong></span> <span class='ocrx_word' id='word_1_747' title='bbox 3210 4477 3368 4535; x_wconf 90' lang='lat' dir='ltr'><strong>foret</strong></span> <span class='ocrx_word' id='word_1_748' title='bbox 3409 4478 3523 4548; x_wconf 72' lang='grc'>(44)</span> <span class='ocrx_word' id='word_1_749' title='bbox 3566 4478 3792 4546; x_wconf 74' lang='lat' dir='ltr'><strong>dispersa</strong></span> 
     </span>
    </p>
   </div>
   <div class='ocr_carea' id='block_1_111' title="bbox 2171 4631 2374 4680">
    <p class='ocr_par' dir='ltr' id='par_1_111' title="bbox 2171 4631 2374 4680">
     <span class='ocr_line' id='line_1_111' title="bbox 2171 4631 2374 4680; baseline -0.01 0"><span class='ocrx_word' id='word_1_750' title='bbox 2171 4631 2312 4680; x_wconf 89' lang='lat' dir='ltr'><strong>tror.</strong></span> <span class='ocrx_word' id='word_1_751' title='bbox 2353 4648 2374 4673; x_wconf 80' lang='grc' dir='ltr'><strong>ιο</strong></span> 
     </span>
    </p>
   </div>
   <div class='ocr_carea' id='block_1_112' title="bbox 2243 4691 2893 4766">
    <p class='ocr_par' dir='ltr' id='par_1_112' title="bbox 2243 4691 2893 4766">
     <span class='ocr_line' id='line_1_112' title="bbox 2243 4691 2893 4766; baseline -0.009 -15"><span class='ocrx_word' id='word_1_752' title='bbox 2243 4696 2357 4766; x_wconf 88' lang='grc'>(40)</span> <span class='ocrx_word' id='word_1_753' title='bbox 2388 4694 2471 4748; x_wconf 88' lang='lat' dir='ltr'><strong>Ita</strong></span> <span class='ocrx_word' id='word_1_754' title='bbox 2501 4694 2617 4748; x_wconf 88' lang='lat' dir='ltr'><strong>vet.</strong></span> <span class='ocrx_word' id='word_1_755' title='bbox 2649 4691 2788 4747; x_wconf 90' lang='lat' dir='ltr'><strong>edit.</strong></span> <span class='ocrx_word' id='word_1_756' title='bbox 2811 4706 2893 4766; x_wconf 68' lang='lat' dir='ltr'><strong>ac</strong></span> 
     </span>
    </p>
   </div>
   <div class='ocr_carea' id='block_1_113' title="bbox 2170 4763 3783 4839">
    <p class='ocr_par' dir='ltr' id='par_1_113' title="bbox 2170 4763 3783 4839">
     <span class='ocr_line' id='line_1_113' title="bbox 2170 4763 3783 4839; baseline -0.007 -18"><span class='ocrx_word' id='word_1_757' title='bbox 2170 4763 2307 4822; x_wconf 87' lang='lat' dir='ltr'><strong>edit.</strong></span> <span class='ocrx_word' id='word_1_758' title='bbox 2338 4763 2415 4839; x_wconf 84' lang='lat' dir='ltr'><strong>ac</strong></span> <span class='ocrx_word' id='word_1_759' title='bbox 2432 4782 2578 4819; x_wconf 90' lang='lat' dir='ltr'><strong>mss.</strong></span> <span class='ocrx_word' id='word_1_760' title='bbox 2597 4763 2894 4839; x_wconf 84' lang='lat' dir='ltr'><strong>nonnulli,</strong></span> <span class='ocrx_word' id='word_1_761' title='bbox 2923 4786 2944 4811; x_wconf 71' lang='grc' dir='ltr'><strong><em>ει</em></strong></span> <span class='ocrx_word' id='word_1_762' title='bbox 2967 4764 3150 4839; x_wconf 76' lang='lat' dir='ltr'><strong>humo</strong></span> <span class='ocrx_word' id='word_1_763' title='bbox 3172 4764 3360 4832; x_wconf 88' lang='lat' dir='ltr'><strong>aride,</strong></span> <span class='ocrx_word' id='word_1_764' title='bbox 3386 4774 3746 4839; x_wconf 71' lang='lat' dir='ltr'><strong>arenosoque,</strong></span> <span class='ocrx_word' id='word_1_765' title='bbox 3768 4774 3783 4801; x_wconf 80' lang='grc' dir='ltr'><strong>ι</strong></span> 
     </span>
    </p>
   </div>
   <div class='ocr_carea' id='block_1_114' title="bbox 2168 4832 3784 4910">
    <p class='ocr_par' dir='ltr' id='par_1_114' title="bbox 2168 4832 3784 4910">
     <span class='ocr_line' id='line_1_114' title="bbox 2168 4832 3784 4910; baseline -0.007 -18"><span class='ocrx_word' id='word_1_766' title='bbox 2168 4838 2475 4910; x_wconf 10' lang='lat' dir='ltr'><strong>quomodo,</strong></span> <span class='ocrx_word' id='word_1_767' title='bbox 2532 4837 2733 4910; x_wconf 86' lang='lat' dir='ltr'><strong>etiam_</strong></span> <span class='ocrx_word' id='word_1_768' title='bbox 2772 4835 3089 4910; x_wconf 83' lang='lat' dir='ltr'><strong>legendum</strong></span> <span class='ocrx_word' id='word_1_769' title='bbox 3156 4834 3460 4910; x_wconf 86' lang='lat' dir='ltr'><strong>contendit</strong></span> <span class='ocrx_word' id='word_1_770' title='bbox 3524 4832 3784 4910; x_wconf 71' lang='lat' dir='ltr'><strong>Nannius,</strong></span> 
     </span>
    </p>
   </div>
   <div class='ocr_carea' id='block_1_115' title="bbox 2168 4902 3783 4963">
    <p class='ocr_par' dir='ltr' id='par_1_115' title="bbox 2168 4902 3783 4963">
     <span class='ocr_line' id='line_1_115' title="bbox 2168 4902 3783 4963; baseline -0.007 0"><span class='ocrx_word' id='word_1_771' title='bbox 2168 4902 2417 4963; x_wconf 73' lang='lat' dir='ltr'><strong>adducta</strong></span> <span class='ocrx_word' id='word_1_772' title='bbox 2446 4907 2735 4962; x_wconf 84' lang='lat' dir='ltr'><strong>Prisciani</strong></span> <span class='ocrx_word' id='word_1_773' title='bbox 2768 4902 3131 4960; x_wconf 66' lang='lat' dir='ltr'><strong>auctoritate.</strong></span> <span class='ocrx_word' id='word_1_774' title='bbox 3191 4908 3265 4959; x_wconf 82' lang='lat' dir='ltr'><strong>At</strong></span> <span class='ocrx_word' id='word_1_775' title='bbox 3313 4910 3517 4959; x_wconf 90' lang='lat' dir='ltr'><strong>contra</strong></span> <span class='ocrx_word' id='word_1_776' title='bbox 3566 4902 3783 4956; x_wconf 80' lang='lat' dir='ltr'><strong>Latinius</strong></span> 
     </span>
    </p>
   </div>
   <div class='ocr_carea' id='block_1_116' title="bbox 2166 4977 3779 5049">
    <p class='ocr_par' dir='ltr' id='par_1_116' title="bbox 2166 4977 3779 5049">
     <span class='ocr_line' id='line_1_116' title="bbox 2166 4977 3779 5049; baseline -0.004 -15"><span class='ocrx_word' id='word_1_777' title='bbox 2166 4980 2570 5049; x_wconf 86' lang='lat' dir='ltr'><strong>reponendum</strong></span> <span class='ocrx_word' id='word_1_778' title='bbox 2604 4978 2904 5045; x_wconf 89' lang='lat' dir='ltr'><strong>censebat,</strong></span> <span class='ocrx_word' id='word_1_779' title='bbox 2943 5001 2964 5023; x_wconf 81' lang='grc' dir='ltr'><strong><em>«ι</em></strong></span> <span class='ocrx_word' id='word_1_780' title='bbox 3011 4977 3779 5049; x_wconf 54' lang='lat' dir='ltr'><strong>humiuridoarenosoquen</strong></span> 
     </span>
    </p>
   </div>
   <div class='ocr_carea' id='block_1_117' title="bbox 2169 5046 3783 5119">
    <p class='ocr_par' dir='ltr' id='par_1_117' title="bbox 2169 5046 3783 5119">
     <span class='ocr_line' id='line_1_117' title="bbox 2169 5046 3783 5119; baseline -0.008 -15"><span class='ocrx_word' id='word_1_781' title='bbox 2169 5046 2266 5104; x_wconf 74' lang='lat' dir='ltr'><strong>cui</strong></span> <span class='ocrx_word' id='word_1_782' title='bbox 2296 5052 2529 5105; x_wconf 89' lang='lat' dir='ltr'><strong>lectioni</strong></span> <span class='ocrx_word' id='word_1_783' title='bbox 2562 5066 2674 5103; x_wconf 84' lang='lat' dir='ltr'><strong>ms.</strong></span> <span class='ocrx_word' id='word_1_784' title='bbox 2710 5049 2909 5103; x_wconf 88' lang='lat' dir='ltr'><strong>nullus</strong></span> <span class='ocrx_word' id='word_1_785' title='bbox 2949 5047 3334 5119; x_wconf 71' lang='lat' dir='ltr'><strong>suffragatur,</strong></span> <span class='ocrx_word' id='word_1_786' title='bbox 3369 5048 3506 5101; x_wconf 88' lang='lat' dir='ltr'><strong>licet</strong></span> <span class='ocrx_word' id='word_1_787' title='bbox 3548 5046 3783 5099; x_wconf 86' lang='lat' dir='ltr'><strong>habeatur</strong></span> 
     </span>
    </p>
   </div>
   <div class='ocr_carea' id='block_1_118' title="bbox 2170 5119 3684 5195">
    <p class='ocr_par' dir='ltr' id='par_1_118' title="bbox 2170 5119 3684 5195">
     <span class='ocr_line' id='line_1_118' title="bbox 2170 5119 3684 5195; baseline -0.003 -20"><span class='ocrx_word' id='word_1_788' title='bbox 2170 5123 2229 5175; x_wconf 89' lang='lat' dir='ltr'><strong>in</strong></span> <span class='ocrx_word' id='word_1_789' title='bbox 2260 5122 2635 5195; x_wconf 84' lang='lat' dir='ltr'><strong>quibusdam,</strong></span> <span class='ocrx_word' id='word_1_790' title='bbox 2673 5143 2692 5166; x_wconf 88' lang='lat'><strong>«</strong></span> <span class='ocrx_word' id='word_1_791' title='bbox 2730 5120 2891 5195; x_wconf 83' lang='lat' dir='ltr'><strong>humi</strong></span> <span class='ocrx_word' id='word_1_792' title='bbox 2922 5119 3107 5195; x_wconf 65' lang='lat' dir='ltr'><strong>arida,</strong></span> <span class='ocrx_word' id='word_1_793' title='bbox 3142 5134 3529 5195; x_wconf 78' lang='lat' dir='ltr'><strong>arenosaque.</strong></span> <span class='ocrx_word' id='word_1_794' title='bbox 3567 5139 3587 5163; x_wconf 78' lang='grc' dir='ltr'><strong>ι</strong></span> <span class='ocrx_word' id='word_1_795' title='bbox 3622 5184 3632 5195; x_wconf 39' lang='grc'><strong>⁸</strong></span> <span class='ocrx_word' id='word_1_796' title='bbox 3676 5185 3684 5193; x_wconf 39' lang='grc'>.</span> 
     </span>
    </p>
   </div>
   <div class='ocr_carea' id='block_1_119' title="bbox 2237 5182 3775 5262">
    <p class='ocr_par' dir='ltr' id='par_1_119' title="bbox 2237 5182 3775 5262">
     <span class='ocr_line' id='line_1_119' title="bbox 2237 5182 3775 5262; baseline -0.008 -16"><span class='ocrx_word' id='word_1_797' title='bbox 2237 5182 2351 5262; x_wconf 57' lang='lat' dir='ltr'><strong>(fit)</strong></span> <span class='ocrx_word' id='word_1_798' title='bbox 2386 5194 2531 5245; x_wconf 81' lang='lat' dir='ltr'><strong>Mss.</strong></span> <span class='ocrx_word' id='word_1_799' title='bbox 2567 5182 2684 5245; x_wconf 87' lang='lat' dir='ltr'><strong>non</strong></span> <span class='ocrx_word' id='word_1_800' title='bbox 2714 5191 2905 5262; x_wconf 83' lang='lat' dir='ltr'><strong>pauci,</strong></span> <span class='ocrx_word' id='word_1_801' title='bbox 2943 5213 2965 5236; x_wconf 75' lang='grc' dir='ltr'><strong>ιι</strong></span> <span class='ocrx_word' id='word_1_802' title='bbox 3005 5182 3136 5245; x_wconf 85' lang='lat' dir='ltr'><strong>Non</strong></span> <span class='ocrx_word' id='word_1_803' title='bbox 3166 5190 3348 5261; x_wconf 90' lang='lat' dir='ltr'><strong>igitur</strong></span> <span class='ocrx_word' id='word_1_804' title='bbox 3385 5182 3442 5243; x_wconf 86' lang='lat' dir='ltr'><strong>id</strong></span> <span class='ocrx_word' id='word_1_805' title='bbox 3488 5182 3775 5242; x_wconf 86' lang='lat' dir='ltr'><strong>hominibus</strong></span> 
     </span>
    </p>
   </div>
   <div class='ocr_carea' id='block_1_120' title="bbox 2167 5261 3363 5333">
    <p class='ocr_par' dir='ltr' id='par_1_120' title="bbox 2167 5261 3363 5333">
     <span class='ocr_line' id='line_1_120' title="bbox 2167 5261 3363 5333; baseline -0.003 -16"><span class='ocrx_word' id='word_1_806' title='bbox 2167 5266 2321 5318; x_wconf 81' lang='lat' dir='ltr'><strong>terra</strong></span> <span class='ocrx_word' id='word_1_807' title='bbox 2354 5264 2634 5333; x_wconf 80' lang='lat' dir='ltr'><strong>denegat;</strong></span> <span class='ocrx_word' id='word_1_808' title='bbox 2673 5284 2694 5309; x_wconf 76' lang='grc' dir='ltr'><strong>ι</strong></span> <span class='ocrx_word' id='word_1_809' title='bbox 2730 5261 2986 5331; x_wconf 84' lang='lat' dir='ltr'><strong>quidam,</strong></span> <span class='ocrx_word' id='word_1_810' title='bbox 3016 5263 3363 5333; x_wconf 76' lang='lat' dir='ltr'><strong>denegaret.</strong></span> 
     </span>
    </p>
   </div>
   <div class='ocr_carea' id='block_1_121' title="bbox 2236 5319 3773 5405">
    <p class='ocr_par' dir='ltr' id='par_1_121' title="bbox 2236 5319 3773 5405">
     <span class='ocr_line' id='line_1_121' title="bbox 2236 5319 3773 5405; baseline -0.019 0"><span class='ocrx_word' id='word_1_811' title='bbox 2236 5335 2350 5405; x_wconf 67' lang='grc'>(4⁸2)</span> <span class='ocrx_word' id='word_1_812' title='bbox 2381 5319 2578 5389; x_wconf 61' lang='grc' dir='ltr'><strong>Ουιιὲκ</strong></span> <span class='ocrx_word' id='word_1_813' title='bbox 2621 5319 2873 5403; x_wconf 50' lang='lat' dir='ltr'><strong>“entia,</strong></span> <span class='ocrx_word' id='word_1_814' title='bbox 2916 5354 2938 5381; x_wconf 78' lang='grc' dir='ltr'><strong>ι</strong></span> <span class='ocrx_word' id='word_1_815' title='bbox 2976 5319 3127 5386; x_wconf 79' lang='lat' dir='ltr'><strong>aves</strong></span> <span class='ocrx_word' id='word_1_816' title='bbox 3169 5319 3628 5405; x_wconf 67' lang='lat' dir='ltr'><strong>dilaceraverint.</strong></span> <span class='ocrx_word' id='word_1_817' title='bbox 3659 5347 3678 5371; x_wconf 76' lang='grc' dir='ltr'><strong>ι</strong></span> 
     </span>
    </p>
   </div>
   <div class='ocr_carea' id='block_1_122' title="bbox 2165 5388 3770 5475">
    <p class='ocr_par' dir='ltr' id='par_1_122' title="bbox 2165 5388 3770 5475">
     <span class='ocr_line' id='line_1_122' title="bbox 2165 5388 3770 5475; baseline -0.006 -15"><span class='ocrx_word' id='word_1_818' title='bbox 2165 5388 2282 5461; x_wconf 75' lang='lat' dir='ltr'><strong>non</strong></span> <span class='ocrx_word' id='word_1_819' title='bbox 2314 5388 2493 5459; x_wconf 80' lang='lat' dir='ltr'><strong>multo</strong></span> <span class='ocrx_word' id='word_1_820' title='bbox 2525 5409 2660 5475; x_wconf 88' lang='lat' dir='ltr'><strong>post</strong></span> <span class='ocrx_word' id='word_1_821' title='bbox 2691 5388 2989 5458; x_wconf 58' lang='lat' dir='ltr'><strong>idem&#39;ms.</strong></span> <span class='ocrx_word' id='word_1_822' title='bbox 3025 5419 3159 5457; x_wconf 90' lang='lat' dir='ltr'><strong>cum</strong></span> <span class='ocrx_word' id='word_1_823' title='bbox 3187 5402 3320 5457; x_wconf 88' lang='lat' dir='ltr'><strong>aliis</strong></span> <span class='ocrx_word' id='word_1_824' title='bbox 3350 5402 3584 5472; x_wconf 88' lang='lat' dir='ltr'><strong>aliquot,</strong></span> <span class='ocrx_word' id='word_1_825' title='bbox 3608 5417 3629 5447; x_wconf 72' lang='grc' dir='ltr'><strong>ι</strong></span> <span class='ocrx_word' id='word_1_826' title='bbox 3649 5388 3770 5465; x_wconf 78' lang='lat' dir='ltr'><strong>quod</strong></span> 
     </span>
    </p>
   </div>
   <div class='ocr_carea' id='block_1_123' title="bbox 2164 5476 2952 5533">
    <p class='ocr_par' dir='ltr' id='par_1_123' title="bbox 2164 5476 2952 5533">
     <span class='ocr_line' id='line_1_123' title="bbox 2164 5476 2952 5533; baseline -0.01 0"><span class='ocrx_word' id='word_1_827' title='bbox 2164 5479 2241 5533; x_wconf 89' lang='lat' dir='ltr'><strong>ita</strong></span> <span class='ocrx_word' id='word_1_828' title='bbox 2270 5478 2505 5532; x_wconf 88' lang='lat' dir='ltr'><strong>demum</strong></span> <span class='ocrx_word' id='word_1_829' title='bbox 2537 5476 2890 5530; x_wconf 87' lang='lat' dir='ltr'><strong>inveniatur.</strong></span> <span class='ocrx_word' id='word_1_830' title='bbox 2929 5498 2952 5524; x_wconf 85' lang='grc' dir='ltr'><strong>ιι</strong></span> 
     </span>
    </p>
   </div>
   <div class='ocr_carea' id='block_1_124' title="bbox 2235 5540 3767 5619">
    <p class='ocr_par' dir='ltr' id='par_1_124' title="bbox 2235 5540 3767 5619">
     <span class='ocr_line' id='line_1_124' title="bbox 2235 5540 3767 5619; baseline -0.009 -15"><span class='ocrx_word' id='word_1_831' title='bbox 2235 5550 2348 5619; x_wconf 81' lang='grc'>(43)</span> <span class='ocrx_word' id='word_1_832' title='bbox 2382 5547 2552 5602; x_wconf 83' lang='lat' dir='ltr'><strong>Haud</strong></span> <span class='ocrx_word' id='word_1_833' title='bbox 2581 5547 2756 5619; x_wconf 85' lang='lat' dir='ltr'><strong>pauci</strong></span> <span class='ocrx_word' id='word_1_834' title='bbox 2786 5561 2957 5619; x_wconf 83' lang='lat' dir='ltr'><strong>mss.,</strong></span> <span class='ocrx_word' id='word_1_835' title='bbox 2993 5565 3016 5596; x_wconf 76' lang='grc' dir='ltr'><strong>ι</strong></span> <span class='ocrx_word' id='word_1_836' title='bbox 3045 5560 3162 5601; x_wconf 91' lang='lat' dir='ltr'><strong>non</strong></span> <span class='ocrx_word' id='word_1_837' title='bbox 3184 5547 3515 5619; x_wconf 88' lang='lat' dir='ltr'><strong>resurgant,</strong></span> <span class='ocrx_word' id='word_1_838' title='bbox 3536 5540 3767 5593; x_wconf 69' lang='lat' dir='ltr'><strong>caeterum</strong></span> 
     </span>
    </p>
   </div>
   <div class='ocr_carea' id='block_1_125' title="bbox 2162 5616 3653 5685">
    <p class='ocr_par' dir='ltr' id='par_1_125' title="bbox 2162 5616 3653 5685">
     <span class='ocr_line' id='line_1_125' title="bbox 2162 5616 3653 5685; baseline -0.009 -6"><span class='ocrx_word' id='word_1_839' title='bbox 2162 5616 2272 5679; x_wconf 88' lang='lat' dir='ltr'><strong>nec</strong></span> <span class='ocrx_word' id='word_1_840' title='bbox 2305 5616 2664 5675; x_wconf 78' lang='lat' dir='ltr'><strong>resurrectio</strong></span> <span class='ocrx_word' id='word_1_841' title='bbox 2695 5618 3039 5685; x_wconf 90' lang='lat' dir='ltr'><strong>destruitur,</strong></span> <span class='ocrx_word' id='word_1_842' title='bbox 3076 5641 3099 5665; x_wconf 74' lang='grc' dir='ltr'><strong>ιι</strong></span> <span class='ocrx_word' id='word_1_843' title='bbox 3134 5616 3439 5673; x_wconf 87' lang='lat' dir='ltr'><strong>commodo</strong></span> <span class='ocrx_word' id='word_1_844' title='bbox 3468 5625 3653 5685; x_wconf 84' lang='lat' dir='ltr'><strong>sensu.</strong></span> 
     </span>
    </p>
   </div>
   <div class='ocr_carea' id='block_1_126' title="bbox 2233 5684 3679 5770">
    <p class='ocr_par' dir='ltr' id='par_1_126' title="bbox 2233 5684 3679 5770">
     <span class='ocr_line' id='line_1_126' title="bbox 2233 5684 3679 5770; baseline -0.006 -20"><span class='ocrx_word' id='word_1_845' title='bbox 2233 5693 2346 5770; x_wconf 78' lang='grc'>(44)</span> <span class='ocrx_word' id='word_1_846' title='bbox 2377 5690 2624 5762; x_wconf 86' lang='lat' dir='ltr'><strong>Quidam</strong></span> <span class='ocrx_word' id='word_1_847' title='bbox 2655 5705 2828 5764; x_wconf 89' lang='lat' dir='ltr'><strong>mss.,</strong></span> <span class='ocrx_word' id='word_1_848' title='bbox 2858 5711 2881 5739; x_wconf 78' lang='grc' dir='ltr'><strong><em>α</em></strong></span> <span class='ocrx_word' id='word_1_849' title='bbox 2907 5684 3148 5748; x_wconf 80' lang='lat' dir='ltr'><strong>difficile</strong></span> <span class='ocrx_word' id='word_1_850' title='bbox 3178 5688 3296 5747; x_wconf 87' lang='lat' dir='ltr'><strong>Deo</strong></span> <span class='ocrx_word' id='word_1_851' title='bbox 3327 5701 3445 5747; x_wconf 85' lang='lat' dir='ltr'><strong>non</strong></span> <span class='ocrx_word' id='word_1_852' title='bbox 3474 5684 3628 5744; x_wconf 83' lang='lat' dir='ltr'><strong>foret.</strong></span> <span class='ocrx_word' id='word_1_853' title='bbox 3658 5700 3679 5731; x_wconf 77' lang='grc' dir='ltr'><strong>ι</strong></span> 
     </span>
    </p>
   </div>
   <div class='ocr_carea' id='block_1_127' title="bbox 2940 4690 3788 4762">
    <p class='ocr_par' dir='ltr' id='par_1_127' title="bbox 2940 4690 3788 4762">
     <span class='ocr_line' id='line_1_127' title="bbox 2940 4690 3788 4762; baseline -0.009 -16"><span class='ocrx_word' id='word_1_854' title='bbox 2940 4690 3144 4762; x_wconf 86' lang='lat' dir='ltr'><strong>plures</strong></span> <span class='ocrx_word' id='word_1_855' title='bbox 3193 4706 3370 4761; x_wconf 90' lang='lat' dir='ltr'><strong>mss.,</strong></span> <span class='ocrx_word' id='word_1_856' title='bbox 3427 4691 3593 4747; x_wconf 80' lang='lat' dir='ltr'><strong>Rom.</strong></span> <span class='ocrx_word' id='word_1_857' title='bbox 3638 4693 3788 4742; x_wconf 83' lang='lat' dir='ltr'><strong>autem</strong></span> 
     </span>
    </p>
   </div>
  </div>
