4060 6178
331 303 481 369 1389

1188 302 1300 366 DE
1329 301 1717 366 EXCESSU
1749 301 2113 366 FRATRIS
2144 303 2280 367 SUI
2312 303 2619 366 SATYRI
2651 305 2809 367 LIB.
2846 302 2930 367 II.

3600 304 3755 371 1390

301 502 669 571 connectere,
702 499 987 571 dissipata
1019 501 1286 572 sociare;
1321 502 1417 557 cui
1447 503 1705 558 mundus
1735 503 1968 558 obtem-
1999 485 2057 549 Α
2085 504 2303 559 dicere.
2357 503 2525 560 Unde
2568 505 2683 560 hoc
2713 507 2905 576 caput,
2943 509 3000 560 et
3031 505 3229 560 vultus
3277 505 3389 561 iste
3439 505 3754 575 mirabilis,

302 593 482 662 perat,
518 593 678 644 muta
707 589 1120 661 obsequuntur
1148 591 1454 660 elementa,
1490 593 1670 649 servit
1713 595 1922 645 natura
1952 608 1966 647 :

295 680 467 751 quasi
518 694 637 735 non
681 678 933 749 majoris
989 678 1259 733 miraculi
1317 680 1395 734 sit
1439 680 1643 735 limum
1700 681 1967 735 animare

300 784 474 839 quam
500 767 760 839 jungere
781 768 810 821 ?

364 857 452 912 59.
484 856 633 910 Avis
666 855 726 910 in
749 855 994 926 regione
1016 855 1275 925 Arabiae,
1310 858 1404 911 cui
1438 872 1652 912 nomen
1675 862 1768 911 est
1796 857 1969 927 phoe-

297 947 413 1016 nix,
446 944 714 1000 rodivivo
745 959 874 999 suae
907 944 1106 999 carnis
1138 944 1384 1000 humore
1424 946 1797 1017 reparabilis,
1835 962 1969 1001 cum

297 1039 524 1091 mortua
553 1033 750 1102 fuerit,
784 1032 1090 1087 reviviscit
1123 1047 1136 1088 :
1173 1032 1343 1088 solus
1375 1049 1493 1089 non
1524 1035 1826 1090 credimus
1856 1034 1967 1090 ho-

298 1125 487 1201 mines
516 1121 915 1177 resuscitari?
946 1121 1124 1193 Atqui
1169 1121 1284 1177 hoc
1330 1123 1618 1179 relatione
1650 1123 1879 1192 crebra,
1913 1128 1971 1178 et

301 1213 730 1285 scripturarum
758 1210 1106 1265 auctoritate
1137 1210 1253 1281 (45)
1303 1213 1695 1284 cognovimus
1743 1227 1971 1267 memo-

299 1304 481 1357 ratam
527 1314 697 1355 avem
727 1298 1190 1371 quingentorum
1228 1315 1522 1356 annorum
1553 1301 1744 1371 spatia
1775 1300 1971 1354 vitalis

300 1404 449 1446 usus
480 1388 704 1444 habere
750 1388 1125 1458 praescripta,
1176 1402 1423 1459 eamque
1473 1405 1607 1444 cum
1648 1389 1765 1445 sibi
1794 1389 1970 1444 ﬁnem

302 1480 435 1535 vitae
464 1478 680 1533 adesse
711 1492 986 1549 praesaga
1014 1476 1269 1548 quadam
1299 1480 1526 1533 natura)
1557 1494 1685 1534 suae
1717 1479 1967 1533 aestima-

294 1568 415 1624 tion
467 1566 834 1639 cognoverit,
888 1565 1120 1620 thecam
1170 1564 1289 1620 sibi
1320 1566 1394 1621 de
1414 1565 1586 1621 thure
1635 1569 1693 1621 et
1721 1566 1962 1638 myrrha

300 1660 357 1712 et
384 1656 620 1712 caeteris
655 1654 943 1710 odoribus
990 1654 1300 1722 adornare,
1351 1654 1760 1726 completoque
1790 1670 1968 1726 opere

299 1745 516 1817 pariter
543 1758 613 1798 ac
650 1746 934 1814 tempore,
981 1742 1200 1797 intrare
1231 1742 1372 1811 illis,
1422 1748 1595 1815 atque
1628 1744 1813 1798 emori
1849 1759 1861 1798 :
1894 1759 1968 1798 ex
2000 1742 2054 1806 B
2082 1745 2220 1817 quia
2275 1745 2448 1799 vides

299 1833 475 1905 maius
511 1832 761 1889 humore
792 1831 936 1886 oriri
979 1846 1263 1901 vermem,
1299 1831 1697 1903 paulatimque
1745 1847 1880 1888 eum
1909 1832 1970 1887 in

300 1923 428 1978 avis
458 1920 733 1994 ejusdem
761 1920 1014 1993 ﬁguram
1044 1935 1458 1991 concrescere,
1511 1936 1805 1993 usumque
1845 1922 1969 1976 for-

302 2012 471 2083 mari,
496 2010 815 2066 subnixam
864 2024 1100 2081 quoque
1130 2009 1380 2082 remigio
1409 2024 1761 2081 pennarum,
1793 2024 1970 2066 reno-

300 2105 452 2156 vata
480 2099 618 2155 vitm
649 2098 847 2155 officia
876 2113 1120 2153 munere
1148 2098 1384 2168 pietatis
1415 2099 1618 2154 ordiri.
1662 2098 1813 2154 Nam
1843 2098 1972 2154 the-

300 2204 432 2244 cam
459 2188 642 2259 illam,
672 2187 768 2242 vel
788 2186 1078 2241 tumulum
1108 2187 1398 2257 corporis,
1431 2187 1526 2242 vel
1549 2187 1971 2243 incunabulum

299 2277 695 2350 resurgentis,
735 2277 797 2331 in
840 2291 957 2347 qua
1000 2273 1287 2332 deficiens
1332 2276 1568 2344 occidit,
1601 2280 1659 2331 et
1688 2275 1972 2332 occidens

296 2365 581 2439 resurgit,
616 2380 693 2420 ex
720 2363 1026 2433 {EthiOpia
1054 2364 1115 2437 in
1155 2364 1513 2435 Lycaoniam
1553 2364 1716 2419 vehit
1746 2380 1760 2420 :
1794 2367 1971 2436 atque

296 2455 379 2510 ita
407 2452 844 2510 resurrectione
873 2451 1002 2507 avis
1032 2450 1236 2524 hujus,
1270 2452 1537 2508 locorum
1570 2453 1782 2509 incolae
1814 2469 1973 2508 com-

297 2544 520 2616 pletnm
550 2541 1009 2614 quingentorum
1034 2556 1326 2596 annorum
1357 2542 1588 2611 tempus
1612 2542 1968 2614 intelligunt.

300 2632 463 2705 Ergo
492 2631 592 2687 isti
613 2632 709 2686 avi
737 2629 1257 2702 quingentesimus
1286 2629 1750 2685 resurrectionis
1781 2646 1972 2688 annus

300 2726 416 2793 est,
446 2720 623 2776 nobis
654 2718 1008 2774 millesimus
1039 2718 1153 2789 (46)
1184 2734 1198 2773 :
1232 2718 1317 2773 illi
1348 2718 1405 2772 in
1439 2718 1553 2774 hoc
1583 2720 1831 2789 saeculo,
1862 2735 1972 2775 no-

301 2810 402 2866 bis
431 2809 494 2865 in
513 2807 1022 2864 consummatione
1066 2806 1291 2863 mundi.
1339 2807 1616 2879 Plerique
1645 2808 1820 2863 etiam
1850 2809 1974 2879 opi-

300 2901 518 2956 nantur
546 2897 705 2970 quod
737 2897 866 2952 avis
895 2895 1025 2952 haec
1062 2911 1277 2968 rogum
1318 2895 1437 2951 sibi
1465 2896 1596 2968 ipsa
1627 2896 1970 2967 succendat,

2085 594 2259 665 cujus
2290 594 2573 648 artificem
2620 611 2737 647 non
2786 594 3058 648 videmus
3084 637 3097 663 ,
3150 611 3301 664 opus
3351 594 3623 650 videmus
3650 638 3663 665 ,
3697 596 3757 650 in

2082 683 2245 736 varia
2275 683 2471 737 officia
2503 699 2769 753 ususque
2801 684 3133 738 formatur?
3167 684 3335 738 Unde
3377 683 3571 738 forma
3602 700 3760 739 erec-

2080 772 2214 838 tior,
2249 774 2440 826 status
2472 771 2789 841 excelsior,
2822 772 3074 827 faciendi
3106 772 3220 841 vis,
3256 772 3559 828 sentiendi
3589 773 3759 828 viva-

2081 862 2250 928 citas,
2284 860 2594 932 gradiendi
2626 860 2924 915 facultas?
2972 861 3178 932 Ignota
3228 863 3390 915 certe
3423 862 3599 916 nobis
3622 866 3763 917 sunt

2081 952 2305 1003 naturae
2363 964 2616 1020 organa,
2671 950 2780 1004 sed
2827 953 2965 1005 nota
3020 949 3348 1004 ministeria
3397 949 3534 1020 (48).
3587 949 3659 1005 Et
3697 953 3762 1006 tu

2080 1053 2283 1092 semen
2313 1037 2499 1106 fuisti,
2535 1041 2593 1093 et
2622 1040 2784 1092 tuum
2820 1054 3038 1109 corpus
3079 1053 3286 1093 semen
3335 1041 3431 1093 est
3460 1054 3765 1094 resurrec-

2080 1125 2214 1181 turi.
2251 1126 2404 1180 Audi
2434 1127 2701 1195 Paulum,
2737 1129 2795 1182 et
2823 1126 2991 1182 disce
3035 1127 3173 1199 quia
3206 1142 3415 1182 semen
3446 1143 3514 1183 es
3547 1143 3559 1183 :
3597 1148 3621 1177 ι
3655 1126 3761 1183 Se-

2078 1215 2335 1270 minatur
2363 1215 2424 1269 in
2467 1215 2863 1286 corruptione,
2898 1219 3108 1289 surget
3152 1216 3212 1270 in
3260 1216 3708 1288 incorruptione
3742 1232 3760 1271 ε.

2079 1303 2403 1357 seminatur
2434 1304 2493 1358 in
2541 1304 2928 1375 ignobilitate,
2985 1309 3197 1377 surget
3226 1305 3285 1359 in
3308 1305 3501 1378 gloria
3534 1320 3547 1361 :
3583 1305 3761 1360 scmi-

2080 1394 2255 1445 natur
2284 1393 2341 1445 in
2372 1391 2734 1463 inﬁrmitate,
2787 1396 3000 1466 surget
3028 1394 3089 1448 in
3134 1393 3349 1449 virtute
3383 1410 3395 1448 :
3435 1393 3760 1448 seminatur

2081 1495 2301 1551 corpus
2332 1481 2602 1551 animale,
2639 1487 2848 1555 surget
2875 1497 3100 1553 corpus
3118 1481 3387 1553 spiritale
3417 1481 3471 1551 (Ι
3502 1481 3638 1538 Cor.
3658 1497 3758 1547 xv,

2079 1567 2300 1638 42-44).
2358 1593 2379 1618 ι»
2434 1569 2505 1624 Et
2545 1573 2608 1625 tu
2658 1586 2802 1643 ergo
2856 1571 3175 1626 seminaris
3217 1574 3282 1626 ut
3331 1572 3566 1640 caetera,
3621 1570 3762 1642 quid

2080 1656 2318 1711 miraris
2368 1658 2421 1711 si
2469 1674 2760 1730 resurges
2801 1661 2865 1714 ut
2911 1663 3126 1715 caatera
3157 1661 3185 1713 ‘?
3223 1658 3341 1714 Sed
3391 1659 3490 1713 illa
3540 1658 3757 1727 credis,

2497 1763 2508 1799 :
2561 1747 2674 1800 ista
2716 1763 2835 1801 non
2865 1746 3104 1816 credis,
3166 1747 3304 1817 quia
3363 1762 3483 1801 non
3540 1746 3757 1801 vides:

2086 1855 2108 1881 «
2153 1833 2317 1889 Beati
2357 1833 2459 1904 qui
2497 1849 2614 1888 non
2654 1835 2968 1904 viderunt,
3031 1838 3088 1889 et
3146 1834 3529 1891 crediderunt
3568 1834 3758 1900 (Joan.

2081 1939 2163 1976 xx
2180 1963 2194 1991 ,
2226 1920 2339 1994 29).
2380 1944 2402 1971 ι

2152 2009 2242 2065 61.
2304 2010 2527 2066 Tamen
2575 2016 2889 2083 antequam
2935 2015 3175 2083 tempus
3219 2012 3436 2081 veniat,
3489 2026 3600 2068 nec
3656 2010 3759 2067 illa

2084 2098 2440 2170 creduntur;
2472 2115 2590 2155 non
2620 2100 2780 2156 enim
2809 2116 2981 2156 omne
3021 2104 3258 2171 tempus
3311 2101 3759 2156 accommodum

2083 2187 2155 2242 ad
2175 2188 2586 2243 resuscitanda
2631 2188 2878 2244 semina.
2931 2188 3064 2244 Alio
3113 2189 3374 2243 triticum
3406 2189 3757 2259 seminatnr,

2082 2275 2199 2332 alio
2230 2277 2499 2331 nascitur
2530 2292 2543 2332 :
2577 2277 2690 2332 alio
2738 2277 2878 2332 vitis
2907 2277 3213 2348 inseritur,
3254 2278 3372 2332 alio
3404 2279 3760 2350 gemmantia

2083 2368 2384 2420 sarmenta
2412 2364 2769 2435 pubescunt,
2816 2365 3077 2420 luxuriat
3123 2366 3458 2437 pampinus,
3492 2382 3608 2421 uva
3638 2366 3757 2421 for-

2084 2455 2276 2508 matur
2306 2468 2320 2507 :
2351 2452 2467 2508 alio
2497 2452 2791 2524 plantatur
2832 2453 2981 2523 olea,
3025 2453 3139 2510 alio
3178 2454 3342 2510 velut
3387 2454 3520 2509 alvo
3553 2455 3758 2526 gravis

2084 2544 2142 2597 et
2190 2544 2405 2596 onusta
2449 2541 2616 2611 prole
2663 2542 3019 2611 baccarum,
3072 2542 3302 2598 fructus
3352 2543 3450 2599 sui
3485 2542 3755 2598 ubertate

2084 2630 2385 2685 curvescit
2415 2629 2547 2700 (49).
2581 2631 2731 2685 Ante
2762 2646 2905 2687 vero
2936 2647 3112 2704 quam
3150 2646 3326 2687 suum
3369 2631 3584 2704 cuique
3614 2634 3754 2686 tem-

2081 2735 2195 2790 pus
2223 2718 2516 2790 adveniat,
2549 2718 2741 2775 fetura
2788 2720 3136 2776 restrictior.
3171 2724 3265 2776 est
3297 2735 3311 2777 :
3346 2736 3457 2777 nec
3502 2735 3753 2794 genera-

2080 2807 2261 2863 tionis
2292 2809 2522 2863 aetatem
2568 2807 2747 2864 habet
2785 2809 2848 2864 in
2891 2811 3183 2881 potestate
3220 2810 3548 2882 generandi
3594 2810 3747 2880 ipsa,

2082 2911 2217 2967 quae
2247 2901 2511 2969 generat.
2548 2897 2722 2952 Nunc
2769 2898 3082 2954 informem
3114 2898 3255 2970 situ,
3279 2914 3438 2955 nunc
3481 2898 3606 2954 fetu
3634 2914 3749 2954 nu-

298 2993 359 3046 et
387 3002 601 3043 rursus
642 2986 835 3050 1150
866 2984 938 3040 de
969 2983 1190 3040 favillis
1230 2983 1360 3041 suis
1392 2988 1450 3041 et
1482 2986 1784 3041 cineribus
1814 2986 1975 3040 revi-
2005 2995 2057 3059 ο
2083 2984 2237 3054 dam,
2270 3001 2429 3040 nunc
2475 2986 2764 3042 virentem
2804 2987 3075 3057 floribus,
3116 3003 3275 3043 nunc
3322 2989 3591 3043 arentem
3642 2987 3757 3057 (50)

303 3078 519 3133 viscat.

371 3165 462 3223 60.
492 3165 612 3222 Sed
656 3164 916 3221 fortasse
946 3167 1155 3219 natura
1184 3162 1525 3235 discretior,
1569 3164 1706 3218 ﬁdei
1734 3180 1971 3236 quoque

301 3254 725 3311 discretionem
755 3253 1026 3309 videatur
1052 3250 1265 3309 aﬁ‘erre
1297 3269 1310 3308 :
1344 3253 1407 3308 in
1435 3252 1729 3325 originem
1758 3254 1974 3323 princi-

298 3344 582 3416 piumque
610 3342 871 3399 hominis
900 3340 1254 3413 procreandi
1295 3356 1468 3397 mens
1509 3345 1715 3397 nostra
1749 3342 1972 3397 redeat.

276 3432 430 3488 .Viri
460 3432 632 3503 estis,
666 3431 903 3487 feminae
952 3430 1124 3502 estis,
1169 3446 1306 3502 quae
1353 3431 1610 3486 humana
1650 3435 1808 3500 sunt,
1857 3447 1977 3487 non

300 3521 598 3594 ignoratis
632 3537 645 3576 :
680 3525 740 3576 et
768 3521 821 3576 si
866 3520 967 3591 qui
1013 3520 1326 3592 ignoratis,
1387 3535 1462 3574 ex
1514 3520 1701 3576 nihilo
1757 3522 1975 3592 putatis

299 3626 444 3667 esse
472 3651 489 3681 ,
557 3609 717 3682 quod
773 3609 1095 3664 nascimur.
1154 3607 1339 3674 Quam
1399 3624 1474 3664 ex
1528 3625 1716 3681 parvo
1775 3609 1977 3680 quanti

301 3699 692 3772 exsurgimus
720 3698 833 3770 (4'7)
854 3696 867 3753 l
893 3697 966 3752 Et
986 3698 1041 3752 si
1062 3713 1182 3753 non
1201 3697 1618 3769 exprimimus,
1648 3698 1978 3771 intelligitis

300 3790 504 3844 tamen
561 3788 706 3860 quid
759 3786 1053 3856 velimus,
1110 3785 1208 3842 vel
1266 3785 1466 3858 potius
1519 3786 1664 3858 quid
1720 3787 1979 3842 nolimus

378 3929 493 4000 (45)
525 3929 696 3985 Rom.
728 3928 890 3999 edit.,
930 3949 952 3980 ι
1005 3930 1062 3984 et
1109 3929 1467 4000 scriptorum
1509 3929 1856 3984 auctoritate
1890 3947 1904 3994 ;
1953 3953 1974 3977 η

305 3999 566 4070 caeteras,
601 4016 670 4055 ac
700 4016 849 4055 mss.
875 4015 1104 4069 omnes,
1153 4021 1175 4046 α
1219 4003 1276 4054 et
1314 3999 1742 4071 scripturarum
1773 4004 1977 4055 aucto-

302 4074 500 4128 ritate.
538 4092 561 4122 :
597 4072 729 4127 Non
759 4075 955 4126 tamen
984 4071 1442 4125 existimandum
1473 4075 1566 4125 est
1593 4072 1975 4125 Ambrosium

310 4159 508 4216 «quae
537 4144 692 4216 apud
719 4146 997 4216 auctores
1027 4142 1122 4216 vel
1161 4141 1556 4216 ethnicosgvel
1589 4146 1749 4216 certe
1788 4143 1976 4216 eccle-

304 4212 593 4270 siasticos
625 4215 697 4269 de
727 4214 999 4286 phmnice
1030 4212 1278 4286 legerat,
1312 4228 1400 4286 ea”
1424 4212 1748 4286 Scripturis
1781 4215 1975 4286 sacris

300 4263 693 4356 {Spatia—ui
710 4263 1848 4356 {Sessias}:measininaisti;
1859 4263 1972 4340 liii
2003 4263 2057 4325 D

303 4373 351 4410 ιι
383 4354 458 4411 de
494 4355 616 4410 Usu
645 4354 894 4411 Patrum
925 4370 1053 4424 cap.
1083 4355 1137 4408 3.
1162 4354 1312 4408 Nam
1341 4355 1591 4410 cumlib.
1623 4371 1661 4409 v
1689 4356 1972 4410 Hexaem.

306 4442 442 4497 cap.
476 4426 566 4495 23,
584 4442 749 4499 num.
768 4426 858 4495 79,
877 4425 1214 4499 phoenicem
1231 4426 1545 4499 declarans
1562 4427 1815 4499 ﬁguram
1832 4442 1973 4499 esse

304 4498 796 4567 resurrectionis,
829 4499 903 4552 de
931 4497 1234 4567 Scriptura
1256 4497 1404 4552 nihil
1420 4498 1593 4568 plane
1606 4497 1796 4568 dicat;
1821 4498 1980 4568 quod

302 4573 506 4623 tamen
538 4568 692 4638 apud
735 4568 1116 4637 christianos,
1171 4568 1389 4638 quibus
1437 4568 1754 4636 scribebat,
1789 4568 1978 4622 maxi—

304 4656 473 4695 mum
504 4639 815 4711 habuisset
844 4643 1202 4711 momentum
1236 4654 1248 4694 :
1284 4639 1381 4694 hic
1413 4640 1510 4693 ubi
1533 4641 1656 4711 agit
1684 4640 1980 4695 adversus

307 4711 608 4778 ethnicos,
642 4727 752 4781 cur
777 4709 1099 4781 Scripturae
1130 4710 1349 4781 divinae
1375 4709 1732 4765 mentionem
1764 4711 1982 4766 faceret

305 4782 470 4852 apud
497 4797 605 4837 eos
637 4780 859 4836 nullam
878 4780 1287 4853 auctoritatem
1336 4780 1627 4836 habiturw
1648 4782 1676 4835 ‘?
1706 4781 1973 4853 Scriptu-

306 4870 518 4925 rarum
546 4853 731 4925 igitur
762 4868 970 4925 vocem
991 4852 1252 4925 adhibet,
1277 4854 1340 4906 ut
1359 4856 1664 4925 auctorum
1697 4855 1825 4907 sive
1847 4852 1983 4923 pro-

309 4923 611 4991 fanorum,
661 4923 791 4995 sive
835 4924 1378 4995 ecclesiasticorum
1423 4923 1697 4995 designet
1740 4926 1981 4993 scripta,

306 5010 500 5067 eaque
532 5010 666 5049 cum
695 4994 991 5067 relatione
1012 4994 1250 5049 crebra.
1279 4995 1337 5049 id
1370 4997 1481 5067 est,
1498 4994 1688 5067 vocali
1711 4996 1989 5067 sermoci-

312 5065 556 5120 natione
580 5069 911 5136 componat.
937 5065 1142 5135 Neque
1166 5081 1307 5120 vero
1326 5066 1540 5119 mirum
1563 5065 1751 5119 videri
1788 5066 1984 5135 debet,

309 5138 371 5191 si
401 5136 695 5207 phoenicis
725 5136 996 5206 exemplo
1027 5136 1101 5190 ad
1143 5136 1507 5207 probandam
1547 5152 1859 5208 corporum
1894 5154 1987 5191 rc-

310 5210 751 5264 surrection'em
784 5208 875 5262 usi
905 5208 1125 5262 fuerint
1157 5212 1388 5263 veteres
1419 5209 1648 5275 Patres,
1681 5208 1987 5263 Tertullia-

308 5295 433 5336 nus
463 5279 565 5334 lib.
602 5279 676 5334 de
706 5279 958 5334 Rcsurr.
991 5294 1118 5350 cap.
1154 5278 1241 5347 13,
1274 5279 1529 5350 Cyrillus
1562 5279 1723 5333 Hier.
1760 5280 1985 5334 catae/1.

315 5350 410 5417 18,
446 5350 722 5404 Clemens
775 5350 945 5404 Rom.
989 5349 1175 5420 Epist.
1224 5350 1245 5403 Ι
1294 5349 1367 5403 ad
1410 5350 1698 5419 Corinth.,
1733 5351 1991 5404 Basilius

310 5421 479 5477 hom.
512 5421 545 5474 8
578 5421 637 5475 in
659 5421 968 5491 Hexaem.,
990 5420 1355 5491 Epiphanius
1378 5421 1437 5475 in
1466 5423 1752 5477 Ancorat.
1770 5437 1907 5475 num
1926 5422 1995 5474 85

308 5495 375 5565 et
406 5492 465 5546 in
496 5491 827 5565 Phisiolog.
866 5509 994 5565 cap.
1049 5493 1136 5562 11,
1180 5492 1501 5565 pluresque
1532 5493 1631 5546 alii
1659 5509 1673 5562 ;
1705 5509 1837 5546 nam
1860 5508 1995 5546 cum

307 5564 390 5620 de
423 5564 630 5618 eadem
661 5562 791 5633 ave,
816 5562 879 5617 ut
906 5566 1110 5633 poetas
1133 5562 1492 5632 omittamus,
1517 5565 1785 5619 historici
1811 5569 1996 5618 cater-

306 5634 500 5717 y‘atim
532 5634 904 5717 s__erip_serint,
936 5637 1174 5717 ut_puta
1222 5634 1560 5717 Hei'qdotus
1608 5634 1992 5717 in‘Euterpc,

308 5706 496 5763 Corn.
545 5705 788 5761 Tacitus
820 5705 1053 5762 Annal.
1091 5706 1194 5762 lib.
1228 5722 1307 5776 v1,
1362 5705 1590 5761 Plinius
1634 5706 1736 5761 lib.
1778 5724 1815 5760 ιι
1853 5705 1994 5761 Nat.

2082 3072 2274 3144 ipsam
2305 3074 2565 3129 omnium
2586 3091 2800 3130 cernas
2832 3078 3157 3146 parentem.
3181 3074 3326 3142 Quae
3347 3076 3551 3148 utique
3580 3075 3759 3131 vellet

2083 3161 2360 3217 omnibus
2392 3178 2459 3218 se
2492 3164 2711 3218 vestire
2744 3164 3136 3235 temporibus,
3159 3177 3270 3219 nec
3287 3179 3545 3235 unquam
3574 3179 3757 3219 aurea

2084 3253 2356 3322 segetum
2387 3254 2486 3307 aut
2514 3252 2825 3307 viridantia
2853 3256 3157 3324 pratorum
3196 3251 3536 3307 indumenta
3566 3252 3753 3323 depo-

2082 3355 2225 3396 nere
2258 3356 2271 3395 :
2306 3341 2435 3411 ipsa
2469 3342 2564 3396 sui
2596 3356 2806 3414 egens,
2840 3345 2898 3397 et
2918 3345 3309 3413 proventuum
3333 3356 3598 3411 suorum,
3622 3357 3757 3413 qua:

2078 3428 2140 3484 in
2169 3428 2319 3484 alios
2353 3430 2763 3499 transfuderit,
2800 3430 3061 3486 indotata
3087 3429 3475 3500 compendiis.

2150 3517 2239 3573 62.
2290 3517 2452 3590 Ergo
2510 3521 2568 3574 et
2614 3523 2878 3574 nostram
2927 3519 3433 3574 resurrectionem
3478 3519 3591 3574 etsi
3634 3534 3754 3574 non

2081 3606 2282 3662 credis
2312 3606 2448 3676 ﬁde,
2485 3623 2603 3662 non
2624 3608 2821 3662 credis
2845 3607 3137 3678 exemplo,
3163 3623 3281 3662 usu
3301 3622 3368 3663 es
3391 3608 3751 3663 crediturus.

2082 3693 2154 3749 Et
2174 3695 2309 3749 aliis
2339 3695 2575 3765 quidem
2608 3695 2921 3765 fructibus,
2966 3698 3029 3750 ut
3058 3695 3181 3764 viti,
3227 3696 3397 3766 oleae,
3439 3697 3754 3768 pomisque

2083 3782 2348 3839 diversis
2398 3784 2535 3838 anni
2583 3786 2731 3840 aetas
2777 3788 3037 3840 extrema
3082 3784 3300 3840 habilis
3339 3785 3749 3841 maturandis:

2085 3925 2322 3997 signato
2354 3929 2618 4000 tempore
2639 3931 2707 4000 iet
2740 3925 2870 4000 loco
2901 3942 3040 4000 esse
3059 3928 3257 4000 testati
3288 3930 3427 3984 sunt
3453 3946 3468 3995 ς
3500 3928 3753 4000 pruden-

2082 4000 2174 4051 ter
2205 4011 2347 4050 sane
2377 3997 2458 4072 pii
2479 3998 2561 4051 illi
2594 3999 2704 4052 viri
2726 3999 2797 4052 ad
2822 3999 3227 4072 explicandam
3250 3997 3754 4072 asserendamque

2083 4069 2607 4141 resurrectionem,
2661 4086 2784 4125 rem
2829 4074 3000 4140 captu
3058 4071 3116 4124 in
3172 4072 3379 4141 primis
3429 4069 3752 4137 difficilem,

2084 4139 2382 4214 communi
2414 4142 2805 4209 persuasione
2830 4139 2916 4196 uti
2946 4139 3277 4214 voluerdnt.
3309 4142 3605 4199 Caeterum
3629 4143 3757 4214 jam

2084 4209 2143 4283 i_n
2175 4208 2527 4283 fabularum!
2554 4228 2865 4267 numerum
2912 4213 3155 4282 phoenix
3202 4215 3529 4283 reponitur,
3568 4208 3752 4268 ut'vi-

2086 4280 2226 4354 dere
2242 4286 2349 4354 est
2362 4281 2534 4354 apud
2547 4280 2932 4354 recentiores
2955 4280 3290 4353 scriptores
3301 4280 3749 4354 OrnithOlogiee.

2087 4351 2204 4405 Sed
2237 4350 2379 4406 illud
2411 4350 2563 4422 apud
2595 4368 2700 4407 eos
2732 4370 2763 4407 a
2796 4354 2992 4408 debita
3015 4350 3240 4408 sanctis
3265 4354 3546 4408 Patribus
3578 4350 3753 4407 véne-

2084 4421 2314 4495 ratione
2345 4421 2516 4492 plane
2546 4424 2821 4492 alienum,
2856 4425 3015 4494 quod
3047 4441 3152 4479 eos
3183 4425 3283 4495 qui
3317 4425 3559 4479 credant
3590 4423 3755 4492 phen-

2090 4493 2283 4548 nicem
2339 4495 2661 4562 exsistere,
2722 4493 2926 4549 contra
2983 4493 3305 4565 Scripturae
3352 4494 3757 4549 auctoritatem

2088 4566 2737 4650 sen'tire'prpnuntiant.

2159 4634 2276 4706 (46)
2307 4634 2528 4692 Eodem
2560 4653 2745 4691 sensu
2778 4636 2872 4691 hic
2916 4635 3079 4706 loqui
3128 4634 3361 4690 videtur
3403 4636 3759 4692 Ambrosius

2088 4711 2312 4779 noster,
2347 4723 2462 4778 quo
2496 4708 2739 4776 scripsit
2771 4707 3166 4779 Augustinus,
3217 4706 3317 4761 lib.
3352 4725 3432 4762 xx
3462 4708 3537 4763 de
3572 4708 3757 4775 Civil,

2089 4776 2223 4848 Dei,
2259 4776 2387 4847 cap,
2419 4779 2471 4846 '7,
2514 4802 2533 4825 σι
2566 4782 2665 4832 aut
2695 4782 2853 4832 certe
2875 4776 3055 4832 'mille
3086 4793 3275 4831 annos
3303 4793 3412 4848 pro
3445 4781 3616 4834 annis
3645 4795 3764 4834 om-

2090 4847 2268 4930 nibus
2301 4847 2484 4929 hujus
2520 4850 2727 4930 smculi
2760 4849 2976 4930 posuit,
3003 4852 3073 4930 ut
3096 4847 3359 4930 perfecto
3392 4866 3765 4930 numero_no-

2089 4921 2314 5003 tacetur
2364 4918 2828 5003 ipsatcmporis
2859 4920 3181 5003 plenitudo.
3219 4944 3240 4966 ››
3293 4918 3762 5003 Eavct‘qui-dem

2092 4987 2227 5063 huic
2259 4987 3033 5063 expositioni,_quod'infra
3082 5007 3239 5044 num.
3291 4990 3359 5045 63
3421 4987 3759 5063 subjicitur,

2097 5082 2118 5144 τι
2154 5059 2353 5114 Mundi
2387 5066 2648 5144 tempora
2688 5059 2879 5143 annus
2915 5078 3086 5144 imus.
3119 5067 3230 5144 est,
3284 5086 3305 5110 ιι
3361 5066 3473 5144 etc.
3508 5059 3570 5118 Si
3624 5064 3766 5144 quis

2091 5135 2287 5185 tamen
2319 5133 2480 5186 malit
2507 5133 2565 5186 in
2615 5133 2889 5203 opinione
2939 5131 3390 5188 Chiliastrarum
3432 5135 3562 5190 haec
3608 5131 3763 5187 dicta

2095 5217 2254 5270 esse,
2288 5203 2456 5257 adeat
2488 5219 2620 5273 quae
2655 5220 2765 5257 nos
2799 5204 2994 5274 priore
3035 5208 3190 5259 tomo
3224 5205 3282 5259 in
3313 5204 3579 5275 Exposit.
3605 5203 3763 5257 Psal.

2096 5289 2134 5342 ι,
2171 5289 2331 5328 num.
2363 5275 2450 5343 54,
2489 5276 2922 5329 annotavimus.

2179 5344 2295 5417 (47)
2329 5346 2497 5399 Rom.
2532 5345 2669 5400 edit.
2705 5351 2759 5400 et
2789 5362 2937 5401 mss.
2972 5345 3213 5417 aliquot,
3261 5368 3281 5391 ιι
3322 5360 3453 5399 cum
3475 5359 3551 5399 ex
3581 5358 3766 5414 parvo

2097 5416 2239 5477 tanti
2273 5431 2697 5488 exsurgamus.
2739 5440 2760 5465 »

2170 5488 2282 5561 (48)
2316 5486 2444 5561 Non
2474 5486 2649 5561 pauci
2681 5506 2852 5559 mss.,
2891 5512 2911 5535 ιι

2197 5558 2286 5626 49)
2321 5556 2599 5614 Nonnulli
2631 5577 2804 5628 mss.,
2840 5556 2865 5609 λι
2911 5562 3181 5613 onustate
3213 5556 3529 5610 curvescit.
3568 5580 3588 5604 η

2197 5567 2286 5626 49)
2321 5567 2599 5614 Nonnulli
2631 5577 2804 5628 mss.,
2844 5583 2865 5609 α
2911 5567 3181 5613 onustate
3213 5567 3529 5610 curvescxt.
3568 5580 3588 5604 η

2172 5567 2286 5700 (50)
2340 5630 2517 5686 Iidem
2575 5647 2747 5698 mss.,
2807 5654 2828 5678 ιι
2882 5645 3048 5700 nunc,
3085 5628 3397 5700 informem
3447 5628 3588 5699 situ,
3621 5644 3779 5683 nunc

2105 5696 2464 5773 fecundam;
2505 5719 2662 5761 nunc
2701 5696 2992 5762 virentem
3030 5696 3320 5777 ﬂoribus,
3373 5712 3527 5757 nunc
3568 5696 3784 5767 caren-

2951 5488 3055 5541 sed
3090 5490 3224 5540 nota
3256 5485 3561 5555 mysteria.
3599 5509 3621 5535 ιι

311 5776 484 5847 Hist.
518 5792 646 5860 cap.
679 5777 735 5855 2,
758 5780 814 5840 et
846 5777 965 5854 alii,
1002 5793 1254 5859 quorum
1284 5777 1552 5843 nonnulli
1596 5776 1789 5837 visam
1828 5778 2001 5848 etiam
2106 5780 2249 5845 tem.
2288 5796 2310 5825 ι»
