4060 6178
389 289 536 352 1391

1843 283 1908 350 S.
1955 285 2402 352 AMBROSII.

3618 289 3742 362 1392

387 485 564 542 nobis
594 501 830 558 quoque
862 487 1062 541 mundi
1095 489 1522 543 consummatio
1553 492 1831 561 tanquam
1861 470 2577 543 extre—'K‘dormientium
2607 487 2668 542 in
2696 489 2875 542 terrm
2919 485 3108 541 fossis
3161 485 3305 558 (52),
3353 503 3457 543 una
3498 492 3743 562 apertione

385 591 521 630 mus
551 575 693 630 anni
719 574 857 629 finis
886 576 1326 632 accommodem
1359 577 1714 650 resurgendi
1745 576 2056 648 prmscrip-

385 663 466 719 sit
493 665 744 734 aatatem,
765 662 836 718 Et
857 663 1010 719 bene
1032 665 1090 719 in
1114 666 1618 721 consummatione
1634 665 1834 722 mundi
1862 667 1894 728 1
1912 667 1945 728 1
1959 666 2046 728 51

386 753 750 808 resurrectio
770 757 1136 810 mortuorum
1158 759 1250 810 est
1273 771 1288 826 ;
1315 771 1386 810 ne
1403 760 1537 826 post
1558 755 2057 810 resurrectionem

385 840 447 895 in
478 839 592 896 hoc
621 841 840 896 malum
879 843 1054 898 nobis
1102 848 1268 899 esset
1320 844 1608 900 saeculum
1651 842 2056 899 recidendum.

385 927 528 984 Ideo
558 931 716 985 enim
743 929 1020 986 Christus
1050 936 1142 988 est
1173 949 1416 1004 passus,
1440 937 1503 988 ut
1531 948 1643 988 nos
1666 948 1741 988 ex
1761 932 1874 987 hoc
1905 930 2059 986 malo

387 1017 610 1074 saeculo
641 1019 962 1091 liberaret;
994 1035 1068 1077 ne
1105 1021 1319 1078 iterum
1349 1039 1461 1078 nos
1483 1021 1668 1094 hujus
1690 1019 1902 1076 saeculi
1933 1023 2058 1075 ten-

386 1109 641 1164 tamenta
671 1107 1030 1166 subruerent
1059 1113 1116 1166 et
1136 1111 1382 1167 obesset
1415 1111 1673 1180 renasci,
1701 1110 1754 1166 si
1784 1123 2058 1166 renasce-

384 1212 587 1252 remur
613 1197 688 1252 ad
709 1197 961 1268 culpam.

455 1284 546 1342 63.
581 1285 653 1341 Et
680 1287 966 1344 rationem
1002 1288 1186 1360 igitur
1218 1287 1702 1357 resurrectionis,
1738 1291 1795 1344 et
1825 1290 2058 1358 tempus

388 1378 660 1431 tenemus
691 1393 704 1431 :
742 1376 1052 1448 rationem,
1080 1377 1218 1449 quia
1265 1379 1326 1433 in
1353 1377 1628 1432 omnibus
1673 1377 1788 1432 sibi
1835 1375 2058 1432 fetibus

389 1479 562 1537 mque
592 1467 798 1522 natura
827 1465 1170 1537 respondet,
1202 1482 1314 1522 nec
1340 1467 1402 1522 in
1435 1467 1566 1522 sola
1594 1465 1899 1523 hominum
1928 1480 2060 1520 suc-

390 1553 668 1610 cessione
697 1553 1022 1627 degenerat
1051 1572 1064 1610 :
1101 1559 1334 1626 tempus
1359 1597 1374 1626 ,
1407 1555 1546 1627 quia
1590 1555 1785 1610 omnia
1833 1553 1893 1609 in
1921 1553 2060 1608 anni

391 1641 506 1698 line
536 1645 918 1715 generantur.
969 1643 1174 1700 Mundi
1217 1648 1484 1716 tempora
1525 1659 1718 1700 annus
1755 1659 1914 1698 unus
1943 1645 2058 1698 est.

390 1729 464 1787 Et
493 1731 635 1802 quid
655 1731 870 1788 mirum
900 1733 955 1788 si
984 1748 1178 1788 anuus
1207 1749 1366 1788 unus
1389 1735 1501 1802 est,
1525 1732 1760 1804 quando
1789 1731 1922 1786 dies
1945 1746 2062 1786 una

2159 579 2510 649 exsurgent,
2542 575 2606 632 hi
2635 575 2694 630 in
2723 575 2904 631 vitam
2953 579 3254 648 aeternam,
3303 579 3360 632 et
3397 577 3454 634 hi
3494 581 3546 634 in
3573 597 3749 652 oppm-

2156 665 2355 720 brium
2385 669 2442 720 et
2471 665 2529 719 in
2553 665 2966 721 confusionem
2987 670 3370 738 perpetuam:
3404 670 3456 724 et
3487 669 3752 743 intelligen-

2155 757 2249 810 tes
2281 753 2676 825 splendebunt
2707 756 2770 808 ut
2798 755 3082 824 splendor
3111 755 3473 824 ﬁrmamenti,
3501 759 3552 813 et
3575 759 3753 830 exjus

2158 843 2238 898 tis
2269 843 2437 898 multi
2465 844 2622 898 sicut
2653 842 2843 898 stellae
2875 842 2936 898 in
2966 843 3192 899 saecula
3223 843 3394 913 (Dan.
3413 861 3508 916 xu,
3540 845 3564 900 1
3591 849 3754 920 seq)?

2161 931 2319 988 Bene
2347 933 2544 1002 itaque
2574 931 2992 987 dormientium
3021 933 3169 988 dixit
3206 933 3474 1005 quietem,
3502 937 3560 989 ut
3581 935 3754 992 intelli-

2161 1037 2274 1094 gas
2293 1023 2543 1076 mortem
2571 1035 2690 1076 non
2718 1035 2858 1076 esse
2888 1025 3252 1092 perpetuam,
3307 1038 3436 1094 quas
3465 1024 3634 1080 somni
3655 1025 3758 1082 vice

2162 1111 2340 1166 initur
2370 1110 2442 1164 ad
2473 1112 2728 1181 tempus,
2760 1112 2818 1165 et
2843 1109 2918 1164 ad
2947 1113 3182 1182 tempus
3212 1111 3566 1182 excluditur;
3591 1113 3758 1170 melio-

2163 1214 2410 1272 remque
2439 1198 2774 1270 profectum
2803 1199 2942 1254 vitae
2971 1197 3106 1272 ejus
3156 1199 3430 1271 ostendit,
3461 1217 3582 1272 quae
3605 1201 3760 1258 futura

2159 1292 2297 1360 post
2353 1289 2604 1344 mortem
2650 1289 2771 1356 est,
2821 1302 3000 1360 quam
3047 1287 3184 1361 ejus
3216 1303 3352 1360 qua
3398 1291 3521 1345 ante
3561 1293 3760 1346 mortem

2167 1379 2200 1441 1
2217 1379 2250 1440 1
2264 1377 2362 1443 52
2392 1391 2650 1434 mmrore
2678 1391 2749 1432 ac
2775 1376 2980 1432 dolore
3007 1377 3382 1450 transigitur.
3403 1377 3674 1450 Siquidem
3691 1379 3763 1435 illa

2164 1467 2357 1522 stellis
2387 1471 2785 1537 comparatur,
2819 1465 2953 1521 haec
2981 1481 3264 1523 (erumnis
3305 1465 3596 1523 addicitur.

2233 1555 2324 1611 67.
2357 1554 2509 1610 Nam
2539 1555 2680 1627 quid
2711 1554 2811 1610 illa
2839 1557 3169 1624 contexam,
3203 1572 3339 1628 quae
3367 1556 3478 1612 alio
3503 1555 3622 1612 loco
3646 1557 3764 1612 seri-

2161 1647 2258 1716 pta
2289 1646 2428 1699 sunt
2461 1659 2473 1700 :
2515 1666 2538 1693 ιι
2561 1643 2896 1700 Suscitabis
2926 1659 3040 1716 me,
3072 1648 3131 1700 et
3151 1644 3480 1701 conﬁtebor
3495 1644 3591 1700 tibi
3615 1644 3762 1716 (Ρεει.

2163 1749 2342 1804 cxvu,
2373 1733 2516 1804 28)?
2553 1753 2576 1782 ι
2627 1732 2780 1798 Quid
2823 1733 3000 1788 etiam
3048 1733 3222 1802 illud,
3256 1733 3419 1806 quod
3444 1733 3552 1790 Job
3577 1737 3769 1790 sanctas

390 1821 526 1876 est?
555 1819 688 1876 Una
717 1821 870 1876 enim
893 1821 989 1876 die
1020 1821 1308 1877 Dominus
1339 1821 1644 1894 operarios
1675 1820 1957 1876 conduxit
1984 1819 2058 1874 ad
2091 1824 2300 1914 Bvitae
2346 1822 2523 1878 istius
2572 1824 2857 1894 expertus
2901 1821 3176 1895 injurias,
3229 1827 3287 1879 ct
3331 1821 3578 1878 adversa
3619 1823 3768 1879 omnia

389 1909 643 1976 vineam,
677 1909 928 1964 dicens:
969 1933 990 1958 ιι
1039 1909 1192 1976 Quid
1221 1910 1318 1966 hic
1366 1910 1538 1967 statis
1585 1912 1705 1966 tota
1755 1909 1852 1966 die
1881 1909 2058 1966 otiosi

389 1997 632 2067 (Μαιιιι.
664 2014 764 2068 xx,
793 1997 897 2068 6)?
932 2018 954 2047 ι

461 2085 551 2142 64.
584 2086 798 2142 Causm
844 2087 1142 2160 originum
1187 2087 1415 2144 semina
1459 2090 1618 2144 sunt.
1664 2087 1884 2145 Semen
1921 2101 2061 2144 esse

390 2191 612 2248 corpus
643 2175 968 2232 humanum
995 2177 1264 2251 gentium
1292 2178 1513 2233 Doctor
1550 2179 1812 2234 asseruit
1841 2177 1897 2247 (Ι
1922 2177 2059 2233 Cor.

389 2282 489 2335 xv,
523 2261 634 2336 12).
676 2263 784 2320 Est
811 2281 957 2339 ergo
997 2265 1334 2322 substantia
1384 2266 1776 2339 resurgendi,
1825 2265 2062 2338 quando

391 2354 692 2412 estseries
714 2355 1070 2411 seminandi.
1102 2353 1270 2422 Quod
1303 2355 1356 2410 si
1387 2355 1722 2411 substantia
1753 2357 1853 2410 aut
1881 2370 2063 2410 causa

391 2459 512 2502 non
565 2445 751 2514 esset,
804 2444 1054 2500 arduum
1109 2446 1429 2517 quisquam
1474 2447 1706 2516 putaret
1750 2444 1875 2500 Deo
1905 2443 2060 2500 unde

391 2531 588 2604 vellet,
631 2532 726 2588 vel
765 2532 1063 2605 quomodo
1103 2533 1298 2604 vellet,
1351 2533 1624 2589 homines
1663 2547 2020 2606 regenerare
2043 2575 2057 2603 ,

391 2621 496 2694 qui
522 2621 805 2677 mundum
823 2638 900 2678 ex
918 2621 1078 2676 nulla
1101 2621 1365 2693 materia,
1385 2622 1545 2678 nulla
1567 2621 1900 2678 substantia
1921 2637 2061 2677 esse

386 2709 596 2782 jussit,
645 2714 701 2765 et
735 2708 928 2766 factus
961 2712 1103 2766 est?
1145 2709 1373 2766 Caelum
1422 2711 1646 2782 aspice,
1696 2715 1917 2766 terram
1965 2710 2061 2764 in-

391 2801 579 2855 tuere.
614 2797 785 2854 Uude
817 2799 1127 2854 stellarum
1159 2799 1379 2872 ignes?
1425 2800 1581 2856 unde
1629 2799 1796 2856 orbis
1825 2797 1975 2854 solis
2008 2803 2064 2854 et

392 2887 592 2944 radii?
618 2887 776 2944 unde
806 2887 964 2944 luna)
997 2888 1216 2960 globus
1237 2889 1266 2943 ?
1297 2889 1451 2944 unde
1471 2889 1754 2945 montium
1775 2888 2058 2958 vertices,

393 2975 543 3032 dura
573 2990 880 3048 saxorum,
913 2991 1228 3034 nemorosa
1259 2977 1547 3033 silvarum
1566 2979 1596 3033 ?
1623 2978 1778 3032 unde
1811 2977 1907 3033 vel
1939 2976 2056 3032 dif-

396 3065 576 3122 fusus
605 3081 728 3136 aer,
751 3066 844 3121 vel
877 3065 1096 3123 infusae
1123 3068 1216 3123 vel
1249 3066 1586 3138 superfusae
1616 3081 1787 3138 aqua)
1806 3067 1836 3120 ?
1865 3065 1982 3122 Sed
2013 3065 2067 3120 si

393 3153 528 3212 haec
565 3155 761 3211 omnia
782 3155 944 3211 Deus
975 3155 1114 3211 fecit
1135 3155 1440 3212 exuihilo:
1473 3176 1496 3206 α
1532 3155 1666 3227 lpse
1697 3156 1852 3210 enim
1875 3153 2064 3223 (Psal.

2158 1911 2438 1984 patientia
2467 1910 2714 1965 virtutis
2745 1924 3122 1982 exsuperans
3145 1911 3278 1982 (58),
3293 1912 3770 1982 compensationem

2163 2001 2280 2057 sibi
2310 2001 2600 2056 malorum
2646 2000 3032 2070 prmsentium
3079 1999 3152 2055 de
3199 2000 3626 2056 resurrectione
3667 2015 3768 2072 pre-

2159 2090 2322 2146 misit
2349 2089 2557 2146 dicens
2590 2106 2602 2143 :
2642 2111 2664 2137 «ι
2692 2087 3026 2144 Suscitabis
3048 2103 3269 2160 corpus
3289 2104 3484 2144 meum
3505 2089 3626 2160 hoc,
3647 2087 3767 2162 quod

2161 2181 2344 2234 multa
2375 2178 2528 2234 mala
2556 2193 2804 2248 passum
2851 2179 2947 2233 est
2993 2177 3147 2248 (Job.
3199 2193 3322 2248 xix,
3377 2175 3468 2248 26)
3495 2179 3524 2232 ?
3563 2200 3584 2226 ιι
3629 2177 3774 2232 Isaias

2161 2283 2399 2341 quoque
2419 2265 2926 2323 resurrectionem
2956 2265 3190 2338 populis
3222 2267 3590 2336 annuntians,
3620 2264 3774 2320 Demi-

2160 2358 2278 2413 nici
2309 2373 2376 2413 se
2407 2355 2675 2412 nuntium
2705 2355 2850 2411 dixit
2879 2371 3020 2412 esse
3050 2356 3334 2427 responsi
3370 2373 3382 2412 :
3419 2355 3504 2410 sic
3536 2356 3672 2411 enim
3696 2354 3775 2410 ha-

2159 2447 2273 2503 bes
2308 2463 2321 2504 :
2363 2467 2386 2496 ι
2420 2445 2502 2501 Os
2534 2445 2691 2500 enim
2721 2444 2965 2500 Domini'
2990 2445 3251 2501 locutum
3281 2446 3402 2516 est,
3434 2445 3490 2500 et
3516 2443 3687 2499 dicent
3708 2443 3775 2496 die

2167 2537 2268 2592 illa
2297 2536 2441 2607 (Isa.
2475 2551 2618 2604 xxv,
2651 2534 2705 2603 8,
2737 2531 2814 2604 9).
2853 2557 2877 2582 ιο
2910 2532 3062 2599 Quid
3093 2533 3278 2607 igitur
3308 2549 3383 2588 os
3413 2531 3630 2588 Domini
3653 2533 3780 2587 locu-

2169 2629 2294 2683 tum
2341 2627 2420 2680 sit
2455 2625 2709 2696 populos
2759 2637 2902 2678 esse
2954 2623 3240 2691 dicturos,
3291 2623 3354 2676 in
3401 2620 3776 2694 posterioribus

2173 2715 2529 2782 declaratur,
2561 2711 2665 2768 ubi
2697 2712 2987 2783 scriptum
3017 2716 3110 2768 est
3142 2728 3154 2767 :
3193 2732 3216 2761 ι
3268 2713 3522 2782 Propter
3563 2711 3780 2765 timorem

2168 2809 2354 2874 tuum,
2388 2803 2653 2870 Domine,
2688 2802 2748 2856 in
2775 2803 2946 2856 utero
2977 2799 3314 2872 accepimus
3340 2804 3398 2854 et
3418 2799 3781 2870 parturivimus

2170 2894 2444 2963 spiritum
2466 2891 2677 2946 salutis
2706 2895 2844 2958 tum,
2881 2903 3058 2961 quem
3087 2887 3352 2944 elfudisti
3384 2903 3564 2958 super
3590 2890 3784 2942 teriam.

2169 2981 2392 3038 Cadent
2411 2979 2514 3052 qui
2545 2979 2872 3036 inhabitant
2891 2980 3131 3048 terram,
3160 2976 3599 3049 resurgentqui
3626 2975 3676 3029 in
3700 2989 3786 3029 mo-

2171 3071 2469 3127 numentis
2503 3073 2641 3124 sunt
2669 3067 2808 3138 (Isa.
2840 3083 3004 3137 xxvx,
3038 3065 3168 3136 18);
3205 3089 3227 3115 υ
3264 3081 3371 3120 ros
3420 3065 3570 3121 enim
3595 3065 3682 3137 qui
3707 3063 3787 3118 abs

2172 3165 2249 3230 te,
2284 3159 2510 3214 sanitas
2541 3162 2635 3213 est
2664 3157 2805 3228 illis,
2857 3160 3012 3212 terra
3041 3171 3187 3211 vero
3236 3154 3554 3226 impiorum
3597 3151 3786 3224 peribit.

394 3202 725 3315 ὲέὶνιιιξε»)
770 3202 1238 3300 άίζιίι’‹ἓῐέειέιεὶ’
1265 3202 1406 3300 έὶιέιῖ
1438 3261 1450 3300 ε
1487 3202 1980 3316 ίρὲο”ιηοηςιειξτίι,
2013 3245 2071 3299 et
2106 3202 3028 3320 σῖέπιίζῐξι’ξ”ρῖ›ἶ›ὀὶἱέζήἰὲἱιε,
3085 3202 3154 3300 et
3218 3202 3374 3298 ίηιιῗιι
3441 3243 3500 3299 in
3553 3202 3788 3298 rerccssus

393 3337 591 3390 creata
638 3337 800 3403 sunt,
838 3355 860 3384 ι
897 3349 1007 3389 cur
1034 3334 1322 3390 miremur
1361 3335 1598 3390 renasci
1647 3349 1854 3404 posse,
1907 3333 2066 3404 quod

393 3421 610 3490 fuerit;
643 3437 778 3478 cum
807 3422 1118 3478 videamus
1147 3426 1349 3478 natum
1378 3439 1539 3492 esse,
1572 3421 1730 3495 quod
1761 3437 1880 3478 non
1911 3421 2068 3476 fuit?

467 3511 558 3568 65.
593 3511 745 3567 Illud
775 3511 1009 3582 mirum,
1040 3513 1199 3585 quod
1239 3528 1374 3568 cum
1413 3511 1918 3568 resurrectionem
1948 3526 2066 3566 non

397 3601 642 3660 credant
697 3601 832 3673 (51),
889 3603 1085 3657 tamen
1134 3616 1209 3657 ne
1258 3617 1452 3674 genus
1498 3605 1700 3672 pereat
1744 3599 2068 3670 hominum,

399 3683 675 3747 elementi
703 3691 958 3763 quadam
1002 3690 1366 3764 benignitate
1397 3691 1804 3762 prospiciunt;
1848 3693 1906 3746 et
1936 3689 2068 3744 ideo

399 3779 658 3834 transire
689 3795 758 3834 ac
790 3779 1134 3852 demigrare
1161 3780 1224 3834 in
1271 3795 1524 3850 corpora
1572 3780 1775 3835 dicunt
1821 3779 2072 3848 animas,

401 3883 476 3922 ne
509 3868 766 3923 mundus
817 3868 1084 3924 intereat.
1117 3868 1233 3924 Sed
1285 3869 1429 3942 quid
1479 3869 1556 3923 sit
1603 3868 1928 3940 difﬁcilius,
1961 3867 2076 3939 ipsi

403 3959 702 4028 asserant,
733 3957 991 4012 transire
1033 3957 1260 4012 animas
1291 3973 1365 4012 an
1397 3957 1594 4012 redire
1619 3976 1630 4012 :
1653 3975 1762 4013 sua
1783 3959 2071 4030 repetere,

407 4060 484 4100 an
512 4061 666 4100 nova
697 4061 988 4117 quaerere.

479 4151 569 4208 66.
603 4151 720 4208 Sed
759 4151 844 4206 illi
893 4151 1192 4222 dubitent,
1245 4154 1343 4224 qui
1391 4168 1507 4208 non
1556 4152 1931 4210 didicerunt:
1965 4170 2076 4210 nos

405 4256 552 4298 vero
600 4241 703 4314 qui
752 4240 1011 4314 legimus
1067 4242 1284 4314 legem,
1343 4241 1685 4314 prophetas,
1735 4243 2074 4314 apostolos,

407 4329 820 4404 Evangelium,
846 4329 1116 4386 dubitare
1150 4330 1240 4386 fas
1275 4347 1391 4386 non
1427 4336 1541 4387 est.
1583 4330 1732 4398 Quis
1778 4333 1933 4388 enim
1963 4333 2075 4388 du-

407 4421 572 4491 bitet,
607 4436 742 4477 cum
785 4419 931 4492 legit
962 4437 974 4475 :
1015 4441 1037 4470 ι
1073 4419 1144 4475 Et
1192 4421 1253 4476 in
1298 4425 1561 4494 tempore
1600 4422 1700 4477 illo
1750 4421 2078 4477 salvabitur
2117 4474 2131 4480 -

2113 4561 2173 4632 D

410 4509 604 4566 omnis
633 4509 805 4582 plebs
834 4514 953 4580 tua,
988 4527 1123 4582 quis
1155 4511 1375 4583 scripta
1396 4515 1489 4566 est
1522 4511 1580 4565 in
1609 4510 1765 4566 libro
1789 4528 1800 4565 :
1827 4515 1884 4566 et
1914 4511 2079 4566 multi

482 4651 596 4734 (5t)
628 4653 756 4708 Duo
785 4656 925 4734 sunt
953 4652 1564 4734 quamdiversissima
1585 4653 2076 4734 immortalitatem

413 4724 738 4796 animarum
767 4724 1034 4796 credere,
1068 4728 1144 4796 et
1192 4740 1509 4795 corporum
1554 4724 2074 4780 resurrectionem.

411 4794 670 4848 Primam
699 4799 923 4867 partem
961 4794 1125 4850 multi
1174 4794 1514 4867 philosophi
1559 4799 1891 4864 tenuerunt,
1925 4809 2075 4866 quo-

413 4880 546 4918 rum
573 4865 832 4938 omnium
879 4867 1092 4921 ducem
1121 4865 1862 4938 eXsitisse’Pherecydem,
1895 4865 2076 4938 a’quo

414 4949 544 5010 eam
574 4936 923 5010 sententiam
956 4938 1352 5010 Pythagoras,
1381 4938 1568 5007 Plato,
1611 4936 1828 5010 aliique
1860 4936 2080 5010 hause-

416 5005 553 5075 rint,
588 5005 798 5060 litteris
830 5005 1402 5076 prodiilere'Tullius
1441 5005 1594 5064 lib.'x
1635 5005 1802 5064 Tusc.
1857 5008 2076 5074 ρης-θεῖ.

413 5091 532 5132 non
565 5076 742 5149 longe
789 5079 879 5149 abf
912 5079 1096 5147 initio,
1156 5080 1500 5135 Lactantius
1550 5079 1652 5135 lib.
1703 5097 1782 5134 vu
1829 5080 1904 5135 de
1955 5077 2080 5134 Vita

413 5149 622 5217 Beata,
657 5148 817 5223 num.
849 5148 901 5216 8,
940 5151 1312 5223 Augustinus
1343 5151 1516 5223 epist.
1573 5152 1691 5221 137,
1726 5152 1802 5206 ad
1853 5151 2040 5223 Voles.
2063 5193 2077 5221 ,

415 5235 610 5275 nume.
647 5219 733 5287 11,
771 5225 826 5274 et
856 5221 1018 5274 multi
1042 5219 1170 5276 'alii.
1202 5219 1592 5288 Quod'autem
1642 5219 1716 5277 ad
1755 5219 2079 5276 secundani

412 5293 741 5366 veritatem,
777 5308 910 5346 cum
945 5293 1097 5366 illam
1131 5294 1169 5346 ii
1201 5295 1313 5348 soli
1335 5295 1620 5366 haberent
1641 5295 1958 5366 cognitam,
1977 5293 2080 5366 qui

410 5378 622 5436 verum
651 5363 836 5418 Deum
878 5380 993 5418 non
1043 5363 1416 5436 ignorabant,
1470 5365 1690 5436 ethnici
1723 5363 2080 5436 philosophi

415 5435 487 5489 de
520 5437 734 5490 animis
763 5451 794 5488 a
825 5435 1132 5506 corporeis
1163 5437 1417 5490 vinculis
1447 5435 1734 5507 absolutae
1765 5440 1921 5490 statu
1950 5435 2082 5507 gra-

411 5507 664 5561 vissime
695 5507 848 5562 inter
875 5505 949 5562 se
992 5507 1384 5562 dissidebant.
1435 5505 1833 5560 Ccleberrima
1871 5505 2078 5561 eorum

411 5577 524 5651 fuit
553 5577 772 5648 Opinio,
803 5579 915 5651 Aqui
946 5593 978 5634 e
1009 5579 1360 5651 corporibus
1410 5576 1628 5651 in_alia
1673 5591 1924 5651 corpora
1969 5577 2076 5651 de-

412 5646 682 5722 migrare
718 5646 948 5722 animus
994 5646 1432 5722 existimabant.
1485 5646 1652 5722 Hanc
1691 5647 1973 5722 edoctum
2003 5649 2076 5705 ab

413 5717 721 5808 {Egyptiis
749 5721 1147 5796 Pythagoram
1177 5719 1368 5780 fuisse
1389 5720 1594 5779 auctor
1613 5719 1704 5778 est
1734 5717 2074 5794 Herodptus

2173 3344 2332 3396 tuos.
2392 3336 2778 3392 Abscondere
2827 3333 3280 3408 aliquantulum,
3345 3332 3532 3388 donec
3581 3330 3791 3387 transeat

2174 3428 2265 3484 ira
2294 3428 2420 3484 Dei.

2243 3519 2335 3574 68.
2365 3517 2551 3583 Quam
2577 3515 2730 3571 bene
2759 3527 3044 3569 recessus
3089 3527 3231 3569 esse
3279 3511 3546 3586 signavit
3580 3503 3792 3566 tumulos

2177 3611 2566 3676 mortuorum,
2597 3604 2818 3677 quibus
2844 3601 3234 3674 pauxillulum
3282 3599 3727 3664 abscondimur;
3748 3593 3794 3647 ut

2181 3701 2241 3756 in
2265 3697 2556 3772 judicium
2585 3693 2713 3763 Dei,
2745 3691 2902 3764 quod
2942 3703 3052 3762 pro
3099 3693 3326 3748 nostris
3379 3687 3700 3746 sceleribus
3718 3683 3796 3756 jus

2181 3788 2395 3845 debitas
2417 3781 2839 3856 indignationis
2869 3783 3158 3848 assumet,
3187 3779 3565 3837 tolerabilius
3589 3774 3797 3832 transire

2180 3871 2522 3950 possimus!
2553 3873 2712 3926 Vivit
2739 3871 2924 3943 igitur
2951 3869 3053 3941 qui
3084 3868 3481 3925 absconditur
3497 3861 3795 3939 etquiescit,

2182 3966 2356 4041 quasi
2385 3981 2418 4019 ο
2448 3962 2642 4018 medio
2673 3976 2741 4015 se
2772 3959 3132 4014 subtrahens
3165 3961 3222 4013 et
3243 3957 3580 4025 recedens;
3609 3969 3675 4008 ne
3700 3963 3799 4006 eum

2184 4053 2545 4114 arctioribus
2575 4048 2805 4122 laqueis
2833 4047 3038 4102 mundi
3060 4045 3244 4118 hujus
3266 4045 3537 4102 involvat
3561 4049 3798 4104 serumst,

2183 4145 2403 4220 quibus
2426 4139 2748 4212 repositam
2767 4134 3230 4192 resurrectionis
3263 4150 3409 4190 esse
3439 4131 3702 4196 laetitiam,
3732 4141 3800 4179 sa-

2183 4236 2539 4305 nitatemque
2570 4242 2886 4299 corporum
2908 4225 3238 4280 solutorum
3269 4223 3478 4280 divino
3508 4236 3640 4278 rore
3667 4231 3802 4305 repa-

2181 4325 2426 4382 rabilem
2444 4303 2471 4378 ﬁ:
2507 4317 2774 4375 cmlestia
2802 4315 3045 4371 oracula
3074 4313 3448 4384 propheticis
3467 4308 3703 4366 vocibus
3719 4303 3806 4376 pol-

2183 4415 2455 4471 licentur.
2487 4409 2558 4464 Et
2601 4407 2754 4464 bene
2798 4419 2908 4461 ros
2955 4403 3551 4492 signiﬁcaturtque—
3577 4391 3801 4492 genitalia

2183 4503 2380 4560 omnia
2395 4505 2692 4556 terrarum
2705 4495 2932 4551 semina
2952 4492 3340 4548 suscitantur.
3359 4489 3517 4557 Quid
3537 4487 3708 4560 igitur
3719 4487 3801 4535 mi—

2184 4647 2242 4703 in
2273 4644 2528 4713 Euterpe
2561 4658 2573 4696 :
2605 4639 2908 4713 Platonem
2925 4633 3288 4713 v_ero‘eide_r_u
3308 4646 3553 4713 quoque
3582 4620 3802 4713 amenti:

2182 4699 2409 4774 nomen,
2424 4699 2665 4770 dedisse
2695 4707 3051 4765 Ambrosius
3067 4704 3180 4760 hoc
3199 4699 3378 4768 libro,
3395 4699 3801 4774 et'Augustinlfg

2181 4763 2875 4856 iiii"i"dé'&}¥ii$bei,_
2896 4763 3026 4849 cap.
3074 4777 3165 4856 30,
3211 4763 3627 4856 testificantur.

2181 4865 2374 4916 tamen
2405 4855 2756 4912 nobiliorem
2785 4845 2996 4906 anima}
3025 4851 3162 4921 post
3189 4845 3549 4921 solutionem
3569 4849 3796 4921 corporis

2184 4913 2577 4986 conditionem
2608 4913 3164 4997 attribuerun‘tfqua
3193 4918 3265 4997 de
3294 4933 3361 4971 re
3395 4913 3800 4997 consulg‘C‘ieg-

2187 4981 2401 5058 £6385;
2415 4981 2524 5054 lib.
2558 4997 2632 5053 de
2661 4994 2901 5050 Somnio
2948 4981 3148 5063 Sbiﬁ,,_
3170 4993 3344 5063 atque
3368 4987 3556 5063 _alibi,
3605 4981 3799 5063 Plut“:

2187 5051 2393 5130 $131115"
2408 5051 2524 5125 lib.
2559 5051 2596 5121 v
2644 5067 2719 5122 de
2747 5064 3024 5141 ⁸Ριριξίιὶεί
3049 5051 3418 5141 Ἰηιίιρὲορξιε
3469 5051 3592 5126 cap.
3636 5051 3684 5123 '1,
3711 5051 3800 5102 imo

2184 5129 2488 5201 Platonem
2519 5141 2714 5211 ipsum
2744 5137 2803 5192 in
2834 5133 3156 5211 Phaedone,
3189 5133 3244 5185 et
3272 5129 3440 5184 alibi.

2255 5197 2480 5284 (5:7!)lta
2508 5197 2642 5284 Gil].
2680 5211 2850 5264 Rom.
2885 5206 3024 5284 edit.
3066 5197 3290 5284 et'pars
3336 5215 3455 5283 una
3501 5211 3667 5284 mss,
3688 5197 3798 5284 per:

2182 5265 2376 5342 autem
2398 5265 2786 5348 aliia'liabent,
2823 5300 2845 5328 ι
2883 5278 2943 5332 in
2969 5265 3432 5348 terris-defessi,
3465 5293 3486 5318 ιι
3508 5266 3672 5348 cujus
3697 5265 3798 5348 loco

2182 5338 2422 5413 hine—rb.
2455 5359 2628 5424 atque
2675 5338 2846 5405 Eras.
2899 5349 3126 5424 legunt,
3179 5367 3199 5394 ι
3233 5346 3298 5424 i_u_
3311 5338 3522 5424 -terrm
3552 5338 3792 5424 fossus:

2183 5429 2340 5502 quod
2369 5441 2520 5502 nove
2533 5414 2760 5480 dictum
2789 5414 3259 5502 nonanonuisset
3277 5414 3570 5480 Nannius,
3602 5414 3649 5464 si
3677 5416 3794 5460 mss.

2183 5491 2500 5557 consulere
2532 5491 3120 5570 non_neglexisset.u
3206 5559 3241 5570 η
3373 5557 3386 5570 ν

2399 5554 2568 5626 Rom.
2601 5567 2738 5624 edit.
2759 5554 2913 5636 sola,
2951 5585 2972 5610 α
3005 5559 3298 5638 patientiae
3327 5554 3548 5614 virtute
3577 5556 3794 5622 exsupe-

2181 5660 2343 5703 rans.
2383 5666 2404 5692 η
