4098 6178
354 377 382 436 1
395 373 513 438 393

1153 369 1265 433 DE
1308 367 1694 432 EXCESSU
1741 363 2106 428 FRATRIS
2151 363 2286 430 SUI
2336 364 2644 429 SATYRI
2693 367 2852 430 LIB.
2904 366 2984 430 II.

3645 367 3796 433 1394

355 589 488 630 rum
517 573 571 628 si
603 573 932 627 fatiscentis
965 587 1198 642 quoque
1232 569 1501 642 corporis
1547 568 1737 624 nestri
1781 568 2012 621 cineres
2045 546 2258 636 Abus,
2292 571 2347 620 et
2378 570 2598 622 motum
2627 569 2794 639 prius
2827 571 3097 625 ostendat
3129 586 3288 643 esse,
3315 587 3490 644 quam
3512 572 3648 629 vita;
3673 573 3793 646 epi-

353 679 420 717 ac
453 662 669 717 favillae
701 661 1060 733 pinguedine
1093 660 1357 714 caelestis
1391 659 1544 713 roris
1579 657 1927 724 exuberant,
1959 659 2016 708 et

351 755 592 821 accepto
625 751 870 806 humore
905 750 1063 804 vitali
1097 751 1156 804 in
1189 750 1600 820 compaginem
1633 762 1802 802 suam
1829 760 2014 799 mem-

349 841 593 895 brorum
623 843 962 893 nostrorum
995 839 1230 894 habitus
1261 837 1702 893 reformantur?

422 928 516 986 69.
556 928 738 982 Docet
781 928 952 982 etiam
1001 932 1245 983 sanctus
1291 927 1563 982 Ezechiel
1611 923 1915 995 propheta,
1960 923 2014 975 et

347 1017 520 1088 plena
551 1017 920 1087 expositione
952 1017 1260 1086 describit,
1283 1016 1778 1088 quemadmodum
1808 1011 2016 1066 arenti-

348 1106 462 1160 bus
495 1106 669 1177 vigor
697 1106 942 1160 ossibus
977 1106 1344 1175 refundatur,
1377 1120 1597 1160 sensus
1631 1103 1850 1169 redeat,
1886 1115 2014 1154 mo-

346 1197 444 1249 tus
475 1194 736 1263 accedat,
767 1195 1087 1267 nervisque
1118 1195 1525 1262 redeuntibus,
1547 1192 1818 1262 corporis
1852 1204 2010 1244 com—

351 1299 504 1356 pago
537 1283 799 1355 rigescat
829 1283 1066 1338 humani
1094 1300 1108 1354 ;
1139 1283 1632 1355 quemadmodum
1654 1281 1830 1335 nimis
1851 1277 2013 1332 arida

349 1373 570 1427 renatis
602 1388 744 1427 ossa
774 1373 1111 1427 visceribus
1160 1374 1275 1442 (54)
1323 1373 1674 1438 vestiantur,
1710 1382 2014 1422 venarum-

351 1476 464 1532 que
497 1460 712 1530 hiatus,
747 1465 804 1515 et
835 1462 1148 1533 sanguinis
1182 1455 1408 1516 rivulos
1439 1463 1691 1514 extentae
1721 1457 1874 1512 cutis
1906 1471 2012 1508 ve-

349 1549 542 1604 lamen
573 1550 846 1605 obducat.
883 1550 945 1604 In
979 1551 1149 1620 ipsis,
1182 1550 1617 1621 dumlegimus,
1649 1545 2012 1618 propheticis

351 1639 730 1694 sermonibus
761 1639 1153 1694 humanorum
1189 1639 1420 1693 videtur
1469 1652 1651 1709 seges
1699 1649 2012 1704 corporum

349 1726 614 1781 rediviva
673 1743 1074 1800 consurgere,
1137 1731 1309 1800 atque
1368 1728 1497 1797 ipsa
1553 1726 1743 1796 Spatia
1800 1721 2012 1778 diffusa

347 1831 691 1886 camporum
723 1818 896 1872 novis
930 1819 1135 1873 videas
1168 1817 1457 1888 pullulare
1489 1815 1841 1870 seminibus.

419 1906 508 1960 70.
539 1904 705 1970 Quod
729 1906 782 1960 si
803 1912 1038 1962 veteres
1061 1908 1363 1977 sapientes
1381 1906 1528 1961 satis
1547 1904 1715 1975 hydri
1734 1901 2011 1958 dentibus
2049 1919 2099 1982 Β

355 1997 387 2058 1
408 1995 546 2058 153
577 1995 636 2048 in
665 1996 909 2067 regione
939 1995 1219 2050 Thebana
1241 1995 1618 2051 inhorruisse
1653 1995 2011 2047 armatorum

346 2089 612 2155 segetem
661 2084 1037 2139 crediderunt
1079 2084 1226 2155 (55):
1271 2100 1404 2139 cum
1438 2083 1635 2155 utique
1657 2080 1901 2136 alterius
1918 2094 2012 2134 na-

350 2176 498 2228 turae
527 2172 755 2227 semina
784 2177 1010 2228 certum
1039 2176 1118 2229 sit
1167 2176 1225 2229 in
1268 2177 1535 2228 naturam
1575 2171 1722 2226 verti
1769 2171 2010 2224 alteram

350 2262 734 2333 nequivisse,
780 2277 892 2317 nec
940 2268 1175 2332 partum
1223 2263 1354 2317 suis
1399 2261 1736 2316 discordem
1780 2259 2011 2314 fudisse

351 2351 680 2406 seminibus
716 2368 728 2406 :
762 2355 825 2406 ut
852 2366 926 2406 ex
955 2355 1235 2423 serpente
1279 2351 1550 2406 homines
1599 2351 2009 2416 nascerentur,

349 2444 412 2495 ut
444 2455 581 2494 caro
613 2456 686 2512 e_x
715 2441 995 2495 dentibus
1026 2441 1409 2512 gigneretur:
1445 2441 1662 2509 quanto
1689 2437 1880 2507 magis
1910 2437 2014 2490 uti-

351 2545 463 2600 que
497 2529 854 2585 credendum
886 2533 996 2597 est,
1031 2543 1402 2600 quaecunque
1432 2530 1571 2582 sunt
1601 2525 1906 2595 seminata,
1953 2525 2013 2578 in

351 2634 520 2672 suam
551 2622 819 2673 naturam
849 2634 1193 2690 resurgere,
1235 2633 1345 2672 nec
1388 2635 1420 2671 a
1466 2616 1694 2670 satione
1725 2631 1834 2669 sua
1866 2629 2012 2685 sege

347 2710 437 2762 tes
459 2707 820 2778 discrepare,
845 2723 954 2763 nec
976 2707 1142 2762 duris
1176 2706 1392 2773 mollia,
1421 2721 1529 2761 nec
1553 2705 1829 2760 mollibus
1861 2703 2011 2757 dura

349 2796 663 2866 viviscere,
697 2811 807 2851 nec
838 2797 898 2850 in
929 2796 1280 2867 sanguinem
1319 2810 1542 2850 venena
1576 2793 1873 2862 converti;
1906 2791 2013 2846 sed

349 2901 584 2941 carnem
629 2885 700 2940 de
745 2901 943 2953 carne,
996 2901 1064 2940 os
1109 2885 1182 2940 de
1231 2885 1498 2952 ossibus,
1551 2883 1904 2954 sanguinem
1939 2881 2011 2935 de

349 2975 661 3046 sanguine,
697 2974 1006 3030 humorem
1034 2975 1105 3030 de
1138 2975 1385 3030 humore
1420 2973 1702 3043 reparari.
1754 2969 2012 3026 Potestis

352 3080 518 3136 ergo,
555 3063 830 3137 gentiles,
864 3064 1340 3120 reformationem
1373 3079 1591 3135 negare
1633 3065 1878 3130 naturae,
1913 3059 2013 3130 qui

353 3154 730 3214 mutationem
759 3155 1010 3224 potestis
1041 3154 1361 3210 asserere?
1411 3151 1668 3208 Potestis
1718 3165 1835 3206 non
1880 3164 2014 3203 cre-

352 3243 492 3298 dere
521 3243 800 3312 oraculis,
836 3259 954 3298 non
983 3242 1330 3314 Evangelio,
1366 3258 1482 3298 non
1511 3239 1863 3312 prophetiis,
1913 3237 2014 3309 qui

354 3332 573 3386 fabulis
602 3332 880 3387 inanibus
909 3333 1198 3388 creditis?

421 3441 510 3494 Ἠ.
558 3439 671 3495 Sed
711 3439 835 3512 jam
886 3440 1082 3510 ipsum
1126 3439 1435 3494 audiamus
1483 3436 1864 3509 prophetam;
1925 3437 2013 3489 sic

353 3529 507 3583 enim
537 3530 617 3584 ait
651 3546 662 3584 :
702 3551 724 3575 α
761 3528 831 3584 Ει
863 3528 1015 3584 facta
1044 3532 1136 3584 est
1168 3544 1352 3599 super
1389 3543 1482 3581 me
1522 3542 1730 3580 manus
1762 3524 2010 3593 Domini,

353 3621 411 3673 et
439 3618 641 3673 eduxit
683 3633 776 3674 me
826 3618 883 3672 in
931 3617 1141 3694 spiritu
1173 3617 1479 3684 Dominus,
1515 3619 1571 3670 et
1603 3615 1799 3685 posuit
1829 3628 1920 3667 me
1952 3612 2011 3666 in

353 3707 545 3762 medio
575 3722 803 3778 campo,
839 3710 896 3762 et
925 3707 1022 3761 hic
1043 3709 1168 3761 erat
1188 3707 1400 3777 plenus
1423 3705 1670 3760 ossibus
1701 3701 2008 3758 humanis:

353 3799 409 3850 et
439 3795 830 3851 circumduxit
857 3812 950 3850 me
980 3811 1088 3866 per
1116 3811 1327 3868 gyrum
1357 3810 1582 3861 eorum,
1614 3796 1671 3847 et
1701 3807 1841 3846 ecce
1872 3806 2012 3845 ossa

353 3885 530 3939 multa
560 3884 730 3940 valde
759 3885 818 3940 in
849 3883 998 3940 facie
1033 3885 1242 3954 campi,
1276 3883 1438 3937 arida
1487 3881 1685 3936 nimis.
1733 3880 1802 3934 Et
1833 3881 1910 3933 ait
1940 3878 2012 3931 ad

353 3988 444 4028 me
481 3989 494 4028 :
543 3973 650 4028 Fili
696 3973 974 4043 hominis,
1027 3975 1080 4027 si
1129 3975 1329 4028 vivent
1359 3987 1501 4028 ossa
1532 3972 1693 4025 ista?
1743 3969 1812 4024 Et
1841 3968 1960 4022 dixi
1997 3982 2008 4021 :

355 4061 619 4132 Domine,
671 4066 734 4118 tu
781 4063 926 4118 scis.
971 4063 1042 4118 Et
1071 4063 1150 4118 ait
1177 4063 1248 4116 ad
1279 4077 1370 4117 me
1406 4078 1418 4117 :
1453 4059 1801 4130 Prophetiza
1833 4072 2014 4127 super

352 4167 494 4206 ossa
543 4152 673 4220 ista,
721 4154 778 4206 et
820 4151 985 4208 dices
1031 4152 1150 4206 illis
1188 4167 1200 4208 :
1245 4151 1400 4206 Ossa
1442 4151 1604 4204 arida
1635 4149 1784 4217 haec,
1819 4147 2014 4201 audite

351 4240 599 4294 verbum
632 4241 882 4297 Domini.
919 4242 1062 4296 Haec
1083 4242 1222 4296 dicit
1247 4240 1531 4300 Dominus
1554 4238 1800 4294 ossibus
1838 4236 2008 4290 istis:

354 4328 506 4384 Ecce
541 4345 652 4402 ego
683 4330 897 4386 induco
929 4330 986 4386 in
1017 4347 1126 4386 vos
1158 4331 1428 4402 spiritum
1469 4330 1626 4398 vitae,
1677 4333 1732 4382 et
1775 4326 1924 4380 dabo
1957 4324 2014 4377 in

354 4433 463 4471 vos
494 4434 731 4488 nervos,
764 4424 821 4475 et
850 4420 1136 4476 adducam
1165 4436 1348 4490 super
1381 4435 1490 4473 vos
1529 4418 1784 4486 viscera,
1817 4417 1873 4470 et
1905 4430 2010 4468 ex-

351 4505 585 4558 tendam
617 4521 800 4577 super
826 4524 934 4562 vos
968 4512 1179 4578 cutem,
1215 4512 1271 4563 et
1301 4509 1452 4563 dabo
1484 4508 1774 4578 Spiritum
1821 4520 2014 4559 meum

353 4591 414 4646 in
445 4609 589 4662 vos;
621 4600 678 4649 et
709 4596 941 4665 vivctis,
981 4600 1036 4652 et
1069 4599 1271 4652 scietis
1303 4597 1459 4668 quod
1491 4613 1603 4669 ego
1636 4613 1769 4650 sum
1814 4593 2014 4649 Domi-

353 4698 514 4736 num.
549 4682 618 4737 Et
649 4684 992 4754 prephetavi
1023 4687 1178 4740 sicut
1201 4686 1493 4740 mandavit
1517 4685 1676 4740 mihi.
1705 4685 1775 4738 Et
1798 4686 2016 4738 factum

353 4774 448 4826 est
489 4788 622 4826 cum
666 4773 1080 4844 prophetarem
1115 4774 1244 4828 haec
1277 4775 1490 4842 omnia,
1525 4790 1665 4828 ecce
1699 4774 1891 4827 factus
1923 4778 2016 4828 est

354 4863 530 4916 terrae
562 4865 758 4917 motus
788 4878 1040 4934 magnus
1073 4863 1318 4931 (Ezeclz.
1354 4879 1551 4915 xxxvu
1573 4904 1586 4930 ,
1623 4862 1646 4914 1
1687 4868 1743 4916 et
1775 4862 1947 4933 δρψ),
1986 4885 2008 4908 η

422 4951 512 5006 '72.
549 4952 693 5007 Vide
724 4969 878 5007 nunc
906 4952 1400 5023 quemadmodum
1421 4955 1478 5006 et
1498 4951 1759 5006 auditum
1785 4951 1841 5004 in
1863 4950 2014 5005 ossi-

424 5105 537 5173 (51)
570 5129 591 5151 α
631 5104 979 5159 Visceribus
1017 5129 1037 5152 ιι
1091 5119 1329 5158 carnem
1364 5101 1692 5174 significari
1723 5100 1861 5155 alibi
1889 5098 2013 5174 jam

353 5171 632 5244 diximus,
666 5192 782 5247 quo
811 5191 995 5230 sensu
1026 5175 1232 5230 eadem
1264 5190 1378 5229 vox
1410 5171 1503 5228 hic
1536 5177 1590 5228 et
1632 5174 1782 5227 infra
1830 5171 2014 5226 semel

354 5250 526 5316 atque
559 5247 771 5301 iterum
802 5250 1142 5316 usurpatur.

448 5319 538 5386 55)
568 5318 699 5372 Non
729 5315 988 5373 obscura
1021 5317 1234 5372 allusio
1266 5320 1357 5371 est
1387 5315 1458 5370 ad
1491 5316 1619 5370 haec
1659 5315 1824 5386 Virg.
1877 5330 2014 5367 car-

357 5389 509 5442 mina
543 5405 616 5443 ex
645 5389 746 5443 lib.
780 5407 816 5442 ιι
853 5388 1066 5460 Georg.
1112 5404 1123 5443 :

483 5505 605 5552 lla-c
628 5505 741 5552 loca
763 5519 864 5552 non
888 5503 1020 5551 tauri
1046 5504 1305 5566 spirantes
1340 5503 1554 5550 naribus
1581 5504 1751 5566 ignem

481 5569 762 5625 invertere,
793 5567 921 5614 satis
949 5565 1192 5613 immanis
1214 5566 1460 5613 dentibus
1493 5565 1661 5625 hydri,

481 5630 589 5678 Nec
621 5630 803 5694 galeis,
827 5630 1115 5690 densisque
1142 5629 1312 5675 virum
1343 5641 1496 5691 seges
1521 5628 1721 5674 horruit
1743 5627 1931 5674 hastis.

354 5737 544 5790 lnnuit
572 5751 748 5806 porro
779 5735 1134 5790 Ambrosius
1165 5750 1232 5788 ea
1263 5750 1394 5805 quae
1415 5749 1447 5786 a
1468 5733 1655 5806 poetis
1680 5748 2014 5806 memoran-

351 5812 448 5862 tur
480 5809 550 5862 de
577 5803 801 5862 Cadmo
834 5806 1170 5861 Thebarum
1205 5803 1528 5876 conditore,
1572 5805 1642 5858 de
1676 5820 1790 5876 quo
1830 5803 2015 5859 adisis

2039 4643 2094 4706 D

2124 655 2273 708 ritus
2305 655 2402 710 ref
2404 657 2671 712 undatur.
2709 659 2857 712 Nam
2882 663 2937 713 et
2959 676 3138 730 supra
3162 676 3303 715 ossa
3328 662 3793 733 aridajubentur

2120 743 2344 809 audire,
2377 747 2550 815 quasi
2583 762 2825 801 sensum
2858 748 3110 803 habeant
3139 750 3414 805 audiendi
3441 768 3452 804 :
3487 755 3544 806 et
3576 752 3671 807 hic
3703 770 3794 808 ac-

2123 833 2389 888 cessisse
2421 849 2624 888 eorum
2656 838 3116 909 unumquodque
3148 840 3220 892 ad
3267 856 3436 895 suam
3483 840 3789 913 compagi-

2124 937 2256 976 nem
2304 923 2646 993 prephetico
2698 941 2973 981 sermone
3024 927 3333 999 signatur;
3375 930 3461 983 sic
3493 931 3649 984 enim
3684 931 3790 985 ha-

2124 1011 2233 1064 bes
2265 1025 2277 1064 :
2316 1031 2338 1062 ι
2369 1011 2437 1065 Et
2457 1013 2816 1068 accedebant
2838 1030 2999 1084 ossa,
3035 1017 3493 1089 unumquodque
3527 1019 3599 1072 ad
3622 1035 3792 1074 suam

2126 1101 2555 1171 compaginem.
2609 1101 2678 1156 Et
2728 1103 2866 1171 vidi,
2919 1108 2974 1158 et
3023 1121 3160 1160 ecce
3197 1121 3378 1177 super
3410 1107 3506 1162 illa
3538 1109 3704 1163 nervi
3737 1113 3794 1165 et

2124 1189 2359 1244 viscera
2390 1191 2807 1259 nascebantur,
2844 1197 2898 1248 et
2938 1196 3297 1250 ascendebat
3328 1213 3510 1266 super
3540 1213 3609 1252 ea
3638 1201 3790 1253 cutis

2125 1279 2402 1347 desuper,
2433 1284 2490 1333 et
2522 1281 2769 1350 spiritus
2801 1282 2856 1336 in
2892 1284 2984 1337 bis
3015 1299 3133 1338 non
3163 1290 3286 1338 erat
3315 1287 3496 1354 (Ibid.
3530 1287 3584 1355 ‘7,
3615 1286 3691 1355 8).
3730 1309 3751 1338 ι

2195 1367 2282 1421 Ἳ3.
2317 1368 2528 1438 Magna
2565 1371 2789 1425 Domini
2821 1373 3031 1442 gratia,
3059 1375 3211 1443 quod
3234 1375 3444 1429 futurae
3477 1391 3790 1431 resurrec-

2123 1457 2304 1510 tionis
2354 1460 2640 1528 propheta
2687 1462 2856 1514 testis
2905 1461 3238 1531 adhibetur,
3291 1466 3353 1516 ut
3403 1480 3514 1517 nos
3555 1481 3791 1536 quoque

2125 1560 2252 1599 eam
2298 1546 2458 1601 illius
2503 1550 2694 1602 oculis
2740 1550 3102 1604 videremus.
3157 1551 3362 1623 Neque
3394 1553 3551 1607 enim
3582 1569 3790 1610 omnes

2124 1636 2309 1688 testes
2338 1635 2608 1691 adhiberi
2639 1642 2930 1708 poterant,
2985 1640 3092 1694 sed
3123 1641 3182 1694 in
3213 1657 3328 1695 uno
3361 1657 3569 1698 omnes
3602 1647 3790 1698 testes

2126 1737 2334 1776 sumus
2369 1741 2380 1778 :
2415 1726 2550 1795 quia
2579 1743 2688 1780 nec
2719 1728 2777 1782 in
2806 1728 3000 1782 virum
3032 1734 3302 1783 sanctum
3347 1731 3501 1784 cadit
3543 1733 3790 1787 menda-

2125 1811 2300 1881 cium,
2336 1829 2445 1868 nee
2478 1815 2535 1868 in
2567 1819 2790 1869 tantum
2821 1831 2997 1870 error
3024 1817 3393 1887 prophetam.

2195 1905 2281 1960 ’74.
2317 1904 2442 1958 Nec
2474 1905 2668 1958 minus
2703 1904 3024 1959 verisimile
3057 1905 3229 1959 debet
3262 1907 3473 1976 videri,
3508 1909 3664 1978 quia,
3690 1909 3791 1979 ju-

2124 1997 2298 2050 bento
2332 1995 2471 2060 Deo,
2490 2010 2633 2048 ossa
2655 1993 2712 2046 in
2735 2009 2904 2048 suam
2923 1995 3330 2065 compaginem
3354 1996 3750 2052 reformantur
3776 2017 3785 2052 :

2126 2101 2259 2140 cum
2305 2085 2503 2154 utique
2553 2082 2860 2137 innumera
2896 2082 3218 2136 habeamus
3250 2085 3536 2154 exempla,
3570 2087 3790 2156 quibus

2126 2179 2333 2228 natura
2365 2187 2567 2226 rerum
2598 2170 2946 2225 coelestibus
2977 2174 3070 2224 est
3115 2171 3396 2226 obsecuta
3431 2175 3747 2246 praeceptis
3775 2194 3786 2238 ;

2124 2268 2186 2317 ut
2235 2266 2394 2316 terra
2438 2261 2716 2331 pabulum
2765 2261 3012 2332 gignere
3047 2259 3380 2330 juberetur,
3423 2265 3480 2316 et
3517 2263 3790 2336 gigneret

2125 2352 2300 2420 (Gen.
2337 2369 2374 2420 ι,
2412 2351 2467 2405 11
2495 2352 2549 2419 );
2583 2353 2645 2403 ut
2675 2349 2746 2403 ad
2776 2350 2966 2420 virga)
2996 2351 3215 2402 tactum
3237 2350 3576 2406 sitientibus
3604 2368 3789 2423 popu-

2123 2441 2199 2495 lis
2229 2445 2392 2510 petra
2422 2442 2685 2494 vomeret
2716 2453 2957 2510 aquam,
2993 2440 3167 2508 atque
3197 2441 3348 2492 aestu
3385 2441 3415 2502 1
3435 2440 3580 2504 154
3609 2443 3789 2496 torri-

2125 2530 2219 2584 dis
2249 2529 2630 2583 miseratione
2661 2529 2857 2583 divina
2881 2529 3166 2584 undarent
3194 2529 3410 2583 fluenta
3433 2529 3582 2583 dura
3613 2546 3789 2586 saxo-

2125 2633 2252 2672 rum
2285 2617 2480 2687 (Num.
2513 2634 2611 2687 xx,
2646 2616 2756 2686 11).
2792 2617 2973 2690 Virga
3003 2618 3062 2671 in
3093 2621 3425 2688 serpentem
3450 2633 3625 2672 versa
3647 2619 3789 2690 quid

2125 2707 2282 2760 aliud
2333 2706 2613 2760 indicavit
2662 2705 2876 2774 (Exod.
2929 2724 3006 2775 ιν,
3041 2707 3116 2776 3),
3150 2706 3265 2760 nisi
3295 2706 3528 2762 volente
3561 2706 3682 2762 Deo
3714 2723 3787 2762 ex

2126 2795 2580 2851 insensibilibus
2613 2795 2921 2850 sensibilis
2950 2811 3132 2865 posse
3165 2797 3490 2867 generari?
3523 2796 3612 2850 An
3645 2812 3786 2852 vero

2125 2885 2533 2939 incredibilius
2579 2889 2750 2954 putas
2794 2885 2952 2956 quod
2988 2900 3150 2953 ossa,
3184 2900 3318 2939 cum
3344 2884 3651 2956 jubentur,
3686 2902 3788 2939 ac-

2127 2975 2340 3030 cedunt
2387 2973 2633 3042 (Ezecl).
2677 2990 2902 3039 xxxvn,
2936 2975 3030 3043 '7);
3063 2980 3238 3045 quam
3270 2974 3427 3045 quod
3460 2978 3788 3029 retrorsum

2126 3064 2342 3118 ﬂuenta
2391 3066 2720 3131 vertuntur,
2775 3063 2957 3117 maria
3005 3063 3287 3134 fugiunt?
3331 3063 3430 3118 Sic
3463 3063 3618 3116 enim
3648 3078 3789 3133 pro-

2123 3154 2296 3224 pheta
2327 3155 2576 3207 testatur
2608 3168 2620 3208 :
2660 3175 2680 3198 ιι
2719 3151 2878 3206 Mare
2908 3152 3054 3206 vidit
3073 3155 3128 3206 et
3155 3152 3323 3222 fugit,
3346 3151 3626 3205 Jordanis
3651 3167 3790 3206 con-

2125 3259 2340 3297 versus
2371 3244 2462 3296 est
2494 3244 2824 3296 retrorsum
2855 3240 3042 3309 (Psal.
3077 3256 3236 3310 cxm,
3270 3239 3346 3309 3).
3388 3263 3410 3286 -
3454 3240 3577 3294 Nec
3607 3255 3792 3310 super

2127 3333 2238 3387 hoc
2269 3331 2491 3402 ambigi
2520 3333 2733 3400 potest,
2786 3329 2943 3401 quod
2989 3329 3240 3384 duorum
3273 3328 3627 3398 populorum
3657 3329 3793 3382 alte-

2126 3423 2251 3475 rius
2281 3421 2490 3489 salute,
2542 3419 2786 3474 alterius
2837 3419 2999 3474 obitu
3045 3419 3489 3489 comprobatum
3530 3422 3622 3472 est
3653 3417 3786 3487 (56),

2123 3527 2409 3582 aquarum
2443 3525 2660 3564 cursus
2693 3509 2936 3563 stetisse
2970 3508 3231 3562 frenatos
3265 3509 3626 3578 eosdemque
3657 3506 3790 3560 aliis

2126 3599 2548 3668 circumfusos,
2573 3598 2706 3652 aliis
2727 3599 2799 3652 ad
2824 3600 3070 3651 mortem
3095 3597 3354 3665 refusos,
3383 3600 3444 3650 ut
3466 3597 3615 3650 alios
3639 3610 3791 3658 mer-

2127 3694 2352 3760 gerent,
2386 3688 2535 3741 alios
2568 3691 2950 3742 reservarent
3001 3686 3217 3753 (Exod.
3253 3703 3371 3754 xiv,
3404 3686 3515 3754 22).
3550 3683 3698 3750 Quid
3731 3684 3790 3738 in

2125 3778 2256 3849 ipso
2290 3777 2652 3848 Evangelio?
2685 3777 2892 3831 Nonne
2925 3775 3004 3829 ibi
3037 3776 3306 3846 probavit
3335 3775 3448 3845 (57)
3482 3774 3787 3841 Dominus,

2125 3866 2280 3938 quod
2313 3867 2498 3921 verbo
2545 3867 2700 3920 unda
2747 3867 3035 3935 mitescat,
3083 3867 3367 3938 fugentur
3399 3864 3532 3918 coeli
3565 3862 3787 3930 nubila,

2127 3956 2335 4010 cedant
2363 3955 2547 4010 flabra
2577 3959 2907 4020 ventorum,
2926 3955 3295 4026 placidisque
3315 3953 3607 4008 littoribus
3632 3955 3789 4006 muta

2126 4045 2248 4100 Deo
2281 4046 2637 4100 famulentur
2664 4045 2950 4101 elementa
2982 4045 3222 4115 (.llattlz.
3257 4061 3378 4110 vm,
3415 4042 3550 4111 26)?

2198 4136 2286 4192 85.
2319 4135 2435 4192 Sed
2465 4152 2898 4207 persequamur
2929 4139 3162 4201 caetera,
3201 4138 3259 4187 ut
3295 4131 3790 4204 quemadmodum

2127 4226 2337 4297 spiritu
2369 4227 2505 4280 vitae
2538 4225 2870 4279 animentur
2900 4224 3181 4293 defuncti,
3218 4225 3468 4293 surgant
3493 4219 3786 4290 jacentcs,

2128 4315 2402 4384 sepulcra
2435 4318 2800 4383 reserentur,
2834 4314 3140 4384 possimus
3171 4313 3500 4366 advertere.
3553 4331 3574 4354 ιι
3612 4306 3680 4360 Et
3713 4306 3792 4358 ait

2127 4405 2198 4458 ad
2232 4421 2320 4458 me
2356 4421 2368 4459 :
2403 4403 2772 4473 l’rophetiza,
2827 4402 2907 4454 fili
2957 4401 3237 4468 hominis,
3292 4401 3348 4453 et
3377 4397 3470 4451 dic
3503 4393 3736 4464 spiritui
3773 4408 3786 4444 :

2128 4493 2270 4548 Haec
2303 4494 2440 4547 dicit
2471 4493 2754 4546 Dominus
2790 4507 2800 4545 :
2837 4493 2884 4544 Α
2915 4495 3168 4560 quatuor
3199 4487 3393 4542 ventis
3445 4484 3578 4538 coeli
3631 4481 3788 4551 veni,

2129 4584 2396 4654 spiritus,
2430 4585 2485 4636 et
2518 4581 2755 4635 insufﬂa
2785 4579 2843 4632 in
2875 4581 3140 4633 mortuos
3173 4577 3344 4644 istos,
3381 4577 3437 4628 et
3467 4574 3684 4626 vivant.
3720 4569 3793 4623 Et

2129 4673 2472 4744 prephetavi
2504 4671 2658 4725 sicut
2691 4668 2986 4723 mandavit
3015 4666 3178 4734 mihi,
3223 4669 3277 4719 et
3326 4661 3561 4717 intravit
3591 4661 3650 4714 in
3683 4675 3790 4714 cos

2127 4763 2372 4833 Spiritus
2401 4761 2556 4827 vitae,
2593 4762 2648 4813 et
2680 4759 2974 4824 vixerunt,
3009 4760 3063 4810 et
3097 4756 3390 4810 steterunt
3434 4752 3490 4805 in
3537 4750 3788 4820 pedibus

2129 4853 2256 4906 suis
2288 4848 2672 4920 congregatio
2703 4845 2878 4900 nimis
2921 4845 3120 4898 multa.
3163 4843 3232 4897 Et
3274 4842 3505 4896 locutus
3545 4842 3636 4894 est
3669 4838 3789 4891 Do-

2127 4941 2322 4994 minus
2374 4938 2445 4991 ad
2488 4953 2600 5005 me,
2654 4935 2904 4989 dicens:
2961 4932 3068 4986 Fili
3125 4930 3420 5000 hominis,
3469 4945 3612 4984 ossa
3661 4928 3787 4982 haec

2127 5089 2293 5145 Ovid.
2325 5089 2425 5142 lib.
2460 5107 2518 5142 ιιι
2553 5086 2965 5158 Metamorpr
3003 5084 3120 5158 fab.
3156 5083 3206 5151 1,
3242 5085 3297 5137 et
3330 5083 3461 5137 Nat.
3506 5080 3791 5158 _(1_011}jtem

2127 5163 2226 5216 lib.
2261 5178 2358 5214 vm
2391 5159 2640 5232 Mythol.
2677 5175 2804 5228 cap.
2836 5151 3031 5232 ἔζῗὶηθιΔ
3207 5171 3288 5232 ix,
3334 5171 3459 5223 cap.
3623 5151 3788 5232 Paria

2128 5247 2360 5304 quoque
2391 5221 2712 5304 de'Jasonc
2746 5221 3174 5304 canit'Qvidius
3205 5221 3444 5304 lib.__vii,
3489 5223 3604 5304 fab.
3652 5221 3702 5286 1,
3736 5221 3791 5304 et

2126 5289 2244 5370 (flii,
2267 5289 2308 5357 ἀ
2340 5303 2556 5372 quibus
2589 5307 2780 5355 actum
2812 5304 2903 5355 est
2933 5300 3004 5353 de
3028 5289 3658 5372 Argonautisﬂluibus
3691 5289 3787 5342 ad-

2127 5369 2284 5429 ditur
2315 5369 2444 5428 N'at.
2479 5377 2691 5427 Comes
2724 5372 2824 5426 lib.
2860 5388 2937 5435 vx,
2972 5386 3100 5442 cap.
3136 5369 3187 5421 8.
3249 5439 3261 5442 _
3423 5435 3458 5442 __
3543 5433 3552 5442 _
3708 5431 3720 5442 ε
3753 5430 3762 5439 ,

2197 5445 2308 5514 (56)
2340 5445 2616 5514 Plerique
2650 5460 2821 5510 mss.,
2860 5464 2881 5492 ε
2910 5431 3154 5514 alterius
3177 5439 3362 5514 salus,
3389 5433 3634 5514 alterius
3670 5431 3788 5485 obi-

2128 5505 2222 5572 tus
2253 5505 2689 5586 comprobatur.
2729 5539 2748 5561 »
2802 5505 2932 5586 Non
2983 5513 3154 5586 bene,
3190 5508 3311 5586 nisi
3338 5505 3652 5586 anteduas
3686 5519 3788 5555 vo-

2127 5605 2228 5641 ces
2261 5604 2364 5657 pro
2388 5575 2548 5658 ‘quod
2578 5588 2777 5657 legere
2809 5584 3071 5638 volueris
3105 5575 3230 5650 quo,
3257 5578 3357 5631 ubi
3390 5575 3582 5630 facilis
3614 5589 3788 5628 error

2125 5659 2505 5712 librariorum
2536 5673 2675 5711 esse
2708 5656 2910 5712 notuit.

2149 5673 2505 5712 lbl‘ﬂl‘lOPllm
2536 5673 2675 5711 esse
2708 5673 2910 5712 ιὶοιυιῑ.

2195 5675 2505 5711 ιιἫῐίοῐίιῐῐὶ
2536 5675 2675 5711 esse
2708 5675 2910 5725 [)OLUIL

2195 5730 2308 5792 (5'1)
2350 5729 2494 5783 Mss.
2539 5745 2655 5783 non
2695 5726 2884 5798 pauci,
2923 5748 2942 5769 υ
2981 5722 3220 5798 utalios
3251 5719 3597 5798 alliderent;
3636 5732 3788 5772 non-

2125 5801 2288 5870 nulli,
2329 5825 2347 5840 ιι
2385 5791 2734 5856 laederent;
2773 5791 2976 5853 Nonne
3006 5793 3111 5848 tibi
3143 5791 3434 5862 probavit,
3476 5816 3495 5836 η
3533 5794 3644 5845 etc.
