4098 6178
340 349 498 418 1395

1813 355 1878 418 S.
1911 351 2354 418 AMBROSII.

3619 361 3760 429 1396

342 551 536 609 omnis
567 549 780 608 domus
813 553 1017 610 Israel.
1051 554 1172 625 Ipsi
1205 554 1360 610 enim
1381 555 1620 611 dicunt:
1655 555 1834 611 Arida
1858 555 2012 610 facta
2049 537 2240 610 Aelio
2270 555 2523 626 videtur,
2555 560 2654 612 aut
2683 555 2920 614 fortuita
2956 558 3150 634 magis
3199 559 3581 632 resurrectio,
3607 576 3763 633 quam

341 646 480 698 sunt
509 658 652 697 ossa
683 646 905 713 nostra,
937 645 1114 715 periit
1159 659 1304 715 spes
1349 648 1575 714 nostra,
1609 645 2008 700 interibimus.

339 731 660 801 Propterea
687 733 1028 802 prophetiza
1057 735 1115 788 et
1143 733 1238 788 dic
1277 749 1288 788 :
1325 734 1469 788 Haec
1499 734 1641 789 dicit
1673 735 1958 788 Dominus
1996 749 2008 788 :

339 818 496 874 Ecce
527 835 642 891 ego
670 821 872 890 aperio
902 821 1077 876 vobis
1107 826 1483 878 monumenta
1522 826 1742 890 vestra,
1776 825 1833 876 et
1863 822 2010 876 edu-

341 923 471 962 cam
500 923 612 964 vos
643 908 716 963 de
747 911 1144 964 monumentis
1175 912 1398 966 vestris
1443 912 1502 965 in
1550 914 1769 966 terram
1803 911 2008 980 Israel,

340 1005 400 1057 et
428 1001 632 1056 scietis
685 1003 842 1074 quod
893 1019 1006 1076 ego
1053 1019 1187 1059 sum
1236 1005 1543 1073 Dominus,
1587 1021 1719 1060 cum
1753 1006 2011 1076 aperiam

342 1090 618 1161 sepulcra
649 1095 870 1162 vestra,
924 1096 981 1148 et
1027 1093 1274 1148 educam
1305 1095 1376 1149 de
1409 1093 1705 1164 sepulcris
1735 1093 2014 1164 populum

342 1194 560 1248 meum,
595 1181 653 1234 et
682 1180 834 1235 dabo
865 1180 1149 1250 Spiritum
1178 1197 1374 1237 meum
1397 1183 1456 1237 in
1480 1183 1673 1251 vobis,
1700 1185 1757 1236 et
1777 1183 2010 1252 vivetis,

342 1271 401 1323 et
429 1283 642 1338 ponam
671 1285 782 1324 vos
805 1285 986 1338 super
1010 1274 1228 1324 terram
1249 1275 1532 1341 vestram,
1567 1274 1624 1326 et
1654 1271 1858 1326 scietis
1880 1271 2016 1343 quia

343 1370 457 1427 ego
489 1371 624 1411 sum
654 1357 940 1412 Dominus
971 1358 1084 1428 (58)
1120 1375 1132 1413 :
1172 1382 1194 1407 «ι
1227 1360 1462 1414 locutus
1502 1375 1656 1428 sum,
1689 1364 1746 1414 et
1778 1359 2014 1430 faciam,

343 1444 488 1499 dicit
516 1445 803 1501 Dominus
832 1447 1080 1517 (Ezech.
1113 1465 1343 1518 xxxv",
1375 1448 1550 1518 9-14).
1590 1470 1612 1497 ιο

415 1533 504 1588 Ἶϐ.
555 1534 935 1590 Advertimus
981 1537 1472 1607 quemadmodum
1520 1537 1718 1592 vitalis
1766 1538 2012 1608 spiritus

346 1623 700 1678 commercia
732 1627 1112 1679 resumantur
1141 1625 1275 1696 (59),
1309 1627 1702 1698 cognovimus
1732 1627 2016 1698 quemad-

345 1711 586 1766 modum
631 1711 1082 1769 dehiscentibus
1132 1715 1412 1785 tumulis,
1459 1716 1676 1770 mortui
1727 1716 2019 1770 susciten-

347 1803 462 1856 tur.
498 1799 590 1853 An
619 1815 762 1855 vero
793 1801 1126 1856 mirandum
1156 1806 1250 1858 est
1269 1803 1456 1874 jussu
1488 1803 1723 1858 Domini
1751 1807 2018 1859 mortuo-

2127 643 2412 715 imperata
2433 647 2463 700 ?

2194 734 2284 788 '78.
2334 733 2569 790 Audivit
2618 751 2764 808 ergo
2815 736 3152 807 defunctus,
3193 743 3250 794 et
3287 738 3475 794 exivit
3525 739 3680 794 foras
3705 741 3767 797 de

2126 827 2526 894 monumento,
2561 824 2780 896 ligatus
2810 826 2998 896 pedes
3047 831 3106 882 et
3150 842 3362 882 manus
3411 827 3626 883 institis
3651 829 3767 900 (64),

2128 913 2186 966 et
2216 910 2402 966 facies
2432 911 2567 983 ejus
2599 915 2792 968 oraria
2839 915 3115 987 colligata
3165 919 3289 971 erat
3335 917 3530 987 (Joan.
3567 933 3644 984 x1,
3673 919 3766 986 44).

2129 998 2596 1072 Comprehende,
2654 1003 2707 1057 si
2763 1006 2952 1074 potes,
3014 1005 3517 1076 quemadmodum
3575 1005 3770 1062 clausis

2130 1087 2320 1142 oculis
2349 1089 2464 1143 iter
2493 1094 2715 1160 carpat,
2751 1091 2968 1147 vinctis
2989 1093 3242 1164 pedibus
3273 1094 3527 1166 gradum
3557 1094 3770 1166 dirigat,

2129 1174 2513 1246 inseparabili
2543 1193 2786 1250 gressu,
2819 1181 3258 1252 separabilique
3287 1197 3628 1254 progressu
3657 1183 3770 1252 (65).

2132 1264 2444 1321 Manebant
2473 1267 2728 1335 vincula,
2753 1283 2862 1322 nec
2883 1269 3160 1325 tenebant
3193 1285 3206 1325 :
3237 1271 3597 1343 tegebant-ur
3623 1273 3776 1340 oculi,

2134 1353 2240 1408 sed
2269 1355 2564 1410 videbant.
2599 1356 2846 1411 Videbat
2875 1357 3128 1429 denique
3159 1361 3260 1430 qui
3291 1359 3673 1432 resurgebat,
3693 1362 3776 1432 qui

2131 1442 2486 1514 ambulabat,
2519 1445 2619 1514 qui
2649 1445 2966 1502 deserebat
2995 1447 3363 1518 sepulcrum.
3387 1448 3617 1504 Virtute
3647 1450 3779 1504 enim

2131 1531 2348 1586 divinae
2375 1533 2793 1602 praeceptionis
2842 1539 3142 1606 operante,
3194 1540 3412 1592 natura
3459 1552 3637 1592 suum
3680 1553 3777 1593 non

2135 1621 2474 1690 requirebat
2502 1620 2762 1676 ofﬁcium
2788 1637 2804 1692 ;
2835 1625 2894 1678 et
2921 1626 3201 1696 tanquam
3231 1625 3292 1680 in
3322 1641 3589 1681 excessu
3634 1625 3780 1697 posi-

2133 1711 2212 1780 ta,
2246 1724 2363 1764 non
2385 1707 2512 1780 jam
2542 1725 2653 1766 suo
2684 1711 2898 1782 ordini,
2921 1712 3029 1767 sed
3051 1713 3252 1768 divino
3282 1713 3456 1769 nutui
3486 1713 3780 1768 serviebat.

2138 1797 2584 1868 Rumpebantur
2629 1799 2798 1870 prius
2848 1801 3056 1856 mortis
3105 1818 3281 1874 quam
3319 1801 3650 1874 sepultura
3678 1803 3784 1857 vin-

350 1903 486 1942 rum
517 1888 793 1958 sepulcra
821 1891 1102 1960 reserari,
1136 1906 1270 1946 cum
1295 1895 1411 1947 tota
1442 1893 1573 1947 suis
1604 1893 1873 1947 terminis
1905 1909 2020 1947 uno
2063 1905 2117 1969 B
2136 1886 2267 1942 cula
2299 1901 2312 1942 :
2343 1887 2630 1958 agebatur
2657 1889 3008 1960 priusquam
3037 1891 3358 1960 parabatur
3387 1891 3692 1946 incessus.

349 1976 604 2031 tonitruo
651 1979 810 2032 terra
855 1979 1170 2050 quatiatur,
1219 1995 1380 2036 mare
1430 1981 1560 2036 suis
1597 1981 1855 2037 exundet
1885 1981 2021 2036 fini-

349 2063 487 2134 bus,
521 2064 796 2136 idemque
843 2081 1086 2122 suarum
1136 2084 1356 2124 cursus
1387 2069 1650 2125 refrenet
1680 2071 2022 2126 undarum?

350 2151 620 2224 Denique
647 2153 746 2208 ille
775 2153 878 2225 qui
907 2156 1158 2212 credidit
1189 2158 1325 2228 quia
1354 2157 1411 2211 in
1443 2161 1737 2214 momento
1777 2160 1910 2230 (60),
1963 2161 2022 2213 in

351 2241 472 2298 ictu
520 2241 697 2311 oculi,
747 2242 807 2296 in
854 2245 1181 2299 novissima
1227 2246 1368 2301 tuba
1418 2248 1612 2317 (canet
1657 2249 1815 2303 enim
1859 2248 2022 2317 tuba)

352 2329 570 2386 mortui
603 2335 924 2404 resurgent
953 2332 1010 2402 (Ι
1035 2332 1171 2389 Cor.
1205 2352 1304 2403 xv,
1336 2335 1428 2405 52)
1457 2351 1472 2406 ;
1507 2351 1641 2390 cum
1680 2337 1890 2406 primis
1921 2353 2022 2391 ra-

351 2419 546 2490 pietur
575 2419 635 2473 in
661 2420 924 2476 nubibus
956 2421 1192 2478 obviam
1209 2422 1447 2478 Christo
1471 2425 1530 2478 in
1553 2439 1688 2479 aera
1717 2425 1778 2492 (Ι
1808 2425 2017 2480 Thess.

357 2524 437 2577 IV,
489 2509 578 2580 16)
623 2525 638 2578 ;
687 2509 792 2582 qui
819 2525 937 2566 non
967 2511 1237 2582 credidit,
1272 2513 1660 2585 relinquetur,
1697 2517 1753 2570 et
1781 2515 2024 2585 perfidia

358 2613 470 2654 sua
499 2597 714 2654 subdet
743 2613 812 2654 se
842 2598 974 2670 ipse
1004 2603 1337 2656 sententiae.

427 2687 518 2743 T7.
565 2687 836 2744 Ostendit
879 2687 985 2743 tibi
1034 2689 1320 2745 Dominus
1369 2692 1542 2746 etiam
1587 2691 1646 2746 in
1675 2691 2022 2765 Evangelia,

2207 1976 2296 2031 '79.
2347 1975 2410 2032 Si
2459 1976 2693 2031 miraris
2745 1977 2896 2046 haec,
2946 1978 3113 2035 disce
3152 1980 3289 2052 quis
3317 1979 3718 2050 imperaverit,
3737 1983 3788 2034 ut

2137 2064 2339 2119 mirari
2369 2065 2634 2120 desinas.
2685 2065 2869 2121 Jesus
2915 2067 3193 2123 Christus
3243 2068 3352 2124 Dei
3405 2069 3638 2138 virtus;
3667 2067 3786 2136 vita,

2137 2154 2260 2224 lux,
2295 2155 2659 2210 resurrectio
2690 2159 3058 2211 mortuorum
3092 2171 3106 2214 :
3140 2159 3329 2212 virtus
3382 2158 3576 2213 erexit
3619 2155 3790 2230 jacen-

2135 2246 2275 2313 tem,
2308 2243 2425 2298 vita
2457 2258 2738 2316 gressum
2787 2245 2995 2300 extulit
3041 2243 3176 2316 (66),
3229 2247 3330 2302 lux
3379 2245 3615 2318 fugavit
3657 2248 3790 2301 tene-

2137 2330 2307 2403 bras,
2340 2332 2636 2402 reparavit
2663 2332 2950 2404 obtutum,
2983 2335 3347 2391 resurrectio
3401 2333 3641 2390 vivendi
3665 2349 3787 2407 gra-

2138 2421 2278 2474 tiam
2299 2421 2664 2476 reformavit.
3532 2461 3550 2479 .

2210 2510 2298 2565 80.
2333 2509 2617 2566 Fortasse
2649 2514 2881 2566 moveat
2909 2511 3064 2583 quod
3088 2511 3279 2568 Judaei
3297 2511 3562 2584 lapidem
3583 2510 3788 2580 tollunt,

2138 2599 2331 2655 Judaei
2361 2598 2598 2654 institas
2631 2599 2872 2656 solvunt
2898 2600 3080 2670 (Ibid.
3114 2600 3204 2671 4t,
3239 2602 3331 2672 44)
3359 2617 3441 2657 ne
3473 2601 3628 2657 forte
3669 2602 3720 2656 et
3743 2602 3792 2653 tu

2143 2689 2436 2744 sollicitus
2467 2687 2576 2758 sis,
2609 2689 2746 2759 quis
2774 2689 3028 2760 lapidem
3065 2689 3138 2744 de
3170 2693 3560 2746 monumento
3589 2693 3683 2745 tuo
3709 2687 3794 2744 tol-

359 2779 426 2830 ut
445 2775 570 2847 jam
599 2776 672 2830 ad
703 2776 970 2847 exempla
1025 2777 1355 2848 veniamus,
1405 2781 1897 2851 quemadmodum
1929 2797 2029 2836 re-
2142 2777 2221 2832 lat
2249 2777 2605 2846 (Marc.xvx,
2637 2776 2716 2846 3).
2747 2777 2929 2843 Quasi
2957 2793 3100 2833 vero
3150 2780 3252 2850 qui
3295 2780 3581 2850 spiritum
3610 2777 3794 2834 refun-

362 2880 604 2936 surgas.
638 2863 771 2919 Non
801 2864 958 2920 enim
986 2881 1167 2920 unum
1197 2867 1503 2937 Lazarum,
1556 2870 1664 2925 sed
1692 2871 1868 2925 {idem
1900 2874 2034 2925 om:
2142 2865 2284 2922 dere
2311 2869 2557 2936 poterat,
2591 2865 2845 2936 lapidem
2877 2881 3190 2923 removere
3236 2883 3355 2923 non
3406 2869 3638 2939 poterat
3669 2882 3682 2922 :
3709 2867 3794 2920 aut

362 2952 528 3008 nium
575 2952 933 3008 suscitavit:
979 2954 1137 3026 quod
1186 2959 1248 3010 tu
1295 2958 1352 3011 si
1401 2957 1634 3028 credas,
1670 2974 1802 3014 cum
1849 2959 2027 3032 legis,
2143 2955 2380 3010 vincula
2409 2970 2708 3025 rumpere,
2755 2955 2859 3027 qui
2903 2955 3164 3010 vinctum
3209 2957 3436 3013 fecerat
3463 2955 3793 3011 ambulare:

363 3050 534 3098 mens
561 3057 798 3113 quoque
825 3045 944 3112 tua,
977 3059 1110 3115 quae
1139 3048 1369 3101 mortua
1398 3045 1609 3117 fuerat,
1636 3047 1694 3102 in
1725 3049 1826 3103 illo
1849 3049 2028 3103 Laza-
2141 3046 2242 3099 aut
2261 3043 2570 3114 decperire
2593 3043 2824 3114 faciem,
2849 3045 2951 3114 qui
2971 3045 3195 3115 opertis
3217 3046 3415 3100 oculis
3437 3046 3638 3102 lumen
3656 3043 3796 3100 infu-

364 3146 434 3186 ro
463 3129 788 3187 reviviscit.
839 3129 993 3196 Quid
1033 3133 1190 3188 enim
1238 3133 1356 3189 sibi
1404 3135 1529 3190 vult
1557 3137 1714 3208 quod
1746 3137 2032 3192 Dominus
2135 3119 2310 3188 derat
2333 3147 2347 3188 :
2368 3136 2466 3187 aut
2489 3131 2711 3186 findere
2733 3132 3096 3204 petram,qui
3115 3137 3343 3203 poterat
3359 3134 3690 3190 reformare
3708 3147 3795 3185 na-

364 3219 440 3276 ad
487 3223 928 3276 monumentum
969 3223 1248 3292 accessit,
1281 3239 1497 3296 magna
1524 3239 1674 3280 voce
1704 3223 1982 3280 clamavit
2017 3241 2031 3281 :
2075 3259 2124 3296 η
2143 3222 2378 3275 turam?
2395 3219 2513 3276 Sed
2534 3225 2596 3275 ut
2620 3221 2713 3276 vel
2733 3221 2926 3276 oculis
2944 3221 3074 3276 suis
3091 3222 3430 3293 crederent,
3446 3223 3551 3296 qui
3573 3221 3798 3277 credere

370 3329 396 3362 ι
431 3309 676 3379 Lazare,
707 3309 806 3366 exi
835 3309 1002 3366 foras
1032 3311 1222 3378 (Joan.
1255 3329 1337 3381 xi,
1371 3313 1512 3384 43)?
1556 3315 1674 3368 nisi
1721 3319 1784 3370 ut
1837 3315 2034 3378 1155
2080 3309 2340 3366 'mente
2361 3309 2657 3379 nolebant,
2691 3314 2995 3365 removent
3013 3310 3286 3380 lapidem,
3311 3311 3520 3366 vident
3539 3311 3794 3376 cadaver,

367 3398 588 3456 futura
634 3399 1098 3455 resurrectionis
1148 3401 1452 3470 specimen
1498 3401 1640 3472 (61)
1690 3405 2031 3472 praestaret,
2145 3399 2394 3455 fetorem
2416 3399 2696 3468 sentiunt,
2721 3398 2956 3454 institas
2979 3403 3277 3468 rumpunt.
3294 3399 3432 3455 Non
3451 3401 3702 3471 possunt
3719 3411 3800 3452 ne-

367 3487 702 3558 exemplum
725 3487 976 3542 ederet?
1003 3487 1124 3544 Cur
1143 3503 1290 3544 voce
1309 3490 1602 3558 clamavit,
1626 3490 1801 3561 quasi
1823 3490 2036 3562 spiritu
2146 3503 2288 3560 gare
2303 3487 2850 3559 defunctum,quem
2863 3477 3800 3560 aspiciuntresurgentem,vident

367 3591 490 3633 non
510 3576 701 3632 soleat
721 3579 974 3647 operari,
998 3577 1172 3648 quasi
1188 3579 1402 3633 tacitus
1423 3594 1540 3633 non
1562 3579 1752 3634 soleat
1780 3579 2038 3650 impera-
2147 3577 2322 3650 signa
2342 3577 2573 3645 mortis,
2598 3580 2656 3631 et
2675 3576 2811 3632 vitae
2833 3591 3099 3632 munera.
3118 3576 3268 3642 Quid
3291 3576 3346 3632 si
3366 3577 3514 3634 dum
3533 3577 3800 3632 conantur

371 3681 436 3722 re
453 3665 484 3721 ?
503 3663 616 3736 (62)
632 3664 750 3720 Sed
776 3667 840 3720 ut
858 3665 1002 3720 illud
1032 3665 1390 3737 ostenderet,
1414 3667 1574 3738 quod
1596 3667 1885 3740 scriptum
1906 3670 1999 3722 est
2025 3683 2037 3721 :

375 3777 397 3801 α
423 3753 709 3819 Quoniam
729 3754 789 3808 in
809 3757 1124 3825 momento,
1163 3755 1222 3808 in
1255 3755 1373 3810 ictu
1405 3757 1582 3826 oculi,
1614 3756 1674 3812 in
1710 3755 2042 3812 novissima

373 3842 534 3912 tuba,
555 3845 612 3897 et
631 3841 847 3898 mortui
867 3846 1186 3916 resurgent
1207 3843 1531 3915 incorrupti
1553 3843 1610 3914 (Ι
1637 3845 1774 3900 Cor.
1803 3861 1902 3914 xv,
1925 3844 2043 3916 53);

373 3931 652 3986 tubarum
697 3931 855 3986 enim
904 3931 1166 4002 crepitus
1215 3932 1330 4002 (63)
1375 3933 1547 3988 vocis
1580 3933 1816 3988 metitur
1845 3934 2040 3988 elatio.

375 4017 449 4074 Et
479 4019 753 4074 clamavit
787 4033 800 4075 :
837 4039 862 4072 ι
895 4019 1141 4090 Lazare,
1174 4022 1270 4075 exi
1299 4021 1484 4076 foras.
1523 4045 1545 4070 η
1577 4021 1700 4076 Cur
1727 4023 1904 4078 etiam
1933 4039 2044 4078 no-

375 4121 512 4165 men
540 4107 792 4179 additur,
843 4109 962 4164 nisi
1008 4108 1160 4166 forte
1207 4125 1280 4165 ne
1323 4109 1475 4166 alius
1505 4111 1904 4166 resuscitatus
1933 4127 2043 4182 pro

441 4295 563 4380 (.58)
592 4295 675 4350 Ita
705 4311 852 4380 mss.
887 4296 1064 4380 longe
1095 4295 1516 4380 plurimihcum
1769 4297 2014 4368 interpr.
2021 4315 2044 4380 ξ

378 4367 479 4423 alii
523 4383 667 4423 vero
715 4368 843 4423 cod.
895 4371 951 4422 et
993 4367 1222 4423 cunctae
1253 4367 1389 4423 edit.
1425 4383 1560 4422 cum
1590 4368 1789 4441 Vulg.,
1829 4391 1851 4420 α
1886 4367 2044 4440 quod

379 4455 492 4522 egp
542 4439 828 4494 Dominus
879 4439 1112 4522 locutus
1159 4455 1314 4522 sum,
1348 4442 1404 4494 et
1433 4439 1665 4522 faciam,
1707 4463 1728 4488 »
1762 4439 2045 4522 Sequenti

380 4513 574 4592 autem
623 4527 808 4592 sensu
854 4525 961 4592 pro
1011 4512 1144 4592 quin
1193 4513 1358 4592 artus
1407 4513 1764 4592 resumatur,
1813 4535 1836 4559 ι»
1887 4512 2047 4582 quod

381 4582 651 4637 exstabat
699 4584 759 4636 in
805 4586 922 4636 ant.
969 4582 1129 4651 edit.,
1181 4583 1296 4636 duo
1345 4597 1492 4636 mss.
1523 4583 1781 4653 legunt,
1835 4603 1857 4630 «

380 4655 620 4778 mertciat
649 4656 1020 4724 reparentur,
1079 4674 1101 4704 α
1137 4653 1360 4723 caeteri,
1411 4669 1478 4707 ac
1519 4652 1686 4707 Rom.
1723 4653 1862 4707 edit.
1896 4656 1959 4707 ut
1989 4653 2048 4707 in

385 4739 494 4778 con
522 4739 596 4778 ex
624 4740 678 4778 u.

385 4739 678 4778 contextu.

455 4803 567 4873 (69)
615 4803 763 4858 Mss.
815 4805 1048 4876 quidam
1104 4805 1370 4860 «vitales
1413 4804 1660 4874 spiritus
1694 4804 2049 4860 commercia

384 4874 692 4928 rimentur.
733 4896 754 4922 ιι

454 4952 568 5022 (60)
599 4952 818 5026 Omnes
849 4955 1006 5024 edit.,
1046 4979 1067 5001 ιι
1103 4956 1202 5026 qui
1235 4955 1551 5010 crediderit
1581 4955 1786 5026 quia...
1829 4957 1889 5010 in
1937 4971 2046 5010 no-

383 5025 632 5079 vissima
661 5025 801 5078 tuba
833 5027 1044 5080 mortui
1075 5025 1410 5097 resurgent,
1447 5025 1816 5095 cumprimis
1863 5027 2048 5097 rapie-

383 5043 632 5079 VlSSlma
661 5043 801 5078 IUDH
833 5043 1044 5080 ηιοινιιιι
1075 5043 1410 5097 resurgent,
1447 5043 1581 5080 cum
1609 5043 1816 5095 plelS
1863 5043 2047 5152 regie-

381 5099 519 5166 tur;
557 5119 577 5142 η
612 5111 760 5168 mss.
812 5111 965 5168 vero
1006 5097 1318 5152 nobiseum
1370 5097 1610 5164 faciunt,
1653 5098 1769 5152 nisi
1799 5113 1914 5168 quo
1987 5097 2047 5152 in

383 5167 738 5239 quibusdam
789 5167 1090 5239 omittitur,
1127 5191 1148 5214 α
1187 5173 1354 5223 canet
1403 5168 1560 5222 enim
1599 5168 1757 5238 tuba,
1797 5167 1829 5214 ιῖ
1852 5173 1908 5222 et
1939 5169 2045 5222 ha-

381 5238 574 5311 betur,
611 5259 638 5290 ‹‹
671 5238 883 5311 mortui
917 5245 1235 5311 resurgent
1265 5239 1456 5308 primi,
1494 5239 1814 5308 rapientur.
1855 5263 1877 5286 η
1903 5239 2046 5311 ᾼΝοη

383 5311 532 5364 satis
561 5309 764 5364 recte.
811 5309 886 5364 At
918 5309 1070 5362 infra
1104 5310 1202 5363 ubi
1237 5311 1404 5364 Rom.
1441 5311 1600 5376 edit.,
1641 5333 1660 5356 ιι
1697 5316 1752 5364 et
1780 5309 2045 5380 perfidiae

383 5383 615 5446 sulidet,
658 5405 678 5430 η
731 5383 846 5435 vet.
899 5397 968 5434 ac
1017 5396 1165 5434 mss.
1198 5380 1438 5451 aliquot,
1481 5404 1502 5428 ει
1539 5385 1594 5434 et
1623 5383 1887 5450 perﬁdiae
1919 5397 2046 5436 suae

382 5453 634 5520 subdct;
674 5475 695 5500 η
731 5453 942 5507 melius
975 5451 1190 5524 reliqui
1219 5469 1393 5524 mss,
1433 5475 1453 5498 «
1489 5455 1544 5506 ct
1575 5453 1816 5522 perﬁdia
1851 5469 1980 5521 sua,
2021 5472 2044 5502 ι

382 5526 493 5578 ctc.

452 5594 564 5664 (61)
599 5596 836 5650 Amerb.
873 5597 932 5649 et
962 5612 1108 5650 mss.
1142 5595 1380 5667 aliquot,
1438 5619 1458 5642 κ
1497 5595 1756 5665 Speciem
1804 5596 2046 5662 praesta-

381 5669 509 5735 ret;
545 5687 566 5716 ι
607 5667 837 5738 liemig.
873 5670 930 5720 et
960 5668 1207 5738 Benign.
1249 5690 1268 5716 α
1307 5683 1472 5738 spem
1505 5669 1834 5738 praestaret.
1877 5687 1896 5709 »

453 5738 566 5806 (6'2)
597 5737 776 5792 Pauci
804 5753 978 5804 mss.,
1017 5761 1038 5786 α
1074 5737 1192 5794 non
1223 5739 1410 5792 soleat
1440 5737 1734 5806 imperari.
1776 5759 1796 5781 »

455 5808 566 5880 (63)
598 5808 744 5867 Mss.
770 5807 1053 5877 nonnulli,
1091 5830 1114 5862 α
1137 5811 1454 5881 resurgent
1476 5808 1534 5862 in
1559 5807 1996 5878 incorruptione
2025 5823 2034 5868 ;

2147 3665 2355 3722 labore
2385 3665 2518 3736 ipso
2549 3664 2977 3721 emendantur?
3007 3665 3147 3737 quid
3179 3666 3236 3720 si
3265 3667 3406 3721 dum
3429 3665 3689 3735 audiunt,
3715 3662 3796 3718 vel

2147 3754 2392 3808 auribus
2412 3755 2541 3808 suis
2559 3754 2846 3810 credunt?
2867 3753 3007 3826 quid
3020 3753 3566 3826 sidumintuentur,
3581 3753 3670 3810 vel
3683 3767 3801 3810 ocu-

2147 3843 2225 3899 lis
2249 3841 2378 3898 suis
2401 3842 2783 3914 corriguntur
2799 3844 2828 3898 ?
2855 3842 2997 3914 quid
3019 3843 3072 3898 si
3097 3843 3238 3898 dum
3259 3847 3544 3915 rumpunt
3563 3840 3796 3910 vincula,

2150 3934 2378 3988 mentes
2401 3946 2546 3986 suas
2569 3931 2857 3987 solvunt?
2877 3931 3018 4003 quid
3040 3931 3092 3987 si
3115 3931 3254 3987 dum
3274 3931 3543 3988 Lazarus
3563 3930 3798 3996 exuitur,

2147 4021 2404 4093 populus
2432 4021 2716 4076 liberatur
2734 4021 2763 4076 ‘I
2794 4020 2934 4075 dum
2957 4021 3244 4077 Lazarum
3267 4021 3433 4077 abire
3453 4019 3795 4093 permittunt.

2148 4111 2264 4181 ipsi
2296 4110 2366 4165 ad
2401 4110 2713 4166 Dominum
2744 4111 3172 4166 revertuntur?
3209 4109 3477 4182 Denique
3519 4109 3684 4165 multi
3710 4104 3799 4179 qui

2147 4299 2421 4353 tubarum
2450 4297 2608 4352 enim
2637 4296 2944 4368 strepitus.
2985 4319 3007 4346 ιι

2221 4368 2335 4440 (64)
2383 4369 2605 4424 Institae
2657 4363 2785 4424 hoc'
2815 4369 2946 4423 loco
2996 4367 3202 4424 fasciis
3235 4367 3610 4440 sepulcrales
3656 4363 3792 4426 sunt,

2149 4457 2284 4513 quae
2316 4439 2608 4521 dicuntur
2654 4456 2688 4495 a
2735 4439 2961 4521 Joanne
2989 4447 3212 4521 κειρίαι,
3249 4443 3362 4521 aut
3377 4439 3593 4494 melius
3610 4441 3796 4521 ﬂeta:

2151 4511 2187 4574 εἰ
2215 4519 2448 4575 nomine
2472 4528 2569 4602 κὴρ
2601 4534 2761 4602 mors
2811 4519 2940 4602 sive
2987 4511 3224 4602 factum.
3279 4517 3368 4572 Ad
3409 4533 3581 4602 eas_a
3610 4511 3796 4570 Divide

2080 4614 2133 4676 D
2153 4600 2406 4676 ειιιυευηι
2437 4597 2707 4676 Nahniqs
2737 4601 2918 4676 Ρυῖξὲιν
2951 4598 3052 4676 “Pi
3082 4599 3340 4676 legimus
3363 4611 3388 4676 _:
3433 4617 3462 4676 cf
3499 4597 3792 4676 Praevene-

2152 4675 2290 4724 runt
2337 4687 2431 4724 mo
2479 4670 2674 4741 laquei
2706 4664 2913 4724 mortis
2947 4684 2962 4741 ς,
2997 4664 3171 4723 funes
3203 4669 3374 4723 inferi
3408 4664 3793 4741 circumdede-

2152 4745 2290 4795 runt
2319 4757 2409 4795 me
2436 4757 2450 4810 ;
2479 4762 2511 4822 χ
2544 4737 2636 4794 liis
2670 4742 2826 4822 enim
2857 4737 3146 4822 cadavera
3177 4737 3788 4822 unguentis‘delibuta,

2151 4827 2225 4888 ne
2257 4806 3057 4888 corruptione(solverentur,
3092 4806 3292 4866 Judaei
3314 4809 3666 4888 obligabant.

2150 4886 2347 4938 tamen
2375 4872 2481 4954 per
2508 4883 2744 4937 institas
2791 4882 2964 4936 etiam
3013 4872 3357 4936 communes
3409 4872 3784 4954 fasciarith-

2151 4947 2416 5026 liguntu'r
2439 4969 2465 5026 ;,
2502 4955 2616 5026 imo
2663 4958 2720 5026 et
2764 4968 2956 5026 genus
2988 4968 3242 5026 quoque
3281 4951 3468 5006 vestis
3503 4947 3782 5026 muliebris

2153 5015 2495 5096 huiusmodi
2529 5025 2714 5096 fascia
2743 5015 2853 5096 seu
2885 5015 3061 5078 limbb
3092 5015 3466 5096 praetextum,
3500 5019 3665 5096 sicuti
3683 5015 3782 5096 pb-

2155 5087 2356 5150 servat
2387 5096 2540 5150 idem
2573 5095 2862 5162 Nannius,
2888 5109 2996 5150 nec
3020 5087 3134 5148 noh
3159 5094 3416 5148 Vossius
3447 5087 3519 5146 ad
3551 5087 3782 5147 eamdem

2155 5181 2383 5221 vocem.

2225 5237 2340 5307 (65)
2373 5238 2544 5292 Pauci
2577 5253 2726 5292 mss.
2765 5258 2788 5283 α
2825 5239 3061 5308 separet
3098 5250 3400 5308 gressum.
3437 5257 3463 5308 ξι
3511 5233 3707 5308 Verum
3731 5233 3780 5278 in

2155 5299 2386 5378 recepta
2435 5309 2682 5362 lectione
2731 5323 2848 5362 non
2890 5299 3015 5361 vitii
3061 5299 3398 5378 quidquam,
3432 5304 3614 5376 inquit
3641 5299 3778 5354 Nan-

2154 5380 2310 5451 nius,
2365 5381 2470 5451 sed
2518 5379 2864 5451 obscuritas
2881 5394 3140 5451 “magna.
3182 5378 3287 5451 Est
3317 5382 3512 5451 autem
3543 5379 3773 5451 sensus:

2152 5440 2453 5515 Quomodo
2498 5451 2712 5528 vinctis
2760 5440 3038 5518 pcdibusv
3059 5449 3174 5528 iter
3207 5449 3492 5528 dirigat,”
3528 5440 3774 5528 cruribus

2148 5514 2300 5576 inter
2331 5538 2396 5576 se
2426 5523 2730 5590 revinctis,
2761 5514 2956 5574 tamen
2991 5519 3158 5590 quasi
3189 5514 3551 5586 divaricatis,
3582 5514 3771 5568 alterno

2149 5597 2306 5666 motu
2338 5593 2550 5666 pedum
2583 5592 2889 5666 incedens.
2927 5591 3007 5666 lta
3039 5590 3155 5644 ille.
3275 5659 3311 5666 __
3443 5662 3453 5666 _

2218 5657 2352 5734 ((56)
2381 5664 2457 5716 lta
2503 5681 2710 5716 omnes
2757 5663 2895 5716 edit.
2949 5665 3006 5714 et
3055 5677 3202 5714 mss.
3237 5659 3460 5734 aliquot
3495 5674 3506 5712 :
3539 5657 3624 5712 alii
3652 5661 3770 5706 vero

2148 5730 2368 5807 plures,
2409 5760 2427 5782 ιι
2465 5735 2556 5791 via
2587 5737 2756 5790 lux...
2793 5733 2886 5787 via
2917 5747 3198 5808 gressum
3233 5730 3460 5786 extulit.
3507 5753 3526 5778 »ι
