4060 6178
302 338 456 403 1397

1106 340 1219 402 DE
1257 338 1643 405 EXCESSU
1687 338 2054 404 FRATRIS
2095 339 2235 405 SUI
2280 341 2586 405 SATYRI
2632 343 2791 407 LIB.
2839 344 2887 407 Ι.

3598 340 3767 421 1398⁵

296 552 583 607 venerant
609 550 683 605 ad
714 550 977 618 Mariam,
1012 549 1281 605 videntes
1312 565 1447 621 qua
1477 547 1627 604 facta
1652 550 1811 618 sunt,
1845 563 1966 603 cre-
1997 529 2047 591 Ᾱ
2081 553 2275 605 mento
2308 552 2435 607 hac
2468 553 2616 609 facta
2649 560 2806 612 sunt.
2840 557 2945 613 Vis
2978 558 3135 616 scire
3165 575 3340 632 quam
3379 561 3589 619 brevi?
3638 564 3749 621 Di—

296 640 571 695 diderunt
598 639 789 709 (Joan.
825 657 905 709 xl,
937 639 1049 709 45).

370 730 456 783 81.
499 728 626 784 Nec
676 729 789 783 hoc
836 728 1031 784 solum
1075 729 1406 799 exemplum
1457 728 1637 783 edidit
1676 728 1961 783 Dominus

302 819 493 882 1156
541 820 749 873 noster
789 818 970 873 Jesus
1018 817 1328 886 Christus;
1373 818 1478 872 sed
1530 817 1679 872 alios
1724 833 1961 889 quoque

295 908 694 977 rcsuscitavit,
731 911 792 963 ut
821 924 931 962 nos
964 908 1054 963 vel
1085 909 1374 980 exemplis
1406 908 1784 964 uberioribus
1826 924 1959 963 cre—

296 998 595 1052 deremus.
648 998 1051 1053 Resuscitavit
1092 997 1530 1053 adolescentem
1577 999 1716 1053 fletu
1764 998 1960 1052 vidua

296 1086 500 1140 matris
528 1086 806 1157 intlexus,
838 1088 1074 1159 quando
1104 1089 1364 1142 accessit
1393 1091 1449 1142 et
1473 1087 1957 1160 tetigitloculum,

295 1174 503 1230 dicens
538 1192 550 1231 :
589 1199 612 1222 α
647 1176 1038 1245 Adolescens,
1070 1177 1175 1231 tibi
1215 1177 1348 1230 dico
1387 1192 1569 1248 surge
1604 1194 1615 1230 :
1652 1180 1707 1231 et
1736 1176 1960 1230 resedit

292 1264 393 1335 qui
424 1267 550 1319 erat
576 1267 868 1335 mortuus,
899 1268 957 1321 et
988 1266 1165 1336 capit
1208 1266 1368 1337 loqui
1412 1267 1575 1335 (Luc.
1611 1283 1713 1335 vn,
1748 1264 1950 1334 14-15).

289 1354 494 1408 Statim
543 1357 606 1408 ut
649 1354 889 1423 audivit,
936 1355 1133 1409 statim
1175 1355 1416 1422 resedit,
1479 1356 1675 1409 statim
1720 1355 1955 1409 locutus

293 1446 405 1498 est.
441 1443 568 1498 Alia
598 1459 744 1517 ergo
785 1443 1021 1499 virtutis
1066 1445 1273 1517 gratia,
1318 1444 1469 1499 alius
1515 1445 1660 1499 ordo
1706 1447 1949 1499 natura.

361 1531 451 1587 εξ.
494 1532 642 1587 Nam
673 1533 812 1605 quid
843 1533 916 1588 de
944 1533 1406 1604 archisynagogi
1453 1533 1572 1587 tilia
1617 1533 1844 1604 loquar,
1895 1533 1955 1587 in

293 1620 472 1692 cujus
502 1622 668 1677 obitu
694 1623 911 1677 flebant
940 1623 1151 1692 turba,
1202 1623 1479 1677 tibicines
1512 1622 1956 1693 personabant?

294 1710 525 1765 Etenim
554 1711 628 1766 ad
657 1712 831 1767 tidem
865 1711 1072 1767 mortis
1100 1728 1312 1783 pompa
1347 1712 1573 1766 funeris
1622 1712 1955 1767 exhibetur.

292 1799 477 1864 Quam
509 1801 624 1855 cito
653 1802 724 1856 ad
760 1817 966 1856 vocem
996 1801 1229 1856 Domini
1259 1801 1643 1856 convertitur
1687 1802 1957 1872 spiritus,

2082 640 2192 708 xit,
2226 646 2285 695 et
2315 640 2472 697 facta
2504 651 2639 698 sunt
2670 646 2856 715 (Psal.
2892 664 3129 717 cxnvm,
3180 650 3255 719 5).
3304 651 3366 707 Si
3416 652 3573 709 dicto
3624 654 3748 710 ele-

2079 733 2273 783 menta
2320 739 2707 805 consurgunt,
2763 752 2870 791 cur
2914 739 3069 793 dicto
3119 742 3333 795 mortui
3383 758 3502 798 non
3546 759 3748 799 resur-

2081 821 2262 889 gant?
2290 818 2401 886 Qui
2430 823 2565 878 licet
2594 828 2825 893 mortui,
2861 827 2999 897 sint,
3033 831 3226 884 tamen
3251 829 3562 902 aliquando
3584 834 3748 889 vixe-

2080 912 2235 976 runt,
2261 909 2875 984 habueruntspiritum
2898 917 3210 987 sentiendi,
3233 919 3564 976 habuerunt
3585 922 3745 980 vires

2080 998 2324 1068 agendi;
2349 1000 2782 1075 plurimumque
2795 1005 2974 1060 refert
2987 1023 3170 1077 capax
3191 1008 3368 1063 animi
3390 1024 3508 1064 non
3529 1010 3741 1080 fuisse,

2083 1086 2278 1149 1157
2310 1092 2366 1143 et
2395 1091 2729 1147 exanimum
2779 1095 3167 1150 remansisse.
3220 1098 3502 1154 Diabolus
3542 1100 3690 1154 dixit
3723 1119 3735 1157 :

2083 1198 2106 1224 α
2142 1178 2246 1232 Dic
2276 1178 2453 1250 lapidi
2483 1180 2640 1249 huic,
2674 1186 2737 1236 ut
2765 1183 2864 1237 fiat
2894 1185 3066 1254 panis
3097 1186 3261 1254 (Luc.
3297 1204 3374 1256 lv,
3406 1186 3482 1258 8).
3522 1213 3544 1237 ιι
3589 1188 3742 1244 Con-

2076 1266 2292 1335 titetur,
2339 1267 2587 1338 jubente
2633 1271 2775 1337 Deo,
2825 1275 3088 1328 converti
3120 1290 3301 1344 posse
3332 1280 3637 1346 naturam;
3676 1280 3738 1334 tu

2077 1370 2196 1410 non
2226 1357 2444 1427 credis,
2468 1358 2718 1429 jubente
2738 1360 2879 1431 Deo,
2912 1363 3218 1418 reformari
3241 1380 3423 1435 posse
3441 1369 3740 1423 naturam?

2145 1445 2235 1501 86.
2279 1446 2361 1502 De
2410 1448 2557 1502 solis
2610 1464 2789 1504 cursu
2838 1451 3090 1522 coelique
3140 1454 3365 1509 ratione
3396 1455 3740 1527 philosophi

2073 1536 2392 1606 disputant,
2423 1541 2480 1591 et
2510 1541 2647 1593 sunt
2679 1539 2779 1610 qui
2811 1542 3013 1609 putant
3043 1541 3137 1595 his
3168 1558 3308 1597 esse
3351 1544 3736 1616 credendum,

2073 1640 2206 1679 cum
2238 1625 2378 1697 quid
2406 1625 2739 1697 loquantur,
2771 1628 3067 1698 ignorent.
3103 1630 3307 1702 Neque
3337 1633 3493 1688 enim
3524 1634 3739 1689 calum

2072 1714 2486 1782 ascenderunt,
2521 1730 2690 1768 axem
2721 1715 2995 1786 dimensi,
3028 1720 3311 1774 mundum
3354 1722 3547 1776 oculis
3596 1739 3737 1792 per-

2072 1802 2315 1857 scrutati
2348 1806 2516 1871 sunt;
2548 1803 2683 1873 quia
2713 1804 2912 1858 nullus
2944 1821 3150 1860 eorum
3183 1823 3317 1862 eum
3349 1809 3472 1864 Deo
3494 1810 3554 1864 in
3575 1811 3735 1881 prin-

290 1890 621 1943 redivivum
656 1905 874 1961 corpus
903 1890 1171 1963 erigitur,
1206 1891 1377 1945 cibus
1409 1891 1680 1960 sumitur,
1727 1894 1792 1945 ut
1820 1892 1957 1947 vita
1986 1901 2039 1964 B
2072 1891 2224 1961 cipio
2274 1890 2401 1961 fuit,
2449 1892 2647 1946 nullus
2682 1907 2885 1947 eorum
2917 1893 2989 1949 de
3021 1894 3141 1950 Deo
3174 1896 3318 1951 dixit
3350 1914 3362 1951 :
3401 1918 3424 1949 ι
3454 1896 3600 1953 Cum
3631 1915 3739 1970 pa-

286 1978 690 2034 testimonium
722 1980 1080 2035 crederetur.

357 2068 447 2123 83.
490 2068 561 2123 Et
591 2069 732 2140 quid
764 2069 1047 2124 miremur
1075 2069 1147 2124 ad
1176 2085 1388 2125 vocem
1424 2069 1526 2124 Dei
1560 2069 1797 2125 refundi
1825 2071 1956 2124 ani-

281 2173 460 2226 mam,
491 2158 688 2213 redire
718 2158 963 2213 ossibus
1009 2159 1277 2227 viscera;
1325 2174 1461 2213 cum
1508 2159 1955 2213 meminerimus

279 2246 613 2317 prophetici
642 2246 800 2302 factu
831 2248 1098 2319 corporis
1131 2250 1424 2303 mortuum
1456 2248 1807 2302 suscitatam
1842 2247 1961 2315 (IV

283 2334 436 2406 Reg.
471 2353 595 2405 xm,
627 2336 758 2405 21)?
786 2336 947 2391 Elias
979 2336 1186 2403 oravit,
1219 2340 1277 2391 et
1303 2335 1644 2391 defunctum
1692 2336 1952 2390 suscita-

285 2423 372 2478 vit
400 2423 688 2479 infantum
719 2424 809 2491 (ΙΙ
833 2425 980 2497 Reg.
1014 2443 1158 2496 xvn,
1189 2426 1279 2494 22)
1309 2441 1324 2480 :
1359 2425 1571 2480 Petrus
1612 2425 1672 2479 in
1714 2426 1951 2480 nomine

284 2510 507 2567 Christi
537 2512 849 2567 Tabitham
878 2530 1129 2587 surgere
1158 2520 1332 2587 atque
1378 2516 1681 2569 ambulare
1725 2530 1949 2585 prace-

283 2602 391 2672 pit,
425 2604 482 2656 et
508 2602 796 2657 redditam
827 2603 941 2657 sibi
962 2590 1254 2675 pauperes
1278 2604 1552 2676 gratulati
1574 2605 1955 2660 crediderunt

282 2705 394 2760 pro
425 2691 720 2745 alimentis
748 2692 907 2760 (Aet.
940 2710 977 2761 l,
1011 2692 1238 2764 39-41);
1270 2696 1327 2748 et
1356 2709 1465 2748 nos
1494 2693 1686 2748 adhuc
1718 2710 1823 2764 pro
1857 2710 1953 2749 sa-

278 2777 405 2833 lute
450 2795 570 2835 non
615 2780 954 2836 credimus?
1000 2782 1089 2836 Illi
1149 2783 1645 2838 resurrectionem
1699 2783 1950 2838 alienam

283 2868 418 2923 suis
447 2868 726 2941 lacrymis
746 2870 1142 2940 redemerunt,
1176 2886 1287 2926 nos
1311 2875 1572 2926 nostram
1596 2887 1706 2927 nec
1727 2871 1951 2927 Christi

280 2957 584 3012 credimus
615 2959 896 3029 passione
926 2960 1079 3030 (6'7)?
1106 2959 1215 3025 Qui
1246 2975 1381 3015 cum
1427 2960 1718 3017 emitteret
1768 2960 1949 3032 spiri-

277 3049 426 3117 tum,
476 3050 540 3102 ut
583 3048 922 3104 ostenderet
967 3065 1075 3120 pro
1118 3053 1323 3105 nostra
1379 3050 1820 3106 resurrectione
1881 3065 1948 3105 se

278 3138 600 3206 mortuum,
633 3137 852 3193 seriem
894 3137 1085 3209 ipsam
1129 3139 1591 3195 resurrectionis
1641 3139 1947 3209 exercuit;

278 3225 460 3280 simul
491 3226 647 3281 enim
675 3228 740 3280 ut
775 3249 797 3274 ιι
830 3226 1094 3283 clamans
1124 3228 1335 3284 iterum
1363 3244 1512 3284 voce
1543 3245 1755 3301 magna
1797 3229 1946 3284 emi-
1977 3252 2032 3321 ο

277 3314 361 3369 sit
409 3315 718 3386 spiritum;
766 3318 825 3371 et
860 3319 1017 3371 terra
1065 3320 1218 3373 mota
1266 3321 1377 3386 est,
1430 3321 1487 3373 et
1516 3320 1698 3388 petra
1731 3319 1946 3374 scissa

277 3406 443 3473 sunt,
477 3407 535 3459 et
562 3409 938 3460 monumenta
966 3408 1165 3476 aperta
1197 3409 1355 3474 sunt,
1388 3409 1445 3461 et
1473 3407 1651 3462 multa
1693 3422 1945 3478 corpora

274 3496 620 3548 sanctorum
645 3493 1057 3549 dormientium
1080 3498 1557 3564 rosuri-exerunt,
1581 3499 1639 3551 et
1658 3498 1945 3551 exeuntes

274 3581 353 3637 de
386 3586 765 3639 monumento
795 3586 932 3654 post
960 3584 1457 3639 resurrectionem
1488 3584 1625 3655 ejus
1655 3587 1946 3640 venerunt

270 3670 335 3725 in
366 3673 631 3726 sanctam
653 3672 968 3742 civitatem,
992 3678 1049 3728 et
1070 3674 1269 3729 multis
1285 3677 1681 3745 apparuerunt
1701 3675 1941 3746 (Matth.

270 3777 460 3830 xxvn,
493 3762 583 3832 51,
615 3760 726 3832 52).
764 3782 788 3812 ι

344 3850 435 3905 84.
477 3850 541 3906 Si
585 3851 714 3907 hac
761 3851 913 3906 facta
958 3856 1117 3923 sunt,
1165 3869 1298 3908 cum
1327 3852 1618 3909 emitteret
1646 3853 1940 3924 spiritum,

271 3956 385 3994 cur
431 3939 801 3996 incredibilia
848 3944 1142 4012 putamus,
1191 3958 1324 3997 cum
1372 3942 1565 3998 redire
1596 3942 1841 4014 coeperit
1870 3942 1944 3997 ad

262 4027 604 4100 judicium?
630 4032 962 4100 prasertim
1006 4048 1139 4085 cum
1172 4031 1300 4087 hac
1348 4031 1709 4087 resurrectio
1755 4031 1943 4086 docu-

270 4121 536 4173 mentum
570 4118 729 4174 illius
750 4122 1232 4188 resurrectionis,
1265 4123 1323 4176 et
1344 4121 1555 4176 futura
1577 4121 1656 4175 sit
1676 4119 1943 4175 veritatis

270 4207 643 4278 exemplum;
677 4208 873 4263 minus
917 4212 1110 4264 autem
1146 4210 1478 4281 exemplum
1510 4212 1620 4278 est,
1655 4225 1828 4280 quam
1850 4226 1945 4264 ve-

268 4295 443 4350 ritas.
475 4296 619 4362 Quis
648 4298 833 4370 igitur
861 4298 921 4353 in
969 4298 1200 4354 Domini
1242 4300 1525 4370 passione
1566 4301 1942 4354 monumenta

266 4386 534 4455 aperuit,
583 4400 819 4441 manum
864 4387 1325 4460 resurgentibus
1388 4387 1577 4457 dedit,
1624 4387 1778 4441 viam
1826 4401 1941 4457 qua

266 4473 567 4529 civitatem
600 4479 861 4529 sanctam
882 4480 1168 4546 peterent,
1196 4476 1662 4531 demonstravit?
1692 4476 1743 4530 si
1762 4490 1934 4530 nemo

268 4561 401 4631 fuit,
438 4562 546 4617 fuit
574 4563 774 4636 utique
804 4566 897 4619 vis
928 4565 1145 4633 divina,
1179 4581 1313 4636 qua
1346 4567 1691 4636 operaretur
1719 4565 1777 4618 in
1810 4580 1939 4619 cor-

263 4651 519 4721 poribus
549 4657 933 4709 mortuorum.
988 4654 1259 4710 Hominis
1288 4656 1349 4709 tu
1379 4654 1601 4725 quaris
1632 4652 1935 4723 auxilium,

260 4740 372 4795 ubi
404 4756 556 4811 opus
587 4742 693 4796 Dei
721 4743 919 4798 cernis
938 4744 967 4797 ?

337 4828 428 4883 85.
473 4829 607 4885 Non
655 4835 833 4903 egent
864 4832 1155 4887 humanis
1185 4832 1380 4887 divina
1414 4831 1762 4886 ministeriis
1797 4830 1931 4901 (68).

261 4917 497 4973 Catum
541 4919 701 4974 Deus
746 4920 872 4975 ﬁeri
911 4919 1117 4991 jussit,
1166 4925 1223 4975 et
1269 4920 1486 4976 factum
1532 4926 1665 4976 est:
1718 4923 1933 4975 terram

258 5009 454 5065 creari
489 5009 706 5074 statuit,
742 5010 799 5062 et
828 5012 1020 5064 creata
1054 5012 1147 5065 est
1176 5010 1348 5080 (Gen.
1382 5029 1420 5079 l,
1456 5011 1529 5082 1).
1560 5011 1705 5077 Quis
1737 5010 1942 5067 hnme‘

260 5097 353 5152 ris
384 5112 527 5152 saxa
558 5097 873 5153 convexit?
902 5098 1038 5169 quis
1070 5100 1377 5171 congessit
1410 5101 1756 5170 impensas?
1796 5102 1932 5173 quis

259 5185 555 5242 laboranti
584 5187 721 5242 ‘Deo
767 5202 936 5242 suam
987 5201 1225 5259 operam
1273 5190 1663 5245 ministravit?
1706 5190 1769 5245 In
1800 5206 1931 5245 mo-

337 5355 451 5423 (6'7)
493 5355 663 5411 Hunc
691 5355 886 5411 locum
918 5355 1184 5427 plerique
1213 5374 1362 5412 mss.
1396 5361 1759 5414 contractum
1792 5357 1932 5413 effc-

252 5430 399 5499 runt
430 5427 487 5480 in
519 5428 670 5481 hanc
702 5427 970 5492 formam,
1013 5444 1187 5499 {non
1220 5430 1561 5484 credimus?
1593 5431 1728 5499 Ipse
1751 5431 1927 5484 etiam

258 5498 552 5552 Dominus
584 5504 790 5553 noster
821 5499 1002 5553 Jesus
1031 5498 1309 5554 Christus
1341 5502 1557 5554 seriem
1600 5498 1786 5570 ipsam
1834 5518 1930 5556 re-

253 5569 656 5643 surrectionis
685 5571 970 5626 exercuit.
1004 5570 1215 5627 Melius
1248 5575 1438 5627 tamen
1469 5572 1587 5643 alii,
1621 5569 1677 5627 et
1698 5576 1927 5629 cuncta

253 5639 402 5694 edit.
435 5644 497 5694 ut
526 5640 585 5694 in
616 5642 798 5696 textu.

332 5710 445 5779 (68)
483 5710 703 5765 Omnes
734 5712 881 5783 edit.
906 5727 973 5766 ac
1006 5714 1176 5783 pauci
1209 5728 1380 5779 mss.,
1434 5737 1454 5761 ‹‹
1510 5714 1785 5769 humanis
1834 5715 1924 5769 di-

250 5780 398 5837 vina
430 5783 748 5854 mysteria;
782 5782 993 5855 reliqui
1010 5780 1195 5855 'mss.,
1233 5804 1256 5836 ι
1291 5784 1563 5843 humanis
1593 5786 1789 5844 divina
1823 5788 1925 5842 mi-

1964 4612 2017 4674 D

2068 1983 2227 2035 reret
2257 1980 2491 2049 calum,
2528 1997 2661 2035 cum
2693 1981 2826 2052 ipso
2857 1998 3037 2051 eram,
3075 1987 3131 2038 et
3161 2001 3321 2039 eram
3341 2002 3476 2041 eum
3497 2002 3569 2043 eo
3588 2003 3743 2044 com-

2067 2084 2322 2146 ponens,
2354 2085 2468 2142 ego
2498 2085 2657 2125 eram
2690 2072 2786 2125 cui
2817 2071 3190 2144 adgaudebat
3216 2072 3333 2145 (69)
3362 2075 3575 2144 (Prov.
3608 2094 3733 2147 vm,

2066 2158 2155 2228 2'7,
2178 2156 2301 2226 '30).
2340 2182 2361 2207 ιι
2397 2158 2459 2214 Si
2488 2175 2633 2231 ergo
2662 2160 2782 2213 illis
2814 2161 3090 2230 creditur,
3142 2179 3260 2217 non
3293 2164 3553 2219 creditur
3587 2166 3731 2234 Deo,

2066 2246 2167 2317 qui
2200 2247 2278 2301 ait
2310 2263 2323 2303 :
2362 2270 2384 2296 α
2417 2246 2920 2312 Quemadmodum
2951 2249 3164 2304 calum
3198 2266 3436 2321 novum,
3486 2254 3543 2307 et
3570 2255 3729 2308 terra

2064 2351 2236 2405 nova,
2269 2351 2404 2407 qua
2436 2352 2550 2408 ego
2583 2336 2736 2392 facio
2766 2352 3005 2393 manere
3037 2353 3236 2394 coram
3267 2355 3380 2409 me,
3424 2341 3565 2396 dicit
3610 2341 3731 2397 Do-

2063 2426 2281 2492 minus,
2334 2426 2423 2479 sic
2472 2426 2652 2480 stabit
2700 2441 2914 2481 nomen
2945 2430 3231 2496 vestrum,
3265 2430 3322 2483 et
3354 2445 3559 2485 semen
3586 2446 3730 2486 ves-

2061 2516 2215 2568 trum
2250 2531 2261 2569 :
2296 2517 2353 2569 et
2383 2514 2494 2569 erit
2541 2516 2768 2569 mensis
2810 2530 2885 2569 ex
2933 2531 3161 2585 mense,
3216 2520 3274 2571 et
3312 2518 3625 2574 sabbatum
3655 2534 3732 2575 ex

2062 2603 2309 2658 sabbato
2344 2619 2357 2659 :
2391 2606 2447 2658 et
2478 2603 2674 2659 veniet
2702 2605 2895 2659 omnis
2928 2620 3066 2660 caro
3096 2606 3156 2659 in
3199 2610 3523 2678 conspectu
3575 2623 3726 2677 meo,

2062 2694 2124 2746 ut
2151 2693 2397 2747 adorent
2428 2692 2486 2747 in
2517 2692 2870 2762 Jerusalem,
2904 2693 3044 2749 dicit
3095 2694 3382 2751 Dominus
3432 2697 3593 2751 Deus
3628 2714 3639 2751 :
3674 2699 3732 2751 et

2062 2780 2324 2850 exibunt,
2357 2783 2415 2836 et
2443 2782 2728 2837 videbunt
2756 2782 3020 2837 membra
3061 2782 3386 2855 hominum,
3431 2786 3534 2857 qui
3579 2801 3732 2856 pra-

2062 2869 2302 2924 varicati
2334 2872 2474 2924 sunt
2502 2870 2559 2924 in
2591 2886 2702 2925 me.
2737 2870 2888 2926 Nam
2917 2872 3141 2926 vermis
3188 2888 3393 2928 eorum
3439 2888 3557 2929 non
3607 2889 3731 2930 mo-

2062 2958 2265 3027 rietur,
2298 2961 2356 3014 et
2385 2958 2544 3031 ignis
2575 2974 2781 3014 eorum
2830 2975 2948 3016 non
2994 2960 3428 3033 exstinguetur,
3474 2965 3532 3017 et
3562 2965 3735 3018 erunt

2060 3045 2141 3100 im
2171 3049 2477 3117 aspectum
2509 3048 2807 3103 universa
2837 3048 3000 3103 carni
3046 3049 3211 3118 (Isai.
3245 3067 3400 3119 LXVI,
3448 3049 3660 3118 22-24).
3697 3076 3719 3099 ιι

2132 3135 2220 3191 8⁸7.
2262 3136 2326 3192 Si
2356 3139 2515 3192 terra
2542 3141 2861 3193 renov'atur
2891 3141 2949 3192 et
2979 3138 3214 3207 calum,
3248 3156 3355 3194 cur
3383 3140 3721 3195 dubitemus

2061 3223 2359 3280 hominem
2387 3241 2570 3296 posse
2601 3227 2874 3282 renovari
2904 3230 3146 3297 propter
3174 3242 3347 3298 quem
3379 3230 3536 3282 terra
3577 3229 3731 3283 facta

2060 3315 2118 3369 et
2147 3315 2360 3370 calum
2393 3316 2526 3369 est?
2554 3314 2618 3370 Si
2647 3315 3072 3385 pravaricator
3089 3319 3367 3371 servatur
3382 3316 3455 3370 ad
3472 3332 3726 3386 poenam,

2060 3418 2168 3457 cur
2192 3401 2399 3474 justus
2431 3419 2549 3458 non
2579 3406 2957 3474 perpetuatur
2987 3405 3061 3459 ad
3092 3404 3384 3476 gloriam?
3413 3405 3475 3460 Si
3505 3407 3728 3459 vermis

2061 3507 2179 3547 non
2209 3493 2458 3547 moritur
2486 3496 2883 3563 peccatorum,
2930 3493 3423 3565 quemadmodum
3466 3494 3728 3549 interibit

2059 3596 2197 3636 caro
2236 3580 2575 3653 justorum?
2624 3582 2767 3637 Hac
2815 3587 2908 3637 est
2950 3582 3106 3637 enim
3149 3585 3533 3652 resurrectio,
3568 3583 3723 3637 sicut

2056 3670 2224 3724 verbi
2256 3671 2448 3740 ipsius
2478 3685 2666 3726 sonus
2694 3672 2996 3742 exprimit;
3041 3676 3103 3726 ut
3132 3673 3289 3743 quod
3322 3672 3553 3741 cecldit,
3606 3673 3718 3726 hoc

2057 3761 2335 3830 resurgat
2369 3776 2380 3814 :
2416 3760 2575 3830 quod
2605 3764 2900 3816 mortuum
2930 3759 3129 3829 fuerit,
3163 3761 3505 3815 reviviscat.

2127 3846 2216 3902 88.
2260 3847 2331 3902 Et
2360 3847 2489 3903 hac
2520 3851 2614 3903 est
2642 3850 2835 3904 series
2865 3852 2923 3904 et
2950 3864 3132 3904 causa
3159 3850 3430 3920 justitia,
3478 3851 3541 3904 ut
3572 3865 3725 3921 quo-

2057 3935 2214 3991 niam
2245 3937 2515 4007 corporis
2546 3937 2839 4010 animique
2871 3939 3201 3994 communis
3233 3942 3325 3994 est
3355 3942 3523 3994 actus
3564 3938 3725 4010 (quia

2057 4040 2192 4096 qua
2222 4026 2455 4081 animus
2484 4027 2784 4099 cogitavit,
2818 4043 3036 4099 corpus
3068 4028 3282 4097 etl‘ecit)
3314 4030 3630 4099 utrumque
3662 4027 3723 4082 in

2053 4112 2345 4184 judicium
2380 4116 2593 4184 veniat,
2625 4120 2940 4188 utrumque
2969 4120 3069 4172 aut
3097 4133 3288 4188 poena
3319 4117 3587 4186 dedatur,
3627 4118 3726 4170 aut

2058 4202 2267 4273 gloria
2313 4209 2676 4275 reservetur,
2728 4207 2876 4261 Nam
2925 4206 3350 4277 propemodum
3391 4205 3718 4260 absurdum

2052 4294 2305 4362 videtur,
2339 4296 2401 4348 ut
2432 4309 2565 4347 cum
2598 4295 2774 4349 animi
2806 4295 3000 4367 legem
3033 4296 3127 4350 lex
3159 4294 3357 4349 carnis
3387 4294 3711 4363 impugnet,

2052 4384 2109 4436 et
2157 4397 2327 4436 mens
2373 4381 2721 4454 plerumque
2767 4388 2926 4455 quod
2956 4385 3078 4439 odit
3111 4384 3223 4437 hoc
3256 4381 3449 4450 faciat,
3480 4379 3716 4451 quando

2052 4470 2389 4525 inhabitans
2435 4472 2492 4525 in
2546 4470 2783 4526 homine
2831 4475 3137 4542 peccatum
3169 4469 3367 4525 carnis
3398 4470 3714 4539 operatur;

2053 4560 2287 4615 animus
2335 4560 2624 4615 subdatur
2668 4560 2905 4632 injuria
2933 4560 3047 4631 (Ἷο)
3084 4559 3293 4614 aliena
3324 4573 3465 4612 reus
3496 4556 3710 4627 culpa,

2052 4665 2192 4704 caro
2221 4650 2415 4721 quiete
2448 4649 2703 4720 potiatur
2730 4652 2936 4705 auctor
2964 4663 3245 4703 aerumna
3277 4662 3291 4702 :
3325 4650 3383 4702 et
3412 4645 3583 4701 solus
3634 4648 3718 4699 at-

2052 4741 2293 4806 teratur,
2342 4739 2442 4809 qui
2490 4754 2609 4793 non
2648 4740 2816 4794 solus
2847 4738 3098 4803 erravit;
3131 4740 3230 4791 aut
3260 4736 3432 4790 solus
3463 4735 3714 4807 gloriam

2053 4827 2289 4895 referat,
2322 4828 2420 4897 qui
2452 4842 2568 4881 non
2600 4828 2767 4883 solus
2799 4828 3004 4900 gratia
3036 4826 3301 4881 militavit
3332 4825 3469 4895 (7t).

2123 4915 2212 4970 89.
2254 4916 2455 4983 Plena,
2491 4916 2549 4969 ni
2582 4916 2772 4985 fallor,
2808 4920 2864 4971 et
2896 4916 3060 4987 justa
3093 4916 3238 4969 ratio
3271 4929 3284 4968 :
3322 4913 3426 4968 sed
3468 4927 3582 4984 ego
3623 4928 3721 4967 ra-

2050 5006 2265 5060 tionem
2297 5020 2328 5057 a
2357 5004 2593 5058 Christo
2623 5022 2739 5061 non
2770 5006 2967 5077 exigo.
3000 5004 3061 5060 Si
3094 5005 3317 5058 ratione
3365 5001 3711 5071 convincor,

2051 5095 2223 5149 tidem
2255 5094 2469 5149 abnuo.
2501 5094 2759 5149 Credidit
2790 5094 3087 5149 Abraham
3118 5093 3239 5149 Deo
3289 5092 3465 5159 (Gen.
3500 5107 3600 5157 xv,
3633 5090 3709 5157 6),

2049 5194 2105 5249 et
2153 5205 2263 5247 nos
2309 5185 2663 5254 credamus;
2707 5186 2769 5239 ut
2817 5184 2914 5255 qui
2962 5198 3171 5239 sumus
3220 5180 3481 5255 generis,
3533 5178 3707 5233 etiam

2046 5361 2332 5427 nisteriis,
2370 5382 2391 5407 ιι
2426 5356 2583 5430 quod
2616 5374 2749 5412 cum
2783 5354 3170 5429 sequentibus
3192 5350 3383 5421 aptius
3403 5344 3706 5401 cohaerere

2045 5433 2422 5487 manifestum
2452 5436 2565 5487 est.

2115 5504 2229 5572 (69)
2270 5504 2417 5557 Mss.
2451 5502 2808 5572 complures,
2845 5523 2866 5547 ιι

2042 5575 2188 5630 nulli
2220 5578 2277 5628 et
2304 5575 2442 5629 edit.
2476 5573 2869 5643 adgaudebat.

2111 5646 2225 5711 ('70)
2271 5668 2293 5691 οι
2336 5641 2633 5700 Subdatur
2677 5641 2933 5714 injuria,
2992 5661 3012 5686 ιι

2041 5717 2400 5785 supphcﬁs:

2111 5780 2222 5855 (τί)
2262 5786 2544 5847 Nonnulli
2574 5800 2745 5851 mss.,
2784 5805 2805 5827 η
2838 5781 3044 5855 gloriae
3077 5780 3360 5838 militavit.
3396 5810 3414 5827 η

2906 5500 2999 5553 cui
3029 5493 3454 5568 applaudebat;
3493 5521 3515 5545 υ
3552 5513 3703 5552 non-

3070 5637 3182 5692 hoc
3230 5639 3341 5708 est,
3394 5640 3586 5711 poenis
3637 5657 3705 5695 ac
