4060 6178
123 392 278 458 1401

934 391 1044 455 DE
1085 392 1470 458 EXCESSU
1514 392 1881 458 FRATRIS
1923 393 2060 459 SUI
2105 393 2416 459 SATYRI
2457 395 2616 460 LIB.
2668 396 2746 460 II.

3403 399 3564 468 1102

105 595 428 667 obsequia:
492 594 891 666 praedicamus
943 594 1212 666 gratiam,
1258 609 1582 665 sequamur
1641 595 1778 649 obe-
1806 582 1862 646 Ᾱ
1893 595 2302 665 praeferamus,
2323 597 2493 666 patri,
2521 597 2827 668 fratribus,
2849 600 3040 666 matri,
3076 602 3138 655 ut
3167 601 3358 670 possit
3387 601 3562 656 nobis

105 685 406 752 dientiam,
431 699 549 739 non
571 684 732 740 escis
750 683 995 753 inducti,
1040 683 1250 738 saeculi
1281 683 1527 754 laqueos
1559 684 1780 738 incida-

107 790 260 829 mus.
288 773 659 844 Arripiamus
673 772 1165 844 Opportunitatem
1186 773 1491 843 temporis,
1508 773 1779 844 praescri-

101 865 266 933 ptum
324 861 500 935 legis,
555 861 926 916 clementiam
994 862 1346 930 vocationis,
1417 860 1776 915 desiderium

105 951 430 1021 passionis.
457 950 742 1006 Exierunt
763 950 834 1005 de
867 955 1024 1006 terra
1057 965 1164 1004 sua
1186 949 1558 1020 patriarchae,
1593 953 1650 1004 et
1666 965 1776 1005 nos

104 1055 390 1095 exeamus
446 1041 748 1110 proposito
805 1039 877 1093 de
933 1039 1207 1110 corporis
1265 1041 1593 1109 potestate;
1654 1054 1766 1093 nos

104 1144 388 1183 exeamus
416 1127 744 1199 proposito,
798 1126 881 1181 illi
911 1127 1125 1182 exsilio
1151 1143 1163 1183 :
1215 1127 1323 1182 sed
1353 1127 1629 1182 exsilium
1658 1142 1776 1182 non

104 1220 403 1287 putarunt,
433 1216 593 1288 quod
625 1216 863 1270 devotio
911 1216 1126 1286 obiret,
1157 1231 1275 1270 non
1306 1216 1638 1270 necessitas
1671 1216 1774 1270 im-

104 1309 358 1377 peraret.
417 1305 505 1359 Illi
564 1307 780 1359 terram
837 1303 969 1360 solo
1028 1307 1346 1374 mutarunt,
1398 1321 1509 1359 nos
1558 1308 1775 1358 terram

46 1392 50 1396 ’
103 1395 252 1449 coelo
285 1398 607 1449 mutemus:
660 1393 744 1447 illi
786 1393 1163 1461 habitatione,
1218 1409 1330 1448 nos
1381 1393 1613 1464 spiritu.
1650 1393 1773 1448 Illis

106 1483 494 1537 illuminatum
540 1481 732 1537 stellis
791 1483 1007 1537 ccelum
1065 1483 1394 1538 ostenderit
1461 1482 1768 1552 sapientia,

105 1572 294 1626 nostri
327 1571 528 1626 cordis
562 1571 769 1626 oculos
804 1571 1089 1627 illuminet
1120 1570 1253 1643 (76).
1289 1571 1386 1626 Sic
1415 1575 1590 1642 typus
1621 1571 1772 1626 veri-

105 1661 228 1730 tati,
259 1664 318 1715 et
347 1660 566 1715 veritas
597 1660 898 1715 concurrit
927 1663 1083 1732 typo.

173 1749 262 1805 96.
333 1749 634 1804 Abraham
693 1754 934 1821 paratus
1003 1750 1370 1820 excipiendis
1438 1748 1774 1820 hospitibus

101 1838 278 1907 (Gen.
336 1854 502 1907 xvm,
536 1838 612 1908 2),
674 1838 868 1894 ﬁdelis
929 1839 1074 1910 Deo,
1136 1840 1390 1912 impiger
1445 1839 1774 1894 ministerio

103 1931 411 1998 promptus
434 1927 655 1997 ofﬁcio,
681 1926 1023 1982 Trinitatem
1052 1929 1114 1983 in
1143 1932 1278 2000 typo
1310 1927 1474 1997 vidit,
1509 1927 1775 1999 hospita-

104 2017 326 2071 litatem
347 2016 635 2088 religione
669 2016 1010 2087 cumulavit,
1045 2020 1168 2072 tres
1199 2017 1560 2088 suspiciens,
1597 2032 1777 2071 unum

95 2105 370 2173 adorans,
395 2109 452 2159 et
471 2120 860 2175 personarum
883 2106 1262 2163 distinctione
1293 2109 1552 2175 servata,
1593 2121 1776 2161 unum

103 2199 299 2249 tamen
317 2194 628 2249 Dominum
649 2194 1008 2265 nominabat,
1039 2195 1232 2250 tribus
1265 2195 1777 2251 honorificentiam

104 2283 369 2338 muneris
402 2282 703 2354 deferens,
736 2286 795 2338 et
824 2300 1000 2339 unam
1024 2285 1375 2357 signiﬁcans
1399 2287 1774 2355 potestatem.

104 2371 485 2443 Loquebatur
529 2371 686 2426 enim
717 2371 777 2426 in
807 2388 878 2427 eo
909 2388 1027 2428 non
1075 2373 1368 2442 doctrina,
1403 2374 1509 2428 sed
1543 2375 1772 2446 gratia:

105 2462 157 2516 ei
191 2460 405 2515 melius
439 2460 719 2516 credebat
749 2461 866 2530 ille,
911 2462 1069 2534 quod
1117 2478 1236 2518 non
1264 2462 1568 2532 didicerat,
1601 2478 1777 2534 quam

105 2564 216 2603 nos
248 2549 348 2620 qui
380 2548 720 2605 didicimus.
775 2550 962 2606 Nemo
1009 2551 1163 2606 enim
1207 2556 1408 2622 typum
1457 2550 1778 2605 falsaverat

105 2637 394 2706 veritatis,
434 2640 490 2693 et
538 2638 672 2694 ideo
708 2641 833 2696 tres
869 2641 1048 2710 videt,
1081 2641 1191 2696 sed
1221 2642 1502 2696 unitatem
1533 2657 1778 2696 venera-

102 2731 218 2782 tur.
260 2727 410 2782 Tres
449 2744 765 2784 mensuras
807 2729 1166 2802 similaginis
1220 2731 1433 2801 promit
1461 2746 1640 2785 unum
1672 2730 1778 2783 im-

103 2816 282 2870 molat
304 2817 570 2886 vitulum,
593 2817 740 2872 satis
765 2819 1016 2874 credens
1037 2835 1218 2874 unum
1235 2835 1373 2874 esse
1393 2819 1774 2889 sacriﬁcium,

101 2906 280 2960 trium
309 2920 559 2962 munus:
595 2923 773 2962 unam
820 2908 1096 2977 hostiam,
1132 2907 1309 2963 trium
1361 2908 1610 2980 gratiam
1639 2908 1773 2979 (Π).

104 2995 257 3049 Nam
301 2996 360 3050 in
400 3000 655 3068 quatuor
677 2998 926 3070 regibus
971 2997 1146 3068 (Gen.
1173 3014 1292 3066 xiv,
1318 2997 1341 3051 1
1372 3004 1430 3052 et
1459 2997 1612 3070 seq.)
1641 2997 1776 3069 quis

101 3100 225 3140 non
271 3085 558 3158 intelligat
607 3085 766 3158 quod
818 3087 1138 3141 materialis
1183 3087 1470 3142 elementa
1528 3090 1772 3156 naturae,

98 3174 501 3246 praeﬁguratm
533 3175 860 3230 Dominicaa
893 3175 1198 3246 passionis
1230 3175 1470 3244 indicio,
1495 3178 1552 3229 et
1582 3175 1776 3228 omnia

100 3264 225 3318 sibi
239 3263 532 3319 mundana
545 3263 875 3335 subjecerit
891 3265 920 3318 γ
949 3263 1170 3319 Fidelis
1189 3264 1433 3332 inbelle,
1449 3263 1776 3318 abstemius

98 3353 162 3406 in
215 3353 530 3423 triumpho,
582 3353 682 3425 qui
734 3352 908 3408 donis
958 3369 1076 3408 non
1119 3352 1426 3408 hominum
1455 3352 1772 3421 ditescere,

100 3441 216 3496 sed
249 3441 355 3496 Dei
385 3442 602 3497 mallet.

190 3525 223 3586 1
243 3523 384 3587 160
413 3530 504 3587 9'7.
529 3532 823 3588 Generare
847 3548 915 3587 se
951 3548 1133 3603 posse
1173 3532 1358 3588 ﬁlium
1380 3547 1567 3588 senex
1589 3531 1774 3587 credi-

94 3621 208 3689 dit,
229 3621 534 3676 immolare
555 3637 738 3692 posse
762 3637 828 3676 se
871 3621 1053 3676 ﬁlium
1093 3624 1259 3692 pater
1281 3620 1571 3693 judicavit
1599 3621 1773 3692 (Gen.

93 3727 245 3779 xxii,
301 3709 427 3780 11);
491 3726 601 3764 nec
646 3711 873 3781 patrius
932 3711 1246 3781 trepidavit
1301 3709 1571 3780 aﬁ'ectus,
1642 3727 1777 3766 cum

100 3799 276 3854 senis
299 3799 601 3854 dexteram
632 3800 863 3870 pietatis
882 3799 1190 3871 adjuvaret
1214 3815 1228 3869 ;
1262 3799 1487 3855 sciebat
1507 3800 1661 3856 enim
1688 3815 1780 3855 ac-

105 3889 431 3958 ceptiorem
448 3889 570 3944 Deo
597 3889 779 3943 ﬁlium
796 3889 1158 3944 immolatum
1182 3905 1340 3959 esse,
1356 3905 1529 3960 quam
1545 3905 1774 3944 sanum.

99 3977 266 4049 Ergo
297 3978 535 4032 adducit
567 3978 639 4032 ad
671 3978 1030 4033 sacriﬁcium
1081 3978 1265 4033 ﬁlium
1299 3978 1774 4047 dilectissimum,

99 4071 161 4121 et
184 4082 361 4138 quem
403 4083 542 4122 sero
582 4072 950 4138 susceperat,
990 4069 1109 4124 cito
1131 4067 1373 4124 obtulit:
1409 4085 1518 4124 nec
1550 4069 1776 4139 paterni

97 4155 364 4211 nominis
419 4157 810 4227 appellatione
863 4161 1194 4227 revocatur,
1249 4174 1383 4213 cum
1429 4158 1525 4213 ille
1548 4148 1777 4229 patrem

99 4249 366 4314 vocaret,
387 4245 486 4300 hic
510 4245 713 4300 ﬁlium.
731 4245 923 4300 Chara
935 4247 1171 4318 quidem
1191 4247 1492 4302 nominum
1505 4248 1774 4319 pignora,

96 4335 214 4388 sed
273 4335 622 4390 amabiliora
682 4335 785 4390 Dei
833 4341 1133 4407 praecepta
1192 4337 1325 4406 ('78).
1385 4337 1586 4408 Itaque
1644 4337 1780 4392 licet

93 4428 591 4494 compaterentur
649 4425 850 4494 corda,
912 4431 1046 4480 vota
1097 4426 1408 4480 durabant.
1471 4427 1780 4481 Distrinxit

93 4529 291 4582 super
314 4513 497 4567 ﬁlium
529 4515 791 4585 gladium
820 4519 1064 4585 paterna
1095 4531 1290 4583 manu,
1327 4519 1381 4570 et
1413 4515 1606 4585 patrio
1636 4531 1778 4586 per-

91 4603 301 4657 cussit
319 4602 553 4672 affectu,
580 4619 654 4657 ne
693 4603 918 4673 periret
953 4619 1161 4673 pmna:
1196 4604 1513 4673 trepidavit
1540 4603 1674 4676 (79),
1709 4620 1779 4659 ne

1894 700 2141 739 servare
2168 685 2420 740 dilectos
2447 684 2580 757 (80),
2626 686 2781 742 sicut
2811 688 2869 742 in
2902 688 3200 742 Abraham
3230 690 3568 746 uberiorem

1894 776 2416 844 remuneratorem,
2450 791 2624 845 quam
2655 775 2990 832 ministrum
3019 778 3312 834 videmus.

1961 860 2050 916 98.
2099 862 2318 917 Obtulit
2363 864 2602 934 quidem
2651 865 2833 919 ﬁlium
2881 869 3066 936 pater,
3117 868 3225 922 sed
3256 867 3415 922 Deus
3445 883 3564 924 non

1890 951 2200 1022 sanguine,
2235 952 2342 1006 sed
2375 952 2622 1022 pietatee
2653 953 2935 1024 placatur.
2969 954 3289 1025 Ovem'pro
3321 956 3562 1014 homine

1890 1037 2315 1094 demonstravit
2344 1041 2403 1095 in
2451 1041 2634 1114 ligno,
2667 1046 2730 1097 ut
2777 1046 2835 1098 et
2863 1042 3048 1097 filium
3079 1043 3230 1114 patri
3263 1045 3559 1114 redderet,

1889 1142 1999 1182 nec
2032 1129 2252 1197 periret
2281 1130 2476 1184 hostia
2521 1131 2838 1186 sacerdoti.
2872 1132 3072 1204 Itaque
3124 1147 3235 1187 nec
3263 1133 3562 1191 Abraham

1889 1217 2203 1285 parricidio
2237 1222 2579 1274 cruentatus
2627 1223 2738 1290 est,
2772 1237 2882 1275 nec
2933 1222 3092 1276 Deus
3125 1222 3425 1277 sacriﬁcio
3456 1223 3562 1279 de-

1888 1303 2214 1361 fraudatus.
2240 1307 2394 1362 Vidit
2415 1309 2718 1379 propheta,
2743 1325 2853 1364 nec
2870 1308 3164 1365 affectavit
3188 1310 3556 1382 jactantiam,

1887 1408 1997 1448 nec
2018 1396 2201 1450 tenuit
2223 1397 2637 1466 pertinaciam:
2673 1413 2843 1452 ovem
2872 1415 2978 1468 pro
3012 1399 3249 1454 homine
3283 1401 3546 1455 mutavit.

1886 1480 2012 1546 Quo
2060 1485 2255 1556 magis
2303 1486 2654 1551 ostenditur,
2706 1503 2881 1559 quam
2927 1488 3212 1560 religiose
3258 1489 3561 1560 obtulerit,

1887 1587 2064 1642 quem
2115 1577 2231 1628 tam
2273 1573 2525 1630 libenter
2570 1578 2812 1647 recepit.
2861 1576 2931 1630 Et
2976 1580 3035 1631 tu
3088 1577 3142 1631 si
3188 1577 3308 1632 Deo
3341 1593 3558 1633 munus

1887 1663 2049 1714 tuum
2080 1659 2320 1730 offeras,
2354 1679 2472 1717 non
2498 1665 2739 1719 amittis.
2772 1663 2891 1719 Sed
2921 1665 3086 1718 avari
3130 1681 3361 1721 sumus.
3400 1667 3559 1722 Deus

1887 1749 2125 1804 unicum
2155 1748 2369 1804 Filium
2400 1752 2576 1806 morti
2606 1768 2713 1822 pro
2743 1753 2918 1808 nobis
2969 1753 3179 1808 obtulit
3211 1755 3398 1823 (Rom.
3432 1771 3558 1822 vm,

1883 1835 1997 1908 32),
2030 1853 2141 1893 nos
2173 1842 2412 1894 nostros
2464 1855 2775 1912 negamus.
2822 1841 2978 1895 Vidit
3008 1840 3120 1895 hoc
3151 1841 3472 1910 Abraham,
3505 1848 3563 1899 et

1808 1927 2127 2024 Bagnovit
2173 1927 2544 1999 mysterium,
2595 1929 2848 1984 salutem
2890 1929 3063 1984 nobis
3096 1929 3156 1984 in
3204 1930 3367 2003 ligno
3400 1931 3560 1985 futu-

1887 2031 2048 2070 ram:
2101 2031 2210 2072 nec
2257 2016 2424 2072 latuit
2455 2018 2513 2072 in
2544 2034 2660 2073 uno
2693 2018 3028 2089 eodemque
3075 2019 3373 2074 sacriﬁcio
3401 2019 3562 2076 aliud

1887 2120 2026 2160 esse
2055 2106 2212 2176 quod
2243 2105 2545 2162 videretur
2575 2105 2794 2176 offerri,
2827 2107 2986 2162 aliud
3019 2107 3176 2178 quod
3224 2110 3430 2176 posset
3459 2123 3554 2163 oc-

1888 2195 2022 2249 cidi.

1956 2283 2045 2338 99.
2069 2283 2369 2339 Imitemur
2390 2299 2534 2356 ergo
2559 2284 2814 2339 Abrahae
2844 2283 3238 2354 devotionem,
3263 2285 3560 2341 imitemur

1889 2373 2053 2427 lsaac
2120 2373 2460 2443 bonitatem,
2511 2373 2808 2428 imitemur
2854 2373 3284 2430 castimoniam.
3353 2373 3556 2429 Bonus

1887 2462 2059 2532 plane
2088 2465 2146 2516 et
2176 2462 2430 2533 pudicus
2462 2461 2574 2532 vir,
2609 2463 2860 2518 devotus
2911 2463 3052 2532 Deo,
3087 2466 3293 2517 castus
3342 2463 3555 2519 uxori:

1890 2552 1990 2622 qui
2032 2550 2306 2622 injuriam
2356 2567 2473 2605 non
2517 2549 2792 2620 reddidit,
2843 2551 3298 2607 excludentibus
3349 2552 3555 2620 cessit,

1890 2641 2244 2710 poenitentes
2276 2639 2518 2695 eosdem
2549 2639 2792 2710 recepit,
2845 2655 2956 2695 nec
3002 2644 3321 2710 protervus
3351 2644 3554 2696 contu-

1890 2729 2116 2798 maciae,
2152 2743 2259 2784 nec
2308 2728 2498 2784 durus
2543 2728 2769 2801 gratiae.
2818 2728 3035 2784 Litium
3082 2729 3370 2802 fugitans,
3419 2743 3554 2784 cum

1890 2818 2230 2874 recederet:
2265 2817 2458 2873 facilis
2478 2817 2688 2887 veniae,
2725 2832 2859 2873 cum
2893 2817 3220 2890 reciperet:
3255 2817 3559 2888 profusior

1891 2907 2170 2978 bonitate,
2195 2923 2329 2961 cum
2351 2908 2715 2979 ignosceret.
2739 2906 3054 2962 Petebatur
3081 2907 3384 2963 societatis
3420 2921 3557 2964 con-

1890 2996 2160 3065 sortium,
2191 2995 2464 3068 adjunxit
2495 2995 2832 3051 convivium
2863 2995 3222 3066 voluptatis;

1961 3083 2083 3140 100.
2113 3085 2409 3140 lmitemer
2443 3085 2617 3139 etiam
2656 3083 2717 3138 in
2746 3083 2932 3140 Jacob
2963 3088 3166 3156 typum
3206 3084 3449 3156 Christi,
3485 3083 3564 3139 sit

1891 3173 2025 3245 ejus
2055 3175 2116 3229 in
2155 3173 2330 3230 nobis
2365 3174 2559 3246 aliqua
2609 3172 2932 3228 similitudo
2977 3173 3286 3228 factorum.
3321 3170 3558 3226 Erimus

1890 3268 2224 3332 consortes,
2257 3264 2308 3318 si
2341 3263 2628 3318 fuerimus
2679 3261 3024 3317 imitatores.
3056 3261 3225 3316 Matri
3274 3259 3556 3331 obedivit,

1894 3311 2224 3332 --__----_,
2257 3311 2308 3318 --
2342 3311 2626 3318 ---ηψπ
2679 3311 3024 3317 ----_-----_---

1808 3311 1862 3382 ο
1889 3351 2056 3408 fratri
2086 3352 2291 3423 cessit,
2326 3367 2537 3407 socero
2567 3350 2836 3419 servivit,
2870 3349 3208 3404 mercedem
3238 3348 3309 3403 de
3341 3348 3551 3418 lucris,

1889 3457 2008 3497 non
2030 3442 2101 3496 de
2119 3443 2328 3514 gregis
2351 3440 2644 3496 divisione
2662 3438 2960 3511 quaesivit.
2987 3439 3119 3494 Non
3140 3453 3319 3492 avara
3341 3436 3559 3493 divisio

1889 3531 1992 3586 ubi
2039 3532 2323 3586 lucrativa
2373 3531 2584 3602 portio.
2638 3529 2763 3582 Nec
2808 3527 2905 3582 illa
2953 3527 3142 3582 otiosa
3174 3526 3554 3598 signiﬁcatio,

1890 3621 2053 3676 scala
2091 3621 2164 3675 de
2193 3620 2344 3676 coelo
2393 3619 2568 3690 (Gen.
2609 3633 2812 3687 xxvm,
2848 3615 2957 3687 1'2),
2991 3616 3148 3688 quod
3179 3631 3286 3687 per
3315 3629 3555 3670 erucem

1889 3712 2110 3766 Christi
2130 3709 2480 3783 angelorum
2497 3711 2671 3778 atque
2691 3705 2993 3760 hominum
3029 3703 3222 3760 futura
3254 3703 3556 3759 consortia

1890 3801 2251 3855 viderentur.
2311 3798 2416 3853 Cui
2477 3794 2952 3866 obstupefactum
2999 3796 3094 3849 est
3141 3793 3339 3849 femur
3380 3792 3555 3863 (Gen.

1890 3906 2075 3958 xxxii,
2094 3887 2206 3958 25),
2232 3892 2295 3943 ut
2311 3887 2368 3942 in
2388 3887 2611 3941 femore
2633 3900 2744 3940 suo
2766 3886 3123 3955 agnosceret
3152 3882 3557 3956 generationis

1891 3978 2212 4048 baeredem,
2236 3980 2293 4032 et
2313 3973 2748 4047 obstupefactio
2778 3972 3023 4028 femoris
3052 3971 3396 4042 passionem
3425 3986 3558 4044 pro-

1889 4067 2155 4138 phetaret
2185 4065 2277 4121 ha:
2287 4065 2469 4121 redis.

1974 4149 2006 4209 1
2026 4146 2159 4210 161
2201 4153 2322 4209 101.
2347 4154 2631 4209 Videmus
2650 4151 2829 4226 igitur
2863 4151 3078 4206 ccelum
3109 4153 3311 4220 patere
3332 4149 3554 4218 virtuti,

1891 4259 2000 4300 nec
2030 4244 2143 4299 hoc
2176 4259 2314 4298 esse
2363 4257 2720 4313 paucorum:
2762 4264 2783 4289 ιι
2820 4239 2984 4295 Multi
3027 4239 3184 4295 enim
3214 4238 3453 4293 venient
3479 4237 3556 4292 ab

1888 4333 2144 4403 Oriente,
2186 4336 2242 4388 et
2274 4331 2348 4386 ab
2369 4331 2705 4401 Occidente,
2737 4335 2793 4385 et
2819 4329 3111 4401 Aquilone
3146 4330 3203 4382 et
3223 4329 3466 4396 Austro,
3498 4328 3557 4379 et

1890 4422 2235 4478 recumbent
2254 4421 2315 4476 in
2330 4435 2517 4494 regno
2549 4420 2654 4474 Dei
2685 4418 2924 4489 (Matth.
2948 4433 3072 4485 vni,
3097 4415 3206 4486 11),
3235 4436 3258 4464 ι
3293 4414 3554 4470 delecta-

1889 4512 2107 4568 tionem
2129 4514 2426 4584 perpetuae
2441 4509 2658 4582 quietis
2679 4506 2932 4578 sepultis
2949 4505 3279 4560 animorum
3294 4502 3553 4558 motibus

1890 4603 2310 4674 exprimentes,
2340 4599 2672 4672 Sequemur
2699 4595 2998 4651 Abraham
3031 4591 3318 4659 moribus,
3350 4593 3414 4645 ut
3441 4605 3554 4647 nos

93 4692 262 4745 ictus
316 4695 566 4758 erraret,
632 4672 878 4746 dextera
933 4672 1234 4748 deﬁceret.
1291 4672 1492 4748 Sensit
1546 4672 1778 4763 pietatis
1810 4672 2208 4764 Di'eeipiatin
2229 4691 2519 4762 gremium
2541 4681 3402 4756 suum,ettanquamLazarum
3424 4695 3553 4735 sum

91 4778 406 4846 affectum,
441 4782 548 4835 sed
576 4796 692 4834 non
727 4782 926 4834 omisit
974 4782 1304 4837 devotionis
1353 4783 1688 4854 negotium:
1723 4789 1779 4838 et

87 4869 466 4938 properabat
479 4869 854 4940 obsequium,
877 4870 1049 4923 etiam
1063 4887 1196 4924 cum
1211 4871 1438 4926 audiret
1453 4872 1774 4928 oraculum.

97 4955 274 5010 Unde
300 4973 411 5011 nos
451 4973 685 5030 quoque
718 4957 904 5014 Deum
936 4959 1232 5030 omnibus,
1267 4975 1419 5031 quos
1451 4960 1774 5032 diligimus,

171 5098 288 5167 (‘76)
324 5099 605 5154 Nonnulli
649 5117 822 5168 mss.,
877 5125 897 5147 «
933 5100 1200 5156 Ostendit
1245 5103 1554 5173 sapientia,
1588 5104 1778 5158 nostri

83 5174 325 5297 cordist}.
369 5173 576 5227 oculos
625 5173 913 5228 illuminet
957 5173 1229 5244 ejusdem
1271 5175 1582 5244 sapientiae
1635 5191 1779 5230 vera

81 5261 278 5316 cogn:
313 5259 389 5316 io,
430 5264 451 5292 ι
757 5313 770 5316 _
1043 5315 1048 5316 γ

166 5313 285 5382 (⁷1⁸7)
319 5315 401 5368 lta
451 5330 657 5369 omnes
704 5313 842 5370 edit.
890 5331 956 5369 ac
1001 5315 1208 5385 plures
1252 5331 1441 5385 mss.;
1489 5317 1590 5372 alii
1638 5333 1781 5373 vero

535 5386 752 5440 trinum
802 5402 1056 5441 munus:
1106 5402 1282 5442 unam
1313 5388 1566 5442 hostiam
1601 5389 1782 5443 trium

73 5459 454 5531 gratiarum.
498 5479 518 5505 ιι
555 5459 629 5510 At
654 5463 808 5531 post
838 5473 1060 5528 paucos
1095 5475 1334 5531 versus,
1371 5459 1468 5513 ubi
1491 5474 1614 5531 nos
1649 5476 1784 5514 cum

83 5529 274 5584 ltom.
304 5529 444 5582 edit.
471 5529 822 5600 cunctisque
861 5545 1030 5596 mss.,
1070 5552 1090 5577 σι
1124 5529 1452 5584 abstemius
1485 5530 1542 5583 in
1575 5532 1783 5585 trium-

77 5603 237 5670 pho,
271 5626 293 5647 ιι
324 5616 505 5655 unum
522 5604 714 5654 tamen
736 5601 1142 5670 excipimusin
1175 5617 1312 5670 quo,
1351 5625 1370 5647 ιι
1401 5618 1468 5654 ac
1498 5606 1785 5656 strenuus

559 5696 580 5718 η
617 5672 676 5726 in
709 5676 824 5726 ant.
859 5673 996 5727 edit.
1035 5671 1380 5742 habebatur,
1412 5696 1432 5719 α
1472 5673 1785 5729 abstinens

76 5389 409 5442 exhibent.
459 5408 480 5432 «

79 5675 153 5725 in
186 5671 519 5740 triumpho,

79 5746 152 5796 in
189 5743 520 5812 triumpho.
563 5764 584 5790 ν

1890 4783 2236 4838 humilitatis
2261 4778 2555 4834 haeredem
2577 4776 2740 4846 (Luc.
2769 4789 2892 4842 xvi,
2915 4773 3006 4841 23)
3028 4768 3285 4841 propriis
3301 4769 3555 4824 circum-

1890 4871 2090 4926 fusum
2120 4869 2434 4924 virtutibus
2475 4865 2570 4936 pio
2628 4863 2825 4919 foveat
2871 4860 3162 4932 amplexu.
3225 4857 3358 4912 Non
3397 4859 3553 4914 enim

1891 4976 2001 5016 nos
2026 4961 2083 5014 in
2107 4957 2332 5032 gremio
2355 4953 2643 5026 corporali
2677 4952 2813 5023 (81),
2851 4949 2959 5006 sed
2989 4949 3049 5004 in
3079 4947 3334 5020 quodam
3362 4947 3556 5005 bono-

1961 5101 2075 5173 (78)
2112 5103 2280 5156 Rom.
2319 5099 2486 5173 edit.,
2532 5118 2554 5148 ι
2590 5093 3014 5173 sedampliora
3055 5093 3389 5173 praecepta;
3423 5090 3556 5172 reli-

1890 5161 2138 5256 qu:aa,"ae
2176 5189 2346 5256 mss.,
2385 5161 2491 5227 sed
2513 5161 2858 5223 amabiliora
2886 5161 3220 5236 prmcepta;
3259 5161 3279 5209 i-
3318 5161 3552 5235 Benig.,

1896 5270 1916 5295 α
1956 5246 2060 5301 Dei
2092 5247 2407 5370 praecepta.
2448 5267 2468 5290 η
2868 5310 2880 5322 0

1962 5316 2074 5387 ('79)
2153 5314 2377 5387 onnulli
2399 5328 2571 5387 mss.,
2606 5334 2626 5357 «
2649 5312 2705 5366 et
2733 5313 2922 5381 patrio
2952 5319 3280 5378 percussus
3315 5303 3547 5372 affectu,

1889 5385 2405 5460 penetrepidavit,
2443 5406 2468 5435 ιι
2504 5386 2664 5460 etc.___
2855 5455 2865 5460 Α
3050 5449 3082 5460 η
3198 5447 3210 5460 ⁸
3241 5446 3251 5456 ,
3453 5459 3457 5460 ί
3537 5444 3547 5454 _

1961 5459 2073 5527 (80)
2093 5447 2312 5512 Ea'dem
2346 5447 2514 5512 Rom.
2553 5453 2714 5523 edit.,
2754 5475 2776 5499 α
2810 5455 2872 5508 ut
2900 5449 3090 5527 possit
3118 5447 3290 5527 nobis
3321 5447 3551 5499 servari

1893 5518 2182 5598 dilectus;
2218 5553 2239 5577 ιι
2278 5532 2392 5584 vet.
2443 5518 2760 5598 autempac
2812 5518 2960 5578 mss.
3015 5518 3265 5574 invicem
3299 5530 3553 5598 consen-

1893 5603 2060 5668 tiunt,
2083 5586 2199 5654 nisi
2220 5600 2377 5670 quod
2395 5600 2510 5654 illae
2533 5586 2922 5670 praeferunt,_«
2959 5608 3068 5647 nos
3108 5587 3360 5651 servari,
3390 5608 3410 5631 η
3450 5586 3549 5639 Ubi

1893 5688 2003 5726 nos
2036 5667 2167 5726 cum
2200 5667 2371 5740 mss.,
2409 5692 2430 5721 α
2464 5667 2638 5724 nobis
2669 5667 2916 5740 servari.
2956 5684 2978 5713 ii
3085 5730 3134 5740 ﬂ
3231 5730 3244 5740 _
3395 5728 3405 5738 ι

1966 5744 2078 5808 (8|)
2101 5743 2266 5800 l‘laud
2283 5730 2540 5799 absimili
2581 5739 2751 5794 modo
2779 5734 2918 5808 quid
2939 5749 3048 5803 per
3069 5730 3322 5795 Abrahm
3357 5730 3555 5793 sinum
