4060 6178
483 384 645 453 1403

1926 383 1994 454 Β.
2040 386 2481 465 AMBROSII.

3802 398 3936 464 1404

481 603 616 644 rum
664 587 951 644 factorum
1001 588 1217 647 amictu
1259 592 1450 651 sancti
1494 594 1846 664 patriarcha:
1903 595 2151 666 probata
2184 577 2234 644 Α
2276 606 2427 664 quas
2458 596 2682 665 septem
2714 610 3028 667 sumpsere
3074 597 3269 671 angeli
3314 598 3522 670 (Apoc.
3556 613 3686 668 vm,
3719 598 3799 665 2).
3831 599 3925 655 Ubi

485 677 609 734 Deo
640 677 953 735 successio
984 678 1162 736 fovet.
1201 703 1224 729 α
1262 681 1477 753 Nolite,
1496 684 1704 755 inquit,
1738 685 1969 756 seduci,
1988 685 2152 740 Deus

487 782 606 822 non
638 767 944 824 deridetur
974 768 1196 840 (Galat.
1227 787 1308 842 vi,
1337 772 1415 843 Ἷ).
1454 793 1475 822 ι

558 854 681 912 109.
704 856 1086 914 Advertimus
1113 875 1287 932 quam
1318 878 1504 934 grave
1535 863 1614 919 sit
1642 864 2025 937 sacrilegium
2054 880 2153 920 re-

486 946 948 1002 surrrectionem
962 964 1077 1002 non
1092 950 1366 1022 credere;
1385 951 1606 1007 sienim
1622 969 1739 1007 non
1756 954 2154 1026 resurgimus,

496 1049 645 1106 ergo
661 1034 938 1092 Christus
961 1039 1152 1109 gratis
1175 1044 1441 1095 mortuus
1460 1044 1573 1112 est,
1588 1058 1735 1115 ergo
1746 1041 2023 1098 Christus
2039 1059 2154 1098 non

486 1124 749 1178 surrexit
775 1123 833 1196 (Ι
860 1125 997 1182 Cor.
1035 1145 1135 1199 xv,
1170 1129 1282 1199 13).
1315 1129 1379 1185 Si
1410 1130 1566 1186 enim
1599 1131 1772 1186 nobis
1805 1147 1918 1187 non
1952 1147 2153 1187 resur-

485 1212 657 1281 rexit,
676 1213 879 1285 utique
908 1232 1026 1271 non
1052 1219 1400 1286 resurrexit,
1434 1219 1536 1291 qui
1580 1220 1697 1275 sibi
1740 1236 1848 1276 cur
1876 1236 2159 1294 resurge-

488 1303 598 1371 ret,
627 1318 744 1357 non
773 1303 1046 1360 habebat.
1085 1307 1440 1363 Resurrexit
1469 1310 1527 1363 in
1560 1324 1629 1366 eo
1661 1310 1939 1379 mundus,
1964 1327 2158 1367 resur-

491 1391 644 1446 rexit
673 1392 734 1447 in
763 1408 833 1447 eo
864 1393 1099 1466 cmlum,
1119 1398 1448 1453 resurrexit
1464 1398 1525 1452 in
1554 1413 1624 1453 eo
1645 1401 1839 1470 terra;
1870 1400 1981 1455 erit
2000 1401 2159 1457 enim

491 1480 705 1537 omlum
747 1497 965 1538 novum
1007 1488 1066 1539 et
1108 1487 1269 1540 terra
1312 1502 1464 1541 nova
1512 1486 1718 1558 (Apoc.
1766 1505 1890 1558 χχι,
1934 1490 1996 1559 ι).
2031 1488 2156 1544 Sibi

490 1571 683 1625 autem
702 1570 805 1625 ubi
830 1575 956 1627 erat
984 1575 1331 1630 necessaria
1372 1577 1753 1646 resurrectio,
1791 1593 1965 1649 quem
1997 1594 2158 1634 mor-

488 1657 566 1713 tis
597 1659 831 1716 vincula
863 1678 979 1717 non
1009 1663 1337 1720 tenebant?
1365 1664 1516 1720 Nam
1544 1666 1656 1721 etsi
1688 1667 2016 1722 secundum
2049 1668 2160 1723 ho-

491 1747 709 1802 minem
738 1754 1031 1820 mortuus,
1052 1752 1111 1807 in
1144 1752 1297 1823 ipsis
1325 1758 1522 1809 tamen
1550 1758 1675 1809 erat
1703 1754 1856 1810 liber
1884 1755 2154 1811 infernis.

562 1834 687 1892 103.
718 1836 824 1893 Vis
855 1840 1013 1895 scire
1059 1857 1235 1912 quam
1281 1842 1478 1898 liber?
1511 1865 1534 1891 α
1587 1842 1805 1899 Factus
1838 1860 1971 1899 sum
2004 1846 2161 1901 sicut

490 1923 667 1980 homo
717 1927 847 2020 sine
896 1928 1213 2020 adjutorio,
1263 1932 1416 1986 inter
1460 1936 1721 1988 mortuos
1771 1934 1923 1989 liber
1966 1934 2155 2002 (Psal.
2190 1958 2239 2020 Β

490 2030 755 2084 Lxxxvn,
775 2017 851 2086 5).
876 2037 899 2067 ι
924 2017 994 2073 Et
1009 2018 1162 2074 bene
1193 2019 1361 2090 liber,
1383 2022 1483 2091 qui
1502 2038 1569 2076 se
1601 2024 2157 2095 poteratsuscitare,

480 2102 655 2175 juxta
684 2104 840 2175 quod
891 2106 1176 2177 scriptum
1205 2113 1334 2179 est;
1385 2131 1408 2157 ιι
1442 2109 1664 2166 Solvite
1706 2110 1818 2166 hoc
1851 2112 2156 2183 templum,

491 2197 546 2247 et
580 2193 640 2247 in
688 2193 880 2249 triduo
928 2196 1302 2251 resuscitabo
1350 2198 1492 2252 illud
1539 2199 1730 2268 (Joan.
1781 2216 1841 2267 ιι,
1879 2200 1989 2259 19).
2026 2222 2053 2253 υ
2088 2202 2159 2258 Et

489 2280 643 2337 bene
703 2280 874 2352 liber,
933 2284 1035 2354 qui
1079 2284 1230 2339 alios
1275 2285 1664 2342 descenderat
1720 2288 2155 2360 redempturus.

489 2368 707 2426 Factus
737 2373 832 2426 est
859 2375 1053 2427 autem
1084 2373 1239 2428 sicut
1280 2372 1477 2444 homo,
1522 2392 1638 2431 non
1683 2378 1885 2447 specie
1933 2380 2155 2451 utique,

491 2459 600 2515 sed
632 2460 878 2515 veritate
928 2460 1253 2528 formatus;
1304 2463 1442 2534 quia
1470 2467 1527 2519 et
1571 2465 1746 2520 homo
1790 2469 1902 2535 est,
1936 2472 1993 2523 et
2021 2468 2158 2539 quis

489 2553 961 2621 cognosceteum
978 2550 1008 2605 ?
1024 2549 1262 2605 Etenim
1285 2574 1307 2598 υ
1324 2550 1382 2606 in
1401 2553 1842 2610 similitudinem
1856 2555 2158 2613 hominum

486 2635 702 2707 factus,
736 2640 795 2694 et
820 2639 1021 2709 specie
1053 2638 1327 2695 inventus
1362 2644 1424 2696 ut
1467 2642 1662 2711 homo,
1699 2644 2025 2700 humiliavit
2054 2661 2156 2701 se-

489 2726 828 2796 metipsum,
855 2726 1359 2810 factuebobediens
1378 2746 1568 2801 usque
1599 2731 1671 2785 ad
1703 2736 1950 2788 mortem
1981 2734 2159 2802 (Phi-

488 2812 628 2886 lipp.
673 2830 736 2882 ιι,
786 2814 842 2885 7,
893 2816 995 2886 8)»
1034 2821 1095 2871 ut
1142 2834 1249 2888 per
1280 2815 1439 2873 illam
1485 2819 1715 2876 scilicet
1763 2821 2158 2879 obedientiam

486 2901 622 2974 ejus
652 2903 903 2975 gloriam
934 2903 1294 2976 videremus,
1319 2928 1342 2959 ι
1378 2907 1632 2980 gloriam
1664 2911 1835 2981 quasi
1869 2910 2160 2983 unigeniti

483 3004 519 3045 a
552 2991 724 3047 Patre
756 2991 871 3062 (82)
903 3012 926 3043 ι
962 2995 1297 3051 secundum
1344 2996 1631 3053 Joannem
1663 3001 1934 3053 sanctum
1965 3000 2154 3070 (Joan.

482 3095 523 3150 ι,
572 3078 681 3151 11).
728 3080 811 3136 Ita
852 3080 1011 3137 enim
1058 3081 1385 3156 Scriptura)
1433 3086 1625 3158 figura
1665 3091 1960 3157 servatur,
2011 3092 2073 3144 ut
2100 3093 2158 3146 et

482 3168 774 3241 unigeniti
804 3170 1015 3243 gloria,
1047 3174 1106 3228 et
1132 3172 1381 3244 perfecti
1415 3174 1676 3231 hominis
1706 3178 1917 3232 natura
1950 3193 2153 3234 serve-

484 3261 582 3315 tur
611 3258 672 3314 in
703 3257 962 3315 Christo.

556 3345 679 3403 101.
738 3348 938 3421 Itaque
998 3348 1270 3421 adjutore
1325 3366 1444 3407 non
1503 3354 1701 3426 eguit:
1759 3370 1954 3426 neque
2000 3321 2238 3411 enimc

483 3436 666 3508 eguit,
702 3452 838 3492 cum
869 3437 1092 3494 faceret
1120 3438 1439 3505 mundum;
1474 3442 1537 3494 ut
1566 3443 1790 3512 egeret,
1827 3458 1961 3497 cum
1991 3443 2155 3499 redi-

483 3527 687 3580 meret.
708 3524 840 3582 Non
863 3526 1116 3599 legatus,
1137 3542 1255 3582 non
1273 3528 1536 3596 nuntius,
1561 3529 1669 3584 sed
1701 3529 1831 3599 ipse
1862 3529 2150 3587 Dominus

484 3613 717 3670 salvum
735 3614 873 3670 fecit
892 3630 1061 3672 eum:
1100 3636 1124 3668 ι
1159 3616 1294 3687 Ipse
1325 3616 1492 3686 dixit,
1517 3619 1576 3672 et
1607 3617 1764 3673 facta
1794 3622 1933 3675 sunt
1962 3619 2153 3690 (Psal.

481 3719 669 3774 xxxu,
687 3704 763 3774 9).
789 3726 812 3754 η
834 3703 969 3775 Ipse
986 3704 1274 3761 Dominus
1296 3704 1529 3761 salvum
1562 3705 1701 3763 fecit
1729 3722 1900 3765 eum:
1933 3708 2155 3781 ubique

482 3792 634 3863 ipse,
653 3794 791 3865 quia
829 3807 938 3864 per
965 3793 1164 3865 ipsum
1193 3795 1407 3851 omnia.
1431 3793 1578 3861 Quis
1614 3799 1810 3852 autem
1847 3796 2158 3870 adjuvaret

487 3896 645 3952 eum,
675 3882 737 3937 in
765 3898 884 3954 quo
929 3886 1126 3939 creata
1170 3886 1314 3939 sunt
1354 3885 1572 3951 omnia,
1606 3889 1663 3940 et
1707 3886 1904 3941 omnia
1933 3887 1995 3942 in
2024 3886 2155 3958 ipso

485 3972 761 4027 constant
787 3970 1041 4042 (Coloss.
1074 3989 1114 4043 ι,
1150 3972 1238 4043 16,
1275 3973 1412 4043 l7)?
1454 3973 1599 4039 Quis
1644 3974 1958 4047 adjuvaret
1996 3991 2152 4044 eum,

484 4058 586 4131 qui
625 4060 823 4114 omnia
858 4061 917 4115 in
950 4063 1241 4117 memento
1288 4060 1446 4129 facit,
1481 4064 1538 4116 et
1569 4062 1629 4117 in
1661 4064 1989 4119 novissima
2016 4063 2157 4119 tuba

482 4150 750 4204 mortuos
794 4148 1046 4204 suscitat
1088 4149 1144 4220 (ι
1184 4148 1325 4205 Cor.
1374 4166 1474 4220 xv,
1507 4149 1649 4221 52)?
1691 4150 1827 4206 Non
1873 4153 2011 4223 quia
2056 4156 2157 4208 aut

482 4236 692 4309 prima,
739 4239 837 4293 aut
885 4238 1152 4293 secundo
1196 4254 1317 4294 non
1362 4238 1576 4310 possit,
1630 4241 1731 4294 aut
1775 4241 1987 4299 tertia:
2047 4240 2157 4297 sed

483 4325 632 4383 ordo
663 4329 956 4396 servatur,
989 4342 1109 4384 non
1138 4343 1255 4400 quo
1287 4327 1609 4384 difficultas
1650 4344 1789 4385 sero
1840 4330 2154 4401 vincenda,

484 4415 593 4471 sed
622 4415 926 4489 legitimus
959 4432 1244 4473 numerus
1276 4417 1664 4488 explicandus
1697 4419 1775 4473 sit
1803 4418 1938 4491 (88).

553 4504 679 4563 105.
710 4505 969 4577 Tempus
994 4508 1210 4575 autem,
1242 4507 1521 4578 arbitror,
1540 4506 1614 4562 de
1645 4507 1921 4563 tubarum
1958 4500 1988 4562 1
2008 4498 2155 4565 162

486 4594 688 4666 specie
704 4595 925 4665 dicere,
948 4596 1228 4668 quoniam
1245 4611 1449 4652 sermo
1466 4596 1906 4667 propinquatad
1938 4596 2116 4651 tinem
2136 4613 2148 4651 :

485 4686 550 4739 ut
565 4684 753 4740 nostri
776 4700 1012 4757 quoque
1052 4685 1504 4741 oonsummandi
1540 4684 1759 4757 eloquii
1793 4684 1932 4740 tuba
1963 4685 2043 4740 sit
2069 4685 2157 4739 si-
2181 4683 2231 4748 ο

487 4788 692 4845 gnum.
715 4772 951 4845 Septem
964 4774 1140 4831 tubas
1156 4773 1413 4847 legimus
1432 4774 1493 4829 in
1509 4772 1866 4846 Apocalypsi
1886 4773 2157 4841 Joannis,

482 4909 813 5037 intelligere
841 4931 952 5000 nos
984 4919 1272 4988 oporteat,
1305 4915 1573 5000 Exposit:
1625 4915 1684 4970 in
1713 4915 1865 4988 psal.
1900 4933 2151 4999 xxxvm,

483 4997 643 5037 num.
719 4985 764 5037 ί.
796 4987 1149 5037 exillicatum
1179 5003 1464 5037 reperias-
1522 5003 1574 5037 ει
1616 4987 1813 5037 locum
1844 4987 2008 5037 adire
2040 5002 2151 5037 non

483 4985 714 5124 1:31:38:
718 4985 776 5108 :1
796 4985 1150 5057 explicatum
1179 4985 1464 5059 reperies,
1522 4987 1574 5043 si
1616 4985 1813 5043 locum
1844 4987 2008 5042 adire
2040 4985 2157 5043 non

619 5071 633 5106 ι
782 5096 796 5109 .

552 5123 666 5192 (82)
689 5126 855 5180 Rom.
879 5126 1016 5181 edit.
1041 5133 1417 5185 resecaverat
1437 5153 1459 5179 ι
1495 5129 1825 5185 secundum
1858 5129 2149 5185 Joannem

485 5199 775 5325 anetum,
814 5218 836 5245 ιν
871 5210 1022 5268 quas
1054 5214 1235 5255 voces
1267 5216 1342 5257 ex
1381 5201 1514 5256 aliis
1546 5201 1684 5258 edit.
1732 5217 1801 5256 ac
1833 5216 1981 5256 mss.
2017 5215 2151 5256 res-

514 5287 530 5323 l
561 5282 776 5324 nimus.

514 5282 776 5324 ituimus.

554 5338 668 5411 (83)
718 5339 799 5413 Ita
830 5338 947 5392 vet.
981 5336 1118 5392 edit.
1169 5353 1239 5392 ac
1280 5355 1434 5413 mss.
1478 5359 1659 5413 prOpe
1707 5344 1779 5398 ad
1824 5357 2044 5399 unum:
2093 5345 2152 5397 at

489 5410 659 5469 Rem.
693 5410 832 5484 edit.
878 5424 1013 5484 cum
1056 5423 1173 5463 uno
1204 5411 1297 5464 vel
1343 5410 1531 5469 altero
1582 5410 1775 5484 mss;
1813 5438 1833 5463 ‹-
1870 5429 2155 5469 numerus

486 5482 882 5539 vindicandus
918 5480 1015 5535 sit.
1055 5503 1077 5527 η

558 5556 669 5625 (81)
700 5554 991 5626 Origenes
1029 5551 1221 5626 Tract.
1268 5550 1338 5607 30
1368 5553 1442 5626 in,
1460 5553 1673 5607 Matth.
1721 5555 1794 5608 de
1830 5555 2153 5626 Scripturm

489 5623 657 5680 tubis
693 5623 957 5691 disserit,
1009 5623 1118 5679 sed
1162 5624 1559 5690 contractius;
1612 5626 1845 5679 tametsi
1892 5623 2087 5681 locum
2122 5641 2154 5681 e

492 5695 772 5763 Numeris
794 5696 867 5748 ab
889 5695 1204 5750 Ambrosio
1226 5694 1379 5748 infra
1398 5693 1736 5763 subjectum
1757 5696 2050 5763 integrum
2072 5711 2159 5750 re-

492 5760 659 5814 ferat.
680 5762 873 5818 Potuit
894 5779 1040 5836 ergo
1074 5766 1289 5822 Doctor
1322 5760 1547 5832 noster,
1584 5779 1717 5833 quae
1748 5763 1843 5818 hic
1874 5760 2150 5834 disputat,

2280 683 2466 740 habes
2500 685 2776 756 quoniam
2808 687 3100 756 septimus
3146 688 3401 759 angelus
3446 688 3592 743 tuba
3641 688 3868 757 cecinit,
3896 695 3939 744 et

2280 773 2431 830 facta
2461 779 2554 829 est
2584 775 2697 829 vo'x
2719 791 2931 847 magna
2949 776 3022 831 de
3060 777 3209 831 cmlo
3240 777 3449 832 dicens
3476 793 3489 831 :
3529 800 3552 823 ιι
3593 776 3840 831 Factum
3865 784 3938 832 est

2279 879 2529 935 regnum
2550 863 2734 935 hujus
2758 864 2958 918 mundi
2995 864 3100 919 Dei
3130 865 3341 933 nostri,
3374 870 3433 921 et
3462 864 3693 920 Christi
3712 864 3863 936 ejus,
3889 871 3939 921 et

2279 952 2553 1023 regnabit
2584 953 2643 1006 in
2675 953 2897 1007 saecula
2926 954 3286 1008 smculorum
3317 954 3523 1026 (Apoc.
3550 972 3637 1021 χι,
3660 955 3779 1023 15).
3802 980 3820 995 ιι
3841 954 3937 1009 Tn-

2278 1042 2351 1096 ba
2371 1042 2606 1112 quidem
2625 1045 2681 1096 et
2697 1057 2802 1111 pro
2821 1057 2967 1096 voce
2985 1044 3293 1113 accipitur,
3318 1045 3455 1113 quia
3489 1043 3720 1098 habes:
3766 1066 3790 1087 -
3807 1042 3937 1107 Quo-

2279 1132 2434 1187 niam
2470 1146 2609 1185 ecce
2643 1131 2859 1185 ostium
2893 1135 3164 1201 apertum
3210 1132 3266 1185 in
3300 1132 3473 1196 cmlo,
3512 1136 3577 1187 et
3605 1148 3734 1186 vox
3763 1132 3938 1202 prima,

2281 1236 2455 1292 quam
2474 1220 2691 1287 audivi,
2725 1220 2881 1274 sicut
2919 1220 3115 1274 tubam
3148 1220 3486 1291 loquentem
3510 1236 3760 1275 mecum
3791 1223 3841 1275 et
3864 1221 3930 1274 dio

2280 1312 2509 1365 centem
2534 1325 2548 1364 :
2581 1309 2855 1364 Ascende
2877 1309 3013 1378 huc,
3033 1314 3091 1364 et
3113 1310 3418 1364 ostendam
3436 1309 3542 1364 tibi
3564 1325 3714 1380 quas
3744 1312 3936 1379 oportet

2281 1398 2410 1454 fieri
2440 1398 2642 1469 (Apoc.
2675 1414 2755 1466 1v,
2791 1398 2864 1468 1).
2906 1421 2928 1445 ιι
2966 1398 3249 1469 Legimus
3282 1398 3490 1453 etiam:
3527 1420 3555 1446 σ
3610 1397 3821 1452 Canite
3846 1399 3929 1451 ini-

2280 1487 2362 1543 tio
2391 1486 2617 1541 mensis
2646 1486 2784 1541 tuba
2816 1485 3005 1556 (Psal.
3034 1503 3213 1555 Lxxx,
3236 1486 3329 1556 4);
3367 1510 3389 1534 ιο
3423 1487 3535 1542 sed
3568 1487 3761 1542 etiam
3788 1486 3932 1540 alibi:

2285 1595 2309 1627 ι
2344 1575 2603 1631 Laudato
2632 1591 2765 1631 eum
2799 1576 2857 1630 in
2889 1591 3037 1630 sono
3068 1576 3225 1630 tubae
3258 1575 3446 1643 (Psal.
3482 1591 3582 1645 cn,
3616 1576 3700 1643 3).
3738 1598 3762 1622 ι

2356 1664 2478 1732 106,
2506 1664 2664 1737 Ergo
2685 1664 2826 1736 quid
2849 1663 2966 1719 sibi
2985 1664 3126 1718 velit
3143 1664 3415 1718 tubarum
3433 1664 3811 1736 significatio
3827 1664 3935 1731 (85),

2282 1754 2440 1811 omni
2461 1755 2675 1808 virtute
2697 1753 2986 1808 debemus
3004 1753 3347 1822 advertere;
3380 1768 3455 1807 ne
3486 1754 3677 1823 quasi
3711 1752 3940 1807 fabulam

2283 1843 2516 1899 aniliter
2529 1843 2890 1913 accipientes
2905 1842 3322 1911 periclitemur,
3340 1842 3393 1895 si
3410 1842 3670 1915 indigna
3690 1841 3941 1914 dogmate

2284 1931 2554 2004 spiritali,
2575 1947 2683 1986 nec
2701 1931 3112 1985 convenientia
3143 1929 3591 2000 Scripturarum
3630 1931 3939 1985 eminentia

2282 2021 2633 2076 sentiamus.
2654 2019 2804 2074 Nam
2839 2034 2972 2073 cum
3001 2018 3326 2091 legerimus
3356 2018 3588 2073 bellum
3624 2019 3804 2074 nobis
3831 2035 3941 2073 esse

2282 2125 2399 2165 non
2429 2109 2723 2163 adversus
2752 2122 2991 2162 carnem
3022 2110 3081 2162 et
3107 2107 3482 2179 sanguinem,
3514 2108 3635 2163 sed
3667 2108 3934 2162 adversus

2284 2198 2567 2269 epiritalia
2586 2197 2882 2268 nequitiae,
2907 2211 3039 2267 quae
3062 2200 3202 2251 sunt
3229 2196 3289 2251 in
3322 2195 3688 2252 caelestibus
3716 2195 3937 2269 (Epiros.

2283 2303 2363 2355 vi,
2403 2286 2527 2356 12);
2571 2301 2689 2341 non
2737 2286 2997 2340 carnalia
3044 2286 3243 2357 utique
3274 2300 3455 2354 arma,
3488 2284 3607 2340 sed
3644 2285 3815 2340 fortia
3842 2285 3937 2339 Deo

2286 2376 2581 2431 mstimare
2612 2375 2900 2430 debemus
2929 2374 3017 2445 (II
3050 2374 3185 2429 Cor.
3230 2393 3285 2443 χ,
3320 2375 3393 2444 4).
3448 2373 3591 2428 Non
3625 2374 3789 2428 enim
3815 2374 3937 2427 satis

2285 2467 2381 2520 est
2406 2465 2606 2520 tubam
2637 2467 2692 2520 te
2741 2463 2965 2531 videre,
3011 2479 3121 2519 nec
3168 2478 3379 2518 sonum
3412 2462 3551 2533 ejus
3585 2462 3819 2531 audire,
3844 2463 3938 2515 nisi

2283 2548 2697 2625 preprietatom
2721 2553 2953 2608 sonitus
2975 2552 3296 2624 intelligas.
3322 2550 3552 2607 Etenim
3600 2552 3661 2606 si
3688 2552 3945 2606 incertam

2281 2658 2487 2698 vocem
2519 2641 2617 2696 det
2643 2642 2802 2709 tuba,
2853 2640 3149 2711 quomodo
3203 2641 3337 2712 quis
3368 2639 3609 2711 parabit
3638 2655 3711 2695 se
3741 2640 3813 2694 ad
3841 2638 3945 2692 bel-

2283 2730 2450 2786 lum?
2480 2729 2648 2785 Unde
2682 2732 2913 2799 oportet
2947 2729 3116 2784 vocis
3137 2729 3295 2785 tubae
3325 2746 3437 2784 nos
3470 2730 3637 2783 scire
3665 2729 3938 2789 virtutem.

2282 2834 2358 2875 ne
2386 2819 2693 2874 videamur
2736 2818 2980 2874 Barbari
3030 2818 3165 2888 (85),
3213 2833 3346 2873 cum
3397 2818 3579 2872 tubas
3609 2815 3933 2887 hujnsmodi

2281 2910 2381 2964 aut
2407 2906 2700 2978 elidimus,
2735 2910 2834 2962 aut
2863 2907 3179 2979 loquimur.
3208 2904 3281 2960 Et
3310 2905 3443 2961 ideo
3473 2921 3611 2960 cum
3644 2905 3939 2977 loquimur,

2281 3011 2521 3054 oremus
2568 3000 2633 3051 ut
2678 3011 2780 3052 eas
2811 2996 2987 3051 nobis
3018 2996 3266 3066 spiritus
3318 2997 3573 3050 sanctus
3604 2995 3940 3066 interprete-

2282 3087 2397 3142 tur.

2355 3174 2477 3230 10⁸1.
2512 3173 2907 3246 Requiramus
2958 3172 3140 3245 igitur
3188 3172 3247 3227 in
3289 3170 3620 3241 Scripturis
3651 3172 3934 3227 veteribus

2281 3263 2423 3335 quid
2453 3263 2526 3319 de
2559 3263 2833 3319 tubarum
2865 3277 3089 3333 genere
3118 3261 3465 3334 legerimus,
3513 3263 3938 3317 consentientes

2282 3368 2387 3409 eas
2409 3352 2814 3408 solemnitates
2845 3350 2980 3421 (86),
3013 3367 3148 3421 quae
3176 3349 3402 3405 Judaeis
3423 3350 3559 3421 lege
3589 3350 3936 3420 prmscript:

2282 3445 2442 3511 sunt,
2474 3441 2849 3511 superiorum
2894 3453 3034 3494 esse
3075 3438 3343 3493 umbram
3372 3438 3816 3509 celebritatum,
3844 3455 3933 3493 cur

2280 3528 2639 3601 lestiumque
2660 3529 2969 3583 festorum.
2995 3528 3104 3583 Hic
3126 3527 3283 3582 enim
3299 3528 3525 3596 umbra,
3549 3527 3677 3582 illic
3713 3528 3939 3584 veritas.

2283 3618 2399 3674 Per
2413 3619 2681 3673 umbram
2703 3617 2773 3671 ad
2792 3617 3094 3672 veritatem
3127 3617 3441 3687 pervenire
3468 3607 3768 3672 nit‘amur.
3799 3616 3943 3671 Certe

2281 3706 2476 3779 figura
2516 3707 2693 3762 etiam
2731 3705 2873 3761 alibi
2921 3720 3207 3776 expressa
3238 3710 3332 3761 est
3362 3705 3478 3761 hoc
3506 3705 3685 3761 modo
3710 3720 3730 3761 :
3786 3707 3945 3761 habes

2281 3795 2437 3852 enim
2456 3796 2593 3868 quia
2631 3795 2866 3851 locutus
2905 3799 2997 3849 est
3026 3794 3313 3849 Dominus
3342 3794 3415 3849 ad
3446 3794 3701 3866 Moysen
3727 3811 3745 3850 :
3788 3818 3810 3843 ι
3841 3794 3938 3848 Le-

2283 3899 2467 3957 quere
2514 3884 2652 3939 {iliis
2702 3884 2910 3953 Israel,
2956 3884 3201 3939 dicens:
3265 3883 3472 3939 Mense
3516 3884 3808 3954 septimo,
3855 3898 3947 3938 una

2281 3974 2531 4043 mensis,
2570 3973 2681 4029 erit
2724 3973 2898 4029 vobis
2936 3973 3173 4046 requies
3202 3973 3263 4027 in
3293 3972 3639 4027 memoriale
3665 3973 3947 4037 tubarum,

2281 4066 2489 4118 vocata
2535 4065 2739 4117 sancta
2784 4061 2899 4132 (87)
2932 4061 3042 4117 erit
3089 4061 3284 4117 vobis.
3317 4060 3503 4116 Omne
3550 4076 3712 4131 opus
3746 4061 3943 4117 servile

2281 4168 2403 4208 non
2446 4151 2696 4214 facietis,
2749 4155 2808 4206 et
2856 4150 3194 4205 accendatis
3239 4150 3657 4205 holocaustum
3708 4150 3941 4205 Domino

2281 4241 2502 4314 (Lavit.
2544 4257 2713 4309 xxxii,
2743 4237 2859 4308 24),
2903 4262 2926 4288 ι
2961 4239 3026 4295 In
3067 4240 3331 4294 numeris
3360 4243 3592 4292 autem:
3633 4259 3657 4287 ι
3695 4238 3945 4293 Locrum

2282 4333 2377 4386 est
2396 4329 2681 4385 Dominus
2716 4329 2786 4382 ad
2820 4328 3088 4399 Moysen,
3113 4328 3319 4382 dicens
3345 4342 3358 4382 :
3395 4326 3513 4380 Fac
3543 4327 3655 4380 tibi
3685 4326 3842 4381 duas
3866 4331 3947 4378 tu—

2282 4418 2393 4474 bas
2415 4417 2690 4487 ductiles,
2724 4421 3042 4489 argenteas
3081 4416 3269 4472 facies
3297 4430 3422 4483 eas,
3456 4418 3515 4470 et
3544 4419 3727 4470 erunt
3753 4415 3859 4469 tibi
3884 4412 3946 4466 ad

2282 4507 2645 4563 evocandam
2688 4521 3079 4578 synagogam,
3116 4509 3173 4560 et
3204 4504 3609 4576 promovenda
3643 4508 3874 4559 castra:
3901 4504 3949 4555 et

2283 4596 2422 4651 tuba
2444 4610 2624 4652 canes
2648 4595 2705 4649 in
2728 4594 2867 4664 illis,
2887 4598 2945 4650 et
2968 4594 3281 4666 colligetur
3308 4593 3505 4647 omnis
3538 4592 3717 4647 turba
3745 4593 3821 4647 ad
3849 4606 3940 4646 os-

2282 4685 2427 4740 tium
2460 4684 2829 4739 tabernaculi
2866 4682 3207 4739 testimonii.
3258 4682 3321 4737 Si
3351 4684 3548 4737 autem
3579 4683 3644 4737 in
3675 4697 3791 4737 una
3818 4679 3939 4735 tuba

2282 4772 2596 4843 cecineris,
2621 4772 2693 4827 ad
2723 4774 2780 4828 te
2811 4772 3049 4828 venient
3079 4786 3287 4827 omnes
3334 4771 3645 4842 principes
3675 4774 3733 4825 et
3757 4770 3932 4824 duces

2283 4931 2359 4971 ex
2388 4930 2457 4970 eo
2488 4913 2648 4970 fonto
2678 4913 2941 4968 derivata
2972 4927 3134 4968 more
3168 4928 3277 4967 suo
3309 4910 3737 4982 amplificasse.

2354 4986 2467 5055 (85)
2499 4986 2663 5040 Tuba
2705 4984 2953 5041 Romani
2983 4984 3296 5055 utebantur
3319 4983 3377 5037 in
3408 4978 3939 5055 inilitia,_quemado

2281 5052 2517 5128 modum
2538 5056 2830 5128 tympanis
2862 5055 3122 5128 ae_tibii_s_
3141 5054 3442 5128 _ha_rbari_;_
3475 5069 3592 5124 qua
3632 5052 3940 5128 delegor

2284 5127 2414 5184 sule
2444 5119 2597 5182 Just.
2637 5119 2900 5196 Ilipsium
2932 5126 3004 5180 de
3034 5125 3164 5180 Mil.
3193 5126 3354 5179 Rom.
3389 5119 3584 5192 libfu,
3620 5122 3753 5176 dial.
3790 5119 3931 5197 10.-“

2354 5189 2885 5272 (86)“0mnes'ediL,
2914 5220 2934 5246 ι
2963 5198 3221 5272 scientes
3253 5211 3392 5272 eas;
3428 5216 3452 5272 γ
3491 5189 3641 5248 mss.
3674 5189 3931 5272 νοις)λίἱὶ

2287 5291 2310 5321 ι
2337 5261 2722 5341 οόηξῇἰοὶθηιθε
2745 5284 2846 5323 eas
2868 5261 2883 5336 ζ
2922 5292 2942 5316 η
2964 5268 3061 5321 alii
3082 5288 3104 5317 ι
3138 5261 3513 5341 conscientes
3533 5280 3656 5341 eas,
3680 5287 3701 5341 ξι
3727 5262 3835 5315 alii
3854 5261 3943 5313 ἀει

2281 5336 2482 5396 mum}
2505 5341 2946 5395 consentientes
2969 5353 3105 5408 cas;
3142 5363 3163 5385 η
3190 5354 3323 5410 quae
3345 5337 3516 5392 lectio
3544 5336 3775 5390 videtur
3800 5348 3938 5402 prae

2281 5412 2487 5549 1.θῖἕὲἶί
2490 5427 2657 5537 ἃόπι.
2683 5481 2844 5550 edit.,
2870 5503 2898 5529 σι
2932 5481 2990 5538 in.
3021 5478 3360 5534 memoriale
3407 5478 3696 5550 tubarum,
3730 5476 3950 5550 vocata

2281 5547 2484 5607 sancta
2532 5553 2798 5616 Domino,
2832 5547 2859 5596 ἰ
2894 5556 3008 5605 vet.
3062 5556 3256 5604 autem
3289 5550 3427 5603 edit.
3463 5565 3572 5602 non
3604 5547 3949 5612 discrepant

2280 5641 2314 5679 a
2349 5640 2495 5679 mss.
2527 5640 2596 5678 ac
2625 5640 2658 5677 a
2690 5624 2883 5677 sacris
2931 5623 3059 5677 cod.
3094 5622 3210 5676 nisi
3242 5621 3399 5691 quod
3433 5618 3705 5689 virgulam
3740 5618 3950 5680 trans-

2280 5700 2502 5767 ponunt
2533 5700 2669 5766 post
2697 5710 2903 5749 vocem
2943 5699 3160 5762 vocata,
3195 5692 3304 5747 sed
3336 5693 3667 5761 incongrue.
