4098 6178
104 401 270 466 1405

910 404 1022 467 DE
1064 403 1451 470 EXCESSU
1498 403 1859 469 FRATRIS
1903 405 2040 472 SUI
2080 406 2389 472 SATYRI
2439 410 2597 474 LIB.
2646 409 2725 475 Π.

3413 407 3571 475 1406

110 586 325 655 Israel,
355 588 413 642 et
441 587 580 642 tuba
611 587 833 643 canetis
864 588 1360 661 signiﬁcationem
1408 589 1678 660 primam,
1726 591 1783 643 et
1810 587 1869 651 A
1902 589 2002 643 vit.
2056 590 2119 644 In
2167 592 2509 647 centesimis
2555 608 2789 666 quoque
2832 597 2890 649 et
2932 594 2989 648 in
3040 594 3372 649 millesimis
3408 594 3568 649 sacri

108 676 548 748 promovebunt
576 679 793 747 castra,
827 680 885 733 et
915 678 1349 733 constituentur
1370 678 1443 732 ad
1463 677 1780 734 Orientem.

114 765 190 822 Et
218 766 358 822 tuba
389 766 614 821 canetis
644 766 1144 838 signiﬁcationem
1175 768 1522 836 secundam,
1558 771 1615 822 et
1643 783 1784 838 pro-

111 855 435 910 mevebunt
464 857 679 923 castra,
708 860 765 911 et
788 858 1220 912 constituentur
1241 857 1313 911 ad
1336 856 1625 911 Libanum
1649 856 1782 925 (88).

120 946 153 1007 1
174 944 319 1008 163
368 943 440 999 Et
488 945 627 999 tuba
665 946 891 1000 canetis
922 946 1417 1018 signiﬁcationem
1449 946 1697 1014 tertiam,
1732 948 1789 1000 et

112 1033 547 1104 promovebunt
563 1036 777 1105 castra,
805 1049 938 1105 qua:
961 1034 1397 1091 constituentur
1418 1035 1490 1089 ad
1516 1035 1784 1089 Boream.

113 1121 190 1177 Et
217 1122 359 1178 tuba
389 1123 615 1177 canetis
647 1122 1144 1194 signiﬁcationem
1161 1128 1452 1196 quartam,
1471 1128 1528 1180 et
1547 1140 1784 1196 promo-

113 1211 339 1266 vebunt
385 1214 600 1281 castra,
649 1228 783 1282 quae
818 1213 1250 1269 constituentur
1292 1215 1365 1269 ad
1410 1214 1783 1286 Aquilonem.

114 1299 623 1372 Signiﬁcationem
672 1301 812 1356 tuba
861 1304 1073 1357 canent
1116 1302 1230 1373 (89)
1276 1302 1335 1357 in
1378 1306 1651 1374 promotu
1681 1319 1787 1359 eo-

115 1404 271 1443 rum.
304 1387 375 1443 Et
404 1404 537 1444 cum
569 1390 1019 1462 congregabitis
1048 1406 1439 1464 synagogam,
1493 1392 1633 1447 tuba
1683 1408 1785 1446 ca-

117 1477 262 1546 nite,
295 1481 353 1533 et
379 1493 497 1532 non
531 1478 1048 1550 signiﬁcationem.
1098 1480 1169 1534 Et
1212 1481 1320 1536 ﬁlii
1358 1482 1557 1537 Aaron
1587 1496 1786 1536 sacer-

116 1565 292 1621 dotes
322 1566 482 1621 tubis
512 1570 740 1637 canent,
773 1570 831 1623 et
880 1568 992 1623 erit
1035 1569 1209 1624 vobis
1252 1568 1582 1642 legitimum
1611 1572 1786 1625 mter-

118 1670 263 1710 num
310 1655 370 1710 in
415 1656 736 1728 progenies
785 1660 1041 1712 vestras.
1093 1658 1156 1713 Si
1200 1661 1395 1713 autem
1433 1659 1697 1713 exieritis
1727 1659 1787 1713 in

116 1743 342 1800 bellum
373 1744 432 1798 in
460 1747 678 1800 terram
708 1750 969 1800 vestram
1000 1746 1073 1800 ad
1104 1747 1506 1815 adversarios,
1540 1747 1643 1819 qui
1689 1762 1788 1802 re-

119 1833 342 1888 sistunt
387 1832 585 1902 vobis,
639 1834 1058 1906 signiﬁcabitis
1105 1836 1297 1905 tubis,
1341 1840 1398 1890 et
1448 1836 1791 1891 reminisce-

121 1920 269 1976 mini
314 1937 517 1977 coram
565 1922 834 1993 Domino,
887 1928 945 1979 et
990 1923 1399 1980 liberationem
1429 1924 1725 1980 habebitis
1756 1942 1789 1980 a

121 2011 373 2066 mortuis
402 2012 626 2067 vestris
658 2013 792 2084 (90).
827 2012 898 2067 Et
927 2014 987 2068 in
1026 2013 1240 2069 diebus
1282 2014 1501 2070 laetitiis
1545 2019 1786 2084 vestrm,

119 2104 179 2156 ct
207 2100 267 2155 in
297 2100 510 2157 diebus
542 2100 714 2156 festis
745 2103 989 2172 vestris,
1023 2107 1080 2158 et
1110 2103 1169 2158 in
1204 2104 1534 2159 neomeniis
1565 2104 1790 2159 vestris

121 2190 416 2245 concinite
443 2190 624 2258 tubis,
661 2194 718 2246 et
745 2194 805 2246 in
834 2192 1201 2248 holocaustis
1247 2198 1304 2248 et
1350 2192 1665 2248 sacriﬁciis
1696 2209 1792 2248 sa-

120 2278 415 2335 lutaribus
445 2280 689 2350 vestris,
721 2284 778 2335 et
808 2282 920 2336 erit
948 2281 1120 2336 vobis
1151 2282 1212 2335 in
1235 2282 1792 2338 commemoratione

122 2370 325 2423 vestra
347 2384 548 2424 coram
570 2369 838 2439 Domino,
853 2371 933 2424 ait
952 2369 1238 2425 Dominus
1259 2369 1460 2439 (Nam.
1484 2388 1540 2441 x,
1563 2370 1741 2440 1-10).
1766 2394 1788 2419 ιι

195 2456 325 2513 108.
354 2457 506 2523 Quid
534 2457 737 2531 igitur,
769 2459 901 2514 dies
936 2458 1125 2513 festos
1157 2458 1217 2513 in
1251 2461 1393 2530 potu
1423 2463 1482 2515 et
1510 2460 1570 2513 in
1601 2460 1794 2529 epulis

124 2546 600 2602 aestimabimus?
642 2547 762 2603 Sed
808 2563 981 2602 nemo
1028 2563 1141 2603 nos
1172 2548 1232 2625 in
1262 2548 1671 2604 manducando
1703 2548 1794 2603 di-

110 2634 376 2706 judicet;
400 2637 675 2693 novimus
697 2637 854 2692 enim
870 2636 1006 2708 quia
1029 2636 1156 2692 Lex
1175 2638 1466 2708 spiritalis
1489 2642 1583 2693 est
1601 2637 1790 2708 (Rom.

119 2740 227 2793 vn,
260 2724 349 2795 l4)
382 2740 395 2780 :
435 2746 458 2773 α
492 2724 681 2780 Nemo
712 2742 858 2797 ergo
889 2740 1000 2780 nos
1036 2725 1268 2797 judicet
1296 2727 1356 2781 in
1385 2726 1546 2781 escis
1578 2726 1797 2798 aliqui-

120 2812 241 2868 bus
270 2815 369 2869 aut
398 2813 457 2867 in
487 2817 646 2885 potu,
684 2796 885 2869 autiin
934 2796 1095 2885 parte
1148 2815 1268 2870 diei
1313 2814 1475 2886 festi,
1522 2819 1622 2870 aut
1648 2796 1793 2871 nieo-

123 2902 361 2972 meniis,
409 2906 511 2957 aut
558 2902 805 2958 sabbato
845 2903 957 2973 (9i)
989 2921 1123 2976 qua)
1154 2908 1293 2959 sunt
1324 2906 1539 2981 umbra
1568 2904 1796 2960 futuro-

123 3008 281 3061 rum,
333 3007 552 3062 corpus
596 2995 790 3048 autem
837 2992 1058 3048 Christi
1109 2992 1360 3063 (Coloss.
1404 3011 1465 3063 ιι,
1500 2992 1588 3064 16,
1620 2993 1730 3063 1Ἳ).
1766 3013 1791 3045 ι

122 3080 358 3152 Corpus
416 3080 613 3152 itaque
668 3080 890 3137 Christi
944 3082 1351 3154 requiramus,
1402 3083 1563 3154 quod
1619 3082 1795 3139 vobis

121 3170 299 3241 quasi
343 3169 672 3225 novissima
719 3170 857 3226 tuba
887 3187 1006 3226 vox
1033 3170 1108 3226 de
1140 3171 1291 3226 cmlo
1320 3174 1565 3242 paterna
1596 3187 1795 3227 mons-

122 3258 319 3328 travit,
368 3262 506 3313 tunc
553 3275 688 3314 cum
732 3259 1007 3315 dicebant
1048 3260 1261 3328 Judiei,
1304 3260 1443 3331 quia
1472 3259 1796 3315 tonitruum

121 3346 345 3402 factum
373 3351 468 3402 est
496 3347 578 3402 illi
610 3347 801 3418 (Joan.
834 3366 938 3417 xu,
985 3348 1073 3415 28,
1121 3349 1213 3416 29)
1246 3363 1259 3403 :
1311 3364 1529 3419 corpus
1575 3347 1797 3404 Christi

121 3436 285 3509 quod
313 3437 526 3492 iterum
556 3437 693 3492 tuba
723 3437 901 3493 nobis
930 3438 1260 3493 novissima
1288 3437 1577 3493 revelabit
1603 3454 1618 3508 ;
1651 3453 1797 3509 quo-

121 3526 283 3581 niam
332 3549 354 3573 α
390 3526 519 3596 ipse
570 3526 856 3582 Dominus
905 3526 965 3580 in
1004 3525 1192 3597 jussu
1236 3526 1603 3599 archangeli,
1650 3530 1707 3581 et
1736 3528 1799 3583 in

120 3615 267 3670 tuba
312 3616 416 3671 Dei
463 3615 786 3671 descendet
826 3615 900 3671 de
940 3615 1093 3671 c0310
1139 3631 1153 3672 :
1204 3619 1262 3670 et
1303 3616 1520 3671 mortui
1573 3615 1675 3687 qui
1735 3616 1798 3671 in

120 3703 364 3759 Christo
408 3708 580 3774 sunt,
645 3708 968 3777 resurgent
1012 3704 1065 3772 (Ι
1111 3704 1317 3760 ΤΙιθεε.
1368 3720 1464 3773 iv,
1518 3704 1646 3775 15);
1695 3703 1798 3759 ubi

123 3793 286 3849 enim
322 3808 564 3864 corpus,
595 3793 717 3848 illic
746 3796 805 3848 et
830 3793 1046 3864 aquin
1076 3793 1239 3865 (Luc.
1284 3809 1424 3862 xvu,
1458 3790 1550 3861 87)
1589 3808 1600 3846 :
1638 3815 1661 3841 υ
1696 3793 1799 3848 ubi

124 3882 349 3938 Christi
383 3898 624 3953 corpus,
661 3882 740 3937 ibi
771 3883 1013 3938 veritas.

197 3970 302 4025 108
329 3970 447 4027 bis.
480 3970 736 4042 Septima
759 3972 941 4043 igitur
958 3970 1098 4026 tuba
1130 3970 1519 4026 hebdomadis
1534 3970 1798 4041 requiem

119 4060 361 4115 videtur
392 4060 756 4133 signiﬁcare,
791 4076 925 4132 quae
946 4074 1064 4115 non
1086 4059 1282 4114 solum
1303 4060 1362 4113 in
1384 4059 1607 4123 diebus
1628 4061 1685 4112 et
1703 4074 1799 4113 an-

120 4150 247 4204 niis
280 4152 336 4204 et
363 4150 625 4220 periodis
658 4150 985 4205 aestimatur
1006 4148 1187 4219 (unde
1214 4147 1573 4219 etjubilaaus
1599 4162 1798 4202 sacra-

124 4242 229 4293 tus
257 4241 350 4294 est
370 4238 698 4310 numerus),
723 4239 831 4294 sed
852 4238 1028 4294 etiam
1048 4254 1267 4293 annum
1289 4237 1798 4309 septuagesimum

124 4327 596 4398 comprehendit,
631 4327 865 4399 quando
887 4327 947 4381 in
970 4326 1346 4381 Hierusalem
1363 4340 1684 4397 regressus
1707 4327 1801 4380 est

125 4416 408 4487 populus,
442 4417 545 4487 qui
574 4417 948 4489 septuaginta
976 4417 1151 4472 annis
1180 4416 1249 4495 in.
1272 4415 1605 4485 captivitate
1634 4414 1802 4469 dura-

197 4557 313 4627 (88)
345 4555 514 4628 Eras.
558 4560 615 4628 et
658 4556 789 4611 Gill.
833 4558 1006 4628 edit.,
1040 4557 1115 4612 ad
1147 4557 1266 4612 liba
1294 4575 1310 4618 ;
1345 4557 1540 4624 Rom.,
1575 4555 1653 4611 ad
1678 4555 1799 4611 Au-

123 4624 340 4684 strum.
377 4624 449 4681 Et
479 4627 710 4697 utrique
742 4624 1142 4697 suffragantur
1172 4628 1328 4681 sacri
1360 4628 1619 4696 codices,
1654 4643 1800 4697 quo—

124 4716 259 4754 rum
306 4698 404 4751 alii
444 4698 648 4770 legunt
684 4703 1128 4779 παρεμϐᾁλλονσαι
1155 4704 1293 4779 λίϐα,
1339 4698 1437 4751 alii
1467 4702 1629 4760 νότον,
1665 4698 1796 4754 Νοιι

125 4780 373 4834 dubium
406 4782 597 4832 tamen
628 4782 720 4832 est
741 4778 882 4848 quin
905 4778 1076 4832 lectio
1103 4778 1337 4831 Amerb.
1373 4778 1429 4830 et
1461 4793 1608 4832 mss.
1641 4779 1796 4832 bona

125 4852 210 4904 sit
237 4864 446 4919 nempe
478 4850 553 4903 ad
585 4823 889 4917 Libanum,
938 4848 1087 4902 infra
1134 4849 1309 4919 enim.
1360 4864 1521 4902 num.
1558 4848 1662 4919 115
1702 4865 1796 4903 ea-
1831 4823 1884 4885 D

125 4924 263 4975 dem
299 4917 466 4975 lectio
500 4920 767 4987 habetur,
802 4923 857 4974 et
880 4936 1036 4973 num.
1060 4917 1472 4989 -119.Sponsus
1502 4934 1534 4972 a
1568 4918 1796 4973 Libano

123 5007 416 5061 sponsam
466 4992 689 5045 invitat.
746 4992 979 5045 Rursus
1030 5005 1173 5044 vero
1222 4989 1324 5044 ubi
1368 5005 1479 5044 nos
1513 5005 1645 5043 cum
1679 4994 1792 5043 vet.

122 5063 271 5119 edit.
321 5068 377 5117 et
420 5063 649 5116 cunctis
695 5078 842 5116 mss.
882 5085 903 5109 κ
938 5062 1011 5115 ad
1044 5063 1329 5125 Boream;
1366 5084 1389 5108 ιι
1426 5063 1792 5130 reposuerat,

124 5133 268 5189 edit.
312 5157 334 5179 α
370 5134 441 5187 ad
473 5149 651 5187 mare.
691 5158 712 5180 ιι
765 5133 828 5187 In
870 5134 981 5187 hoc
1013 5136 1208 5186 autem
1235 5148 1352 5186 non
1382 5134 1604 5185 tantum
1642 5131 1797 5186 LXX

122 5206 183 5260 ei
229 5206 703 5275 patrocinentur,
764 5204 871 5259 sed
926 5205 1177 5275 ipsemet
1233 5203 1593 5275 Ambrosius
1641 5202 1796 5275 infra

124 5274 293 5331 num.
344 5276 465 5339 115,
519 5276 618 5329 ubi
670 5276 899 5329 tertiam
936 5275 1091 5328 tubae
1123 5274 1620 5345 signiﬁcationem
1652 5274 1795 5326 mari

123 5347 780 5400 accommodathx-um
799 5349 993 5400 tamen
1016 5346 1088 5398 ab
1113 5346 1385 5399 omnibus
1408 5360 1557 5398 mss.
1590 5348 1647 5399 et
1675 5348 1791 5398 ant.

124 5417 269 5471 edit.
318 5418 479 5488 piget
521 5417 851 5471 discedere.
902 5417 1155 5470 Adverte
1206 5432 1546 5488 porroinec
1574 5416 1632 5468 in
1670 5415 1795 5488 ,He-

124 5490 316 5554 braeo,
351 5486 458 5542 nec
492 5490 546 5541 in
580 5488 717 5542 ullis
749 5488 1128 5542 versionibus
1152 5492 1367 5555 praeter
1398 5486 1558 5540 LXX
1592 5486 1792 5539 haberi

124 5559 450 5630 quidquam
496 5559 568 5613 de
619 5562 787 5612 tertio
838 5563 894 5613 ct
943 5563 1171 5630 qum-te
1200 5559 1472 5630 tubarum
1509 5558 1705 5627 signo,
1741 5561 1797 5609 et

123 5628 237 5700 pro
270 5628 339 5683 co
371 5631 526 5699 quod
558 5635 648 5683 est
680 5630 898 5700 ubique
931 5628 989 5684 in
1021 5628 1212 5683 sacris
1256 5629 1487 5700 litteris,
1540 5648 1563 5677 ι
1602 5632 1796 5682 castra

123 5717 265 5769 qum
298 5701 612 5754 constituta
645 5699 819 5768 sunt;
858 5726 878 5749 »ι
916 5701 1297 5755 Ambrosium
1328 5699 1575 5770 legisse,
1614 5720 1634 5743 «
1673 5714 1797 5752 cas-

123 5779 216 5826 tra
249 5788 382 5826 rium
415 5772 867 5826 constituentur.
909 5796 929 5819 ιν

201 5842 316 5911 (89)
351 5842 497 5898 Mss.
530 5843 814 5910 nonnulli,
854 5867 874 5890 α
912 5844 1049 5899 tuba
1080 5844 1343 5910 canente,
1379 5858 1483 5912 pro
1517 5844 1675 5898 motu
1706 5856 1797 5898 eo-

122 5929 330 5974 rum...
364 5915 562 5974 Aaron
593 5914 922 5975 sacerdotis
952 5915 1091 5975 tuba
1125 5917 1353 5973 canent.
1394 5935 1414 5959 η

1904 679 2242 735 observatio
2274 683 2501 736 numeri
2536 682 2773 738 minime
2803 683 3156 753 praeteritur,
3191 699 3382 756 neque
3413 684 3569 739 enim

1905 769 2094 825 otiose
2141 770 2303 825 Deus
2346 771 2536 826 dixit:
2591 793 2612 820 ι
2654 772 2885 844 Reliqui
2933 773 3075 826 mihi
3119 777 3346 843 septem
3391 772 3571 827 millia

1904 858 2188 926 virorum,
2221 861 2321 929 qui
2352 876 2471 914 non
2502 864 2898 915 curvaverunt
2924 877 3115 933 genua
3138 865 3270 915 ante
3291 861 3431 916 Baal
3462 859 3580 931 (III

1905 948 2053 1019 Reg.
2080 965 2204 1017 xix,
2227 947 2335 1019 18).
2349 972 2370 997 ιο
2395 948 2555 1021 Ergo
2575 949 2783 1004 umbra
2803 949 3013 1004 futurae
3026 950 3241 1021 quietis
3258 951 3319 1005 in
3333 949 3569 1019 diebus,

1905 1037 2235 1106 mensibus,
2270 1038 2464 1107 annis,
2499 1038 2701 1093 mundi
2723 1039 2916 1108 ipsius
2948 1041 3208 1110 tempore
3241 1040 3566 1112 ﬁguratur;

1906 1129 1962 1180 et
1991 1125 2123 1181 ideo
2154 1141 2262 1197 per
2290 1126 2542 1197 Moysen
2572 1128 2882 1182 mandatur
2908 1128 3047 1183 ﬁliis
3077 1127 3284 1197 Israel,
3318 1131 3380 1183 ut
3430 1144 3572 1198 sep-

1907 1215 2045 1270 timo
2093 1231 2319 1283 mense,
2370 1232 2483 1270 una
2528 1216 2774 1284 mensis,
2821 1216 3081 1289 singulis
3113 1218 3210 1272 ﬁat
3240 1218 3481 1289 requies
3509 1219 3574 1272 in
3636 1204 3641 1209 ’

1906 1304 2245 1359 memoriale
2289 1304 2566 1361 tubarum
2608 1320 2620 1360 :
2671 1320 2781 1360 nec
2823 1306 3043 1361 servile
3098 1306 3338 1377 aliquod
3398 1321 3569 1377 opus,

1905 1394 2013 1448 sed
2058 1394 2180 1448 Deo
2223 1393 2583 1448 sacriﬁcium
2641 1392 2948 1463 offeratur,
3005 1409 3077 1449 eo
3126 1395 3283 1466 quod
3335 1394 3395 1450 in
3437 1394 3571 1465 ipso

1904 1482 2021 1537 ﬁne
2069 1481 2478 1551 hebdomadis,
2527 1483 2699 1554 quasi
2744 1483 2947 1538 mundi
2976 1483 3245 1553 sabbato,
3281 1483 3571 1554 spiritalia

1904 1588 1937 1626 a
1970 1573 2143 1627 nobis
2173 1587 2291 1626 non
2322 1572 2581 1627 carnalia
2611 1587 2790 1643 opera
2824 1572 3183 1644 flagitantur.
3215 1571 3383 1638 Quod
3413 1572 3571 1628 enim

1906 1662 2181 1730 carnale,
2232 1661 2486 1726 servile;
2537 1661 2674 1732 quia
2724 1661 2920 1715 animo
2965 1677 3104 1716 caro
3150 1661 3381 1716 servit:
3429 1661 3569 1717 libe-

1906 1765 2036 1804 rum
2066 1764 2209 1804 vero
2238 1749 2574 1805 innocentia
2608 1749 2767 1818 facit,
2798 1749 2969 1820 culpa
2998 1750 3380 1805 vernaculum
3410 1749 3543 1819 (92).

1978 1838 2100 1894 109.
2147 1836 2415 1908 Oportuit
2455 1837 2635 1909 igitur
2682 1852 2791 1908 per
2827 1837 3138 1907 speculum
3181 1841 3239 1892 ct
3286 1838 3346 1892 in
3380 1838 3572 1910 amig-

1906 1932 2059 1984 mate
2089 1927 2217 1982 ﬁeri
2247 1926 2534 1996 Spiritalia
2568 1942 2580 1981 :
2633 1949 2654 1973 α
2692 1926 2865 1981 Nunc
2908 1926 3065 1981 enim
3114 1942 3221 1996 per
3265 1927 3575 1996 speculum

1904 2018 2199 2087 videmus,
2230 2019 2371 2071 tunc
2401 2018 2595 2070 autem
2643 2014 2793 2071 facie
2840 2014 2913 2069 ad
2949 2014 3163 2070 faciem
3191 2015 3249 2086 (I
3275 2014 3409 2071 Cor.
3444 2032 3569 2085 xm,

1909 2106 2019 2178 12).
2067 2130 2088 2154 υ
2145 2105 2316 2161 Nunc
2359 2104 2688 2160 secundum
2733 2119 2973 2159 carnem
3026 2103 3386 2173 militamus,
3434 2105 3573 2158 tunc

1910 2195 2124 2267 spiritu
2167 2193 2504 2248 videbimus
2550 2193 2748 2247 divina
2791 2192 3092 2263 mysteria.
3136 2191 3208 2247 Et
3252 2193 3386 2247 ideo
3415 2206 3576 2247 vera:

1909 2284 2065 2357 legis
2108 2282 2417 2337 character
2460 2280 2656 2345 1164
2700 2281 2761 2334 in
2804 2280 3027 2335 nostris
3075 2281 3342 2337 moribus
3380 2280 3576 2352 eXpri-

1912 2377 2123 2442 matur,
2171 2372 2272 2444 qui
2321 2372 2380 2425 in
2422 2370 2529 2425 Dei
2569 2370 2942 2425 ambulamus
2972 2369 3265 2442 imagine;
3299 2368 3576 2442 quoniam

1906 2461 2032 2533 jam
2075 2461 2230 2534 legis
2278 2459 2486 2515 umbra
2519 2459 2793 2514 transivit
2827 2475 2837 2513 :
2871 2458 3078 2513 umbra
3106 2458 3334 2514 Judaeis
3365 2473 3591 2519 carna-,

1913 2552 2071 2607 libus
2101 2551 2236 2621 (93),
2268 2551 2466 2621 imago
2498 2548 2694 2617 nobis,
2729 2548 2949 2602 veritas
2981 2546 3578 2604 resurrecturis.Tria

1915 2642 2071 2696 enim
2103 2640 2232 2695 hinc
2260 2638 2588 2694 secundum
2621 2636 2815 2710 legem
2837 2652 2977 2692 esse
2999 2636 3412 2710 cognovimus,
3446 2651 3578 2691 um-

1912 2730 2115 2799 bram,
2165 2727 2522 2800 imaginem,
2572 2727 2877 2782 veritatem
2929 2742 2942 2782 :
2990 2726 3262 2781 umbram
3304 2726 3366 2780 in
3409 2724 3579 2798 lege,

1914 2817 2232 2890 imaginem
2296 2817 2355 2872 in
2410 2815 2735 2888 Evangelia
2770 2856 2785 2885 ,
2855 2814 3160 2870 veritatem
3218 2814 3277 2869 in
3327 2812 3579 2884 judicio.

1912 2907 2030 2963 Sed
2073 2906 2297 2962 Christi
2346 2907 2580 2974 omnia,
2628 2908 2686 2959 et
2737 2903 2798 2959 in
2840 2902 3081 2959 Christo
3130 2903 3359 2974 omnia,
3406 2916 3582 2975 quem

1912 3011 2070 3052 nunc
2142 2994 2472 3052 secundum
2544 2993 2853 3048 veritatem
2917 2991 3119 3047 videre
3186 3006 3305 3048 non
3368 3006 3584 3062 possu-

1912 3101 2047 3140 mus
2096 3100 2108 3139 :
2158 3085 2269 3139 sed
2313 3083 2583 3138 videmus
2627 3082 2798 3154 quasi
2832 3081 2891 3137 in
2927 3081 3180 3154 quadam
3211 3080 3468 3152 imagine
3499 3079 3584 3133 fu.

1912 3178 2199 3243 turorum,
2238 3188 2488 3244 quorum
2536 3171 2804 3225 umbram
2851 3171 2909 3224 in
2960 3171 3092 3242 lege
3139 3169 3579 3240 perspeximus.

1914 3263 2072 3336 Ergo
2117 3262 2393 3317 Christus
2441 3276 2558 3316 non
2604 3261 2831 3327 umbra,
2880 3259 2988 3314 sed
3036 3259 3233 3331 imago
3274 3257 3379 3312 Dei
3416 3271 3431 3313 :
3464 3272 3582 3312 non

1913 3368 2098 3407 vacua
2130 3352 2347 3422 imago,
2381 3349 2489 3404 sed
2518 3350 2760 3404 veritas.
2794 3347 2865 3402 Et
2893 3348 3027 3403 ideo
3045 3362 3152 3419 per
3167 3347 3417 3417 Moysen
3446 3345 3579 3401 lex:

1914 3442 2049 3513 quia
2082 3441 2287 3495 umbra
2317 3454 2423 3510 per
2451 3439 2780 3507 hominem,
2826 3438 3019 3509 ﬁgura
3062 3450 3171 3507 per
3213 3435 3427 3507 legem,
3478 3449 3585 3504 per

1916 3530 2123 3586 Jesum
2164 3528 2387 3583 veritas
2436 3529 2625 3598 (Joan.
2676 3544 2715 3595 ι,
2767 3526 2876 3596 17).
2928 3526 3138 3597 Neque
3173 3524 3328 3580 enim
3359 3515 3617 3579 veritas'

1915 3619 2170 3688 aliunde,
2203 3615 2321 3671 nisi
2352 3631 2429 3670 ex
2455 3615 2701 3669 veritate
2731 3613 3101 3685 procederet.

1987 3706 2109 3762 110.
2142 3706 2205 3761 Si
2235 3705 2371 3776 quis
2402 3718 2547 3776 ergo
2577 3703 2730 3757 hanc
2762 3702 3080 3774 imaginem
3112 3701 3217 3756 Dei
3247 3699 3450 3755 videre
3482 3700 3580 3755 de-

1916 3795 2157 3864 siderat,
2192 3793 2367 3848 debet
2396 3792 2643 3864 diligere
2676 3791 2860 3845 Deum
2889 3793 2951 3845 ut
2970 3790 3252 3862 diligatur
3278 3805 3312 3844 a
3345 3790 3499 3845 Deo:
3527 3792 3585 3844 et

1918 3886 1995 3940 sit
2016 3884 2142 3956 jam
2174 3898 2291 3938 non
2323 3896 2560 3950 servus,
2595 3880 2702 3935 sed
2732 3879 2982 3949 amicus,
3029 3880 3129 3950 qui
3175 3878 3446 3933 mandata
3479 3878 3585 3934 Dei

1918 3974 2144 4042 fecerit,
2192 3974 2256 4027 ut
2302 3970 2496 4042 possit
2541 3970 2783 4025 introire
2808 3968 2868 4023 in
2899 3968 3138 4037 nubem,
3172 3967 3272 4023 ubi
3305 3970 3398 4023 est
3425 3966 3584 4022 Deus

1916 4063 2133 4134 (Exod.
2158 4078 2320 4129 xxiv,
2346 4060 2453 4130 15).
2489 4060 2623 4130 Ipse
2655 4058 2831 4113 faciat
2861 4058 2979 4113 sibi
3009 4057 3391 4112 rationabiles
3408 4056 3584 4111 tubas

1919 4154 2068 4207 duas
2099 4151 2350 4206 ductiles
2380 4152 2627 4221 argento
2658 4147 2904 4219 probato
2950 4146 3147 4217 (Num.
3181 4164 3241 4216 x,
3279 4146 3333 4216 1,
3362 4146 3437 4215 2),
3472 4145 3585 4201 hoc

1920 4245 2031 4310 est,
2064 4240 2325 4312 pretioso
2354 4239 2537 4293 verbo
2570 4238 2933 4308 compositas
2964 4240 3020 4291 et
3049 4238 3287 4290 ornatas
3314 4250 3329 4304 ;
3362 4234 3581 4305 quibus

1919 4346 2037 4386 non
2067 4345 2313 4384 raucum
2342 4328 2681 4397 increpans,
2716 4325 2968 4381 terribili
2988 4328 3189 4380 sonitu
3210 4323 3585 4377 mnrmurin-

1917 4422 2228 4491 tresperat,
2253 4418 2361 4474 sed
2378 4416 2670 4472 sublimes
2692 4415 2900 4488 gratiae
2922 4415 3046 4469 Deo
3063 4412 3341 4469 continua
3358 4410 3580 4483 jubila-

1988 4561 2102 4631 (90)
2132 4562 2302 4616 Rom.
2337 4558 2657 4631 edit.isola,
2695 4579 2716 4604 α
2753 4550 3582 4631 et_liberationem~habebit_is

1918 4622 2277 4689 ab‘inimicis
2308 4630 2571 4699 vestris;
2608 4622 2653 4678 »⁷
2677 4628 2834 4700 quod
2876 4627 3120 4700 quidem
3146 4641 3220 4679 ex
3250 4622 3575 4700 Scripturis

1918 4706 2139 4775 putavit
2168 4694 2618 4764 emendandum,
2654 4694 2768 4775 sed
2791 4694 2937 4775 κάειιῇ
2977 4698 3201 4775 saepius
3233 4694 3577 4775 observavi-

1918 4764 2050 4831 mus
2100 4775 2401 4843 exemplar
2429 4788 2561 4844 quo
2604 4764 2879 4844 utebatur
2925 4764 3170 4844 sanctus
3229 4768 3469 4835 Doctor,
3502 4764 3578 4819 ab

1916 4846 1991 4902 iis
2022 4864 2154 4910 quin
2188 4839 2702 4910 circumferuntur,
2736 4841 2795 4895 in
2828 4841 3027 4895 multis
3068 4839 3473 4908 discrepasse.

1986 4866 1991 4897 ι
2022 4868 2035 4898 ι
2067 4865 2154 4900 ua:
2188 4865 2702 4910 cnl'cumlurumur,
2736 4865 2795 4895 ιιι
2828 4865 3027 4895 [nutus
3068 4865 3473 4908 υιδυηςνιιδδυ.

1986 4865 2086 4985 (ἀι
2122 4928 2133 4977 )
2184 4917 2330 4969 Mss.
2375 4914 2629 4985 aliquot,
2670 4936 2703 4985 _u
2746 4910 3343 4985 futurorumcorpus
3389 4910 3583 4985 autem

1914 4979 2135 5042 Christi
2168 4979 2559 5057 requiramus.
2594 4979 2622 5034 ii
2669 4982 3012 5057 lnfra_vero
3054 4982 3158 5036 ubi
3186 4979 3487 5057 vetA._ed_it_..
3512 4994 3581 5033 ac

1912 5059 2117 5129 plures
2162 5050 2332 5121 mss.,
2383 5079 2403 5102 ι·
2442 5057 2659 5129 factum
2706 5056 2798 5108 est
2839 5054 2969 5129 illi:
3016 5050 3512 5129 eorpus__Christi,
3556 5072 3576 5097 η

1914 5122 2151 5201 quidam
2184 5144 2354 5196 mss.,
2393 5127 2660 5201 «factum
2690 5130 2801 5201 est.
2836 5125 2983 5193 Illic,
3016 5122 3408 5201 unus,__illud,
3452 5137 3575 5201 cor-

1913 5192 2027 5271 pus
2056 5200 2271 5254 Christi
2300 5215 2314 5263 ς
2342 5192 2373 5247 ’τ
2424 5200 2593 5254 Rom.
2647 5197 2784 5271 edit.
2839 5212 2871 5252 ο
2920 5211 3068 5271 mss.
3115 5192 3476 5271 quibusdam
3506 5192 3582 5244 ita

1914 5263 2199 5341 reposuit,
2238 5291 2259 5321 ι
2296 5271 2511 5341 factum
2541 5268 2809 5341 cstillis,
2842 5266 2979 5338 quia
3008 5263 3331 5320 tonitruum
3365 5263 3581 5317 factum
3638 5332 3647 5337 θ

1914 5340 2008 5397 est
2037 5344 2156 5396 illis
2189 5358 2408 5415 corpus
2438 5340 2683 5394 Christi.
2715 5364 2771 5415 _»__
3001 5410 3012 5415 _
3260 5404 3295 5415 _,
3389 5404 3412 5415 ,
3484 5402 3494 5413 .

1985 5415 2097 5482 (9-2)
2132 5404 2413 5468 Nonnulli
2444 5428 2614 5479 mss.,
2655 5434 2676 5458 «ι
2715 5411 2965 5465 liberum
2999 5404 3337 5482 innocentia
3384 5404 3579 5482 faciat,

1915 5475 2089 5555 culpa
2128 5475 2626 5555 vcrnaculum;}
2690 5498 2843 5555 unus
2896 5480 3180 5535 venalem.
3233 5475 3337 5529 Est
3385 5476 3577 5526 autem

1914 5557 2276 5629 vernaculus
2307 5572 2522 5609 servus
2556 5554 2961 5629 dominatus.___
3124 5624 3133 5629 Δ
3166 5620 3176 5629 .
3484 5614 3497 5629 ‘
3530 5614 3539 5623 _

1985 5628 2099 5694 (93)
2132 5627 2275 5680 Mss.
2309 5641 2424 5680 non
2458 5625 2647 5696 pauci,
2672 5646 2693 5670 σε
2723 5624 3063 5696 carnalibus
3083 5624 3140 5673 et
3163 5620 3378 5696 imago,
3404 5614 3580 5696 nobis

1916 5686 2134 5752 vei-itas
2167 5686 2597 5752 rcsurrecfuris
2623 5686 2644 5765 ;’
2675 5715 2697 5744 ι
2728 5695 2958 5767 melius
2998 5695 3197 5767 tamen
3220 5686 3337 5767 alii,
3373 5689 3429 5738 et
3461 5700 3583 5767 pm-

1915 5786 2022 5824 nes
2052 5770 2186 5823 cclit.
2225 5774 2284 5824 ut
2315 5768 2374 5820 in
2405 5770 2566 5822 textu
2592 5786 2604 5831 ;
2626 5755 2859 5837 'quibus
2882 5758 3279 5837 ctiam_verbis
3311 5755 3580 5837 eamdem

1914 5841 2262 5895 sententiam
2315 5827 2673 5905 expressam
2726 5834 2988 5905 reperies
3056 5831 3263 5905 Euan-r.
3319 5827 3379 5882 in
3429 5827 3585 5905 pse].

1913 5929 2161 5985 xxxvm,
2192 5927 2353 5971 num.
2386 5897 2473 5978 Q5,
2512 5914 2566 5967 et
2593 5910 2695 5967 lib.
2721 5926 2739 5963 ι
2763 5897 2932 5965 Ofﬁc.
2966 5919 3094 5976 cap.
3128 5901 3214 5971 48,
3251 5914 3410 5959 num.
3433 5897 3579 5960 7248.
