4098 6178
601 369 757 440 1407

2065 312 2159 433 S.‘
2175 367 2617 436 AMBROSII.

3823 381 3934 446 14w

595 572 755 629 tione
784 570 1121 629 fundantur.
1156 572 1383 629 Talium
1400 571 1557 631 enim
1578 572 1851 630 tubarum
1873 573 2072 630 sonitu
2104 588 2260 629 mor-
2279 576 2337 641 Α
2373 574 2436 629 ut
2477 588 2815 645 quaeramus
2862 574 3159 646 quomodo
3206 573 3341 646 quis
3388 579 3668 647 resurgat,
3707 580 3790 632 aut
3823 582 3930 650 quali

594 661 679 718 tui
707 661 1092 734 suscitantur,
1126 677 1244 720 non
1265 665 1494 735 crepitu
1515 664 1716 737 utique
1737 664 1900 735 aeris,
1935 663 2044 720 sed
2072 663 2259 718 verbo

593 750 861 808 veritatis
890 752 1147 808 animati.
1183 752 1252 808 Et
1283 753 1543 809 fortasse
1573 754 1705 808 duas
1744 754 1875 808 ista:
1906 752 2065 808 tubas
2097 755 2256 823 sunt,

593 856 702 913 per
748 855 917 913 quas,
940 841 1141 898 divino
1185 842 1398 913 spiritu
1427 842 1650 898 Paulus
1680 841 1972 913 increpuit
1999 840 2207 896 dicens
2241 855 2256 897 :

598 948 621 980 ι
655 928 848 985 Orabo
878 929 1111 1001 spiritu,
1144 930 1327 987 orabo
1358 934 1414 986 et
1450 933 1643 987 mente
1677 946 1690 987 :
1738 930 1989 1002 psallam
2018 928 2255 1000 spiritu,

593 1018 843 1090 psallam
870 1021 929 1074 et
957 1023 1151 1076 mente
1181 1020 1239 1091 (Ι
1266 1019 1402 1077 Cor.
1435 1036 1557 1091 xiv,
1591 1020 1721 1091 15);
1757 1043 1779 1068 η
1823 1018 2071 1075 alterum
2100 1017 2258 1073 enim

593 1107 726 1164 sine
773 1108 955 1166 altero
1003 1123 1375 1184 nequaquam
1417 1109 1650 1166 videtur
1696 1108 2104 1166 evocationem
2142 1106 2253 1161 ha-

596 1196 739 1253 bere
767 1197 1112 1269 perfectam.

666 1302 791 1359 111.
850 1304 975 1360 Nec
1032 1307 1227 1362 tamen
1280 1306 1542 1362 omnium
1598 1308 1692 1362 est
1747 1308 1996 1377 utraque
2045 1317 2259 1359 canere

596 1391 757 1462 tuba,
790 1408 901 1450 nec
931 1398 1025 1450 est
1053 1396 1313 1451 omnium
1356 1395 1696 1451 universam
1746 1394 2028 1468 colligere
2077 1408 2260 1465 syna-

598 1496 837 1554 gogam,
887 1483 996 1540 sed
1042 1484 1192 1540 solis
1243 1484 1677 1555 sacerdotibus,
1727 1488 1785 1539 et
1831 1483 2122 1539 ministris
2155 1481 2261 1537 Dei

598 1570 948 1628 canentibus
995 1572 1108 1628 ista
1155 1573 1548 1645 praerogativa
1594 1573 1858 1629 defertur
1902 1572 2100 1643 (Nam.
2132 1587 2193 1640 x,
2226 1570 2261 1625 2

598 1659 785 1732 seq,);
835 1662 899 1716 ut
941 1661 1300 1734 quicumque
1347 1663 1626 1734 audierit,
1675 1664 1921 1717 secutus
1969 1675 2040 1717 eo
2084 1658 2261 1717 fuerit

597 1745 733 1818 (94),
781 1747 884 1804 ubi
932 1753 1026 1804 est
1069 1750 1177 1806 Dei
1223 1751 1433 1823 gloria,
1467 1754 1524 1806 et
1553 1751 1626 1806 ad
1654 1749 2100 1807 tabernaculum
2132 1751 2259 1804 tes-

598 1834 824 1897 timonii
865 1842 1223 1908 prmmatura
1269 1840 1589 1896 intentione
1619 1839 1962 1896 convenerit
1995 1853 2008 1894 :
2043 1841 2100 1894 et
2129 1851 2261 1908 ope-

599 1939 665 1978 ra
696 1925 891 1997 possit
919 1930 1189 1999 spectare
1215 1928 1433 2000 divina,
1466 1933 1524 1984 et
1552 1928 1878 2001 legitimum
1911 1928 2053 1983 illud
2085 1931 2261 1982 aeter-

599 2028 859 2086 numque
914 2014 1277 2072 domicilium
1332 2018 1394 2073 in
1449 2034 1577 2073 suae
1634 2017 1996 2088 posteritatis
2044 2016 2263 2071 seriem

596 2103 945 2173 promereri.
997 2104 1162 2160 Tunc
1209 2107 1366 2161 enim
1414 2106 1632 2162 bellum
1684 2106 2022 2176 coniicitur,
2069 2104 2263 2160 hostis

599 2191 880 2264 fugatur;
913 2195 1148 2266 quando
1178 2194 1432 2266 Spiritus
1463 2195 1652 2268 gratia
1697 2195 1973 2267 concinit,
2006 2198 2064 2250 et
2094 2209 2262 2250 men-

598 2279 678 2336 tis
708 2280 1018 2339 industria.

670 2386 796 2445 112.
845 2388 992 2446 Sunt
1034 2393 1092 2446 et
1136 2389 1253 2447 illis
1296 2391 1589 2448 salutares
1637 2392 1796 2448 tubae
1835 2392 1889 2447 si
1920 2392 2097 2447 corde
2129 2406 2262 2446 cre-

599 2476 730 2548 das,
764 2480 822 2534 et
849 2494 951 2535 ore
984 2479 1323 2536 confitearis
1354 2496 1368 2536 :
1424 2501 1447 2532 ι
1480 2479 1670 2536 Corde
1712 2480 1869 2535 enim
1903 2480 2164 2536 creditur
2190 2480 2265 2535 ad

592 2565 887 2640 justitiam
921 2582 1022 2624 ore
1053 2571 1247 2624 autem
1278 2569 1581 2625 confessio
1609 2569 1673 2626 ﬁt
1701 2569 1773 2624 ad
1794 2569 2044 2625 salutem
2073 2568 2261 2641 (Rom.

602 2673 664 2727 x,
695 2654 808 2729 1ο).
846 2680 868 2706 ιο
921 2657 1047 2713 Hac
1094 2657 1278 2730 igitur
1324 2660 1559 2731 gemina
1607 2659 1747 2714 tuba
1789 2659 1863 2713 ad
1902 2658 2061 2713 illam
2093 2673 2265 2713 sanc-

600 2747 719 2801 tam
750 2749 989 2817 terram,
1013 2747 1470 2803 resurrectionis
1502 2748 1732 2803 scilicet
1760 2748 2032 2822 gratiam,
2064 2762 2267 2818 perve-

602 2835 798 2905 nitur;
845 2838 905 2890 et
950 2834 1083 2890 ideo
1130 2851 1369 2908 semper
1410 2837 1517 2892 tibi
1565 2837 1898 2907 concinant,
1936 2840 1997 2892 ut
2028 2850 2268 2908 semper

604 2922 811 2977 audias
843 2922 950 2980 Dei
979 2939 1187 2980 vocem
1219 2940 1233 2981 :
1268 2940 1505 2996 semper
1534 2928 1589 2981 te
1617 2925 1966 2999 angelorum
2012 2925 2269 2997 prophe-

603 3014 914 3086 tarumque
958 3013 1198 3070 oracula
1243 3006 1500 3071 excitent
1537 3019 1712 3088 atque
1743 3017 2174 3084 commoveant,
2205 3017 2269 3068 ut

605 3101 678 3156 ad
707 3103 1022 3174 superiora
1052 3103 1303 3161 festines
1333 3104 1469 3177 (95).

674 3219 797 3275 113.
850 3219 1017 3276 Hanc
1065 3220 1449 3278 intentionem
1498 3221 1685 3277 David
1735 3221 2013 3277 versabat
2042 3221 2101 3277 in
2130 3236 2268 3294 pec-

602 3311 751 3376 tore,
804 3324 938 3387 cum
986 3309 1218 3368 dicebat
1250 3326 1262 3367 :
1318 3334 1340 3360 α
1369 3310 1656 3378 Quoniam
1685 3311 1951 3367 transibo
1984 3311 2043 3366 in
2072 3310 2268 3367 locum

604 3397 968 3456 tabernaculi
998 3399 1386 3472 admirabilis,
1418 3417 1613 3474 usque
1641 3400 1717 3456 ad
1747 3401 1986 3457 domum
2016 3400 2158 3471 Dei‘;
2208 3400 2270 3456 in

606 3502 752 3544 voce
781 3489 1195 3546 exsultationis
1232 3493 1291 3546 et
1337 3489 1760 3560 confessionis,
1807 3505 1996 3546 sonus
2036 3488 2273 3561 epulan-

604 3579 683 3634 tis
714 3576 909 3651 (Psal.
944 3596 1060 3650 xu,
1091 3580 1167 3650 5).
1206 3604 1228 3629 ιο
1280 3579 1414 3636 Non
1461 3579 1619 3636 enim
1661 3578 1778 3635 soli
1820 3579 2029 3636 hostes
2059 3579 2270 3635 harum

603 3669 877 3725 tubarum
912 3670 944 3735 1
963 3669 1104 3733 165
1136 3668 1334 3727 sonitu
1364 3669 1679 3726 vincuntur
1709 3684 1722 3726 :
1771 3668 1881 3726 sed
1918 3672 1976 3725 et
2008 3668 2269 3724 delecta-

603 3758 817 3830 tiones,
863 3762 920 3814 et
966 3758 1096 3815 dies
1141 3758 1299 3831 festi,
1349 3762 1406 3814 et
1449 3758 1777 3815 neomenim
1820 3759 1951 3814 sine
1987 3756 2084 3813 bis
2128 3771 2269 3813 esse

606 3862 725 3903 non
769 3851 1043 3919 possunt.
1091 3847 1280 3904 Nemo
1327 3851 1485 3904 enim
1528 3852 1726 3920 potest
1765 3847 1884 3904 nisi
1912 3845 2096 3902 divini
2126 3846 2268 3902 bau-

605 3935 720 3991 riat
765 3936 1063 4008 promissa
1109 3938 1441 4008 sermonis,
1491 3942 1549 3994 et
1595 3935 2024 3993 resultantibus
2070 3933 2273 3990 credat

607 4023 890 4096 oraculis,
923 4025 1221 4081 exsultare
1250 4026 1472 4097 laetitia,
1505 4025 1637 4083 dies
1677 4026 1868 4081 festos
1898 4028 1997 4080 aut
2025 4038 2271 4080 neome-

604 4112 736 4169 nias
768 4129 968 4188 agere,
1002 4115 1220 4187 quibus
1249 4129 1316 4171 se
1349 4115 1640 4186 corporali
1672 4113 1882 4188 gratia,
1907 4117 1964 4170 et
1994 4111 2272 4169 saeculari

605 4203 991 4275 occupatione
1036 4208 1372 4276 vacuatum,
1417 4202 1641 4259 Christi
1688 4203 1905 4277 repleri
1946 4202 2080 4259 luce
2120 4200 2272 4258 desi-

604 4290 789 4349 deret.
841 4291 1148 4350 Sacriilcia
1193 4309 1429 4367 quoque
1471 4293 1603 4366 ipsa
1646 4293 1767 4349 Deo
1824 4293 2068 4365 probata
2130 4306 2272 4349 esse

605 4396 725 4437 non
752 4384 1027 4454 possunt,
1060 4381 1178 4438 nisi
1209 4382 1515 4439 confessio
1546 4383 1715 4439 vocis
1744 4381 1986 4454 aspiret,
2021 4397 2154 4454 qum
2184 4395 2277 4436 sa-

606 4469 887 4527 cerdotali
935 4470 1228 4528 oblatione
1276 4472 1349 4528 ad
1394 4472 1824 4528 ebsecrandam
1869 4471 1976 4527 Dei
2021 4471 2273 4544 gratiam

605 4558 859 4632 populos
891 4561 1149 4616 excitare
1179 4561 1511 4618 consuevit.

2373 677 2620 733 corpore
2650 662 2865 733 veniat,
2901 667 2999 718 aut
3029 663 3519 735 quemadmodum
3557 664 3730 719 soluta
3769 675 3928 735 coeant,

2370 751 2537 821 lapsa
2567 756 2951 822 reparentur;
2983 753 3113 808 hanc
3144 753 3298 808 enim
3329 752 3568 808 arbitrio
3596 754 3694 808 Dei
3727 755 3862 810 simul
3892 764 3931 812 ut

2371 844 2747 911 statuuntur,
2806 840 3141 912 implentur.
3202 842 3329 897 Nec
3385 842 3681 897 sensibilis
3736 845 3931 902 tubarum

2372 931 2751 999 exspectatur
2782 930 3040 1000 auditus,
3073 930 3182 986 sed
3211 929 3531 986 invisibilis
3561 933 3786 1001 potentia
3819 950 3932 1006 mag-

2372 1018 2689 1074 nificentia
2736 1018 3004 1074 caelestis
3049 1022 3367 1090 operatur;
3408 1019 3529 1075 Deo
3561 1019 3704 1074 enim
3729 1020 3844 1076 velle
3864 1039 3931 1092 pro

2374 1106 2529 1162 facto
2577 1110 2670 1163 est
2701 1124 2712 1162 :
2763 1123 2875 1162 nec
2915 1107 3377 1163 resurrectionis
3417 1108 3780 1180 requirendus
3802 1111 3928 1175 nisus,

2373 1196 2481 1251 sed
2509 1196 2740 1252 fructus
2767 1196 2941 1251 nobis
2973 1200 3066 1252 est
3100 1197 3495 1267 expetendus.
3527 1195 3661 1261 Quae
3699 1198 3931 1267 proclivius

2374 1283 2787 1354 celebrabitur,
2818 1285 2870 1339 si
2899 1285 3182 1340 exinaniti
3211 1285 3376 1341 vitiis
3413 1285 3799 1355 plenitudinem
3819 1289 3931 1357 Spiri-

2372 1372 2508 1427 talis
2539 1374 2804 1444 mysterii
2835 1388 3292 1445 consequamur,
3346 1374 3703 1446 gratiamque
3741 1379 3931 1429 renovata

2376 1475 2514 1516 caro
2561 1466 2755 1517 sumat
2797 1478 2833 1517 a
2881 1462 3114 1534 spiritu,
3160 1466 3218 1519 et
3265 1462 3561 1536 fulgorem
3605 1462 3743 1518 lucis
3773 1467 3931 1519 aeterna

2375 1550 2568 1605 anima
2597 1553 2894 1607 mutuetur
2919 1567 2954 1606 a
2983 1551 3222 1607 Christo
3253 1549 3393 1622 (96).

2447 1639 2570 1694 115.
2615 1640 2732 1695 Sed
2777 1656 2895 1695 non
2943 1641 3138 1696 solum
3184 1640 3584 1714 singulorum,
3615 1656 3793 1695 verum
3823 1641 3933 1695 etiam

2373 1728 2778 1784 universitatis
2834 1733 2971 1785 sunt
3030 1730 3146 1784 ista
3205 1729 3516 1801 mysteria.
3577 1729 3799 1784 Adverte
3837 1729 3934 1783 enin

2370 1815 2538 1889 juxta
2583 1821 2782 1889 typum
2840 1819 3038 1891 legis,
3093 1819 3364 1875 ordinem
3414 1818 3639 1891 gratiae.
3693 1820 3811 1873 Cum
3847 1818 3935 1873 tuba

2297 1952 2347 2016 Β
2373 1906 2563 1978 prima
2593 1907 2895 1977 cecinerit,
2947 1907 3266 1963 orientales
3298 1911 3646 1980 congregat,
3676 1907 3816 1979 quasi
3835 1923 3934 1977 pra-

2375 1995 2584 2066 cipuos
2626 2000 2685 2052 et
2729 1997 2954 2052 electos
2987 2012 3000 2052 :
3049 2012 3185 2052 cum
3225 1997 3517 2066 secunda,
3551 2011 3805 2068 suppares
3826 1996 3933 2049 meri-

2373 2085 2472 2156 tis,
2523 2086 2625 2157 qui
2673 2086 3005 2141 secundum
3032 2085 3297 2141 libanum
3326 2085 3427 2140 siti
3457 2085 3592 2156 (97),
3623 2084 3935 2155 dereliquerinl

2373 2173 2631 2230 ludibria
2678 2177 2980 2230 nationum
3028 2190 3040 2230 :
3095 2190 3229 2229 cum
3274 2175 3471 2245 tertia,
3504 2189 3609 2230 eos
3635 2174 3724 2244 qui
3752 2177 3932 2243 tanquam

2381 2262 2442 2318 in
2482 2264 2629 2319 mari
2658 2263 2939 2335 exagitati
2970 2262 3145 2318 istius
3176 2264 3327 2319 freto
3361 2263 3587 2333 mundi,
3621 2262 3797 2318 sicculi
3819 2260 3935 2330 hujus

2377 2352 2655 2409 fluctibus
2686 2352 3093 2407 vacillaverint
3125 2368 3139 2407 :
3174 2367 3309 2406 cum
3343 2358 3576 2423 quarta,
3603 2350 3725 2406 illos
3746 2349 3824 2422 qui
3843 2349 3937 2403 dari-

2375 2441 2514 2497 tiam
2543 2441 2823 2497 mentium
2866 2456 3240 2513 nequaquam
3289 2441 3444 2495 satis
3491 2439 3763 2510 potuerint
3796 2437 3935 2507 eloquii

2377 2531 2661 2602 spiritalis
2690 2530 2920 2585 mollire
2950 2532 3247 2602 praecepto
3272 2545 3287 2599 ;
3320 2534 3382 2585 et
3412 2529 3546 2584 ideo
3577 2526 3847 2583 secundum
3867 2526 3933 2578 bo~

2377 2634 2540 2675 ream
2570 2620 2765 2675 vocati
2792 2623 2950 2688 sunt,
2985 2620 3201 2674 boreas
3231 2618 3394 2673 enim
3425 2618 3739 2674 secundum
3764 2614 3938 2671 Salomo-

2378 2724 2513 2765 nem
2545 2709 2734 2764 durus
2765 2712 2863 2764 est
2890 2712 3127 2763 ventus.

2448 2797 2570 2853 116.
2604 2798 2805 2870 Itaque
2836 2798 2975 2853 licet
3003 2800 3297 2852 momento
3340 2797 3763 2853 resuscitentur
3787 2806 3936 2855 omnes,

2377 2901 2587 2943 omnes
2633 2890 2831 2943 tamen
2876 2886 3216 2942 meritorum
3266 2885 3483 2942 ordine
3529 2885 3860 2941 suscitantur.
3900 2879 3935 2933 Et
4012 2956 4013 2965 χ

2376 2975 2509 3032 ideo
2557 2976 2731 3049 primi
2775 2979 3120 3050 resurgunt,
3155 2975 3261 3047 qui
3310 2978 3547 3031 maturo
3581 2972 3859 3029 devotionis
3878 2984 3934 3023 oc-

2378 3080 2579 3136 cursu,
2614 3069 2671 3121 et
2698 3064 2952 3137 quodam
2998 3064 3355 3121 antelucano
3402 3065 3543 3120 fidei
3585 3065 3773 3120 exortu
3812 3057 3936 3131 prada

2376 3157 2572 3225 untes,
2605 3155 2756 3211 solis
2785 3154 2991 3211 aeterni
3022 3154 3223 3210 radios
3254 3159 3631 3225 receperunt.
3660 3150 3800 3217 Quod
3822 3146 3935 3201 velle

2376 3243 2731 3316 patriarcbis
2755 3243 2925 3316 juxta
2955 3243 3176 3299 veteris
3197 3243 3422 3299 seriem
3446 3240 3800 3309 Testameati,
3822 3234 3936 3290 valde
4012 3288 4013 3311 1

2303 3306 2667 3406 capostolis
2704 3306 2877 3404 juxta
2925 3331 3317 3405 Evangelium
3373 3331 3517 3404 jure
3572 3306 3934 3385 memoraverim
4012 3306 4013 3359 ἰ

2378 3421 2635 3478 Secundi
2682 3424 2899 3492 autem,
2951 3421 3054 3493 qui
3103 3420 3280 3475 ritum
3318 3421 3591 3494 gentium
3619 3415 3937 3487 relinqu

2379 3511 2453 3566 ab
2483 3526 2687 3568 errore
2718 3510 3040 3582 sacrilegio
3070 3511 3441 3565 transierunt
3471 3510 3530 3564 in
3563 3506 3817 3563 Ecclesiae
3836 3499 3939 3555 disci
4012 3544 4013 3549 η

2377 3600 2616 3672 plinam.
2652 3599 2723 3655 Et
2752 3599 2884 3654 ideo
2918 3599 2999 3654 illi
3032 3599 3204 3670 primi
3238 3613 3313 3654 ex
3345 3598 3639 3670 patribus,
3670 3595 3759 3650 isti
3779 3585 3936 3647 second

2379 3706 2455 3747 ex
2485 3689 2763 3763 gentibus
2789 3703 2804 3758 ;
2838 3688 2914 3744 ab
2945 3688 3065 3743 illis
3096 3688 3253 3742 enim
3283 3687 3387 3742 lux
3420 3687 3558 3742 fidei
3588 3684 3764 3756 coepit,
3797 3682 3840 3735 in
3860 3675 3936 3763 istis

2378 3761 2570 3851 usque
2600 3778 2673 3833 ad
2703 3777 2905 3833 mundi
2937 3793 3220 3834 occasum
3252 3780 3539 3847 suscepta
3582 3773 3806 3831 duravit.
3828 3761 3934 3822 Tetti

2379 3850 2762 3938 suscitantur,
2795 3871 2852 3923 et
2882 3868 3099 3939 quarti,
3134 3867 3237 3938 qui
3262 3867 3338 3921 ab
3370 3871 3579 3921 austro
3600 3862 3722 3933 (98),
3749 3863 3797 3916 et
3818 3850 3936 3929 quill
4012 3880 4013 3899 ι

2379 3956 2651 4030 aquilone
2680 3960 2838 4012 sunt.
2874 3956 2984 4011 His
3016 3960 3270 4027 quatuor
3314 3958 3475 4010 terra
3515 3949 3866 4023 distinguitur,
3886 3940 3937 3995 his

2380 4049 2633 4119 quatuor
2686 4061 2877 4101 annus
2934 4046 3287 4114 includitur,
3344 4045 3444 4099 his
3496 4047 3736 4117 quatuor
3774 4030 3937 4091 mundis

2385 4136 2577 4200 1166
2610 4135 2903 4205 impletur,
2952 4135 3049 4189 his
3097 4137 3354 4206 quatuor
3402 4131 3673 4188 Ecclesia
3705 4133 3938 4196 congregl-

2381 4229 2498 4280 tur.
2530 4224 2749 4280 Omnes
2779 4223 2932 4279 enitr
2968 4223 3068 4296 qui
3101 4225 3507 4278 sacrosanctae
3535 4217 3798 4275 Ecclesiae
3831 4220 3938 4277 θῦμ’

2379 4313 2500 4385 lati,
2530 4313 2717 4369 divini
2744 4312 3001 4367 nominis
3031 4311 3427 4384 appellatione
3459 4309 3779 4373 censentur,
3804 4308 3937 4372 pum

2380 4403 2636 4475 gativam
2669 4402 3130 4459 resurrectionis
3147 4404 3206 4456 et
3222 4398 3632 4456 delectationis
3653 4394 3936 4475 aeternas?

2379 4473 2519 4548 tiam
2550 4494 3027 4563 consequentur;
3070 4490 3349 4563 quoniam
3383 4509 3409 4539 «
3446 4487 3677 4543 venient
3701 4482 3765 4537 ab
3789 4473 3934 4563 Orienlt

2381 4584 2439 4637 et
2465 4562 2800 4651 Occidente,
2835 4580 2909 4637 ab
2941 4580 3232 4652 Aquilone
3255 4582 3313 4636 et
3343 4579 3584 4647 Austro,
3618 4577 3673 4630 et
3696 4562 3937 4628 recumbam

679 4675 802 4733 1H.
834 4677 1036 4751 Itaque
1065 4677 1257 4735 simus
1288 4677 1710 4748 prmdicatores
1750 4676 2003 4747 Domini,
2050 4679 2107 4731 et
2153 4675 2354 4741 lau-D
2381 4670 2441 4725 in
2468 4686 2655 4744 regno
2687 4670 2791 4726 Dei
2824 4670 2988 4740 (Luc.
3018 4686 3147 4737 λιιι,
3182 4668 3297 4737 29)·
3339 4690 3362 4715 η

606 4765 817 4822 demus
842 4781 983 4824 eum
1011 4767 1072 4823 in
1101 4782 1250 4824 voce
1280 4766 1440 4823 tubae
1470 4766 1658 4838 (PsaI.
1693 4783 1783 4837 cn,
1814 4766 1892 4837 3),
1915 4780 2035 4822 non
2055 4765 2275 4838 exigua

608 4854 683 4910 de
711 4855 926 4912 virtute
955 4855 1090 4928 ejus
1121 4859 1178 4912 et
1204 4852 1343 4911 vilia
1374 4857 1724 4927 sentientes,
1759 4854 1869 4911 sed
1890 4869 1958 4911 ea
1978 4870 2113 4927 quae
2134 4869 2273 4926 pos-

611 4943 732 5001 sint
762 4960 964 5001 aurem
992 4945 1207 5003 mentis
1237 4946 1504 5020 implere,
1535 4951 1593 5002 et
1623 4947 1843 5002 intimae
1892 4943 2277 5001 conscientiae

610 5036 924 5108 penetrare
947 5037 1280 5107 secretum;
1310 5039 1374 5092 ut
1394 5052 1463 5092 ea
1482 5052 1615 5109 quae
1637 5035 1873 5106 corpori
1895 5033 2275 5103 conveniunt,

612 5123 900 5181 divinitati
929 5141 1047 5182 non
1077 5129 1353 5198 putemus
1381 5124 1632 5197 aptanda
1668 5139 1681 5181 :
1717 5139 1827 5180 nec
1858 5123 2077 5179 divinae
2106 5137 2277 5194 mag-

612 5213 934 5271 nitudinem
979 5215 1291 5288 potestatis
1337 5213 1613 5270 humanis
1661 5212 1890 5269 viribus
1940 5212 2270 5281 metiamur,

684 5356 797 5430 (94)
826 5357 975 5413 Mss.
1008 5357 1250 5430 aliquot,
1304 5375 1328 5408 ι
1362 5360 1418 5413 et
1449 5359 1693 5413 secutus
1724 5371 1830 5412 eos
1861 5354 2057 5427 fuerit,
2095 5378 2116 5405 η
2152 5370 2272 5411 non

614 5428 763 5485 satis
778 5428 979 5485 recte.

681 5500 798 5573 (95)
830 5500 958 5573 Vet.
992 5500 1127 5573 edit.
1161 5516 1229 5556 ac
1258 5499 1460 5573 plures
1489 5515 1662 5573 mss.,
1694 5522 1727 5573 _«
1767 5500 1829 5573 ut
1859 5497 2277 5573 ad_superiora

611 5568 864 5628 festines
910 5572 973 5628 in
1014 5572 1209 5628 locum
1246 5568 1612 5628 tabernaculi
1643 5568 2057 5639 admirabilis;
2080 5590 2103 5621 ι
2140 5568 2276 5624 Gill.

610 5644 768 5715 unde
821 5644 1031 5699 lacuna
1088 5643 1501 5715 suppleretur,
1561 5644 1621 5697 in
1680 5640 1877 5715 variis
1920 5640 2277 5715 lectionibus

610 5714 927 5786 indicavit,
962 5712 1241 5788 indeque
1299 5712 1497 5771 locum
1556 5716 1726 5788 Rom.
1765 5712 1925 5788 edit.
1957 5712 2239 5788 restituit
2262 5752 2277 5780 ,

613 5800 789 5854 quam
830 5781 1262 5843 restitutionem
1309 5802 1341 5843 e
1392 5802 1538 5842 mss.
1590 5784 1814 5843 nostris
1855 5782 2019 5839 multi
2065 5781 2276 5838 contir-

618 5858 795 5910 mant.

686 5906 799 5993 (δέ)
846 5926 929 5983 Ita
975 5927 1147 5987 Rom.
1195 5928 1331 5988 edit.
1384 5931 1441 5987 et
1485 5906 1751 6001 plerique
1799 5941 1972 5996 mss.,
2014 5926 2130 5981 vet.
2173 5939 2273 5981 au-

2454 4741 2579 4815 11’Ῐ.
2629 4760 2762 4814 Non
2810 4758 2967 4815 enim
3000 4759 3220 4831 exigua
3251 4756 3536 4812 mundum
3566 4765 3726 4809 suum
3749 4741 3938 4831 Christi}5

2382 4849 2515 4905 luce
2544 4848 2984 4922 complectitur;
3018 4822 3498 4919 quandoquidem
3533 4866 3555 4891 ιι
3575 4859 3606 4896 a
3634 4849 3829 4895 summo
3849 4822 3937 4883 ccio

2384 4938 2658 5011 egressio
2688 4937 2844 5010 ejus,
2877 4940 2935 4992 et
2963 4951 3257 4993 occursus
3281 4933 3416 5005 ejus
3434 4946 3623 5004 usque
3645 4928 3710 4983 ad
3736 4924 3938 5011 ευωξλυῑξ

2383 4997 2519 5099 ejus
2544 5042 2557 5083 :
2587 5042 2698 5084 nec
2721 4997 2949 5098 est'qui
2967 5040 3035 5081 se
3052 4997 3379 5079 abscondat
3398 5039 3430 5077 a
3453 4997 3658 5077 caelorc
3685 5014 3799 5086 ejus
3816 4997 3936 5077 (P531-

2383 5132 2546 5186 xvm,
2578 5116 2655 5184 '7).
2694 5136 2716 5166 ι
2749 5114 2969 5170 Omnes
2999 5114 3157 5170 enim
3184 5112 3486 5184 benignus
3509 5109 3759 5169 illustrat,
3787 5103 3939 5186 nec?

2384 5181 2572 5262 futare
2618 5181 2831 5274 levem,
2878 5203 2986 5258 sed
3035 5181 3358 5259 emendare
3385 5201 3509 5255 vult
3542 5214 3554 5254 :
3586 5211 3686 5252 nec
3712 5181 3937 5247 excludere

2383 5351 2502 5405 tem
2546 5348 2706 5418 edit.,
2759 5363 2892 5402 cum
2938 5346 3073 5401 aliis
3122 5361 3301 5414 mss.,
3358 5364 3381 5394 κ
3430 5342 3612 5397 anima
3657 5329 3935 5392 mercatura

2381 5420 2643 5476 Christo.
2682 5440 2705 5470 ι
3162 5444 3171 5449 -

2822 5489 2957 5545 edit.
3010 5488 3156 5563 sola,
3210 5510 3232 5533 α
3269 5484 3589 5563 secundum
3618 5463 3933 5563 austri-135:3}

2383 5533 2475 5619 Αἰ
2503 5533 2655 5618 infra
2704 5562 2909 5617 eadem
2959 5560 3096 5635 edit.
3143 5533 3284 5635 ’cum
3332 5560 3447 5612 vet.
3494 5570 3560 5635 ac
3603 5533 3933 5635 msslf‘ljﬂ":

2389 5616 2616 5690 {istius
2648 5616 2791 5689 ﬂatur
2816 5616 3055 5701 mundi;
3089 5654 3110 5679 ι)
3148 5630 3249 5685 ubi
3293 5644 3442 5683 mss.
3490 5626 3676 5697 plures
3720 5616 3913 5687 potiores

2384 5722 2579 5779 queis
2609 5705 2787 5779 istius
2817 5704 2967 5779 freto
3001 5701 3223 5779 mundi.
3244 5720 3285 5779 _u
3668 5752 3815 5779 mum
3841 5756 3932 5779 mc.

2453 5756 2567 5903 (9'8)
2597 5756 2981 5858 Omnesvedit.
3014 5789 3082 5828 ac
3113 5772 3393 5853 plerique.
3418 5783 3581 5837 mss.,
3606 5785 3635 5846 ,ι
3668 5756 3817 5815 Tertii
3840 5756 3913 5822 su}

2453 5853 2540 5903 tan
2569 5865 2656 5903 ur.
2690 5863 2792 5903 aui
2820 5846 2894 5900 ab
2924 5848 3126 5900 austro
3153 5859 3167 5903 :
3193 5864 3213 5891 ι
3241 5858 3431 5903 magis
3464 5847 3742 5896 concinne.
3772 5826 3913 5881 Ηειιυὲ

2385 5826 3133 5920 οἰὲἇιῖίυῖοξήεῑιίὶήαςὺᾞέιεὶὺό
3153 5826 3443 5920 ςίιληῖαεὶει-
3464 5826 3742 5920 concinne.
3772 5826 3930 5881 Rem'g'

2372 5921 2503 5980 cod.
2536 5911 2730 5978 Corb.’
2752 5921 2807 5975 et
2837 5917 3089 5990 Benign.
3128 5911 3189 5972 ut
3220 5914 3280 5973 in
3312 5911 3603 5973 contextu.
