4060 6178
67 269 230 332 1409

871 264 983 327 DE
1030 262 1416 327 EXCESSU
1463 256 1830 324 FRATRIS
1872 258 2008 326 SUI
2056 258 2360 325 SATYRI
2405 260 2565 324 LIB.
2615 257 2697 324 Il.

3343 261 3503 325 1410

70 470 282 522 durum
317 466 606 535 Ecclesia,
644 467 752 521 sed
782 465 1009 520 mollire
1051 465 1368 520 desiderat.
1413 463 1485 518 Et
1522 463 1655 518 ideo
1684 443 1823 517 inA
1859 461 2190 518 miserabili
2229 465 2518 518 tantarum
2562 461 3100 532 commutationum,
3143 465 3528 533 votorumque

68 557 328 612 Canticis
375 556 740 611 canticorum
791 571 898 610 eos
957 554 1247 622 Ecclesia,
1300 555 1359 607 in
1419 553 1745 624 Evangelio

72 646 349 701 Christus
380 645 586 698 invitat
606 644 718 713 (99)
741 644 984 698 dicens:
1024 664 1047 694 ι
1074 643 1282 698 Venite
1304 642 1374 696 ad
1399 657 1512 711 me,
1538 656 1747 696 omnes

73 735 175 806 qui
205 733 511 802 laboratis,
546 736 603 787 et
633 732 859 788 onerati
889 732 1037 787 estis
1063 747 1075 787 :
1109 734 1167 786 et
1196 747 1308 803 ego
1330 730 1592 785 reficiam
1613 746 1744 784 vos.

74 823 286 878 Tollite
310 821 376 892 ju
387 837 524 893 gum
557 837 753 874 meum
777 835 959 891 super
977 835 1111 889 vos,
1136 823 1193 874 et
1213 819 1423 874 discite
1443 834 1477 872 a
1498 833 1592 873 me
1613 817 1750 888 quia

73 912 236 966 mitis
267 926 403 965 sum
442 914 500 965 et
537 909 781 964 humilis
822 909 1000 964 corde
1040 908 1283 979 (Matt/2.
1327 925 1409 979 xx,
1451 908 1540 977 28,
1572 907 1684 976 29).
1724 930 1746 954 ιι

73 1027 87 1037 ·
146 1000 270 1055 118.
307 998 598 1055 Ecclesiae
621 1013 857 1070 quoque
878 1013 1086 1053 vocem
1109 997 1414 1052 invitantis
1446 1011 1709 1068 agnosce
1735 1011 1749 1064 ;

75 1089 225 1144 dicit
270 1088 465 1143 enim:
536 1110 559 1134 α
602 1086 902 1159 Exsurge,
945 1086 1166 1158 aquilo,
1208 1088 1264 1140 et
1309 1086 1468 1155 veni,
1509 1087 1752 1153 auster;

74 1178 260 1250 perﬂa
282 1177 519 1233 hortum
542 1191 760 1246 meum,
786 1179 843 1230 et
863 1175 1121 1230 deﬂuant
1145 1177 1445 1247 unguenta
1465 1189 1614 1228 mea.
1643 1173 1752 1227 De-

78 1266 331 1322 scendat
354 1265 536 1320 frater
557 1279 726 1320 meus
760 1263 819 1318 in
850 1263 1086 1319 hortum
1117 1280 1314 1331 suum,
1338 1265 1395 1318 et
1422 1263 1555 1318 edat
1587 1263 1751 1317 fruc-

78 1359 202 1410 tum
233 1355 313 1424 (1)
344 1354 767 1425 pomiferarum
796 1369 1040 1408 suarum
1073 1352 1274 1424 (Gant.
1299 1369 1378 1420 iv,
1403 1351 1502 1422 16;
1533 1368 1590 1421 v,
1625 1352 1696 1420 1).
1729 1375 1749 1399 ιι

78 1444 295 1499 Scieus
328 1444 484 1498 enim
511 1442 634 1513 jam
663 1444 802 1497 tunc
832 1443 1006 1497 etiam
1041 1442 1251 1497 horum
1283 1441 1387 1496 tibi
1422 1441 1546 1495 fore
1579 1455 1758 1510 opera

79 1533 410 1600 fructuosa,
451 1531 689 1586 Christo
721 1535 819 1586 tuo
852 1530 1108 1585 fructum
1152 1530 1224 1585 de
1255 1529 1473 1584 talibus
1509 1528 1758 1600 pollice-

79 1620 266 1676 bare:
303 1623 362 1677 et
387 1635 522 1692 qum
553 1619 742 1691 primo
773 1622 830 1674 te
861 1619 921 1674 in
955 1618 1294 1673 cubiculum
1334 1617 1537 1672 dixisti
1572 1617 1759 1688 Regis

77 1710 404 1778 inductam,
451 1709 710 1789 diligens
755 1709 940 1763 ubera
990 1722 1174 1778 super
1209 1708 1434 1776 vinum,
1467 1721 1600 1760 cum
1631 1704 1760 1759 dili-

1863 552 2058 622 tmdio,
2119 551 2358 607 fastidio
2417 552 2797 622 voluptatum.
2842 553 3052 607 Nonne
3103 551 3155 606 si
3207 552 3366 606 Deus
3417 551 3529 605 ista

1865 645 2216 712 perpetuare
2245 641 2406 708 velit,
2428 641 2526 694 illa
2550 641 2888 713 deligeres?
2920 642 3068 695 Nam
3098 641 3148 697 si
3181 657 3287 712 per
3313 657 3379 695 se
3401 641 3529 712 ipsa

1865 729 1982 784 vita
2014 729 2293 802 fugienda
2325 732 2435 799 est,
2469 734 2530 784 ut
2559 732 2636 784 sit
2657 731 3059 785 molestiarum
3092 730 3253 803 fuga,
3289 731 3528 803 requies

1868 835 2301 888 aerumnarum;
2342 823 2558 891 quanto
2597 820 2790 891 magis
2830 835 2897 874 ea
2939 820 3177 891 requies
3217 822 3309 874 est
3345 835 3530 891 expe-

1869 908 2096 976 ctanda,
2123 910 2218 962 cui
2243 908 2452 963 futurae
2479 908 2933 963 resurrectionis
2956 908 3228 979 voluptas
3251 911 3531 980 perpetua

1869 996 2182 1061 succedet;
2218 997 2317 1051 ubi
2333 996 2449 1052 ulla
2482 998 2794 1052 criminum
2826 997 3038 1066 series,
3065 997 3220 1053 nulla
3252 997 3532 1054 illecebra

1869 1085 2216 1141 delictorum
2237 1087 2266 1140 ?

1941 1174 2062 1229 124.
2095 1172 2239 1239 Quis
2269 1174 2329 1229 in
2370 1175 2570 1231 dolore
2611 1179 2724 1230 tam
2765 1177 3015 1246 patiens,
3062 1175 3162 1249 qui
3210 1192 3325 1233 non
3375 1193 3534 1234 mor-

1867 1265 1984 1318 tem
2015 1265 2189 1319 oret?
2219 1263 2354 1335 quis
2386 1265 2444 1318 in
2476 1264 2809 1320 infirmitate
2839 1268 2955 1320 tam
2986 1269 3290 1334 constans,
3325 1268 3388 1321 ut
3416 1283 3534 1322 non

1870 1355 2028 1423 Optet
2071 1353 2220 1407 mori
2252 1368 2317 1408 se
2349 1353 2546 1424 potius
2579 1369 2754 1425 quam
2798 1354 3053 1410 debilem
3101 1355 3301 1411 vivere
3325 1357 3354 1411 ?
3397 1357 3532 1428 quis

1869 1440 1930 1495 in
1960 1457 2213 1496 maerore
2243 1438 2360 1495 tam
2392 1441 2582 1510 fortis,
2617 1446 2678 1497 ut
2723 1459 2840 1498 non
2871 1443 3169 1498 desideret
3217 1459 3284 1499 eo
3335 1460 3400 1500 se
3438 1444 3535 1500 vel

1869 1530 2174 1585 moriendo
2196 1531 2478 1602 defungi?
2506 1530 2672 1596 Quod
2694 1532 2748 1586 si
2769 1533 2885 1602 ipsi
2903 1533 3076 1586 nobis
3099 1533 3236 1587 dum
3254 1533 3532 1604 vivimus,

1869 1619 2277 1688 displicemus,
2328 1635 2459 1674 cum
2502 1620 2756 1674 vivendo
2805 1637 2980 1692 quem
3024 1622 3350 1691 praestitum
3395 1638 3535 1680 esse

1870 1707 2245 1772 noverimus;
2270 1710 2487 1778 quanto
2508 1708 2762 1778 amplius
2785 1709 2922 1763 vitae
2939 1724 3053 1763 nos
3074 1710 3316 1764 taederet
3336 1711 3534 1782 istius,

82 1803 328 1871 gentem
356 1812 612 1866 amares,
647 1797 958 1851 laetantem
998 1811 1328 1868 quaereres,
1359 1794 1625 1866 pericula
1655 1807 1760 1865 pro
1786 1824 1844 1891 Β
1873 1795 1925 1849 si
1957 1796 2084 1850 sine
2115 1795 2230 1850 fine
2261 1795 2495 1850 futuros
2535 1796 2709 1850 nobis
2751 1797 2987 1851 labores
3038 1797 3220 1868 hujus
3269 1800 3538 1870 corporis

80 1887 377 1960 religione
410 1889 849 1942 contemneres.

156 1977 284 2031 119.
323 1975 542 2031 Deinde
575 1991 608 2029 a
639 1975 886 2043 Libano,
921 1989 1167 2045 sponsa,
1190 1973 1426 2046 rogaris
1451 1974 1513 2028 ut
1533 1972 1763 2043 venias,

77 2065 318 2138 judicio
334 2063 568 2119 Domini
591 2063 784 2118 adhuc
801 2065 920 2119 tota
952 2062 1235 2133 formosa,
1253 2063 1449 2118 adhuc
1469 2065 1586 2117 tota
1615 2061 1766 2116 irre-

84 2153 542 2228 prehensibilis.
561 2151 660 2208 Sic
691 2153 850 2208 enim
882 2153 1168 2223 scriptum
1186 2154 1278 2207 est
1301 2165 1315 2206 :
1352 2174 1372 2198 ιι
1399 2151 1541 2205 Tota
1559 2165 1626 2205 es
1642 2150 1767 2204 for-

87 2258 278 2313 mosa,
323 2243 594 2314 proxima
633 2257 781 2311 mea,
826 2243 882 2296 et
913 2240 1303 2312 reprehensio
1334 2255 1451 2296 non
1497 2242 1588 2294 est
1625 2238 1765 2294 inte.

87 2333 252 2388 Ades
295 2331 414 2387 huc
454 2348 488 2386 a
529 2331 777 2402 Libano,
819 2345 1063 2402 sponsa,
1113 2329 1258 2384 ades
1313 2329 1429 2384 huc
1467 2343 1501 2383 a
1541 2327 1767 2383 Libano

85 2420 289 2494 (Cant.
324 2438 408 2491 1v,
438 2420 492 2488 Ἷ,
523 2420 600 2491 8).
638 2444 660 2467 ιο

160 2510 292 2566 120.
327 2509 538 2564 Postea
582 2508 713 2580 ipsa
746 2507 873 2579 jam
917 2506 1116 2563 nullo
1165 2520 1338 2580 aquae
1379 2506 1608 2578 lapsus,
1644 2505 1770 2577 jam

86 2599 292 2655 nullos
306 2599 560 2670 impetus
578 2597 1016 2654 descendentes
1029 2612 1062 2651 a
1077 2597 1304 2652 Libano
1315 2597 1768 2667 pertimescens,

87 2688 435 2761 aquilonem
481 2691 540 2743 et
593 2689 860 2741 austrum
903 2685 1183 2756 advocas,
1232 2685 1469 2756 perﬂari
1525 2684 1772 2754 cupiens

88 2778 332 2834 hortum
346 2781 530 2847 tuum,
546 2779 608 2830 ut
621 2777 680 2830 in
693 2775 828 2830 aliis
842 2777 1142 2848 unguenta
1157 2777 1256 2829 tua
1271 2773 1548 2843 deﬂuant,
1569 2773 1627 2828 in
1642 2773 1773 2828 aliis

89 2865 456 2938 multiplices
480 2864 860 2920 fecunditatis
881 2866 998 2919 tum
1021 2863 1250 2919 fructus
1273 2862 1491 2918 offeras
1511 2862 1770 2918 Christo.

163 2955 298 3011 121.
333 2953 404 3009 Et
433 2955 566 3009 ideo
601 2975 623 3005 ι
658 2954 868 3008 beatus
898 2953 1000 3025 qui
1033 2951 1292 3008 custodit
1313 2951 1494 3007 verba
1523 2950 1774 3022 prophe-

88 3048 194 3101 tim
226 3043 412 3116 hujus
443 3044 648 3116 (Apoc.
681 3059 826 3111 χχιι,
859 3041 935 3111 7),
975 3065 998 3090 »
1032 3057 1166 3114 qua)
1189 3042 1364 3097 nobis
1385 3040 1774 3096 resurrectio-

90 3149 234 3190 nem
275 3132 749 3188 evidentioribus
791 3131 1152 3187 testimoniis
1203 3131 1491 3186 revelavit
1531 3130 1770 3185 dicens:

1872 1899 2256 1940 cerneremus
2277 1885 2306 1938 ?
2333 1882 2478 1949 Quis
2511 1887 2603 1938 est
2634 1885 2814 1956 igitur
2834 1884 2935 1956 qui
2958 1901 3023 1940 se
3056 1886 3196 1940 velit
3219 1887 3426 1941 mortis
3445 1904 3540 1943 ex-

1875 1974 2136 2029 sortem?
2166 1973 2282 2027 Aut
2302 1973 2438 2044 quid
2460 1973 2705 2045 gravius
2724 1973 3152 2030 immortalitate
3172 1975 3541 2032 miserabili?

1881 2085 1902 2110 α
1926 2062 1988 2118 Si
2006 2063 2064 2116 in
2086 2061 2196 2116 hac
2224 2061 2361 2131 vita,
2388 2062 2593 2132 inquit,
2619 2062 2677 2116 in
2699 2061 2938 2118 Christo
2969 2065 3192 2118 tantum
3224 2067 3537 2136 sperantes

1876 2166 2106 2219 sumus,
2128 2149 2594 2205 miserabiliores
2614 2167 2822 2205 sumus
2837 2152 3114 2207 omnibus
3133 2151 3474 2208 hominibus
3489 2151 3547 2224 (I

1880 2239 2016 2295 Cor.
2040 2255 2139 2308 xv,
2159 2237 2282 2309 19);
2311 2262 2334 2286 η
2356 2255 2472 2293 non
2486 2238 2641 2310 quod
2667 2239 2724 2293 in
2745 2237 2981 2295 Christo
3001 2256 3244 2312 sperare
3266 2242 3542 2297 sitmise-

1875 2343 2028 2398 rum,
2062 2327 2169 2383 sed
2211 2326 2348 2399 quia
2385 2325 2661 2382 Christus
2711 2328 3091 2398 sperantibus
3142 2329 3200 2384 in
3249 2345 3316 2386 se
3364 2331 3544 2386 vitam

1877 2417 2119 2472 alteram
2148 2416 2590 2488 praeparaverit.
2625 2416 2770 2472 Haec
2805 2418 2962 2472 enim
3008 2421 3252 2491 peccato
3283 2419 3541 2476 obnoxia

1879 2509 1988 2571 est,
2024 2505 2122 2560 illa
2151 2504 2395 2576 praemio
2426 2507 2748 2560 reservata.

1951 2593 2074 2649 124.
2107 2593 2224 2649 bis.
2259 2593 2432 2664 Ipsos
2466 2609 2682 2648 cursus
2703 2595 2918 2650 breves
2947 2599 3285 2654 nostrarum
3307 2600 3542 2656 mtatum

1881 2685 2162 2756 quantum
2175 2682 2445 2737 videmus
2469 2683 2644 2738 nobis
2657 2681 2868 2740 afferre
2886 2684 3188 2740 fastidium
3201 2689 3228 2742 ?
3242 2689 3398 2743 Puer
3409 2688 3542 2745 ado-

1879 2772 2225 2828 lescentia‘m
2237 2772 2552 2833 desiderat.
2567 2771 2921 2829 adolescens
2943 2791 3131 2831 annos
3156 2776 3273 2831 sibi
3295 2776 3544 2850 majoris

1881 2862 2118 2917 metitur
2144 2862 2353 2931 aetatis,
2383 2859 2628 2932 juvenis
2658 2863 2946 2918 beneﬁcio
2986 2865 3098 2919 aevi
3141 2865 3408 2921 ﬂorentis
3451 2868 3546 2922 in-

1882 2955 2114 3024 gratus,
2175 2949 2424 3005 senilem
2473 2950 2981 3007 honorificentiam
3027 2955 3416 3026 concupiscit.
3468 2956 3552 3012 Ita

1883 3040 2159 3096 omnibus
2200 3054 2276 3094 ex
2319 3042 2523 3094 natura
2571 3041 2734 3094 venit
2781 3041 2932 3096 velle
2983 3043 3197 3097 mutari
3243 3044 3359 3114 (3);
3414 3045 3551 3116 quia

1885 3129 2018 3200 ejus
2051 3143 2161 3183 nos
2192 3128 2349 3199 quod
2380 3144 2610 3196 sumus,
2644 3130 2905 3199 poenitet.
2934 3131 3198 3203 Denique
3223 3133 3398 3188 etiam
3421 3135 3551 3204 ipsa

93 3244 118 3275 ι
168 3223 245 3278 Et
275 3221 400 3277 vidi
430 3224 700 3278 mortuos
732 3236 983 3294 magnos
1015 3224 1073 3275 et
1098 3182 1616 3291 pusillos—stantes
1637 3182 1776 3274 ante
1807 3182 1866 3251 Ο
1883 3182 2020 3291 ῥόεῑ
2252 3182 2387 3272 vota
2417 3182 2660 3273 fastidio
2873 3182 3121 3292 ret—quael

89 3313 333 3381 sedem,
358 3315 417 3367 et
434 3311 624 3365 libros
654 3313 1049 3381 aperuerunt:
1083 3314 1140 3364 et
1167 3309 1322 3364 alius
1353 3308 1504 3363 liber
1534 3310 1774 3378 apertus

91 3404 215 3468 est,
237 3400 341 3472 qui
360 3403 452 3455 est
472 3400 607 3454 vitae
631 3415 644 3454 :
680 3402 737 3455 et
762 3398 1008 3469 judicati
1031 3401 1170 3454 sunt
1189 3399 1268 3469 (2)
1291 3398 1503 3454 mortui
1525 3392 1597 3452 de
1620 3397 1776 3452 scri-

91 3491 223 3562 ptis
263 3489 326 3544 in
365 3489 558 3557 libris,
594 3488 923 3544 secundum
961 3487 1114 3542 facta
1155 3503 1286 3542 sua.
1329 3486 1400 3541 Et
1429 3486 1588 3542 dedit
1616 3499 1778 3542 mare

92 3581 398 3648 mortuos,
446 3577 546 3649 qui
594 3577 655 3631 in
711 3577 844 3648 ipso
899 3580 1086 3646 erant,
1144 3578 1201 3632 et
1258 3575 1435 3630 inferi
1465 3575 1781 3646 _dederunt

93 3671 396 3734 mortuos,
429 3667 532 3738 qui
562 3681 746 3737 penes
779 3682 846 3722 se
895 3669 1063 3721 erant
1109 3666 1311 3738 (Apoc.
1345 3681 1446 3734 xx,
1481 3662 1569 3733 12,
1604 3663 1714 3732 13).
1753 3685 1774 3712 η

93 3758 193 3812 Nc
236 3771 385 3828 ergo
425 3755 662 3810 dubites
702 3755 1200 3827 quemadmodum
1237 3756 1587 3826 resurgant,
1627 3767 1781 3824 quos

95 3847 286 3902 inferi
317 3848 646 3914 revomunt,
682 3859 842 3899 mare
875 3843 1146 3899 reddidit.

176 3932 308 3990 122.
348 3934 567 4006 Accipe
602 3933 777 3989 etiam
799 3921 1034 4005 quando
1068 3931 1436 4004 promittatur
1465 3930 1653 4005 gratia
1685 3929 1780 3985 fu-

97 4028 238 4079 tura
265 4022 572 4094 justorum
598 4039 609 4076 :
649 4043 672 4073 α
708 4021 778 4076 Et
807 4022 1024 4090 audivi,
1047 4022 1252 4092 inquit,
1278 4035 1486 4076 vocem
1510 4033 1783 4092 magnam

98 4114 181 4169 de
215 4113 433 4168 throno
461 4111 790 4167 dicentem:
826 4110 980 4165 Ecce
1018 4110 1462 4165 tabernaculum
1495 4109 1599 4163 Dei
1651 4124 1784 4162 cum

101 4201 481 4271 hominibus,
516 4205 572 4254 et
601 4199 886 4254 habitabit
925 4215 1058 4254 cum
1101 4199 1238 4268 illis,
1282 4202 1338 4254 et
1378 4199 1492 4268 ipsi
1532 4197 1785 4269 populus

102 4291 251 4363 ejus
282 4295 480 4360 erunt,
507 4292 564 4345 et
593 4289 720 4360 ipse
743 4289 904 4344 Deus
927 4303 1061 4342 cum
1083 4288 1200 4342 illis
1223 4289 1332 4342 erit
1349 4288 1580 4342 illorum
1604 4287 1784 4340 Deus.

99 4381 184 4434 Et
216 4379 440 4435 delebit
479 4394 712 4434 omnem
756 4378 1072 4449 lacrymam
1117 4377 1189 4432 de
1235 4377 1425 4433 oculis
1472 4391 1698 4444 eorum,
1733 4378 1790 4429 et

102 4485 282 4525 mors
307 4484 428 4524 non
450 4468 560 4523 erit
580 4466 855 4538 amplius,
879 4481 1071 4537 neque
1087 4465 1304 4535 luctus,
1329 4481 1521 4536 neque
1545 4466 1785 4533 clamor,

101 4573 317 4630 neque
349 4556 519 4612 dolor
548 4556 699 4612 ultra
729 4557 840 4611 erit
865 4555 1070 4626 (Apoc.
1103 4571 1225 4625 xxi,
1258 4554 1313 4624 3,
1346 4555 1422 4625 4).
1461 4578 1482 4600 η

200 4638 404 4701 1167
454 4645 577 4700 123.
632 4643 922 4716 Compara
982 4659 1171 4714 nunc,
1229 4644 1283 4697 si
1337 4644 1557 4713 placet,
1617 4645 1790 4714 atque

103 4734 418 4792 contende
448 4735 626 4789 vitam
649 4733 802 4788 hanc
821 4749 954 4788 cum
972 4733 1068 4787 illa
1086 4733 1224 4803 vita,
1245 4735 1301 4787 et
1319 4732 1493 4805 elige,
1515 4732 1568 4786 si
1596 4737 1788 4803 potes,

99 4827 470 4899 perpetuam
518 4824 789 4894 corporis
833 4823 1010 4877 vitam
1060 4822 1121 4877 in
1163 4821 1365 4877 labore
1413 4837 1791 4892 aerumnaque

191 4967 312 5037 (99)
365 4967 535 5021 Rom.
581 4965 742 5030 edit.,
792 4987 811 5037 ε
877 4965 958 5037 Et,
1007 4964 1139 5021 ideo
1196 4981 1302 5020 eos
1362 4965 1420 5019 in
1469 4963 1792 5037 Evangelia

98 5036 405 5097 Christus
433 5037 660 5092 invitat.
701 5058 722 5087 ι
760 5036 830 5091 Et
873 5036 1046 5106 infra,
1088 5059 1106 5082 ιι
1150 5052 1357 5091 vocem
1388 5036 1690 5090 invitantis
1735 5037 1795 5090 in

99 5109 390 5167 Canticis
429 5109 792 5163 canticorum
835 5123 1118 5180 agnosce.
1160 5129 1180 5156 »
1236 5109 1362 5162 Vet.
1416 5113 1609 5180 autem
1655 5107 1791 5164 edit.

99 5187 170 5239 et
198 5181 402 5236 cuncti
426 5196 572 5234 mss.
599 5178 912 5234 nobiscum
931 5178 1168 5246 faciunt,
1192 5181 1308 5234 nisi
1325 5179 1480 5250 quod
1505 5196 1608 5249 pro
1626 5195 1797 5249 agno-

99 5269 230 5310 sco
263 5251 326 5305 in
345 5251 712 5322 quibusdam
742 5251 978 5322 legitur.
1017 5251 1172 5304 audi.

195 5323 279 5391 (1)
298 5321 448 5394 Mss.
473 5322 714 5394 aliquot,
735 5342 757 5371 «
775 5321 828 5376 et
853 5321 924 5375 ad
947 5321 1199 5394 fructum
1218 5344 1237 5370 ι»
1257 5321 1793 5394 minuscommode.

193 5396 278 5462 (2)
314 5392 588 5466 Plerique
623 5409 768 5447 mss.
804 5415 825 5439 «ι
864 5393 1078 5466 mortui
1120 5393 1406 5466 descripti
1451 5393 1506 5445 in
1555 5392 1794 5466 libris»

97 5467 228 5525 alii
262 5463 550 5534 nonnulli,
586 5480 656 5520 ac
688 5467 804 5519 vet.
838 5463 1000 5534 edit.,
1039 5486 1060 5511 ιι
1097 5463 1432 5519 [ηονιιιίάθ.
1472 5464 1710 5533 scriptis
1743 5464 1801 5516 in

95 5544 304 5617 libris
340 5564 368 5617 ξ
406 5544 633 5611 Gmce,
682 5543 737 5617 iit
784 5546 886 5596 τῶν
924 5540 1273 5617 γεγραμμένων
1323 5541 1376 5617 ἐγ
1414 5543 1520 5617 τοὶς
1559 5539 1798 5617 pratia“,

98 5616 627 5695 quodeleganter
657 5616 794 5695 edit.
830 5613 1098 5695 Retinet
1119 5613 1302 5695 ‘yer's.
1323 5613 1498 5686 Vulg.
1525 5613 1797 5686 reddidit,

102 5685 149 5745 ι’
181 5705 270 5761 ei:
299 5687 398 5761 his
428 5685 562 5760 qua:
594 5688 816 5761 scripta
847 5689 1010 5742 erant
1038 5686 1098 5742 in
1128 5685 1319 5761 libris.
1349 5710 1370 5735 ιι

194 5759 284 5842 (3)
318 5757 647 5836 Irrepsorat
676 5757 739 5821 ixi
774 5774 922 5818 mss.
957 5758 1298 5836 nonnullos,
1332 5760 1389 5818 et
1416 5757 1552 5818 inde
1582 5757 1643 5818 in
1673 5773 1800 5819 om-

1884 3307 2102 3377 vimus,
2136 3323 2269 3361 cum
2300 3307 2715 3377 meruerimus,
2749 3308 3118 3366 abdicamus.

1957 3395 2080 3451 125.
2114 3395 2283 3451 Unde
2313 3410 2427 3450 non
2460 3395 2751 3452 immerito
2793 3398 2968 3452 etiam
3012 3401 3202 3456 sancti
3247 3401 3360 3457 viri
3409 3417 3550 3472 pro-

1885 3484 2188 3556 longatum
2218 3483 2533 3539 incolatum
2565 3501 2740 3540 suum
2781 3502 2942 3558 saepe
2991 3487 3326 3559 doluerunt,
3371 3490 3557 3546 doluit

1888 3572 2073 3628 David
2103 3573 2291 3642 (Psal.
2316 3589 2475 3642 cxix,
2501 3574 2578 3643 5),
2613 3574 2798 3630 doluit
2835 3575 3124 3633 Jeremias
3165 3578 3411 3648 (Jerem.
3447 3597 3549 3651 xx,

1889 3661 1999 3733 17),
2038 3661 2222 3717 doluit
2261 3661 2423 3716 Elias
2458 3662 2577 3734 (IlI
2605 3663 2752 3734 Reg.
2796 3680 2916 3734 xix,
2961 3665 3036 3735 4).
3077 3665 3141 3722 Si
3181 3669 3551 3740 sapientibus

1890 3751 2166 3820 creditur,
2201 3753 2258 3805 et
2287 3751 2348 3805 hi
2377 3750 2436 3804 in
2467 3750 2687 3822 quibus
2718 3752 2956 3809 divinus
2987 3753 3242 3826 Spiritus
3272 3757 3551 3828 loqueba-

1890 3843 2004 3910 tur,
2036 3839 2108 3894 ad
2140 3837 2387 3894 meliora
2427 3840 2857 3910 properabant:
2908 3843 2962 3897 si
3002 3843 3362 3916 reliquorum
3398 3846 3555 3918 judi-

1892 3929 1981 3984 cia
2002 3927 2378 3984 sciscitamur
2399 3929 2498 3999 (4),
2522 3933 2583 3984 ut
2606 3945 3046 4003 cognoscamus
3067 3949 3275 3989 omnes
3299 3935 3357 3988 in
3381 3951 3557 3989 unam

1892 4018 2210 4073 convenire
2280 4019 2668 4089 sententiam;
2729 4021 2928 4090 quanti
2986 4026 3233 4078 mortem
3291 4023 3558 4094 maerori,

1893 4106 2094 4180 quanti
2128 4109 2374 4161 mortem
2404 4105 2701 4161 formidini
2747 4110 3180 4179 praetulerunt?
3217 4111 3560 4184 judicantes

1896 4196 2171 4251 videlicet
2203 4196 2538 4266 graviorem
2567 4199 2785 4252 metum
2815 4201 3021 4254 mortis
3044 4217 3182 4256 esse
3205 4217 3383 4272 quam
3409 4217 3564 4255 mor-

1895 4287 2031 4341 tem.
2067 4283 2230 4339 Adeo
2261 4284 2390 4339 suis
2423 4285 2593 4339 malis
2625 4301 2788 4340 mors
2821 4303 2937 4342 non
2984 4290 3241 4358 timetur,
3279 4289 3387 4344 scd
3425 4288 3564 4342 vitm

1899 4374 2158 4428 miseriis
2189 4371 2549 4428 antefertur!
2600 4390 2734 4428 cum
2764 4376 3058 4445 expetitur
3096 4377 3402 4432 morientis
3436 4376 3564 4431 exi-

1897 4467 2014 4533 tus,
2049 4465 2106 4518 et
2136 4462 2389 4517 evitatur
2418 4463 2672 4518 formido
2711 4463 2990 4518 viventis.

1814 4540 1875 4610 D
1971 4552 2094 4607 126.
2125 4551 2243 4606 Sed
2281 4554 2432 4622 esto,
2465 4551 2602 4606 huic
2635 4552 2771 4607 vitm
2801 4553 3164 4610 resurrectio
3193 4553 3562 4625 praeferatur.

1905 4633 2102 4697 1168
2147 4640 2318 4711 Quid,
2351 4641 2689 4712 philosophi
2737 4643 2852 4712 ipsi
2900 4658 3095 4715 genus
3134 4648 3269 4714 post
3319 4648 3568 4699 mortem

1903 4730 2137 4802 aliquod
2167 4733 2534 4801 repererunt,
2576 4745 2691 4801 quo
2730 4745 2842 4786 nos
2883 4732 2966 4785 uti
3005 4732 3218 4804 magis,
3251 4748 3427 4804 quam
3464 4749 3566 4788 re-

1905 4835 2156 4891 surgere
2185 4818 2498 4874 delectabit
2522 4816 2535 4872 l
2580 4818 2650 4874 Et
2679 4818 2764 4874 illi
2793 4820 3030 4893 quidem
3069 4821 3171 4894 qui
3201 4821 3404 4877 dicunt
3433 4821 3564 4878 ani-

1909 4979 2017 5036 nes
2049 4962 2187 5018 edit.
2213 4976 2476 5036 sequens
2503 4959 2742 5036 lacinia:
2784 4984 2805 5012 ι
2833 4967 3044 5036 contra
3076 4967 3274 5020 sectas
3303 4964 3570 5036 philoso-

1908 5035 2183 5106 phorum,
2217 5033 2316 5104 qui
2348 5033 2441 5088 vel
2474 5034 2726 5089 animam
2757 5035 2944 5090 solam
2977 5036 3188 5092 durare
3211 5033 3408 5092 dicant
3438 5042 3572 5108 post

1910 5114 2180 5188 corporis
2251 5119 2530 5182 mortem,
2597 5114 2692 5188 vel
2755 5110 3150 5188 μτεμψὺχωσιν
3215 5118 3474 5172 credant.
3547 5139 3568 5164 »

1910 5185 2025 5242 Sed
2055 5190 2450 5258 praeterquam
2479 5185 2636 5256 quod
2665 5186 2724 5240 in
2756 5185 3130 5243 ’mss.'multo
3180 5189 3474 5258 pluribus
3507 5200 3574 5239 ac

1911 5255 2240 5329 potioribus
2273 5272 2389 5310 non
2419 5255 2735 5325 invenitur,
2771 5259 2899 5328 ipsa
2929 5260 3123 5329 series
3155 5255 3438 5315 orationis
3461 5255 3575 5310 hoc

1911 5328 2377 5400 assutamentum
2409 5331 2606 5397 aperte
2639 5330 2883 5400 respuit.
2907 5328 3576 5400 Conscquenteriautem

1912 5417 2098 5472 pro,7«
2135 5399 2270 5470 quia
2300 5397 2434 5472 ejus
2467 5415 2578 5472 nos
2608 5397 2765 5472 quod
2797 5417 3030 5470 sumus,
3071 5425 3091 5448 »
3126 5397 3316 5472 codex
3345 5399 3570 5472 Thuau.

1913 5468 2172 5544 praefert,
2209 5492 2232 5517 «
2267 5468 2402 5544 quia
2433 5468 2849 5544 ejusjcimus.
2888 5495 2909 5520 η
2945 5468 3077 5526 Nan
3125 5471 3273 5544 satis
3324 5471 3500 5544 recte:

1985 5543 2060 5614 (4)
2093 5536 2241 5614 Mss.
2276 5536 2496 5614 aliquot
2517 5556 2552 5614 ;_
2575 5541 2640 5597 Si
2666 5543 2968 5614 sapientes
3009 5542 3331 5596 creduntur
3359 5541 3415 5593 et
3445 5536 3574 5614 hi...

1916 5607 2393 5744 pi'feliquorum'
2423 5611 2652 5688 judicio
2703 5607 3102 5679 suscitemur;
3153 5625 3330 5684 unus,
3379 5607 3580 5691 succis.

1941 5701 2014 5744 en
2042 5702 2132 5744 ur.
2169 5705 2192 5739 ι

1915 5688 2132 5746 tentur.
2145 5683 2192 5739 ἰ
2428 5683 2446 5688 “
3319 5683 3323 5684 ⁷
3573 5683 3582 5691 “
