4060 6178
151 287 305 348 1413

1004 282 1116 348 DE
1161 279 1424 351 OBITU
1469 280 2102 351 VALENTINIANI.
2152 323 2225 333 —
2269 283 2776 354 ADMONITIO.

3452 295 3609 358 1414

222 486 346 541 132.
390 485 583 540 Habet
633 486 864 540 animus
911 501 985 542 ex
1034 485 1148 542 hoc
1184 487 1312 559 jam
1356 487 1493 542 vitae
1531 487 1824 556 anfractu,
1856 470 1916 532 Α
1944 487 2048 557 vit,
2099 491 2161 542 ut
2211 489 2340 543 haec
2389 493 2685 560 Spectaret
2731 494 2789 546 et
2833 495 3119 548 cerneret.
3172 493 3437 566 Denique
3482 499 3606 554 ait:

153 578 206 630 et
236 575 459 630 terreni
489 575 760 644 corporis
793 574 1126 630 colluvione
1159 575 1490 644 discedere,
1525 578 1582 629 et
1612 576 1684 629 ad
1729 576 1828 630 illa

153 664 400 718 concilia
450 680 708 734 superna
761 665 1142 733 contendere,
1197 665 1311 718 etsi
1361 669 1704 718 sanctorum
1749 665 1826 718 sit

152 754 487 822 pervenire,
524 753 755 806 laudem
785 753 985 808 dicere
1019 753 1141 807 Deo
1173 754 1372 823 (quam
1410 755 1441 817 1
1461 754 1602 816 170
1634 753 1824 807 citha—

151 842 406 895 rizantes
440 841 573 895 illos
606 842 810 912 (Apoc.
844 858 960 910 xiv,
994 841 1050 911 ‘2)
1083 841 1305 911 dicere,
1340 841 1686 912 prophetica
1715 842 1827 896 lec-

150 931 308 984 tione
342 930 739 999 comperimus
773 946 785 985 :
825 953 844 975 «
881 929 1028 994 Quia
1060 947 1273 1002 magna
1299 931 1591 986 mirabilia
1648 946 1825 1002 opera

151 1023 272 1086 tua,
306 1019 552 1072 Domine
587 1019 748 1073 Deus
777 1019 1149 1089 omnipotens
1183 1037 1194 1074 :
1227 1019 1411 1091 justw
1441 1024 1498 1075 et
1529 1036 1691 1076 vera:
1712 1021 1825 1075 viae

149 1109 289 1176 tuae,
330 1107 458 1161 Rex
488 1107 752 1178 gentium
782 1106 924 1177 (14)!
972 1106 1118 1174 Quis
1162 1125 1280 1164 non
1323 1109 1552 1163 timebit
1593 1113 1650 1164 et
1697 1125 1824 1164 ma-

151 1195 459 1266 gniﬁcabit
499 1211 713 1251 nomen
757 1201 939 1266 tuum,
1000 1198 1137 1268 quia
1194 1198 1363 1253 solus
1424 1185 1670 1253 sanctus
1731 1214 1820 1266 es,

149 1284 291 1355 quia
336 1298 544 1340 omnes
590 1287 805 1356 gentes
848 1285 1087 1341 venient
1129 1290 1188 1341 et
1235 1286 1563 1342 adorabunt
1605 1290 1738 1342 ante
1767 1291 1823 1342 te

149 1373 358 1444 (Apoc.
391 1391 492 1443 xv,
524 1373 578 1443 3,
611 1373 698 1444 4);
733 1399 756 1423 ιο
792 1376 994 1430 videre
1026 1392 1261 1448 quoque
1285 1379 1438 1445 tuas,
1472 1376 1641 1446 Jesu,
1677 1392 1822 1447 nup-

149 1462 284 1531 tias,
322 1463 379 1517 in
411 1463 630 1533 quibus
659 1465 732 1518 de
764 1466 1020 1520 terrenis
1053 1465 1124 1520 ad
1173 1465 1459 1531 coelestia,
1510 1466 1823 1520 concinen-

147 1551 312 1606 tibus
362 1551 619 1606 omnium
665 1553 900 1624 gaudiis
951 1570 1174 1623 sponsa
1223 1554 1566 1624 deducitur;
1603 1574 1629 1602 ‹‹
1663 1554 1734 1607 ad
1767 1558 1820 1608 te

148 1639 309 1694 enim
339 1641 532 1695 omnis
563 1657 702 1696 caro
732 1643 930 1697 veniet
957 1643 1150 1713 (Psal.
1187 1659 1342 1711 LXIV,
1376 1643 1454 1713 3),
1492 1666 1514 1691 »
1546 1641 1670 1714 jam
1702 1659 1820 1698 non

147 1729 379 1784 seculo
435 1729 710 1800 obnoxia,
774 1731 882 1786 sed
941 1732 1176 1802 spiritui
1233 1732 1502 1801 copulata
1555 1749 1565 1786 :

148 1818 446 1873 thalamos
479 1825 720 1874 ornatos
755 1820 1026 1891 byssino,
1057 1821 1242 1889 rosis,
1276 1819 1436 1885 liliis,
1472 1825 1528 1876 et
1559 1821 1817 1877 coronis.

146 1906 341 1978 Cujus
371 1909 527 1963 enim
558 1908 803 1963 alterius
835 1910 925 1963 sic
955 1912 1241 1964 ornantur
1278 1910 1544 1980 nuptiae?
1589 1909 1820 1964 Ornan-

145 2000 248 2050 tur
276 1996 434 2050 enim
465 1997 882 2052 confessorum
913 1997 1100 2053 livore
1142 1998 1276 2068 (15),
1323 2003 1648 2069 martyrum
1678 2015 1820 2053 san-

145 2086 364 2157 guine,
427 2085 567 2140 liliis
625 2086 954 2158 virginum,
1012 2087 1250 2142 coronis
1309 2087 1483 2142 etiam
1537 2089 1820 2144 sacerdo-

147 2178 274 2230 tum
294 2175 328 2230 ?

221 2262 350 2319 133.
397 2265 520 2318 Hoc
569 2265 683 2319 sibi
734 2281 858 2335 prae
903 2266 1138 2321 ceteris
1170 2264 1356 2318 David
1389 2267 1635 2320 sanctus
1663 2270 1820 2336 opta-

145 2407 376 2477 partem
418 2405 766 2478 jugulavit:
811 2424 960 2462 mss.
1006 2423 1149 2462 vero
1195 2409 1464 2478 nostram
1511 2405 1822 2462 lectionem

148 2476 388 2550 summo
422 2476 723 2550 consensu
755 2480 1081 2549 stabiliunt,
1115 2477 1231 2532 nisi
1264 2478 1420 2549 quod
1451 2476 1656 2550 legunt
1685 2495 1826 2534 non-

144 2548 317 2616 nulli,
356 2569 378 2599 ι
414 2549 487 2602 ad
519 2565 776 2619 superna
807 2551 1232 2606 conscendere.
1271 2573 1293 2597 ιο

217 2620 335 2689 (14)
380 2621 548 2675 Rom.
585 2621 723 2675 edit.
758 2637 834 2675 ex
863 2622 1038 2694 Vulg.
1069 2620 1371 2688 versione,
1413 2642 1434 2666 «ι
1459 2620 1602 2694 _Rex
1633 2637 1824 2677 saecu-

147 2689 385 2764 lorum;
426 2712 448 2740 ι
481 2708 687 2764 omnes
716 2696 910 2748 autem
942 2689 1090 2747 m'ss.
1125 2709 1194 2747 ac
1237 2697 1354 2746 vet.
1406 2691 1568 2764 edit.,
1621 2718 1642 2742 «
1699 2695 1826 2748 Rex

147 2763 464 2846 gentium}
517 2787 544 2846 ξι
598 2763 826 2833 GPEIBCB,
869 2768 901 2846 76
922 2770 1162 2846 βασιλεὺς
1183 2775 1285 2846 τῷν
1306 2769 1486 2842 ἁγίων,
1532 2763 1664 2821 Rex
1691 2780 1826 2820 san-

146 2849 402 2919 ctorum.
438 2842 595 2898 Infra
630 2860 789 2913 vero,
827 2842 932 2919 ubi
948 2859 1157 2919 omnes
1175 2845 1312 2919 edit.
1337 2864 1404 2902 ac
1424 2849 1630 2919 plures
1647 2863 1822 2908 mss.,

151 2939 170 2961 ιι
229 2915 449 2988 videre
484 2930 788 2985 quoque...
839 2916 1042 2970 videre
1089 2914 1382 2988 thalamos
1404 2914 1479 2988 ς’»
1527 2935 1675 2974 mss.
1711 2931 1826 2972 non

144 2986 320 3058 pauci
359 2986 577 3058 habent
609 2987 940 3058 utrobique,
980 2988 1207 3042 videro.
1244 2986 1377 3044 Non
1409 2986 1558 3046 satis
1610 2995 1772 3045 recte
1811 3003 1822 3042 :

146 3057 466 3112 infinitima
511 3058 668 3113 enim
701 3058 799 3113 illa
826 3057 1098 3128 pendent
1133 3074 1164 3114 e
1215 3062 1510 3132 superiori
1540 3063 1824 3131 oratione,

1619 1733 1713 1786 vid
1721 1748 1820 1827 e‘re
1855 1765 1906 1827 Β

1951 599 1973 624 ει
2013 577 2202 630 Unam
2232 578 2412 647 petivi
2445 595 2476 632 a
2508 580 2778 650 Domino,
2814 582 2964 636 hanc
2995 583 3321 652 requiram;
3353 589 3416 639 ut
3445 587 3608 641 inha-

1944 665 2124 721 bitem
2170 666 2229 720 in
2274 668 2448 722 domo
2499 669 2731 723 Domini
2775 687 2982 726 omnes
3030 673 3157 727 dies
3187 675 3324 728 vitae
3353 691 3520 746 mete,
3558 681 3614 732 et

1943 756 2176 810 videam
2208 757 2567 826 voluptatem
2601 758 2835 813 Domini
2867 761 2995 830 (Ps.
3029 779 3188 817 XXVI.
3220 763 3297 834 4).
3336 788 3357 812 η

2017 845 2139 900 134.
2183 846 2358 900 Juvat
2389 847 2500 901 hoc
2533 849 2801 917 credere,
2846 867 3090 920 sperare
3122 852 3372 908 delectat
3405 870 3416 908 ε
3452 858 3610 910 certe

1943 949 2063 988 non
2096 934 2426 989 credidisse
2461 952 2634 1005 poena
2664 941 2775 1004 est,
2810 954 3093 1008 sperasse
3123 942 3332 1012 gratia.
3360 942 3523 1007 Quod
3558 945 3614 1000 si

1946 1022 2008 1076 in
2039 1022 2151 1077 hoc
2183 1038 2336 1089 erro,
2373 1025 2509 1094 quia
2539 1027 2774 1098 angelis
2806 1043 2896 1082 me
2929 1034 3063 1099 post
3093 1034 3342 1084 mortem
3393 1033 3610 1087 sociari

1942 1111 2116 1180 malo,
2150 1128 2343 1182 ,quam
2391 1114 2626 1184 bestiis,
2677 1115 2931 1171 libenter
2979 1117 3038 1172 in
3089 1118 3201 1174 hoc
3233 1135 3388 1189 erro,
3421 1137 3612 1193 neque

1941 1215 2201 1272 unquam
2233 1202 2343 1257 hac
2375 1219 2467 1259 me
2497 1204 2794 1276 opinione,
2829 1205 2967 1260 dum
2996 1207 3152 1277 vivo,
3202 1208 3463 1264 fraudari
3511 1227 3611 1281 pa-

1942 1289 2075 1344 tiar.

2012 1378 2136 1434 133.
2177 1378 2326 1445 Quid
2358 1383 2513 1436 enim
2545 1383 2686 1438 mihi
2717 1388 2992 1455 superest
3014 1386 3226 1454 solatii,
3261 1402 3438 1458 quam
3456 1390 3613 1459 quod

1939 1482 2033 1522 me
2077 1467 2254 1524 citius
2305 1471 2376 1524 ad
2423 1476 2499 1540 te,
2549 1473 2752 1543 frater,
2800 1490 2978 1544 spero
3011 1479 3342 1546 venturum,
3378 1492 3487 1532 nec
3520 1478 3612 1532 di-

1938 1571 2193 1627 gressus
2226 1560 2308 1613 tui
2338 1559 2489 1614 inter
2518 1578 2629 1616 nos
2662 1562 2839 1634 longa
2874 1564 3123 1618 divortia
3159 1565 3319 1635 fore;
3372 1566 3609 1638 tuisque

1939 1644 2475 1704 intercessionibus
2508 1651 2650 1704 mihi
2683 1651 2795 1706 hoc
2825 1669 3006 1722 posse
3030 1655 3314 1722 conferri,
3351 1659 3412 1710 ut
3434 1657 3610 1710 citius

1939 1733 2380 1792 desiderantem
2411 1740 2492 1792 tui
2525 1740 2805 1795 advoces.
2835 1741 2981 1806 Quis
3013 1743 3170 1796 enim
3199 1749 3311 1812 est,
3361 1744 3458 1815 qui
3493 1760 3611 1799 non

1939 1823 2055 1878 sibi
2085 1825 2296 1880 debeat
2326 1827 2483 1881 istud
2515 1833 2716 1896 Optare
2746 1845 2869 1898 prae
2900 1830 3157 1900 caeteris,
3217 1854 3238 1877 α
3275 1835 3337 1885 ut
3370 1848 3611 1901 corrup-

1937 1913 2102 1975 tibile
2152 1915 2264 1971 hoc
2309 1915 2510 1970 induat
2559 1917 3037 1988 incorruptelam,
3088 1923 3145 1974 et
3196 1921 3442 1975 mortale
3500 1920 3615 1976 hoc

1940 2009 2142 2064 induat
2187 2005 2680 2061 immortalitatem
2730 2007 2786 2076 (Ι
2814 2007 2951 2062 Car.
3005 2026 3102 2080 xv,
3146 2007 3280 2079 53)?
3330 2033 3352 2058 ι
3402 2013 3465 2065 ut
3511 2010 3612 2082 qui

1938 2111 2094 2152 nunc
2125 2095 2300 2150 morti
2329 2095 2600 2165 corporis
2634 2095 2948 2167 fragilitate
2991 2098 3463 2169 succumbimus,
3515 2115 3614 2154 su-

1938 2202 2048 2258 pra
2076 2187 2348 2239 naturam
2381 2184 2500 2254 siti,
2532 2187 2779 2239 mortem
2811 2183 2922 2255 (-16)
2950 2185 3075 2258 jam
3105 2187 3312 2242 timere
3351 2202 3607 2259 nequea-

1939 2290 2095 2329 mus.

1949 2440 1970 2467 ε
2007 2417 2198 2474 Habet
2227 2417 2462 2472 animus
2494 2432 2568 2471 ex
2597 2415 2730 2486 hoc,
2769 2438 2792 2465 ι
2827 2419 2939 2472 etc.

2015 2488 2127 2558 (15)
2166 2489 2383 2544 Omnes
2416 2487 2554 2543 edit.
2587 2504 2653 2541 ac
2703 2487 2970 2558 plerique
3013 2503 3186 2559 mss.,
3239 2511 3262 2536 α
3310 2488 3409 2546 Sic
3454 2487 3612 2544 enim

1943 2559 2120 2630 cujus
2149 2561 2393 2615 alterius
2427 2562 2712 2630 ornantur
2748 2561 2965 2630 nuptiae
3010 2559 3425 2616 confessorum
3463 2561 3609 2616 livo-

1943 2629 2038 2701 re;
2089 2654 2111 2680 ι
2167 2634 2336 2687 Rom.
2387 2632 2548 2699 edit.,
2595 2629 2852 2686 labore.-
2893 2631 3086 2701 aptius
3130 2647 3273 2687 vero
3321 2633 3452 2687 cod.
3501 2632 3612 2687 Tu.

1903 2710 1907 2715 ’
1943 2719 2096 2773 ron.,
2129 2703 2324 2758 Germ.
2357 2707 2414 2758 et
2445 2703 2594 2757 Vict.
2630 2706 2692 2756 ut
2720 2702 2782 2756 in
2811 2707 3109 2774 contextu.
3133 2703 3407 2758 Livorem
3428 2718 3610 2774 porro

1944 2774 2040 2830 hic
2066 2775 2254 2858 Aponit
2301 2775 2679 2856 Ambrosius,
2728 2789 2833 2842 pro
2884 2773 3086 2858 colore
3119 2775 3404 2858 viola‘czeo,
3434 2773 3612 2858 quem

1945 2846 2363 2901 confess'orum
2393 2846 2696 2918 proprium
2729 2861 2866 2900 esse
2899 2845 2971 2898 ad
2999 2845 3100 2900 lib.
3135 2863 3214 2900 vn
3249 2845 3514 2918 Exposit.
3551 2847 3610 2901 in

1946 2919 2169 2972 Lucam
2199 2933 2359 2972 num.
2393 2917 2518 2986 128,
2554 2917 2987 2972 admonuimus.

2017 2989 2129 3059 (16)
2171 2989 2318 3044 Mss.
2371 3004 2488 3044 non
2532 2990 2725 3059 pauci,
2783 3011 2805 3035 ε
2860 3005 3039 3059 supra
3085 2991 3352 3044 naturam
3401 2989 3499 3059 sit,
3550 2991 3612 3043 ut

1945 3064 2217 3128 mortem,
2258 3080 2280 3110 ι
2315 3065 2426 3116 etc.

411 3419 525 3482 IN
567 3419 999 3483 CONSOLA
1025 3420 1405 3484 TIONEM
1438 3421 1576 3484 DE
1621 3419 1928 3484 OBITU
1982 3418 2704 3482 VALENTINIANI
2741 3418 3328 3483 ADMONITIO.

1859 3635 1933 3650 ‘-

197 3802 265 3858 In
297 3804 606 3874 procinctu
638 3807 763 3860 erat
792 3803 1240 3859 Valentinianus
1267 3801 1491 3876 junior,
1525 3805 1589 3859 ut
1618 3819 1648 3859 e
1679 3800 1884 3860 Galliis
1913 3803 1972 3859 in
2002 3801 2247 3872 Italiam,
2295 3818 2412 3874 quo
2461 3817 2594 3859 eum
2638 3801 3034 3859 Barbarorum
3082 3799 3471 3876 irruptionem
3515 3807 3629 3860 mi-

119 3893 447 3947 nitantium
474 3896 666 3948 melus
698 3893 964 3961 vocabat,
999 3897 1417 3963 reverteretur,
1452 3909 1584 3948 cum
1617 3910 1647 3948 e
1681 3893 1835 3947 vivis
1865 3893 2224 3965 Arbogastis
2257 3892 2489 3947 comitis
2523 3891 2728 3947 fraude
2761 3892 3032 3948 sublatus
3067 3893 3175 3948 fuit
3223 3894 3426 3949 Idibus
3458 3894 3628 3949 Maiis

117 3981 268 4036 anni
316 3981 424 4036 392
469 3982 528 4036 in
572 3982 774 4053 vigilia
819 3983 974 4036 sacri
1024 3983 1429 4038 Pentecostes.
1486 3982 1650 4036 Illius
1695 3997 1914 4052 corpus
1945 3997 2063 4037 non
2096 3981 2172 4035 ita
2204 3979 2385 4036 multo
2417 3985 2554 4051 post
2585 3981 2831 4036 relatum
2863 3985 2953 4036 est
2988 3982 3401 4052 Mediolanum,
3433 3983 3635 4055 ibique

115 4069 444 4139 tantisper,
479 4069 671 4139 quoad
704 4069 1022 4123 Theodosii
1054 4070 1323 4124 mandata
1354 4069 1426 4123 de
1459 4069 1760 4139 sepultura
1793 4069 1927 4141 ejus
1959 4073 2388 4141 acciperentur,
2421 4071 2480 4124 in
2514 4071 2728 4141 palatio
2759 4087 2868 4126 suo
2900 4075 3220 4126 servatum.
3283 4071 3489 4126 Allatis
3532 4073 3634 4128 de-

115 4174 295 4212 mum
324 4158 398 4211 ab
429 4157 782 4227 imperatore
813 4158 885 4212 de
903 4158 1015 4212 hoc
1036 4158 1266 4228 litteris,
1289 4158 1676 4214 Valentiniani
1712 4159 2031 4228 parentalia
2062 4158 2356 4213 celebrata
2391 4163 2549 4227 sunt,
2584 4159 2641 4212 in
2673 4159 2892 4230 quibus
2925 4160 3282 4214 Ambrosius
3302 4160 3628 4231 principem

114 4247 301 4301 illum
333 4262 488 4301 anno
519 4246 709 4301 aetatis
737 4247 1024 4302 vicesimo
1056 4263 1127 4302 ex
1158 4248 1405 4318 imperio
1437 4252 1492 4301 et
1522 4248 1638 4301 vita
1673 4251 1903 4316 raptum
1933 4247 2203 4318 sequenti
2238 4248 2500 4302 oratione
2532 4251 2890 4317 prosecutus
2921 4253 3034 4303 est.

201 4336 268 4388 In
302 4351 393 4402 ea,
428 4335 646 4406 quibus
677 4335 877 4390 causis
911 4336 983 4390 ad
1018 4337 1331 4390 dicendum
1362 4338 1775 4401 adduceretur,
1811 4336 2060 4390 strictim
2094 4335 2364 4405 exposito
2400 4336 2582 4403 (num.
2620 4334 2690 4405 1),
2742 4335 3213 4390 Valentinianum
3262 4336 3502 4390 venisse
3550 4336 3631 4389 ait

111 4427 320 4494 (num.
355 4425 430 4492 2),
465 4425 571 4478 sed
603 4426 863 4478 omnium
897 4425 994 4496 qui
1026 4431 1296 4497 tanquam
1321 4432 1634 4496 parentem
1661 4425 1958 4496 publicum
1991 4427 2172 4490 (num.
2208 4423 2262 4493 3)
2313 4439 2445 4478 eum
2493 4423 2794 4494 lugebant,
2847 4424 3124 4494 lacrymis
3170 4423 3618 4478 circumfusum.

113 4513 366 4568 Deinde
396 4514 577 4581 (num.
613 4514 646 4567 3
675 4513 826 4585 seq.)
857 4515 930 4567 ab
962 4514 1217 4568 Jeremia
1265 4515 1536 4569 Threnos
1580 4518 1900 4582 mutuatus,
1948 4516 2009 4567 ut
2054 4513 2379 4583 principem
2427 4509 2658 4580 deffeat,
2703 4512 2803 4582 qui
2855 4512 3239 4566 consiliorum
3286 4512 3622 4565 maturitate

111 4618 273 4657 cum
307 4602 727 4656 adolescentiae
759 4603 902 4657 ﬂore
933 4603 991 4657 in
1023 4619 1090 4658 se
1121 4603 1459 4675 conjuncta,
1495 4605 1668 4658 etiam
1701 4605 1990 4659 barbaros
2022 4602 2080 4656 in
2113 4601 2208 4656 sui
2254 4601 2695 4656 venerationem
2743 4604 3125 4670 pertraxerat,
3175 4600 3397 4654 asserit
3447 4600 3627 4655 totius

107 4691 378 4763 quidem
431 4691 608 4744 Italiae
662 4691 879 4745 luctum
931 4708 1069 4747 esse
1114 4707 1516 4762 communem;
1560 4693 1633 4746 ad
1683 4692 2011 4749 Eeclesiam
2058 4695 2250 4744 tamen
2283 4689 2658 4761 potissimum
2690 4693 2959 4758 spectare
2993 4689 3175 4758 (num.
3208 4687 3261 4752 5,
3298 4687 3373 4758 6),
3410 4690 3627 4761 quippe

108 4797 271 4852 quae
302 4780 563 4833 Gratiani
595 4796 662 4833 ac
699 4780 1091 4834 Valentiniani
1124 4782 1283 4835 obitu
1314 4783 1372 4836 in
1409 4786 1715 4852 utramque
1750 4781 2047 4836 maxillam
2079 4795 2368 4850 percussa
2398 4782 2578 4832 esset.
2633 4778 2774 4832 Post
2817 4777 2934 4845 illa,
2987 4778 3088 4831 ubi
3137 4777 3489 4848 patefactum
3537 4784 3630 4833 est

103 4886 310 4942 quam
345 4885 480 4922 raro
511 4870 569 4922 in
599 4868 999 4924 adolescentia
1031 4870 1122 4924 vel
1157 4886 1408 4940 prorsus
1440 4887 1470 4923 ιι
1505 4871 1664 4923 vitiis
1709 4886 1776 4924 se
1827 4871 2180 4938 contineant,
2230 4869 2323 4922 vel
2371 4867 2657 4920 maturius
2705 4867 2945 4921 redeant
2989 4866 3061 4919 ad
3109 4866 3322 4920 bonam
3369 4866 3624 4938 frugem,

103 4959 399 5015 ostendit
428 4960 610 5025 (num.
645 4957 679 5012 9
723 4960 873 5029 seq.)
919 4959 1190 5012 eumdem
1237 4957 1707 5013 Valentinianum
1751 4958 1898 5029 jugo
1944 4958 2174 5012 Domini
2223 4956 2438 5010 collum
2485 4954 2830 5010 subdidisse
2873 4955 3064 5009 adhuc
3103 4955 3417 5026 juvenem;
3471 4960 3530 5010 et
3575 4959 3628 5011 si

96 5049 348 5102 fuisset
381 5047 439 5100 in
471 5046 606 5117 ejus
639 5047 926 5114 moribus,
969 5047 1126 5118 quod
1178 5047 1544 5102 obtrectandi
1588 5047 1784 5101 locum
1831 5046 2144 5116 praaberet,
2199 5045 2310 5099 hoc
2355 5047 2472 5097 tam
2505 5044 2683 5097 celeri
2731 5044 3137 5098 emendatione
3181 5043 3435 5098 deletum
3487 5059 3630 5100 esse

100 5140 324 5206 (num.
364 5135 427 5188 14
459 5137 634 5207 seq),
667 5138 728 5188 ut
760 5151 861 5190 ora
886 5135 1189 5189 maledicis
1221 5136 1716 5206 Opprimerentur.
1751 5136 1898 5190 Tum
1931 5135 2002 5189 ad
2035 5135 2284 5188 virtutes
2317 5133 2502 5204 hujus
2533 5132 2820 5202 principis
2852 5132 3036 5187 verba
3068 5137 3445 5204 converiens,
3491 5133 3628 5205 ejus

99 5228 436 5298 pietatem,
473 5223 648 5294 cujus
681 5224 914 5278 virtutis
944 5224 1340 5294 pulcherrima
1374 5226 1637 5295 exempla
1675 5227 1729 5277 in
1775 5225 2029 5278 medium
2074 5222 2314 5293 profert,
2365 5221 2607 5294 egregie
2657 5221 2854 5276 laudat
2901 5223 3083 5290 (num.
3140 5222 3206 5276 18
3249 5225 3418 5294 seq.).
3473 5222 3626 5275 Huic

94 5313 394 5371 adnectit
425 5316 611 5381 (num,
646 5314 708 5366 21
744 5321 894 5385 seq.)
929 5330 1188 5368 amorem
1219 5313 1352 5385 ejus
1386 5331 1527 5385 erga
1556 5314 1830 5384 pOpulos,
1865 5330 2017 5383 quos
2049 5328 2155 5367 nec
2189 5327 2434 5366 onerare
2467 5312 2638 5364 novis
2671 5311 2905 5365 tributis
2959 5312 3156 5366 induci
3206 5315 3450 5380 poterat,
3503 5313 3559 5363 et
3589 5323 3622 5362 a

96 5402 423 5460 Barbaris
456 5401 772 5456 defendere
803 5419 934 5456 eum
969 5403 1224 5457 evidenti
1258 5403 1392 5457 vitae
1425 5403 1684 5472 periculo
1717 5405 1956 5472 paratus
1989 5405 2134 5454 erat.
2167 5401 2292 5453 Illic
2324 5401 2414 5452 vir
2445 5403 2691 5454 sanctus
2724 5400 2980 5454 animum
3017 5399 3405 5454 Valentiniani
3444 5399 3503 5450 in
3554 5409 3622 5450 se

91 5506 477 5549 memorans
505 5491 686 5560 (num.
719 5491 787 5544 23
817 5493 986 5563 seq),
1021 5496 1355 5562 quantoque
1385 5491 1593 5545 ardore
1628 5491 1734 5544 abs
1767 5505 1833 5544 se
1866 5489 2169 5560 baptizari,
2202 5493 2257 5543 et
2287 5489 2441 5558 apud
2475 5490 2870 5561 Arbogastem
2900 5504 2966 5543 se
3000 5489 3144 5542 vade
3179 5488 3260 5540 uti
3294 5487 3612 5554 exoptave-

89 5585 214 5652 rit,
278 5579 588 5651 eleganter
634 5579 959 5651 explicans,
1009 5579 1364 5634 tenerrimos
1406 5579 1628 5634 amoris
1675 5595 1741 5633 ac
1775 5578 2000 5633 doloris
2032 5579 2128 5632 sui
2159 5581 2352 5633 motus
2383 5593 2694 5648 erumpere
2724 5579 2938 5649 patitur
2971 5593 2982 5630 :
3019 5581 3083 5630 ut
3121 5591 3254 5646 quze
3283 5574 3342 5627 in
3371 5573 3622 5644 gratiam

88 5671 270 5751 ejus
321 5666 632 5744 principis,
685 5684 717 5724 a
762 5683 877 5744 quo
925 5668 1187 5744 parentis
1236 5668 1368 5727 loco
1419 5667 1795 5746 diligebatur,
1847 5668 1981 5730 vota
2030 5670 2086 5729 et
2133 5667 2380 5728 consilia
2430 5683 2538 5727 sua
2584 5667 2835 5744 fuerant,
2876 5664 3066 5742 palam
3097 5662 3334 5721 faceret.
3372 5661 3454 5720 De
3483 5660 3623 5730 hinc
