4060 6178
228 368 382 440 1417

1106 365 1217 436 DE
1247 364 1501 438 OBITU
1529 369 2140 437 VALENTINIANI
2173 370 2699 435 CONSOLATIO.

3516 368 3669 438 1418

681 663 687 667 '
828 665 1728 843 SANCTI
1865 588 3146 842 AMBnosu'

1387 977 2079 1042 MEDIOLANENSIS
2141 953 2527 1040 EPISCOPI

561 1187 820 1343 DE
957 1186 1633 1348 OBITU
1759 1190 3330 1349 VALENTINIANI

1035 1453 1040 1456 ’
1404 1465 2293 1598 CONSOLATIO
2372 1455 2496 1582 (1).

317 1806 510 1873 1173
551 1807 602 1863 1.
639 1806 766 1862 Etsi
796 1807 1224 1866 incrementum
1255 1809 1478 1868 doloris
1519 1809 1616 1879 sit,
1651 1809 1708 1863 id
1740 1808 1898 1880 quod
1930 1795 1985 1856 Α
2015 1809 2170 1880 ejus,
2207 1825 2339 1881 quae
2371 1809 2777 1879 cxoptabatur,
2833 1811 2864 1872 1
2885 1809 3028 1873 174
3069 1790 3408 1879 praesentia.
3447 1809 3682 1864 Utinam

232 1895 458 1968 doleas,
494 1896 765 1954 scribere
799 1897 911 1969 (2);
935 1898 1212 1970 quoniam
1244 1902 1436 1954 tamen
1467 1897 1814 1970 plerumque
1839 1897 1898 1952 in

232 1983 389 2059 ejus,
441 2001 616 2058 quem
666 1987 957 2042 amissum
1002 1987 1293 2057 dolemus,
1343 1988 1900 2044 commemoratione

230 2072 670 2144 requiescimus
706 2089 720 2131 :
754 2090 824 2129 eo
857 2075 1014 2146 quod
1063 2076 1120 2130 in
1151 2075 1469 2131 scribendo
1501 2076 1640 2130 dum
1679 2076 1738 2130 in
1766 2091 1901 2130 eum

229 2164 489 2216 mentem
512 2161 850 2234 dirigimus,
901 2163 1403 2236 intentionemque
1444 2164 1781 2236 deligimus,
1816 2165 1900 2219 vi-

229 2249 407 2304 detur
435 2251 610 2305 nobis
651 2251 711 2305 in
753 2267 1028 2307 sermone
1075 2253 1436 2308 reviviscere
1473 2269 1485 2308 :
1520 2255 1761 2325 signare
1792 2253 1902 2307 ali-

230 2338 377 2411 quid
411 2340 482 2394 de
514 2339 1180 2412 Valentinianijunioris
1198 2342 1420 2397 ultimis
1451 2342 1616 2397 cordi
1650 2341 1794 2398 fuit:
1830 2357 1902 2396 ne

228 2431 333 2483 aut
365 2428 741 2484 oblitterasse
792 2430 1025 2484 silentio
1069 2431 1220 2486 bene
1259 2430 1452 2486 meriti
1484 2431 1556 2486 de
1606 2430 1779 2486 nobis
1811 2431 1902 2500 pi-

228 2517 442 2588 gnoris
473 2517 816 2572 memoriam
845 2517 1188 2574 videremur
1215 2519 1312 2590 (8),
1335 2523 1506 2591 atque
1530 2519 1903 2575 inhonorata-

228 2610 354 2658 tam
385 2605 730 2677 reliquisse,
761 2611 859 2662 aut
891 2607 1194 2679 refugisse
1235 2608 1595 2663 incentivum
1645 2607 1900 2676 dolendi,

231 2710 373 2749 cum
420 2694 688 2750 doluisse
736 2696 1084 2768 plerumque
1139 2697 1414 2772 solatium
1463 2699 1542 2752 sit
1589 2697 1842 2752 dolentis
1888 2713 1901 2754 :

229 2783 416 2837 simul
447 2799 580 2838 cum
621 2785 692 2838 de
728 2785 858 2855 ipso
891 2788 990 2839 aut
1018 2785 1091 2840 ad
1123 2787 1317 2857 ipsum
1347 2785 1578 2858 loquor,
1628 2789 1904 2858 tanquam

230 2872 311 2926 de
342 2874 642 2943 prasente
672 2874 767 2928 vel
801 2873 872 2927 ad
904 2878 1260 2943 praesentem
1291 2874 1435 2929 mihi
1467 2891 1664 2930 sermo
1697 2876 1793 2929 sit.

306 2960 363 3016 2.
397 2959 549 3026 Quid
577 2961 760 3034 igitur
808 2961 1061 3032 primum
1107 2963 1401 3019 deﬂeam?
1454 2963 1600 3029 Quid
1651 2965 1906 3035 primum

230 3066 439 3104 amara
471 3051 896 3122 conquestione
926 3051 1268 3122 deplorem?
1285 3051 1574 3107 Conversi
1609 3058 1746 3108 sunt
1777 3053 1906 3109 dies

229 3139 415 3195 nobis
444 3142 714 3194 votorum
765 3144 1106 3195 nostrorum
1145 3142 1204 3196 in
1237 3141 1529 3213 lacrymas
1566 3161 1578 3208 ;
1613 3142 1906 3214 siquidem

231 3228 686 3283 Valentinianus
717 3229 911 3297 nobis,
946 3229 1053 3284 sed
1085 3245 1202 3285 non
1236 3230 1368 3284 talis
1403 3231 1596 3302 qualis
1629 3233 1906 3302 speraba-

229 3322 355 3387 tur,
388 3317 643 3373 advenit.
679 3316 750 3371 Et
797 3317 910 3372 iste
942 3322 1136 3373 tamen
1184 3319 1279 3373 vel
1328 3323 1518 3374 morte
1562 3335 1672 3375 sua
1723 3321 1910 3376 voluit

228 3406 483 3476 implere
505 3407 868 3478 promissum
887 3423 900 3473 ;
929 3407 1036 3462 sed
1055 3407 1230 3463 nobis
1246 3409 1634 3464 acerbissima
1655 3411 1746 3464 est
1769 3409 1907 3464 facti

307 3549 391 3690 μζ
420 3548 653 3620 Scripta
685 3564 839 3604 anno
868 3549 996 3604 392.

309 3620 368 3689 (2
426 3621 595 3676 Rom.
621 3621 780 3689 edit.,
801 3642 823 3672 ι
847 3621 996 3676 refer

309 3620 391 3690 (2)
426 3621 595 3676 Rom.
621 3621 780 3689 edit.,
801 3642 823 3672 ι
847 3621 1138 3677 referre...
1163 3636 1234 3677 eo
1256 3622 1413 3692 quod
1445 3622 1581 3677 dum
1614 3622 1674 3677 in
1707 3637 1861 3678 eum.
1884 3648 1904 3671 η

226 3691 359 3748 Sed
392 3707 598 3764 verum
634 3715 656 3739 α
689 3692 959 3764 scribere
1009 3715 1031 3740 η
1085 3691 1322 3747 videtur
1370 3695 1728 3748 Ambrosius
1780 3695 1909 3764 ipse

225 3761 614 3889 peposuisse,
649 3778 783 3817 cum
814 3763 1142 3818 orationem
1177 3779 1346 3818 suam
1378 3764 1438 3818 in
1470 3764 1689 3819 librum
1719 3761 1910 3820 trans-

259 3849 497 3888 ormavi
527 3875 543 3888 .

259 3834 543 3888 'ormavit.

310 3904 392 3975 (8)
425 3905 510 3959 De
540 3904 949 3961 Valentiniano
970 3906 1030 3960 in
1060 3904 1170 3961 hac
1183 3905 1372 3976 opella
1403 3905 1630 3976 passim
1660 3907 1910 3962 Ambro-

223 3976 788 4050 siustanquamde
821 3976 1176 4050 charissima
1200 3977 1318 4034 tilio
1333 3978 1610 4050 loquitur.
1645 3978 1760 4033 Sed
1779 3995 1913 4034 eum

275 4048 469 4119 ariter
498 4047 572 4102 ab
604 4047 809 4102 eodem
841 4048 1105 4119 principe
1135 4047 1662 4119 parentis'nomine
1694 4055 1750 4105 et
1783 4051 1912 4104 loco

278 4118 510 4173 abitum
542 4133 675 4193 cum
698 4118 1090 4193 estubjecta
1105 4118 1480 4193 peroratione
1506 4121 1910 4193 intelligimus,

216 4194 367 4262 tum
397 4205 471 4262 ex
503 4189 751 4259 epistola
783 4190 872 4258 53,
907 4189 984 4245 ad
1023 4189 1262 4260 Theod.,
1297 4189 1788 4262 quemadmodum
1814 4189 1916 4246 ibi;

217 4261 382 4317 dem
411 4261 797 4315 observatum
827 4265 938 4316 est.

310 4331 396 4406 (4)
425 4330 645 4386 Omnes
676 4331 825 4406 e_dit..
861 4337 942 4406 et_
964 4333 1138 4406 pauci
1185 4348 1361 4403 mss.,
1384 4356 1422 4406 κα
1475 4333 1751 4406 Magnum
1786 4334 1912 4406 dis-

215 4403 473 4461 crimen
493 4417 570 4476 ς)
607 4402 714 4476 sed
746 4403 1086 4476 verosimile
1133 4409 1226 4476 est
1271 4402 1604 4476 scriptores
1634 4405 1914 4476 librarios

210 4489 457 4530 vocem
489 4473 818 4528 discrimen
838 4473 1199 4544 pmcedenti
1229 4491 1377 4530 voce
1398 4473 1676 4544 periculo
1704 4475 1915 4531 ductos

207 4545 572 4626 posuisse;
605 4559 740 4627 enm
769 4549 963 4627 tamen
994 4559 1216 4627 sensus
1247 4548 1520 4627 maximae
1549 4548 1736 4627 partis
1765 4563 1913 4602 mss.

209 4615 344 4689 Elui
382 4616 612 4689 crimen
657 4615 884 4689 legunt,
925 4617 1290 4689 concinnior
1327 4619 1423 4671 sit.
1455 4615 1703 4682 Quinam
1738 4634 1918 4688 porro

204 4685 457 4746 éssent
485 4685 747 4758 barbari,
777 4703 809 4740 a
839 4686 1060 4758 quibus
1081 4687 1328 4756 imperio
1352 4689 1679 4758 periculum
1703 4685 1919 4758 impen-

205 4702 457 4746 essent
487 4702 747 4754 carnari,
777 4703 809 4740 a
838 4702 1060 4811 quibus
1081 4703 1328 4756 imperio
1352 4702 1679 4758 periculum
1703 4705 1918 4758 impen-

205 4761 435 4839 deret,
468 4772 583 4839 non
615 4757 787 4839 facile
878 4758 1107 4839 icetur;
1148 4763 1393 4839 nam.et
1431 4759 1580 4839 alios
1615 4761 1918 4839 exstitisse

201 4830 345 4902 qui
374 4829 563 4883 amico
594 4843 737 4902 erga
768 4829 1181 4899 imperatorem
1215 4834 1270 4883 ct
1299 4829 1612 4900 imperium
1644 4829 1778 4900 ejus
1803 4831 1919 4884 ani-

201 4900 340 4959 {no
378 4902 603 4966 essent,
637 4900 791 4953 infra
825 4904 1202 4955 memoratur.

313 4971 403 5040 (5)
424 4969 548 5042 Hic
579 4970 907 5042 Virgiliana
938 4974 1032 5026 est
1060 4971 1304 5026 imitatio
1347 4987 1380 5027 e
1429 4970 1530 5026 lib.
1558 4988 1614 5025 γι
1639 4971 1915 5042 xEncid.,

194 5042 348 5101 ubi
380 5041 473 5095 sic
505 5041 740 5096 habes:

371 5129 613 5194 Quantos
645 5129 731 5194 ille
757 5129 929 5194 virum
959 5144 1203 5194 magnam
1241 5131 1492 5180 Mavortis
1520 5130 1582 5179 ad
1613 5132 1794 5180 urbem

373 5193 607 5253 Campus
639 5193 745 5255 egit
782 5191 1051 5256 gemitus?

191 5271 446 5346 Exriis
472 5275 672 5346 autem
720 5288 862 5346 quis,
903 5276 1100 5346 narrat
1145 5273 1522 5346 Ambrosius,
1577 5273 1923 5346 intelligitur

189 5343 727 5402 Valentinianum
759 5360 790 5399 e
822 5345 1031 5399 Galliis
1081 5345 1339 5399 nondum
1388 5343 1922 5412 excessissefcum

181 5414 589 5479 exstinctus
621 5418 752 5480 est;
786 5415 902 5468 imo
953 5415 1010 5468 in
1061 5416 1191 5486 ipsa
1240 5416 1474 5470 civitate
1523 5416 1774 5484 Vienna,
1824 5416 1925 5469 ubi

179 5503 382 5550 eum
426 5487 719 5540 moratum
778 5486 837 5539 in
896 5487 1005 5540 hac
1064 5489 1326 5542 oratione
1380 5491 1629 5540 testatur
1677 5491 1924 5540 sanctus

178 5556 669 5629 noster,_hanc
699 5561 951 5629 mortem
984 5559 1313 5629 contigisse
1343 5557 1732 5629 communiter
1760 5557 1924 5611 aftlr-

172 5634 408 5694 mant
442 5627 736 5699 historici.
767 5627 935 5693 Quod
965 5645 1106 5685 vero
1137 5627 1210 5683 ad
1243 5628 1448 5684 mortis
1469 5643 1704 5699 genus,
1748 5629 1926 5698 iidem

168 5708 406 5768 inter
436 5714 504 5753 se
527 5698 905 5771 dissentiunt.
927 5699 1187 5771 Rufinus
1209 5699 1316 5771 lib.
1337 5716 1394 5771 _n
1423 5698 1653 5771 Hister.
1683 5715 1810 5771 cap.
1834 5699 1924 5771 3t,

170 5782 264 5841 οι
298 5772 697 5842 ngomenus
730 5769 834 5825 lib.
867 5786 967 5838 vn,
1003 5785 1130 5842 cap.
1162 5768 1250 5841 22,
1284 5769 1421 5842 edit.
1455 5769 1678 5837 Vales.,
1714 5768 1926 5826 litteris

165 5840 510 5938 produnt
541 5841 693 5938 alios
723 5853 886 5912 esse,
919 5840 1194 5938 qui-lianc
1219 5841 1547 5917 principem
1582 5842 1717 5900 dolo
1749 5843 1928 5898 Arbo-

648 5932 886 5990 Pu'nox.
925 5930 1075 5992 XVI.

2014 1896 2206 1953 adhuc
2248 1896 2420 1952 nobis
2456 1896 2716 1969 abesset,
2753 1891 2958 1951 ut’sibi
2995 1894 3255 1954 viveret!
3289 1896 3405 1954 Sed
3437 1897 3534 1956 ille
3564 1914 3684 1955 non

2015 2001 2257 2056 passus,
2292 2001 2423 2041 cum
2456 1985 2689 2041 audiret
2735 1984 2917 2054 Alpes
2969 1984 3149 2040 Italiae
3201 1985 3371 2041 hoste
3416 1986 3687 2042 infestari

2017 2073 2294 2142 barbaro,
2343 2074 2546 2128 maluit
2577 2072 2899 2144 periclitari
2932 2087 3019 2142 se,
3063 2074 3114 2127 si
3163 2073 3384 2127 Gallias
3432 2073 3686 2130 derelin-

2019 2167 2259 2235 queret,
2310 2178 2484 2233 quam
2534 2165 2740 2216 nostro
2815 2162 3032 2216 deesse
3077 2162 3360 2232 periculo.
3405 2162 3685 2234 Magnum

2019 2252 2244 2306 crimen
2275 2252 2354 2319 (4)
2388 2251 2772 2321 agnoscimus
2806 2250 3200 2320 imperatoris,
3235 2250 3393 2321 quod
3419 2253 3685 2307 Romano

2017 2340 2203 2395 voluit
2233 2339 2556 2395 subvenire
2589 2339 2839 2410 imperio
2865 2337 2876 2392 l
2915 2339 3056 2393 Haec
3087 2355 3266 2394 causa
3292 2341 3520 2410 mortis,
3551 2355 3686 2412 quae

2018 2430 2190 2500 plena
2222 2429 2434 2484 laudis.
2468 2428 2781 2483 Solvamus
2813 2429 2969 2483 bono
2998 2428 3250 2498 principi
3273 2429 3700 2498 stipendiarias

2019 2519 2334 2590 lacrvmas,
2366 2517 2502 2588 quia
2534 2517 2631 2571 ille
2680 2517 2854 2572 nobis
2899 2517 3078 2572 solvit
3117 2519 3290 2572 etiam
3320 2519 3527 2573 mortis
3561 2535 3688 2574 suae

2020 2598 2404 2667 stipendium.

2091 2679 2142 2732 3.
2180 2680 2306 2733 Nec
2335 2682 2528 2732 tamen
2560 2677 2736 2733 ﬂendi
2767 2677 3084 2732 admonitio
3116 2679 3481 2733 necessaria.
3524 2677 3691 2733 Flent

2023 2769 2252 2834 omnes,
2287 2767 2427 2821 ﬂent
2456 2769 2513 2820 et
2543 2765 2736 2837 igniti,
2769 2767 2907 2821 flent
2935 2771 2991 2821 et
3023 2767 3318 2838 timentes,
3352 2767 3492 2823 flent
3522 2771 3579 2822 et
3599 2768 3691 2823 in-

2021 2856 2147 2924 viti,
2183 2856 2323 2910 flent
2353 2860 2407 2910 et
2435 2855 2695 2922 barbari,
2721 2857 2859 2909 tlent
2876 2860 2933 2910 et
2952 2856 3053 2927 qui
3075 2856 3688 2913 videbanturinimici.

2021 2944 2283 3009 Quantos
2319 2945 2430 2998 iste
2463 2945 2534 2998 de
2563 2943 2769 2998 Galliis
2802 2961 2994 3016 usque
3024 2945 3139 3000 huc
3171 2947 3350 3001 totius
3381 2950 3572 3003 tractu
3603 2949 3694 3002 iti-

2023 3035 2185 3089 neris
2217 3035 2569 3104 populorum
2617 3034 2746 3105 egit
2793 3035 3050 3105 gemitus
3102 3035 3224 3105 (5)?
3277 3035 3498 3092 Omnes
3538 3039 3696 3092 enim

2025 3140 2141 3177 non
2175 3128 2451 3193 tanquam
2497 3122 2911 3192 imperatorem
2954 3123 3092 3193 sibi,
3130 3123 3236 3177 sed
3277 3127 3556 3196 tanquam
3586 3142 3694 3195 pa-

2023 3216 2250 3266 rentem
2279 3210 2580 3281 publicum
2613 3211 2818 3265 obisse
2851 3211 3181 3266 domestico
3210 3211 3350 3266 tletu
3373 3212 3597 3268 doloria
3620 3215 3694 3267 il-

2026 3301 2374 3370 lacrymant,
2408 3314 2636 3370 suaque
2659 3314 2867 3354 omnes
2889 3299 3097 3354 funera
3116 3300 3334 3356 dolent.
3365 3302 3695 3358 Amisimus

2025 3388 2181 3444 enim
2215 3389 2626 3459 imperatorem
2659 3388 2718 3442 in
2746 3405 2862 3460 quo
2893 3389 3009 3444 duo
3041 3389 3259 3460 pariter
3289 3391 3570 3446 acerbant
3601 3393 3699 3447 do-

2032 3531 2220 3602 gastis
2253 3533 2524 3605 necatum
2559 3528 2860 3605 scribant,
2911 3529 3058 3584 alios
3089 3532 3189 3602 qui
3233 3531 3428 3605 ipsum
3453 3535 3698 3605 propria

2032 3549 2220 3602 εειδιιε
2253 3549 2524 3584 necatum
2559 3549 2860 3598 SCI‘lDaDi,
2911 3549 3058 3584 ﬂllOS
3089 3549 3189 3602 (IIII
3233 3549 3428 3602 ipsum
3500 3549 3698 3605 POPI‘IR

2029 3618 2205 3656 manu
2239 3602 2354 3655 sibi
2387 3601 2661 3671 laqueum
2686 3601 3004 3655 nexuissse
3036 3607 3326 3657 asserunt.
3352 3549 3554 3658 Sefet
3587 3608 3700 3659 Au—

2029 3675 2327 3744 gustimus
2361 3673 2536 3726 etiam
2565 3671 2668 3744 lib.
2702 3671 2830 3724 vde
2851 3671 3012 3744 Civil
3037 3671 3168 3741 Dci,
3198 3689 3326 3744 cap.
3361 3675 3449 3743 26,
3477 3679 3698 3730 utram-

2029 3741 2143 3815 que
2175 3743 2512 3813 Opinionem
2561 3741 2826 3815 incertus
2871 3743 3063 3815 refert
3095 3758 3106 3797 :
3141 3741 3390 3815 quarum
3434 3741 3699 3802 ultimam

2030 3813 2219 3869 solam
2252 3815 2526 3886 prOponit
2575 3814 2835 3886 Prosper
2866 3813 2924 3866 in
2973 3813 3287 3886 Chronico,
3337 3819 3395 3870 et
3423 3818 3544 3872 alii.
3579 3819 3697 3874 Ve—

2032 3890 2357 3940 rumtanien
2375 3886 2459 3956 ab
2493 3884 2588 3953 iis,
2621 3885 2724 3956 qui
2754 3886 2841 3938 sic
2875 3886 3155 3955 sentiunt,
3193 3884 3342 3941 hanc
3363 3887 3698 3945 Orationem

2031 3971 2334 4032 nunquam
2358 3955 2554 4032 fuisse
2587 3955 2796 4032 lectam
2819 3956 3206 4032 manifestum
3231 3963 3350 4032 est.
3386 3959 3536 4015 Nam
3556 3978 3702 4032 prm-

2030 4033 2130 4104 t_er_
2150 4027 2280 4096 alia,
2317 4027 2417 4104 ubi
2450 4027 2765 4104 dissidium
2816 4028 2967 4104 inter
3017 4028 3485 4104 Valentinianum
3527 4027 3699 4104 atque

2032 4099 2753 4172 Arbogastcinexortum
2779 4103 2995 4167 narrat,
3045 4101 3122 4172 ita
3167 4115 3294 4156 rem
3344 4099 3620 4172 exponit;
3639 4108 3700 4158 ut

2032 4169 2230 4241 aperte
2291 4170 2692 4240 intelligamus
2742 4169 3116 4240 imperatoris
3169 4169 3442 4227 mortem‘
3465 4169 3698 4227 comitis

1946 4237 1996 4298 C
2031 4237 2246 4296 sceleri
2270 4237 2697 4294 attribuendam
2731 4237 2890 4295 esse.
2923 4241 2995 4295 Ut
3018 4247 3234 4296 caetera
3257 4258 3398 4296 vero
3419 4243 3700 4298 deessent

2031 4315 2402 4384 argumenta,
2433 4311 2588 4384 quod
2622 4311 2840 4382 ubique
2874 4311 3467 4384 Ambrosiusrnoster
3494 4314 3566 4384 de
3596 4329 3698 4368 sa-

2031 4381 2149 4438 lute
2183 4381 2572 4455 Valentiniani
2601 4381 2878 4455 tanquam
2909 4383 2982 4436 de
3009 4398 3074 4436 re
3096 4383 3335 4455 omnino
3357 4387 3517 4437 certe
3536 4383 3700 4455 loqui
3725 4397 3732 4403 ‘

2033 4471 2152 4509 non
2183 4453 2428 4520 dubitat,
2464 4454 2612 4507 satis
2663 4453 2921 4524 ostendit
2964 4467 3099 4508 eum
3144 4453 3472 4524 principem
3518 4453 3636 4510 non
3665 4471 3700 4509 a

2034 4541 2100 4581 se
2131 4525 2264 4596 ipso
2296 4525 2413 4577 vim
2444 4539 2688 4596 passum
2719 4539 2880 4596 esse.
2904 4523 3044 4596 Inde
3066 4523 3166 4596 est
3188 4525 3346 4594 quod
3369 4539 3485 4578 non
3504 4527 3700 4580 solum

2035 4594 2453 4666 Hieronymus,
2504 4595 2705 4649 Aurel.
2741 4594 2960 4661 Victor,
3014 4595 3072 4648 in
3123 4594 3411 4664 Epitoma,
3445 4600 3503 4650 et
3534 4597 3700 4652 multi

2035 4665 2310 4722 catholici
2343 4667 2524 4736 hujus
2546 4666 2833 4737 principis
2852 4665 3068 4718 exitum
3086 4667 3410 4737 Arbogasti
3435 4667 3699 4737 perfidiae

2035 4744 2338 4808 acceptum
2370 4738 2583 4801 ferunt,
2617 4736 2724 4790 sed
2769 4737 2943 4808 etiam
2977 4736 3216 4808 _Ariani,
3261 4741 3321 4808 ut
3361 4736 3697 4793 Philostor-

2035 4805 2196 4881 gius,
2227 4808 2328 4862 lib.
2364 4824 2444 4876 xi,
2480 4823 2606 4881 cap.
2643 4808 2692 4875 1,
2725 4813 2781 4881 et
2813 4805 3262 4881 idololatrze,lut
3286 4807 3562 4881 Zosimus
3596 4813 3697 4866 lib.

2038 4878 2114 4934 iv.
2147 4881 2293 4932 Cum
2325 4894 2464 4932 vero
2498 4878 2672 4931 iidem
2707 4879 3048 4949 significent
3077 4880 3369 4932 nefarium
3403 4880 3566 4935 illum
3597 4898 3700 4936 co-

2037 4952 2256 5018 mitem,
2287 4964 2403 5019 quo
2435 4949 2714 5002 invidiam
2739 4950 2991 5019 hujusce
3015 4950 3297 5004 facinoris
3320 4951 3429 5005 abs
3453 4967 3518 5006 se
3542 4969 3701 5008 amo-

2035 5022 2262 5096 liretur,
2299 5036 2536 5096 operam
2567 5021 2831 5088 dedisse,
2857 5026 2916 5096 ut
2950 5022 3208 5096 cadaver
3228 5038 3380 5096 nexo
3397 5025 3468 5076 ad
3499 5029 3702 5096 guttur

2037 5093 2216 5147 linteo
2249 5092 2626 5160 reperiretur,
2659 5096 2832 5161 atque
2858 5093 2931 5144 ita
2962 5093 3018 5145 in
3046 5093 3452 5148 Valentiniano
3485 5092 3699 5163 despe-

2039 5164 2284 5218 rationis
2318 5163 2611 5230 praeberet
2634 5164 3032 5231 suspicionem
3060 5183 3072 5228 ;
3109 5165 3394 5219 credibile
3413 5170 3503 5219 est
3533 5181 3699 5218 eum-

2038 5236 2172 5288 dem
2203 5235 2374 5288 ctiam
2409 5234 2562 5287 haud
2593 5233 2706 5287 alio
2757 5235 3028 5302 consilio,
3081 5239 3142 5289 ut
3173 5237 3448 5290 exstincti
3481 5251 3698 5304 corpus

2040 5307 2366 5360 referretur
2397 5306 2455 5358 in
2486 5305 2728 5372 Italiam,
2762 5307 2994 5359 veniam
3027 5308 3288 5360 dedisse.
3323 5307 3486 5370 Quod
3507 5311 3699 5359 autem

2039 5379 2111 5431 ad
2144 5377 2464 5430 inimicitiae
2495 5392 2712 5430 causas
2743 5379 3010 5446 pertinet,
3047 5379 3103 5431 in
3135 5379 3390 5430 animum
3411 5376 3582 5429 facile
3603 5392 3702 5430 no-

2040 5449 2132 5502 bis
2169 5447 2502 5501 iuducimus
2534 5447 2950 5519 Arbogastem,
2987 5464 3117 5501 cum
3149 5450 3355 5519 duram
3387 5447 3701 5500 admodum

2040 5522 2097 5572 in
2121 5520 2448 5589 principem
2480 5535 2655 5572 suum
2687 5518 2990 5572 exerceret
3018 5518 3402 5588 tyrannidem,
3437 5519 3701 5571 futurum

2040 5591 2412 5661 prmvidisse,
2448 5595 2511 5644 ut
2539 5591 2592 5643 si
2644 5591 2701 5642 in
2752 5590 2970 5661 Italiam
3020 5590 3335 5661 imperator
3374 5589 3699 5661 trajiceret,

2042 5658 2175 5716 cum
2211 5662 2533 5715 amicorum
2565 5677 2696 5731 0pc,
2722 5666 2778 5713 et
2813 5659 3061 5712 maxime
3094 5658 3414 5712 Theodosii
3443 5665 3705 5731 accepta-

2045 5750 2174 5791 rum
2225 5729 2837 5804 injuriarumpoenas
2889 5733 3292 5804 repetiturum,
3345 5729 3504 5803 quod
3544 5729 3704 5791 ante-

2046 5802 2392 5865 vertendum
2421 5805 2546 5878 ipse
2577 5802 2818 5878 putavit.

3423 5915 3491 5976 45
