4098 6178
382 274 538 358 i421

1289 282 1402 365 DE
1446 289 1709 369 OBITU
1753 288 2361 371 VALENTINIANI
2410 308 2971 378 CONSOLATIO.

3674 314 3831 375 1422

384 494 655 585 fructus:
671 494 882 551 Sermo
910 496 1069 585 enim
1099 498 1419 556 multorum
1451 518 1717 574 sensum,
1770 508 1828 560 et
1858 506 1930 559 de
1962 506 2056 560 di-
2081 490 2137 555 Ᾱ
2167 507 2267 563 illo
2301 510 2401 580 qui
2431 512 2624 581 potest
2673 513 2870 567 dicere
2907 526 2919 567 :
2957 535 2977 559 α
3015 513 3302 577 Quoniam
3332 517 3396 568 tu
3443 512 3832 585 singulariter

386 584 585 638 versis
628 582 955 654 Scripturis
1004 586 1349 655 abundans,
1404 606 1605 646 sermo
1665 594 2055 665 angelorum,

385 686 588 728 sermo
618 674 1025 744 apostolorum
1047 692 1116 730 ac
1146 678 1587 749 prOphetarum,
1624 698 1775 752 quos
1808 699 1923 738 uno
1956 699 2055 739 ve-

383 760 470 815 lut
500 761 663 817 corio
715 761 986 818 Ecclesia
1036 769 1243 821 sancta
1285 767 1713 840 complectitur,
1766 771 2053 828 malorum

385 849 584 905 ﬂuxus
617 854 1026 922 granatorum.

454 939 740 995 9.Videns
754 941 885 1017 haec
905 941 1355 1001 Valentinianus
1372 945 1621 1018 integrae
1636 948 1808 1018 plena
1827 951 2057 1023 gratim,

382 1029 704 1100 respondet
733 1046 746 1085 :
786 1052 808 1077 α
834 1031 1267 1089 Misericordiae
1301 1035 1533 1090 Domini
1557 1037 1713 1108 quod
1748 1054 1867 1094 non
1900 1040 2061 1095 defe-

384 1119 597 1190 cimus,
648 1120 787 1190 quia
825 1135 944 1175 non
994 1122 1135 1176 sunt
1165 1127 1593 1180 consummataa
1641 1126 2060 1183 miserationes

378 1206 535 1280 ejus.
572 1208 905 1263 Renovabit
952 1207 1085 1264 illas
1136 1211 1291 1266 sicut
1339 1212 1440 1267 lux
1483 1215 1764 1270 matutina
1796 1216 2058 1287 (Thren.

376 1314 461 1367 ιιι,
493 1296 603 1367 22).
644 1315 667 1348 ι
719 1295 885 1351 Multi
933 1301 1073 1353 sunt
1119 1299 1378 1372 gemitus
1429 1302 1564 1373 mei,
1617 1309 1674 1358 et
1706 1320 1813 1359 cor
1864 1321 2061 1361 meum

383 1386 600 1441 defecit
634 1401 645 1440 :
686 1408 708 1434 α
740 1385 886 1441 Sors
918 1402 1048 1441 mea
1079 1387 1386 1460 Dominus,
1411 1390 1565 1456 dixi;
1594 1390 1726 1448 ideo
1750 1394 2059 1450 sustinebo

386 1492 542 1531 eum.
573 1475 775 1530 Bonus
808 1478 901 1531 est
931 1475 1217 1532 Dominus
1251 1480 1689 1535 sustinentibus
1730 1498 1882 1551 eum,
1930 1483 2059 1538 ani-

385 1580 499 1620 mae
519 1580 653 1636 qua,
678 1565 892 1636 quaerit
910 1581 1063 1620 eum.
1089 1565 1319 1621 Bonum
1340 1570 1432 1622 est
1452 1583 1699 1639 sperare
1722 1570 1781 1626 in
1800 1573 2060 1627 salutare

386 1653 641 1708 Domini.
689 1653 917 1709 Bonum
967 1657 1059 1709 est
1106 1654 1237 1711 viro
1294 1671 1427 1710 cum
1478 1660 1804 1727 portaverit
1845 1660 2061 1734 jugum

387 1758 571 1815 grave
618 1742 681 1797 in
721 1742 1035 1814 juventute
1082 1760 1191 1798 sua
1230 1759 1242 1799 :
1278 1745 1511 1800 sedebit
1562 1747 1969 1820 singulariter,
2006 1753 2062 1805 et

388 1832 607 1902 silebit,
643 1832 780 1903 quia
812 1832 940 1886 tulit
981 1831 1200 1905 jugum
1251 1850 1434 1906 grave
1467 1834 1645 1905 (Ibid.
1678 1836 1896 1899 2-1-28).
1935 1861 1957 1886 η
1990 1836 2062 1893 Et

386 1919 486 1975 ille
519 1920 756 1992 quidem
779 1936 846 1976 se
868 1936 1112 1977 suarum
1136 1922 1421 1977 virtutum
1458 1926 1933 1981 remuneratione
1964 1942 2060 1982 so-

386 2008 558 2079 latur,
591 2024 662 2064 eo
694 2010 851 2081 quod
882 2010 941 2064 in
964 2009 1280 2081 juventute
1312 2028 1422 2067 sua
1451 2013 1689 2069 labores
1719 2015 2057 2085 absorbuit,

384 2097 646 2169 pericula
695 2098 874 2152 multa
937 2098 1251 2165 toleravit;
1311 2100 1529 2174 jugum
1597 2103 1804 2159 maluit
1873 2120 2059 2176 grave

387 2187 806 2242 emendatioris
855 2188 1147 2259 propositi
1198 2188 1334 2260 (12),
1366 2206 1544 2262 quam
1574 2191 1752 2247 molle
1798 2192 1943 2248 illud
1990 2209 2058 2248 ac

386 2276 628 2348 plenum
660 2276 1025 2348 deliciarum,
1048 2277 1246 2333 vivida
1264 2279 1478 2334 mentis
1510 2278 1624 2351 (13)
1656 2282 1891 2336 cervice
1920 2295 2060 2353 por-

391 2367 538 2420 tare.

460 2453 548 2510 10.
598 2454 818 2511 Beatus
845 2455 1017 2527 plane
1066 2455 1164 2527 qui
1197 2455 1293 2510 vel
1341 2457 1402 2511 in
1453 2457 1758 2512 senectute
1800 2459 2061 2514 correxit

388 2559 659 2599 errorem
691 2541 839 2615 (14);
882 2544 1092 2599 beatus
1133 2545 1235 2616 qui
1274 2545 1367 2600 vel
1399 2545 1515 2601 sub
1548 2547 1665 2602 ictu
1698 2548 1908 2602 mortis
1936 2548 2061 2602 ani-

390 2648 550 2687 mum
580 2632 795 2688 avertit
833 2649 865 2687 a
914 2632 1097 2688 vitiis.
1136 2656 1158 2681 «
1194 2633 1356 2689 Beati
1405 2635 1562 2690 enim
1610 2651 1862 2707 quorum
1908 2636 2061 2691 tecta

388 2724 529 2778 sunt
553 2724 795 2792 peccata
824 2719 1016 2791 (Psal.
1059 2739 1219 2793 xxxi,
1254 2721 1328 2794 1),
1366 2742 1391 2773 ι
1426 2723 1565 2795 quia
1598 2725 1887 2795 scriptum
1918 2726 2010 2780 est
2044 2742 2056 2778 :

394 2833 417 2858 α
449 2811 671 2866 Desine
701 2826 734 2865 a
766 2810 941 2882 malo,
967 2812 1025 2866 et
1052 2809 1146 2867 fac
1166 2811 1411 2882 bonum,
1431 2815 1489 2867 et
1505 2812 1765 2868 inhabita
1788 2815 1849 2869 in
1871 2829 2062 2870 saecu-

387 2899 508 2954 lum
540 2899 746 2955 saeculi
780 2898 966 2967 (Psal.
1010 2902 1191 2971 XXXti,
1249 2901 1359 2971 15).
1418 2925 1440 2949 ι»
1492 2900 1881 2975 Quincunque
1914 2918 2061 2975 ergo

396 2989 589 3053 1177
621 2988 867 3043 desierit
913 3005 945 3042 a
973 2989 1255 3060 peccatis,
1307 2992 1365 3045 et
1397 2990 1574 3045 fuerit
1603 2992 1676 3045 ad
1723 2991 1969 3047 meliora
2004 2992 2063 3045 in

391 3092 744 3149 quacunque
777 3092 1112 3133 conversus
1151 3080 1340 3149 aetate,
1393 3078 1633 3133 habebit
1678 3080 2063 3151 superiorum

390 3164 820 3238 indulgentiam
842 3169 1240 3236 peccatorum,
1261 3183 1394 3239 quas
1417 3167 1600 3222 fuerit
1620 3168 1714 3223 vel
1738 3167 2065 3239 poenitendi

2167 597 2227 650 in
2258 613 2364 667 Spe
2397 601 2753 654 constituisti
2789 618 2882 655 me
2913 600 3099 667 (PsaI.
3135 619 3213 671 iv,
3251 602 3359 672 10).
3399 622 3422 652 ι

2242 704 2327 758 11.
2362 705 2477 760 Sed
2497 707 2648 762 forte
2672 708 2869 763 dicas:
2896 708 3200 772 Quomodo
3222 708 3439 781 jugum
3474 726 3659 782 grave
3692 710 3833 766 dicit

2167 792 2490 864 Jeremias,
2545 813 2677 850 eum
2727 797 2785 850 in
2838 796 3161 869 Evangelio
3212 799 3498 854 Dominus
3552 800 3765 855 dixerit
3816 816 3843 869 :7

2171 904 2192 928 α
2243 883 2463 953 Jugum
2514 900 2706 939 meum
2771 902 2954 941 suave
3005 891 3061 940 et
3109 903 3260 941 onus
3318 904 3514 943 meum
3565 888 3694 942 leve
3741 892 3835 943 est

2168 971 2405 1040 (illam).
2457 989 2537 1043 χι,
2571 971 2685 1029 ‘29).
2736 998 2757 1022 η
2802 976 2886 1029 Ac
2936 975 3127 1046 primo
3179 976 3363 1045 disce,
3417 977 3553 1048 quia
3586 976 3833 1032 Graecus

2154 1059 2363 1131 jugum
2396 1060 2509 1131 (16)
2542 1063 2940 1119 tantummodo
2981 1064 3206 1141 posuit,
3241 1081 3359 1120 non
3388 1065 3612 1120 addidit
3641 1082 3835 1137 grave

2169 1149 2389 1204 Tamen
2436 1153 2493 1204 et
2540 1151 2684 1206 illud
2731 1151 2990 1223 adverte,
3043 1153 3212 1224 quia,
3260 1153 3370 1208 etsi
3421 1154 3500 1208 ita
3558 1158 3724 1209 esset
3773 1154 3834 1208 in

2171 1237 2430 1292 Threnis
2463 1240 2670 1308 (Tren.
2695 1258 2777 1310 ιιι,
2806 1238 2917 1312 2⁸7),
2966 1243 3025 1295 in
3053 1241 3376 1315 Evangelio
3409 1248 3600 1298 tamen
3624 1244 3833 1316 jugum

2169 1343 2353 1383 suave
2383 1328 2546 1398 dixit,
2581 1334 2637 1383 et
2672 1345 2857 1385 annus
2880 1329 3033 1400 leve,
3060 1346 3177 1385 non
3199 1330 3415 1403 jugum
3446 1332 3596 1387 leve.
3630 1333 3836 1387 Potest

2170 1417 2324 1471 enim
2357 1432 2542 1487 grave
2580 1417 2795 1489 jugum
2828 1418 3010 1473 Verbi
3037 1435 3196 1490 esse,
3231 1420 3337 1474 sed
3383 1437 3568 1475 suave
3604 1437 3614 1474 :
3649 1438 3830 1493 grave

2167 1505 2552 1576 adolescenti,
2578 1523 2761 1579 grave
2782 1506 3015 1578 juveni,
3052 1508 3226 1579 cujus
3259 1512 3403 1563 aetas
3434 1513 3527 1564 est
3557 1510 3828 1565 ﬂorulen-

2167 1595 2316 1665 tior;
2346 1599 2410 1649 ut
2440 1595 2582 1650 nolit
2604 1595 2757 1667 jugo
2793 1595 2972 1650 Verbi
2995 1597 3431 1668 subjiciendam
3463 1598 3642 1653 animi
3674 1616 3832 1671 prae-

2167 1683 2308 1737 bere
2344 1684 2658 1738 cervicem.
2710 1685 2913 1739 Potest
2960 1688 3016 1739 et
3071 1701 3253 1757 grave
3288 1687 3466 1741 Verbi
3492 1686 3705 1761 jugum
3737 1689 3828 1741 vi-

2167 1772 2292 1826 deri
2324 1777 2761 1843 prOpteronera
2785 1772 2896 1842 (1'7)
2920 1773 3250 1843 disciplinae
3273 1777 3672 1830 austeritatem
3705 1793 3830 1830 cor-

2092 1861 2475 1933 Brectionis,
2543 1861 2777 1930 pondus
2838 1862 3212 1917 abstinentiae
3282 1863 3834 1935 restrictionemquc

2169 1949 2468 2020 lasciviae;
2493 1952 2904 2013 suavetamen
2944 1965 3081 2004 esse
3114 1951 3306 2005 fructu
3340 1951 3565 2022 gratiae,
3600 1969 3707 2024 spe
3738 1970 3834 2008 re-

2172 2038 2599 2094 munerationis
2615 2041 2872 2109 aeternae,
2898 2039 3159 2109 purioris
3188 2041 3568 2095 conscientiae
3582 2042 3839 2096 suavita—

2172 2131 2248 2183 te.
2273 2126 2714 2198 Tamenjugum
2737 2126 2917 2182 Verbi
2934 2142 3117 2183 suave
3132 2127 3294 2192 dixit,
3314 2145 3466 2183 onus
3483 2129 3837 2184 obedientiae

2170 2217 2637 2288 leve;quoniam
2672 2215 2723 2270 ei
2748 2215 3077 2287 quijugum
3120 2216 3298 2271 Verbi
3339 2207 3581 2286 patienti
3603 2219 3837 2273 cervice

2173 2306 2527 2376 susceperit,
2554 2304 2885 2374 disciplinae
2909 2319 3060 2359 onus
3081 2321 3266 2375 grave
3300 2321 3439 2361 esse
3465 2322 3581 2361 non
3602 2308 3835 2377 poterit.

2246 2432 2356 2486 12..
2390 2429 2500 2495 Qui
2531 2444 2677 2500 ergo
2701 2427 2896 2482 tulerit
2917 2427 3277 2499 ajuventute
3299 2429 3538 2501 jugum,
3575 2431 3840 2503 singula-

2173 2522 2319 2576 riter
2356 2518 2608 2585 sedebit,
2657 2520 2714 2571 et
2749 2516 2966 2585 silebit,
3009 2518 3268 2573 revelata
3298 2519 3416 2574 sibi
3444 2519 3715 2591 gaudens
3748 2521 3839 2574 di-

2174 2611 2329 2665 vinae
2362 2606 2861 2663 remunerationis
2911 2609 3133 2661 aeterna
3164 2608 3463 2678 mysteria.
3514 2609 3632 2663 Aut
3681 2612 3841 2665 certe

2177 2698 2395 2768 silebit,
2421 2711 2537 2751 non
2560 2711 2711 2766 opus
2732 2695 2960 2750 babens
2984 2697 3401 2752 exscusatione
3417 2699 3664 2769 peccati,
3685 2699 3843 2770 quod

2176 2792 2404 2843 matura
2437 2784 2820 2841 confessione
2864 2786 3174 2856 praevenit,
3223 2789 3282 2841 et
3328 2802 3587 2857 propera
3636 2803 3843 2843 corre-

2179 2878 2371 2933 ctione
2407 2874 2698 2945 deposuit.
2734 2873 2867 2928 Non
2898 2875 3052 2929 enim
3083 2875 3298 2931 dicitur
3328 2875 3466 2930 huic
3501 2893 3513 2931 :
3554 2899 3576 2925 α
3606 2876 3749 2942 Quae
3784 2877 3844 2931 in

2169 2967 2483 3039 juventute
2516 2979 2635 3019 non
2680 2965 3085 3037 congregasti,
3137 2964 3433 3035 quomodo
3482 2965 3754 3021 invenies
3784 2967 3846 3020 in

2179 3052 2714 3123 senectute(Eccli.
2742 3069 2879 3106 xxv
2901 3054 2956 3121 5)
2976 3054 3005 3107 ?
3040 3077 3061 3100 ι»
3098 3055 3304 3108 Potest
3334 3058 3528 3109 autem
3558 3058 3614 3110 et
3642 3056 3730 3109 sic
3757 3056 3846 3109 in-

2178 3142 2389 3215 telligi,
2421 3142 2701 3213 quoniam
2749 3142 2849 3213 qui
2884 3143 2999 3197 cito
3050 3144 3372 3213 portaverit
3395 3144 3611 3215 jugum
3642 3144 3843 3213 Verbi,

390 3227 709 3310 confessus
722 3254 955 3326 affectu,
977 3255 1072 3311 vel
1096 3227 1438 3328 corrigendi
1461 3260 1780 3311 aversatus
1800 3258 2060 3329 ingenio.
2098 3227 2152 3292 ο
2179 3234 2297 3329 _h°°
2327 3235 2445 3329 θείξ
2462 3234 2842 3329 εὶιξνξθξξίυῑον
2887 3246 3003 3286 non
3047 3246 3113 3329 ξε
3136 3231 3421 3329 ’ξηξεθίξθδξί
3450 3248 3583 3287 Cum
3608 3235 3847 3329 ,ξανθαί-

389 3342 505 3399 Sed
538 3342 678 3398 huic
709 3359 843 3399 cum
872 3343 1143 3414 plurimis
1172 3345 1365 3401 venite
1398 3346 1660 3400 societas
1692 3345 2061 3415 emerendze;

388 3432 629 3504 plurimi
657 3433 817 3487 enim
846 3436 986 3488 sunt
1015 3433 1118 3505 qui
1149 3448 1218 3489 se
1246 3450 1279 3488 a
1308 3433 1575 3505 peccatis
1608 3436 1667 3488 et
1696 3434 1927 3489 lubrico
1963 3434 2063 3505 ju-

385 3520 647 3576 ventutis
668 3521 728 3576 in
743 3524 1052 3577 senectute
1068 3537 1355 3578 revocare
1375 3526 1698 3594 potuerunt
1712 3522 1830 3593 (15)
1849 3539 1863 3591 ;
1887 3539 2064 3579 rarus

388 3613 583 3666 autem
613 3609 714 3682 qui
747 3610 804 3664 in
824 3609 1141 3683 juventute
1162 3626 1352 3684 grave
1373 3610 1614 3683 jugum,
1642 3612 1803 3666 seria
1834 3612 2064 3667 sobrie-

387 3702 502 3756 tate
524 3699 870 3772 portaverit.
895 3699 1025 3756 Hoc
1046 3703 1140 3756 est
1173 3700 1318 3756 illud
1352 3699 1590 3773 jugum,
1618 3700 1691 3756 de
1722 3715 1839 3773 quo
1871 3700 2065 3756 Domi-

388 3805 506 3845 nus
533 3792 596 3844 in
624 3788 952 3862 Evangelia
980 3789 1068 3845 ait
1098 3805 1111 3844 :
1167 3812 1189 3837 κ
1228 3789 1439 3845 Venite
1470 3790 1543 3845 ad
1575 3805 1691 3861 me,
1724 3805 1932 3845 omnes
1964 3788 2067 3860 qui

389 3877 675 3934 laboratis
695 3881 753 3933 et
770 3878 993 3933 onerati
1017 3878 1188 3946 estis,
1211 3880 1273 3933 et
1291 3892 1407 3949 ego
1428 3892 1540 3933 vos
1558 3878 1856 3945 reﬁciam;
1880 3878 2064 3934 tollite

382 3965 599 4041 jugum
638 3980 834 4022 meum
882 3982 1067 4037 super
1110 3980 1225 4022 vos
1255 3966 1495 4036 (Matth.
1545 3984 1627 4038 xi,
1658 3966 1749 4037 28,
1792 3965 1903 4037 29).
1942 3986 1964 4016 ι
2002 3966 2065 4021 Si

388 4056 525 4128 quis
573 4070 721 4130 ergo
770 4058 1089 4126 antequam
1130 4053 1306 4128 gravi
1353 4058 1639 4111 oneretur
1684 4058 2062 4124 peccatorum

389 4145 649 4216 sarcina,
699 4144 904 4201 tulerit
941 4143 1161 4216 jugum
1188 4144 1250 4198 in
1285 4143 1626 4216 juventute,
1675 4143 2066 4216 singulariter

389 4234 621 4290 sedebit
654 4250 667 4290 :
701 4249 821 4290 non
851 4249 985 4289 cum
1015 4233 1293 4305 plurimis
1326 4234 1752 4302 conferendas,
1787 4232 1895 4288 sed
1929 4248 2063 4287 cum

458 4376 574 4448 (12)
628 4376 799 4432 Unus
854 4390 1031 4447 mss.,
1100 4398 1124 4425 α
1181 4376 1614 4432 emendationis
1673 4374 1995 4447 propositi;
2031 4395 2052 4422 ι

392 4448 569 4514 alius,
606 4469 629 4494 «
662 4449 1072 4505 eminentioris
1103 4449 1418 4518 propositi.
1455 4470 1478 4497 ιι

460 4517 575 4590 (18)
608 4518 753 4572 νειμ
786 4520 951 4590 edit.,
1003 4536 1072 4574 ac
1105 4516 1276 4574 “mss.
1328 4519 1618 4588 nonnulli,
1656 4540 1679 4568 α
1712 4516 2060 4590 deliciarum

2179 3324 2316 3392 bus,
2343 3322 2451 3377 sed
2474 3320 2704 3375 sedebit
2724 3335 3000 3375 seorsum
3022 3324 3077 3375 et
3097 3320 3326 3389 silebit;
3359 3320 3547 3375 donec
3578 3320 3752 3392 plena
3772 3338 3844 3391 se

2178 3412 2541 3485 perfectione
2572 3408 2806 3463 virtutis
2838 3409 3085 3477 erudiat,
3119 3412 3176 3463 et
3206 3425 3480 3481 magnam
3520 3410 3712 3473 1178
3751 3410 3878 3471 in-,

2181 3502 2319 3556 duat
2349 3500 2543 3554 animo
2577 3496 2913 3568 patientiam
2962 3514 2971 3550 :
3027 3494 3305 3567 dabitque
3336 3497 3685 3566 percutienti
3717 3514 3838 3552 ma-

2181 3590 2380 3644 xillam
2428 3604 2616 3656 suam,
2670 3587 2842 3641 etiam
2893 3586 3077 3641 caedis
3129 3590 3514 3641 contemnens
3566 3586 3846 3657 injuriam

2183 3679 2316 3749 (18),
2352 3681 2415 3733 ut
2452 3675 2744 3730 mandatis
2776 3674 3141 3746 obsequatur
3170 3675 3536 3731 coelestibus.

2256 3785 2342 3840 13.
2374 3783 2655 3855 Magnum
2677 3784 2768 3836 est
2790 3780 2947 3836 enim
2969 3781 3063 3835 vel
3085 3781 3387 3838 abstinere
3409 3798 3441 3837 a
3465 3779 3850 3853 vitiisjuven-

2181 3875 2346 3942 tutis,
2379 3872 2474 3927 vel
2504 3886 2633 3926 eam
2666 3869 2876 3941 inipso
2898 3860 3232 3941 juventutis
3263 3870 3559 3926 vestibulo
3591 3870 3846 3926 derelin-

2180 3978 2385 4036 quere,
2444 3963 2619 4032 atque
2676 3959 2749 4014 ad
2800 3960 3029 4014 seriora
3078 3959 3192 4030 (19)
3242 3960 3548 4025 converti;
3601 3959 3848 4014 lubricae

2181 4054 2336 4110 enim
2359 4053 2415 4105 et
2436 4048 2733 4121 perplexae
2765 4051 2904 4103 sunt
2924 4048 3036 4102 Viae
3051 4046 3404 4119 juventutis.
3430 4049 3702 4120 Denique
3738 4048 3847 4102 Sa-

2178 4146 2334 4200 lomo
2351 4140 2467 4197 ait:
2499 4162 2519 4186 α
2546 4138 2682 4193 Tria
2724 4138 2864 4192 mihi
2890 4137 3279 4208 impossibilia
3312 4141 3451 4193 sunt
3489 4137 3848 4221 intelligere,

2181 4239 2240 4290 et
2254 4234 2524 4304 quartum
2550 4227 2708 4299 quod
2732 4242 2848 4282 non
2871 4242 3175 4299 cognosco
3202 4244 3212 4281 :
3242 4228 3494 4299 vestigia
3518 4226 3732 4298 aquilae
3754 4240 3850 4279 vo-

2182 4377 2362 4444 Beth,
2406 4376 2465 4428 et
2494 4370 2893 4444 Cassiodorus
2922 4370 2983 4423 in
3013 4371 3285 4444 eumdem
3328 4368 3477 4444 p_sal.
3529 4383 3689 4422 vers.
3709 4362 3845 4444 A117,

2184 4437 2621 4521 quod'_videtur
2666 4441 2925 4521 imitatus
2974 4441 3047 4521 ab
3098 4439 3663 4521 AmbrosiOLscrm.
3706 4437 3848 4521 9nin

2182 4508 2341 4574 hunc
2370 4518 2565 4585 ipsum
2597 4512 2773 4582 psal.,
2808 4510 3143 4585 ubieadem
3178 4511 3372 4585 habet.
3408 4509 3683 4585 Nobilius
3716 4508 3845 4585 (dis-

394 4578 613 4660 invidia
641 4589 888 4660 mentis;
924 4578 949 4640 ί
1002 4594 1173 4646 Hom.
1208 4591 1370 4659 edit.,
1419 4614 1440 4637 α
1476 4578 1824 4644 deliciarum
1856 4589 2065 4643 invita-
2102 4586 2162 4652 Β
2184 4578 2525 4660 tinctionem
2563 4578 2730 4660 inter
2760 4578 3168 4660 'prOpbeticum
3223 4579 3365 4633 illud
3394 4578 3648 4660 .jugum_
3672 4582 3846 4649 atque

388 4659 633 4721 mentis;
674 4678 695 4705 ι
750 4674 898 4731 mss.
946 4665 1143 4715 autem
1185 4676 1402 4731 magno
1449 4677 1696 4716 numero
1728 4666 1790 4714 ut
1838 4660 1895 4714 in
1927 4676 2066 4714 con-

386 4732 587 4803 textu,
621 4729 830 4803 paucis
881 4732 1172 4800 exceptis,
1226 4729 1328 4785 alii
1378 4732 1618 4803 legitur,
1668 4755 1690 4778 α
1729 4732 2075 4787 divitiarum

389 4801 592 4854 mundi
630 4801 845 4854 mentis
877 4805 1137 4869 cervice,
1168 4806 1286 4856 etc.
1328 4826 1350 4849 υ

457 4872 571 4945 (11)
603 4871 747 4945 god.
787 4872 960 4945 Reg.,
1000 4894 1022 4920 α
1058 4874 1329 4945 surrexit
1352 4874 1427 4927 ab
1460 4889 1688 4928 errore.
1729 4896 1750 4921 ι

462 4944 577 5014 (15)
605 4942 816 5014 Cicero
851 4942 910 4998 in
938 4946 1100 4999 Orat.
1135 4960 1245 5014 pro
1277 4944 1354 4998 M.
1385 4945 1566 4999 Caelio
1602 4961 1614 4998 :
1655 4967 1676 4991 α
1715 4945 1801 4997 Ac
1832 4943 2065 4997 multi...

391 5013 611 5069 summi
652 5013 950 5084 homines,
993 5018 1050 5071 et
1072 5015 1393 5069 clarissimi
1426 5015 1591 5069 cives
1631 5015 1892 5082 fuerunt,
1918 5028 2068 5083 quo-

392 5102 526 5141 rum
578 5101 729 5157 cum
757 5087 1181 5141 adolescentia
1230 5086 1523 5157 cupiditas
1573 5086 2022 5140 deferbuissent
2053 5124 2067 5151 ,
2095 5130 2116 5143 _

391 5158 626 5230 eximiae
674 5155 949 5226 virtutes,
985 5159 1215 5213 ﬁrmata
1237 5155 1365 5230 jam
1397 5161 1593 5225 aetate,
1628 5157 2002 5211 exstiterunt.
2046 5178 2068 5201 ιι

389 5229 483 5354 ἑά
514 5246 650 5313 quae
698 5230 886 5283 verba
917 5229 1651 5300 spectasse’Ambrosium
1698 5244 1818 5283 non
1849 5231 2071 5281 temere

433 5316 645 5354 ixeris.

433 5316 645 5355 IXBI‘IS.

457 5372 571 5443 (1-6)
603 5373 736 5429 Non
776 5389 851 5429 ex
882 5372 996 5427 hoc
1028 5372 1161 5428 solo
1193 5371 1347 5441 loco,
1383 5372 1492 5426 sed
1522 5387 1597 5427 ex
1627 5371 1762 5425 aliis
1796 5368 2072 5440 pluribus

391 5456 764 5514 cognoscere
795 5447 888 5499 est
918 5443 1305 5498 Ambrosium
1332 5442 1534 5497 varias
1578 5443 1910 5514 Scripturae
1942 5455 2072 5514 ver-

395 5512 601 5569 siones
649 5515 967 5571 consulere
996 5515 1259 5569 solitum.
1306 5514 1482 5570 Certe
1528 5514 1769 5584 quidem
1819 5512 2070 5566 habetur

385 5588 633 5671 tantum,
685 5587 852 5671 apud
902 5585 1065 5641 LXX
1100 5601 1113 5640 :
1163 5592 1380 5671 Ἀγαθρν
1415 5588 1577 5671 ᾀνδρὶ,
1607 5586 1731 5671 ὅταγ
1762 5588 2071 5671 ἂρῃᾋζνζγόνν

392 5670 544 5742 etet;
575 5666 707 5742 sed
768 5681 999 5742 vocem_
1036 5663 1258 5742 grave;
1275 5663 1586 5742 admittunt
1630 5663 1815 5742 vulgo
1841 5663 2074 5742 'Patres

394 5732 610 5812 Latini,
644 5742 707 5797 ut
735 5740 876 5813 puta
906 5732 1172 5799 Hilarius
1214 5737 1424 5796 Enarr.
1470 5737 1530 5794 in
1561 5737 1713 5811 psal,
1743 5732 1951 5805 cxvni,
1984 5732 2069 5788 lit.

2136 5260 2155 5267 κ
2188 5225 2472 5292 nonnulli,

2184 4659 2595 4731 evangelicum
2608 4654 2683 4731 ab
2706 4649 3021 4707 Ambrosio
3046 4652 3139 4704 hic
3163 4649 3532 4731 propositum
3552 4649 3841 4730 referens:

2188 4756 2209 4783 ι
2253 4721 2561 4797 Quomodo
2615 4726 2829 4796 jugum
2878 4740 3181 4797 grave....._
3217 4722 3439 4797 dixerit
3488 4721 3775 4797 Dominus
3832 4737 3842 4775 :

2182 4791 2402 4875 Jugum
2439 4791 3013 4875 meums'uavefetc.
3044 4814 3065 4841 »
3092 4791 3405 4874 subjungit
3439 4809 3450 4846 :
3490 4816 3509 4839 α
3550 4792 3846 4862 Interpres

2183 4863 2536 4928 'l‘héodorc't.
2554 4868 2689 4937 quia
2710 4867 2855 4919 tollit
2879 4881 3060 4937 super
3081 4879 3146 4937 se
3170 4863 3585 4937 ipsumjugum
3606 4880 3841 4937 grave.»

2255 4945 2369 5011 (1'1)
2400 4935 2618 5011 Omnes
2651 4938 2812 5011 e_dit.,
2850 4935 3096 5011 “LVDI-GI“;
3146 4952 3271 5003 prie
3304 4936 3562 5011 pondere
3595 4936 3687 5011 (In
3708 4935 3843 4988 edit.

2188 5006 2382 5082 Rom.,
2412 5028 2539 5083 prae
2568 5009 2824 5083 eliditur)
2856 5006 3208 5083 disciplinae,
3244 5006 3603 5075 austeritate,
3639 5010 3748 5060 etc.
3778 5022 3791 5074 ;
3822 5029 3841 5051 »

2186 5077 2395 5142 omnes
2412 5077 2575 5136 'mss.
2610 5097 2643 5134 e
2675 5078 2992 5144 contrario,
3029 5082 3089 5131 ut
3118 5077 3176 5130 in
3207 5093 3474 5148 corpore.

2258 5157 2376 5225 (10)
2423 5153 2642 5206 Omnes
2702 5150 2875 5225 edit.;
2917 5152 3245 5225 _contentus
3307 5148 3562 5225 injuria;
3622 5171 3643 5194 ι»
3696 5161 3844 5225 mss.

2531 5246 2551 5272 α
2591 5224 2862 5276 contenta
2908 5219 3152 5299 injuria,
3210 5243 3231 5268 ιο
3268 5217 3472 5289 plures
3520 5236 3586 5272 ac
3635 5217 3846 5287 proba-

2190 5303 2394 5369 tiores,
2432 5319 2453 5343 α
2489 5292 3201 5369 contemnensinjuriam.
3240 5314 3259 5339 ι»

2259 5358 2483 5440 (19)Ἰιε
2516 5382 2664 5440 mss.
2700 5379 2816 5418 uno
2848 5367 2905 5419 et
2936 5358 3119 5417 altero
3159 5365 3425 5440 excepto,
3462 5359 3561 5414 ubi
3597 5358 3849 5440 habetur

2195 5466 2216 5489 α
2250 5429 2322 5497 ad
2353 5429 2664 5509 superiora
2691 5451 2702 5490 :
2732 5439 2985 5509 [contra
3013 5449 3155 5509 vero
3174 5429 3543 5509 edit—omnes
3574 5429 3846 5509 ell‘erunt,

2194 5536 2214 5559 «ι
2252 5512 2324 5567 ad
2372 5501 2637 5565 sa'niora.
2675 5530 2696 5554 η
2749 5504 2891 5570 Quae
2935 5504 3171 5575 quidem
3220 5501 3547 5575 lectiogetsi
3579 5501 3851 5575 usitatior

2189 5584 2479 5651 videatur,
2512 5581 2650 5635 licet
2679 5582 2875 5632 tamen
2909 5571 3105 5651 dicere
3142 5595 3163 5623 κ
3200 5574 3273 5651 ad
3305 5573 3534 5627 seriora
3571 5571 3720 5651 »_sin
3754 5572 3853 5651 mi-

2190 5672 2304 5711 nus
2332 5642 2497 5726 proin
2534 5648 3032 5726 admagisseria,
3071 5667 3092 5693 ι
3130 5644 3335 5726 saltem
3370 5660 3480 5714 pro
3508 5664 3529 5695 α
3557 5642 3631 5697 ad
3661 5644 3854 5721 magis

2193 5718 2354 5801 sera;
2385 5749 2406 5775 υ
2442 5722 2708 5798 intellige
2745 5718 2766 5769 ἆ
2801 5719 2994 5776 studia
3024 5718 3369 5774 senectutis.
3408 5738 3428 5765 υ
