4098 6178
336 398 489 466 1423

1785 402 1849 464 S.
1898 402 2339 468 AMBROSII.

3628 408 3790 469 1424

327 606 525 676 lautis,
559 612 616 661 et
644 607 773 661 vias
820 606 1116 677 serpentis
1149 606 1206 660 in
1237 605 1432 675 petra,
1468 608 1524 658 et
1556 605 1796 659 semitas
1828 605 1997 658 navis
2027 585 2085 646 Α
2116 604 2346 659 actibus
2378 604 2635 675 publicis
2667 604 3048 660 intentionem
3091 604 3225 677 ejus
3274 606 3489 661 adduci
3520 622 3533 661 :
3569 622 3783 661 omnes

326 697 683 769 navigontis,
718 702 774 754 et
804 700 936 753 vias
989 696 1103 750 viri
1150 694 1211 748 in
1235 693 1546 764 juventute
1595 692 1804 762 (Prav.
1855 711 1990 756 xxx,

326 783 556 856 18,19).
614 811 634 835 κ
673 787 859 842 David
903 789 1097 841 autem
1144 782 1224 837 ait
1271 798 1283 838 :
1340 803 1362 832 ι
1400 781 1625 837 Delicta
1664 781 1995 852 juventutis

324 891 471 930 meae
503 879 560 930 et
592 877 937 947 ignorantiae
971 890 1118 929 mem
1144 887 1215 928 ne
1245 870 1589 926 memineris
1611 869 1798 939 (Psal.
1830 886 1990 941 xxxv,

323 964 398 1033 '7).
440 985 462 1015 ι
516 965 766 1020 Juvenis
814 965 969 1021 enim
1012 979 1130 1018 non
1177 961 1368 1016 solum
1402 959 1716 1031 fragilitate
1749 959 1992 1013 lubricae

323 1054 513 1108 aetatis
546 1054 890 1124 prolabitur,
924 1067 1130 1107 verum
1185 1050 1359 1104 etiam
1408 1048 1740 1120 ignorantia
1783 1047 1992 1102 coeles-

322 1142 465 1195 tium
514 1143 921 1196 mandatorum
970 1140 1316 1212 plerumque
1360 1137 1689 1209 delinquit:
1726 1136 1839 1191 cito
1883 1153 1989 1192 au-

322 1236 438 1285 tem
470 1235 733 1286 meretur
762 1230 1013 1298 veniam,
1066 1228 1167 1299 qui
1215 1225 1534 1298 praetendit
1574 1224 1985 1297 ignorantiam.

319 1318 617 1389 PrOpheta
646 1319 839 1391 itaque
871 1318 1009 1373 dicit
1045 1333 1057 1373 :
1095 1337 1120 1366 κ
1146 1315 1370 1371 Delicta
1394 1313 1725 1388 juventutis
1755 1328 1902 1367 mete
1933 1315 1991 1367 et

322 1406 674 1479 ignorantiae
716 1423 864 1461 mete
897 1422 969 1462 ne
1002 1404 1364 1461 memineris.
1406 1426 1426 1450 υ
1464 1402 1596 1457 Non
1645 1401 1786 1456 dicit
1819 1417 1833 1456 :
1870 1400 1988 1457 De-

321 1494 462 1550 licta
492 1495 817 1551 senectutis
850 1510 999 1550 mete
1029 1497 1087 1548 et
1116 1493 1382 1547 scientiae
1416 1506 1562 1546 meae
1595 1505 1668 1545 ne
1699 1490 1988 1546 memine-

321 1584 439 1650 ris;
472 1583 581 1639 sed
631 1585 800 1657 quasi
859 1582 1164 1655 propheta,
1226 1581 1327 1654 qui
1385 1580 1499 1635 cito
1558 1579 1991 1655 correxerit‘et

322 1672 724 1728 emendaverit
762 1673 899 1727 vitia
924 1670 1278 1744 juventutis,
1311 1672 1539 1724 aetatem
1572 1667 1989 1739 ignorantiam-

323 1777 437 1832 que
467 1761 801 1833 praetendit.

394 1847 481 1903 14.
517 1847 963 1921 valentinianus
994 1862 1231 1919 quoque
1263 1846 1437 1900 etiam
1485 1845 1544 1898 in
1593 1843 1808 1900 delicto
1838 1842 1989 1899 Pro-

320 1937 514 2010 phetas
545 1936 760 1992 similis
791 1937 871 1990 ait
904 1952 916 1990 :
955 1958 977 1982 α
1014 1933 1238 1991 Delicta
1269 1933 1687 1988 adolescentiae
1718 1936 1774 1988 et
1813 1933 1988 2005 igno-

320 2026 526 2081 rantiae
558 2041 705 2080 meae
736 2041 808 2080 ne
841 2024 1207 2079 memineris.
1246 2045 1267 2070 ιι
1303 2022 1429 2076 Nec
1460 2020 1650 2076 solum
1681 2020 1844 2091 dixit,
1881 2021 1989 2076 sed

321 2115 493 2169 etiam
526 2118 658 2168 ante
691 2112 951 2168 correxit
986 2118 1284 2180 'errorem,
1337 2126 1511 2183 quam
1561 2109 1820 2165 disceret
1850 2125 1988 2166 esse

321 2204 552 2274 lapsum
601 2201 856 2275 alicujus
907 2200 1149 2256 erroris.
1186 2199 1388 2271 Itaque
1420 2198 1559 2253 dicit
1604 2214 1616 2254 :
1653 2198 1988 2254 Correctio-

317 2308 453 2347 nem
472 2290 805 2363 juventutis
846 2306 995 2345 meae
1026 2305 1098 2345 ne
1129 2288 1490 2344 memineris.
1543 2286 1733 2342 Error
1762 2286 1821 2341 in
1854 2286 1987 2357 plu-

316 2381 485 2435 ribus
516 2384 633 2450 est,
666 2379 726 2434 in
756 2379 961 2449 paucis
996 2377 1309 2434 correctio.

388 2470 477 2525 15.
512 2468 583 2523 Et
612 2468 753 2540 quid
782 2467 906 2540 jam
939 2467 1012 2522 de
1061 2466 1193 2520 aliis
1224 2465 1446 2535 dicam,
1478 2464 1578 2536 qui
1628 2464 1803 2520 etiam
1847 2464 1986 2521 ludo

311 2558 645 2631 juventutis
703 2557 999 2627 putaverit
1070 2553 1523 2621 abstinendum,
1598 2544 1988 2609 resecandam

319 2647 509 2703 mtatis
539 2645 836 2701 licentiam
881 2644 1012 2714 (20),
1059 2642 1399 2697 severitatis
1430 2641 1683 2712 publicae
1714 2641 1988 2696 duritiem

318 2735 716 2804 molliendam,
751 2733 1049 2788 lenitatem
1080 2730 1407 2786 senectutis
1452 2729 1513 2784 in
1558 2730 1768 2785 alienis
1815 2731 1986 2784 annis

316 2822 701 2879 deferendam
749 2821 824 2891 ei,
877 2820 977 2893 qui
1000 2822 1060 2875 in
1082 2818 1409 2891 periculum
1435 2819 1691 2875 convicti
1720 2818 1986 2874 criminis

317 2916 634 2968 vocaretur
649 2911 678 2964 ‘2
698 2909 1023 2966 Ferebatur
1042 2909 1232 2981 primo
1253 2906 1411 2964 ludis
1433 2908 1808 2965 circensibus
1831 2907 1987 2964 dele-

320 3001 463 3056 ctari
489 3016 501 3057 :
529 3001 619 3055 sic
640 2999 802 3055 istud
830 2999 1136 3069 abstersit,
1164 3001 1320 3053 utne
1349 2996 1721 3053 solemnibus
1747 2996 1989 3069 quidem

318 3091 648 3162 principum
678 3087 997 3158 natalibus,
1031 3086 1127 3142 vel
1156 3085 1479 3157 imperialis
1506 3084 1758 3143 honoris
1794 3086 1987 3158 gratia

320 3180 626 3236 circenses
648 3180 878 3251 putaret
895 3192 1034 3232 esse
1057 3174 1448 3232 celebrandos
1469 3174 1861 3244 (2l).Aiebant
1879 3174 1989 3229 ali-

2116 693 2277 748 feras
2307 709 2423 748 uno
2454 697 2748 748 momento
2771 692 2960 765 jussit
2991 694 3260 750 interﬁci.

2186 783 2272 837 16.
2315 782 2538 837 Audire
2586 783 2645 836 in
2695 783 3054 838 consistorio
3100 784 3355 855 negotia,
3408 784 3467 838 et
3517 783 3785 838 Danielis

2113 871 2344 942 spiritu,
2379 872 2438 925 in
2470 871 2688 943 quibus
2732 871 3067 928 dubitarent
3115 887 3315 943 senes,
3371 872 3463 927 vel
3497 888 3785 944 persona:

2113 959 2370 1031 alicujus
2404 960 2665 1015 contuitu
2696 959 3075 1030 ducerentur,
3110 976 3433 1035 congruam
3465 976 3611 1017 vero
3640 960 3782 1015 adeo

2110 1047 2433 1121 lescentem
2499 1047 2737 1105 videres
2803 1048 3170 1121 senilemque
3222 1049 3379 1105 ferre
3427 1050 3786 1104 sententiam

2111 1106 2243 1208 (ﬂ).
2276 1137 2584 1192 Jactabant
2630 1136 2832 1207 invidi,
2877 1137 3036 1209 quod
3072 1106 3433 1209 pramature
3460 1139 3787 1209 prandium

2107 1230 2334 1300 peteret
2368 1243 2379 1281 :
2415 1227 2591 1296 cmpit
2638 1227 2715 1282 ita
2762 1225 3137 1298 frequentare
3177 1224 3496 1298 jejunium,
3546 1230 3613 1282 ut
3649 1227 3783 1299 ple-

2108 1330 2359 1387 rumque
2391 1315 2519 1386 ipse
2550 1314 2891 1386 impransus
2926 1315 3118 1379 1179
3148 1316 3488 1374 convivium
3509 1316 3783 1372 solemne

2109 1402 2238 1457 suis
2271 1402 2588 1459 comitibus
2628 1401 2937 1458 exhiberet
2973 1419 2985 1458 :
3017 1416 3135 1475 quo
3183 1408 3241 1459 et
3271 1403 3547 1477 religioni
3577 1420 3779 1460 sacrae

2108 1490 2484 1546 satisfaceret
2516 1488 2627 1560 (28)
2658 1494 2716 1545 et
2744 1491 3034 1562 principis
3065 1491 3409 1551 humanitati
3437 1492 3575 1563 (24).

2179 1578 2266 1635 1'7.
2299 1579 2565 1635 Scenicm
2595 1578 2911 1649 cujusdam
2941 1579 3129 1637 forma
3160 1596 3229 1635 ac
3260 1580 3475 1637 decore
3503 1582 3784 1654 deperire

2108 1668 2314 1724 Romae
2363 1667 2776 1723 adolescentes
2827 1666 3058 1724 nobiles
3105 1669 3487 1727 nuntiabatur
3533 1688 3547 1728 :
3585 1671 3785 1742 jussit

2106 1773 2236 1814 eam
2269 1755 2343 1811 ad
2383 1756 2720 1812 comitatum
2750 1756 2975 1811 venire.
3008 1756 3237 1813 Missus
3266 1759 3454 1828 pretio
3483 1759 3785 1831 deprava-

2107 1850 2226 1916 tus,
2260 1845 2391 1900 sine
2421 1843 2677 1899 mandati
2710 1847 2921 1900 eﬂ'ectu
2951 1844 3127 1900 rediit
3159 1863 3171 1900 :
3204 1847 3452 1903 alterum
3483 1849 3670 1918 misit,
3706 1864 3785 1904 ne

2106 1934 2375 1990 voluisse
2407 1932 2722 1989 emendare
2761 1933 2902 1988 vitia
2930 1933 3393 2004 adolescentum,
3427 1940 3486 1992 et
3526 1951 3645 1991 non
3674 1952 3786 2008 po-

2106 2025 2296 2080 tuisse
2343 2023 2668 2079 videretur.
2705 2021 2889 2078 Datus
2928 2027 3021 2078 est
3064 2021 3431 2079 obtrectandi
3474 2023 3787 2097 aliquibus

2106 2115 2316 2184 locus;
2374 2111 2685 2167 deductam
2741 2115 2935 2166 tamen
2994 2128 3294 2185 nunquam
3341 2117 3441 2169 aut
3483 2114 3787 2185 spectavit

2106 2201 2240 2273 (25),
2277 2204 2376 2257 aut
2406 2200 2569 2256 vidit.
2620 2200 2833 2255 Postea
2886 2200 3083 2256 redire
3113 2203 3422 2273 praecepit;
3459 2206 3520 2257 ut
3550 2208 3612 2258 et
3644 2219 3787 2259 om-

2105 2309 2215 2347 nes
2248 2294 2647 2363 agnoscerent
2677 2288 2908 2344 irritum
2931 2288 3066 2360 ejus
3096 2305 3213 2346 non
3244 2306 3384 2346 esse
3414 2292 3783 2361 mandatum,

2106 2386 2162 2437 et
2191 2380 2602 2436 adolescentes
2643 2377 2883 2433 doceret
2913 2378 2987 2433 ab
3018 2394 3220 2434 amore
3250 2380 3516 2435 mulieris
3546 2385 3786 2452 tempe-

2107 2485 2262 2539 rare,
2298 2483 2474 2541 quam
2522 2467 2652 2538 ipse
2684 2466 2784 2538 qui
2827 2467 3013 2537 potuit
3060 2467 3280 2523 habere
3346 2468 3405 2523 in
3453 2473 3780 2540 potestate,

2106 2560 2479 2629 despexerat.
2513 2555 2585 2610 Et
2614 2556 2744 2611 haec
2784 2555 2942 2624 fecit,
2997 2571 3131 2611 cum
3162 2557 3355 2612 adhuc
3384 2573 3501 2613 non
3532 2558 3786 2613 haberet

2106 2663 2374 2715 uxorem,
2410 2648 2467 2700 et
2496 2649 2690 2700 tamen
2729 2644 3039 2700 exhiberet
3086 2645 3179 2699 sui
3230 2648 3511 2719 tanquam
3541 2647 3785 2701 vinctus

2107 2738 2390 2811 conjugio
2415 2735 2764 2789 castitatem.
2789 2732 2935 2798 Quis
2957 2736 3075 2788 tam
3096 2734 3370 2790 dominus
3394 2735 3577 2804 servi,
3603 2751 3784 2807 quam

2106 2828 2204 2884 ille
2237 2825 2331 2882 sui
2362 2824 2631 2894 corporis
2682 2821 2831 2876 fuit?
2875 2821 3020 2886 Quis
3073 2816 3189 2878 tam
3237 2823 3488 2880 aliorum
3536 2824 3782 2894 arbiter,

2106 2932 2283 2990 quam
2312 2913 2410 2969 ille
2441 2928 2569 2968 sua:
2603 2926 2823 2966 censor
2852 2911 3041 2966 aetatis
3063 2912 3093 2965 ?

2178 3004 2265 3062 18.
2299 3002 2449 3070 Quid
2479 3001 2550 3056 de
2594 2999 2809 3072 pietate
2840 2998 2978 3072 ejus
3011 2999 3273 3072 loquar?
3300 2999 3403 3075 qui
3432 3017 3566 3057 cum
3592 3001 3780 3058 homi-

2107 3110 2215 3153 nes
2246 3091 2430 3149 nobili
2462 3094 2628 3148 ortos
2660 3104 2901 3162 genere,
2939 3093 2995 3145 et
3015 3088 3294 3160 locupleti
3329 3090 3610 3162 prosapia
3638 3091 3779 3161 (26),

2107 3199 2242 3257 qua:
2273 3181 2387 3237 cito
2418 3194 2661 3236 movere
2688 3178 2967 3234 invidiam
3011 3178 3182 3248 solet,
3217 3179 3403 3252 regiae
3436 3178 3781 3250 cupiditatis

320 3270 422 3341 qui
454 3270 716 3325 ferarum
755 3283 891 3322 eum
922 3264 1337 3321 νθηειίοηίδυε
1375 3264 1676 3334 occupari,
1709 3267 1884 3334 atque
1914 3263 1987 3317 ab
2021 3274 2070 3336 C
2106 3274 2418 3329 accusator
2440 3271 2700 3342 urgeret,
2717 3267 3368 3338 praefectusinsisteret,
3394 3269 3785 3339 responditut

392 3411 506 3487 (20)
546 3411 694 3466 Mss.
754 3408 995 3481 aliquot,
1055 3431 1077 3487 ᾳ
1122 3406 1312 3463 etatis
1362 3405 1644 3487 lmtitiam.
1688 3428 1722 3487 ἠ
1773 3403 1843 3487 Et
1874 3404 1989 3487 hic

322 3476 498 3540 etiam
541 3497 659 3537 non
704 3476 890 3552 pauca
939 3476 1096 3550 sunt,
1149 3494 1283 3550 quae
1331 3477 1593 3532 alludere
1636 3476 1708 3530 ad
1755 3477 1989 3531 citatam

320 3555 630 3610 Ciceronis
661 3552 983 3609 orationem
1014 3552 1444 3608 existimamus.

394 3626 505 3697 (21)
539 3625 627 3681 Ex
657 3625 769 3679 hoc
799 3624 934 3697 loco
964 3621 1423 3697 deprehenditur
1458 3619 1844 3697 Philostorgii
1890 3619 1988 3697 ad-

323 3690 541 3752 versus
594 3697 749 3750 hunc
793 3690 1121 3766 principem
1153 3693 1408 3766 iniquus
1438 3692 1701 3766 animus;
1734 3690 1787 3745 is
1833 3691 1989 3766 enim

323 3769 397 3822 de
427 3768 526 3824 illo
557 3782 746 3839 agens
779 3761 881 3822 lib.
929 3761 1008 3835 xi,
1043 3766 1120 3819 ita
1152 3761 1410 3836 loquitur
1444 3779 1455 3818 ε
1494 3784 1516 3839 ς
1553 3761 1698 3839 Cum
1728 3761 1890 3817 ursis
1916 3777 1989 3839 ac

321 3832 627 3894 leonibus'
643 3840 922 3906 uteretur,
976 3832 1194 3890 annum
1223 3832 1410 3906 agens
1458 3834 1829 3906 vicesimum,
1871 3832 1989 3906 vita

325 3909 502 3963 simul
533 3912 708 3979 atque
735 3904 1003 3979 imperio,
1026 3912 1095 3979 et
1126 3904 1384 3979 ferarum
1415 3904 1829 3979 venationibus
1863 3904 1988 3979 pri—

322 3980 496 4047 vatus
528 3974 641 4036 est.
677 4001 699 4027 ι
737 3974 853 4033 Sed
884 3974 1043 4050 quod
1072 3976 1405 4050 evidentius
1437 3976 1677 4047 signum
1708 3974 1989 4050 emenda-

324 4051 504 4106 tionis
534 4051 708 4106 edere
740 4047 925 4120 potuit
956 4048 1427 4120 Valentinianus,
1476 4061 1652 4120 quam
1671 4047 1843 4120 quod
1885 4061 1989 4120 so:

324 4121 713 4177 lemnioribus
740 4116 944 4174 'etiam
987 4119 1199 4174 diebus
1244 4116 1588 4189 Ιιιῄυειῐιὸίὶξ
1625 4116 1991 4189 abstinuerit

325 4193 688 4263 spectaculis
719 4195 777 4246 et
824 4191 984 4263 feras
1031 4192 1226 4263 ipsas,
1268 4186 1419 4263 quas
1448 4201 1523 4242 ex
1561 4186 1763 4263 Africa
1792 4202 1989 4263 remo-

323 4256 696 4335 tioribusque
728 4256 1077 4335 regionibus
1120 4256 1332 4335 adduci
1351 4259 1765 4335 ‘consuevisse
1796 4259 1855 4312 in
1883 4258 1985 4313 lib.

320 4352 364 4390 ιι
400 4328 762 4407 Οΐῆοίᾱιοιιω,
802 4328 940 4407 'cap.
992 4332 1082 4402 21,
1117 4346 1278 4388 num.
1314 4328 1414 4385 109
1443 4329 1827 4385 observatum
1873 4335 1985 4399 est,

322 4404 922 4477 interﬁcijusseriit?
1208 4472 1237 4477 γ’
1370 4472 1402 4477 Α
1549 4473 1560 4477 Δ
1737 4471 1769 4477 η
1868 4434 1873 4441 .

393 4477 507 4549 (22)
541 4471 711 4532 Rom.
744 4476 907 4549 edit,
962 4494 986 4549 ς
1020 4472 1277 4549 negotia
1327 4472 1502 4549 etiam
1545 4473 1606 4527 in
1651 4471 1985 4549 quibus.._...

322 4543 705 4620 ducerentur,
739 4552 801 4602 ut
832 4543 1094 4602 Danielis
1117 4543 1333 4620 spiritu
1360 4543 1803 4620 adolescentum
1835 4543 1991 4620 video

324 4636 425 4675 res
471 4614 721 4675 senilem
769 4621 932 4674 ferre
975 4614 1364 4684 sententiam;
1419 4638 1441 4663 ι
1493 4619 1592 4669 vet
1621 4620 1814 4669 autem
1845 4614 1983 4669 edit.

2107 3418 2220 3483 est,
2254 3413 2555 3469 scenicam
2572 3409 2913 3483 mulierem,
2931 3425 3080 3483 quin
3103 3409 3313 3465 modos
3343 3414 3400 3466 et
3429 3410 3783 3483 saltationes

2108 3481 2249 3544 facit
2276 3486 2337 3540 in
2369 3482 2625 3554 tbymele
2656 3498 2790 3553 quin
2821 3481 3149 3554 orchestrae
3172 3497 3310 3554 pars
3328 3486 3474 3554 erat,
3509 3497 3589 3537 ex
3614 3481 3786 3538 Urbe

2108 3557 2342 3615 abduci.
2397 3552 2564 3611 Hanc
2597 3552 2789 3625 legem
2828 3552 3065 3625 hortatu
3096 3553 3398 3625 Ambrosii
3430 3553 3648 3625 datam
3670 3569 3785 3607 au-

2106 3631 2292 3687 tumat
2319 3622 2713 3694 Godefredus,
2746 3638 2855 3679 nec
2886 3624 3036 3679 male
3068 3624 3141 3678 ad
3173 3624 3323 3679 hanc
3351 3622 3561 3679 referri
3591 3623 3781 3678 histo-

2109 3716 2276 3757 riam.

2180 3770 2295 3841 (25)
2330 3792 2351 3819 α
2400 3769 2515 3825 Aut
2545 3766 2853 3841 spectavit,
2893 3791 2914 3817 υ
2966 3782 3177 3838 nempe
3224 3766 3285 3823 in
3323 3780 3504 3821 scena
3538 3781 3551 3820 :
3614 3786 3638 3817 ι
3675 3770 3783 3820 aut

2109 3837 2284 3909 viditi
2315 3863 2337 3913 ῳ
2370 3837 2646 3913 privatim
2676 3837 2971 3913 videlicet.

2182 3907 2295 3985 (26)
2326 3907 2473 3968 Mss.
2522 3911 2764 3985 aliquot.
2818 3933 2841 3959 α
2879 3908 3241 3985 _locupl_etes__
3263 3907 3559 3985 prosapia.
3599 3930 3622 3959 ι
3658 3907 3782 3965 Sed

2111 3979 2224 4042 hoc
2253 3979 2384 4039 loco
2415 3979 2661 4054 gravius
2709 3979 3054 4054 discrimeig
3078 3980 3139 4034 in
3164 3979 3779 4054 pdistinctionenmem»

2106 4057 2374 4122 brorum,
2409 4049 2585 4127 quam
2614 4053 2672 4105 in
2701 4053 2974 4127 vocibus.
3009 4049 3235 4105 Etenim
3269 4065 3476 4127 omnes
3509 4049 3648 4108 edit.
3682 4051 3778 4127 sic

2107 4122 2534 4197 interpungunt
2564 4123 3009 4197 consequentia,
3047 4137 3240 4197 {quae
3268 4122 3384 4176 cito
3412 4136 3661 4177 movere
3688 4122 3780 4176 in-

2105 4192 2325 4254 vidiam
2371 4192 2524 4250 s'olet
2567 4192 3139 4266 regiae'cupiditatis
3160 4233 3175 4261 ,
3224 4197 3543 4248 accusator
3583 4208 3776 4266 urge-

2105 4275 2214 4341 ret,
2249 4271 2360 4323 etc.
2381 4284 2404 4341 Δ;
2452 4280 2602 4341 mss.
2647 4264 2797 4341 'vero
2824 4264 2925 4341 ita
2972 4264 3364 4341 distinguunt,
3390 4286 3440 4341 __-
3492 4279 3631 4334 qum
3659 4265 3780 4319 cito

2106 4334 2347 4397 movere
2376 4337 2656 4392 invidiam
2686 4336 2859 4407 solet,
2905 4335 3092 4407 regim
3124 4334 3484 4407 cupiditatis,
3519 4349 3780 4407 accusa-

2102 4415 2196 4468 tor
2225 4412 2483 4482 urgeret,
2504 4414 2629 4482 etc.
2666 4432 2689 4456 ι
2725 4404 3161 4482 Ενὶὲίοιιέβαιιθ
3190 4404 3296 4482 est
3316 4404 3476 4482 hunc
3503 4404 3782 4482 ultimum

2106 4475 2355 4539 sensum
2402 4475 2586 4535 multo
2631 4482 2956 4551 prmstare;
3005 4476 3065 4531 in
3111 4476 3323 4551 priori,
3347 4475 3505 4531 enim
3547 4477 3782 4531 crimen

2105 4555 2234 4609 sive
2262 4546 2663 4608 accusationis
2694 4554 2869 4620 caput
2898 4563 3016 4604 non
3056 4546 3426 4620 exprimitur,
3452 4562 3642 4620 secus
3674 4562 3781 4620 ve-

2105 4642 2172 4699 ro
2201 4627 2262 4699 in
2288 4618 2955 4699 post_eriori,rnirr_i;irum_
2982 4619 3288 4699 accusatio
3321 4640 3345 4666 α
3381 4618 3569 4699 regite
3595 4619 3777 4699 cupi-

322 4708 390 4745 ac
421 4707 570 4746 mss.
606 4691 920 4766 nobiscum
950 4686 1475 4766 conveniunt,_nisi
1505 4685 1660 4757 quod
1677 4686 1747 4766 in
1767 4686 1984 4766 paucis

2112 4685 2324 4766 ditatis,
2362 4716 2382 4743 ι
2419 4694 2533 4749 hoc
2562 4685 2679 4766 est,
2707 4691 2959 4766 affectati
2977 4690 3175 4745 throni
3202 4705 3275 4744 ac
3304 4685 3774 4760 regii'nominis.

322 4766 546 4817 tantum
578 4778 727 4817 mss.
776 4762 1075 4816 invenitur
1106 4759 1391 4830 particula
1421 4773 1531 4830 que
1560 4759 1695 4829 post
1720 4760 1780 4818 τό
1823 4759 1986 4810 seni-

321 4842 507 4986 [91(123)
557 4913 861 4986 Jejunium
894 4913 1005 4967 hoc
1031 4914 1178 4986 erat
1222 4907 1986 4986 quidemecclesiasticum,

322 4988 379 5039 et
403 4978 527 5040 non
559 4978 719 5039 mére
749 4983 1167 5050 voluntarium,
1219 4978 1352 5038 cum
1401 4980 1756 5052 subjiciatur
1786 4978 1940 5032 infra
1973 4994 1984 5034 :

324 5078 347 5102 υ
381 5056 506 5121 Quo
537 5061 593 5111 et
623 5055 899 5127 religioni
930 5070 1119 5127 sacrae
1149 5054 1612 5127 satisfaceret”
1647 5067 1764 5127 non
1796 5056 1990 5105 tamen

315 5126 569 5184 liberum
593 5133 719 5181 erat
740 5122 1076 5197 imperatori
1106 5124 1375 5198 ejusdem
1390 5122 1608 5198 jejunii
1628 5122 1840 5198 diebus
1859 5136 1990 5198 con-

315 5201 473 5254 vivia
521 5199 776 5255 ducibus
821 5192 955 5253 suis
1001 5192 1255 5252 solemni
1299 5192 1473 5250 more
1511 5194 1783 5250 exhiberi
1813 5192 1989 5247 solita

314 5287 431 5328 non
464 5273 767 5342 praebere;
820 5270 1072 5323 maxime
1123 5283 1256 5322 cum
1305 5267 1459 5342 inter
1507 5264 1752 5342 eosdem
1801 5263 1987 5318 duces

312 5335 549 5415 plurimi
583 5335 776 5397 adhuc
805 5342 1100 5397 cthnicam
1129 5341 1527 5415 sequerentur
1556 5335 1928 5415 religionem.

383 5416 497 5497 (24)
528 5416 679 5497 Mss.
713 5429 832 5470 non
863 5428 1057 5497 pauci,
1096 5430 1119 5461 ι
1154 5413 1211 5464 et
1240 5410 1518 5497 princeps
1546 5409 1571 5488 (Ι
1596 5423 1751 5497 unus
1778 5448 1792 5478 ,
1824 5413 1886 5461 et
1913 5421 1987 5497 ne

306 5478 616 5560 princeps)
649 5478 1053 5560 humanitatis,
1106 5482 1363 5560 scenicae
1396 5478 1987 5560 alicujus-“formata

311 5548 537 5614 decore
562 5548 875 5629 deperiret.
912 5548 1116 5629 Romae
1138 5548 1731 5629 adolescensnobilis
1760 5549 1986 5629 nuntia-

310 5630 502 5702 batur,
545 5619 757 5702 J'us'sit,
788 5634 903 5702 etc.
937 5650 959 5675 »ν
998 5627 1194 5702 Minus
1243 5620 1570 5702 commode.
1604 5619 1790 5702 Extat
1804 5635 1983 5691 porro

308 5702 368 5755 in
429 5690 574 5757 Cod'.
620 5690 846 5757 The’od.
892 5701 1045 5758 lex“
1072 5696 1162 5755 De
1208 5692 1460 5753 scinicis
1490 5691 1643 5765 (anni
1687 5690 1813 5765 389,
1866 5706 1982 5765 qua

308 5773 585 5859 prohibet
614 5773 770 5831 idem
801 5772 897 5829 hic
950 5768 1397 5831 Valentinianus
1456 5761 1903 5845 Thymelicaw,‘
1924 5762 1984 5825 id

2103 4768 2270 4834 Quod
2300 4764 2480 4839 porro
2513 4765 2768 4836 negabat
2794 4764 3115 4839 imperator
3152 4775 3476 4839 passurum
3508 4775 3774 4839 seesse,

2105 4831 2173 4895 ut
2198 4831 2519 4910 quidquam
2550 4831 2926 4910 cruentum":
2962 4831 3176 4910 diebus
3210 4831 3436 4910 sanctis
3466 4834 3779 4910 statuere-

2107 4901 2236 4979 tur,’
2260 4933 2282 4958 ιι
2318 4901 2481 4964 extra
2513 4906 2983 4979 controversiam
3013 4906 3103 4960 est
3120 4901 3438 4979 paschales
3453 4902 3646 4979 ferias
3679 4901 3780 4979 hic

2106 4972 2432 5054 designari,
2465 4978 2742 5054 quietior.
2790 4977 3025 5054 nomine
3073 4977 3316 5054 propter
3353 4972 3489 5054 festi
3517 4972 3776 5054 praeel-

2106 5043 2344 5109 lentiam
2376 5043 2841 5122 appellabantur.
2894 5043 3253 5122 ambrosius
3281 5044 3353 5100 de
3397 5044 3517 5122 illis
3564 5043 3774 5122 italo-

2105 5125 2325 5196 quitur,
2360 5114 2532 5196 epist.
2567 5122 2657 5196 20,
2699 5135 2860 5175 num.
2892 5118 2971 5196 ϐλ
3008 5139 3031 5167 ι
3065 5117 3267 5196 Itaque
3298 5114 3529 5196 sanctis
3556 5114 3774 5196 diebus

2107 5185 2493 5250 hebdomadis
2542 5185 2762 5248 ultimm
2787 5233 2802 5262 ,
2853 5185 3411 5262 quibus_solebant_
3438 5185 3774 5262 debitorum

2104 5266 2290 5321 laxari
2320 5265 2574 5334 vincula,
2596 5268 2719 5320 .etc.
2769 5255 2796 5311 ί
2830 5255 3142 5316 veneratio
3173 5262 3374 5334 autem
3398 5256 3611 5334 borum
3650 5255 3773 5334 die:

2105 5354 2236 5392 rum
2267 5338 2360 5393 hic
2395 5337 2453 5390 in
2494 5327 2901 5390 V'atentiniano
2931 5335 3056 5388 erat
3083 5345 3154 5385 eo
3184 5327 3556 5396 laudabilior,
3590 5327 3770 5398 .quod

2103 5425 2223 5465 non
2255 5409 2428 5464 modo
2458 5408 2592 5480 lege
2621 5407 2655 5461 ὁ
2694 5405 2770 5480 de
2799 5402 3033 5480 (ndulg.
3054 5476 3063 5480 _
3085 5401 3266 5480 etim.
3298 5415 3332 5452 a
3363 5398 3772 5480 Valentiniano

2105 5482 2341 5536 seniore
2389 5468 2781 5550 latafquaaiin
2809 5477 2922 5531 hoc
2953 5468 3442 5550 f'esto_va_ri_orum
3475 5468 3771 5550 scelerum

2105 5556 2309 5609 sontes
2358 5539 2519 5606 solvi
2553 5539 2833 5623 fubebat,
2882 5547 2969 5611 rei
3015 5542 3345 5623 majestatis
3394 5539 3769 5623 excipieban-

2101 5628 2232 5691 tur;
2266 5638 2474 5678 verum
2522 5609 2697 5677 etiam
2740 5609 2937 5676 tribus
2983 5609 3624 5691 aliis'leg‘ibushquas
3664 5609 3764 5691 hic

2100 5679 2231 5767 ipse
2278 5693 2724 5772 Valentinianus
2768 5693 2974 5750 noster
3021 5686 3193 5746 annis
3226 5679 3368 5759 ⁷381,
3409 5679 3519 5744 ’384
3568 5685 3625 5742 et
3662 5679 3765 5743 385

2100 5769 2517 5844 promulgavit.
