4060 6178
298 265 457 330 1425

1176 268 1289 330 DE
1334 269 1594 334 OBITU
1639 269 2252 334 VALENTINIANI
2298 270 2860 353 CONSOLATIQ.

300 464 444 519 nihil
479 468 783 521 cruentum
816 466 1041 522 sanctis
1074 468 1407 538 prtesertim
1438 469 1652 524 diebus
1683 452 2046 525 statuere-5
2078 468 2257 524 indici
2288 485 2508 540 passus
2548 472 2687 526 est?
2731 470 3053 540 Praeterito,
3108 470 3314 542 inquit,
3366 487 3482 525 non
3523 474 3746 543 queunt

296 556 412 607 tur.
448 553 517 609 Et
548 568 681 609 cum
712 558 847 625 post
876 554 1099 627 aliquot
1120 556 1249 611 dies
1280 556 1971 631 accusatorislegeretur

297 641 556 711 libellus,
600 642 950 698 calumniam
998 645 1397 716 pronuntiavit
1441 647 1577 717 (2'7),
1623 652 1967 702 accusatum

297 730 504 801 libere,
530 731 718 787 donec
737 732 1055 803 praefectus
1072 738 1483 807 cognosceret,
1502 736 1823 790 observare
1842 735 1969 808 jus-

297 821 393 874 sit.
417 820 623 892 Neque
654 824 785 875 ante
816 825 914 876 aut
945 826 1152 893 postea
1182 825 1501 896 quisquam
1533 825 1672 880 tanti
1698 824 1965 880 criminis

297 908 410 964 sub
460 908 837 966 adolescente
884 911 1237 982 imperatore
1285 912 1620 968 formidavit
1661 913 1962 969 invidiam.

300 997 454 1054 Risit
484 998 857 1071 adolescens,
892 999 1048 1074 quod
1079 1000 1309 1057 robusti
1340 1006 1607 1061 metuunt
1638 1001 1963 1075 imperato-

298 1103 416 1142 1’88.

316 1186 319 1187 '
368 1178 454 1233 19.
487 1178 728 1234 Miserat
750 1182 991 1252 propter
1005 1181 1410 1251 recuperanda
1432 1178 1783 1253 templorum
1802 1181 1961 1255 jura,

297 1268 765 1324 sacerdotiorum
803 1269 1048 1341 profana
1092 1270 1203 1341 (28)
1245 1269 1579 1343 privilegia,
1615 1271 1810 1328 cultus
1862 1288 1964 1327 sa-

297 1373 533 1414 crorum
564 1373 831 1429 suorum,
868 1359 1054 1415 Roma
1083 1359 1335 1432 legatos,
1373 1362 1448 1429 et,
1484 1360 1642 1433 quod
1685 1365 1779 1417 est
1822 1378 1962 1435 gra-

295 1448 454 1518 vius,
489 1451 732 1504 senatus
761 1449 999 1505 nomine
1039 1449 1393 1505 nitebantur.
1430 1449 1501 1505 Et
1532 1465 1665 1505 cum
1695 1450 1964 1506 universi

295 1537 395 1609 qui
426 1536 488 1593 in
519 1537 879 1594 consistorio
901 1537 1163 1609 aderant,
1188 1536 1510 1593 Christiani
1539 1540 1759 1609 pariter
1790 1545 1964 1612 atque

294 1625 571 1700 gentiles,
593 1626 858 1682 dicerent
879 1642 1017 1682 esse
1040 1627 1358 1697 reddenda,
1381 1627 1549 1683 solus
1577 1627 1738 1683 velut
1758 1627 1965 1684 Daniel

295 1716 549 1771 excitato
580 1715 639 1771 in
671 1730 739 1771 se
771 1716 877 1771 Dei
909 1716 1130 1787 Spiritu
1163 1715 1337 1787 (Dan.
1369 1734 1495 1786 xm,
1527 1717 1640 1786 45),
1676 1717 1965 1790 arguebat

292 1804 557 1894 perfidia:
601 1804 997 1894 Christianos,
1029 1805 1354 1877 gentilibus
1399 1806 1674 1861 obviabat
1714 1805 1960 1862 dicens:
1995 1829 2048 1894 Β

292 1892 462 1959 Quod
507 1894 643 1966 pius
693 1893 876 1950 frater
914 1892 1146 1965 eripuit,
1190 1895 1484 1966 quomodo
1530 1911 1563 1949 a
1610 1910 1702 1951 me
1745 1895 1962 1966 putatis

290 1995 431 2038 esse
464 1982 872 2038 reddendum?
922 1998 1056 2037 cum
1086 1983 1145 2038 in
1189 1998 1258 2038 eo
1291 1988 1346 2039 et
1378 1984 1588 2058 religio
1628 1984 1877 2039 laedatur
1906 1986 1965 2039 et

292 2070 495 2141 frater,
528 2087 561 2126 a
593 2087 709 2144 quo
742 2087 810 2127 se
840 2071 1021 2127 nollet
1061 2073 1271 2144 pietate
1312 2073 1603 2145 superari.

379 2151 584 2217 1180
652 2162 740 2217 20.
775 2160 844 2216 Et
877 2177 1007 2216 cum
1040 2164 1282 2234 paterno
1316 2162 1734 2217 conveniretur
1762 2178 1961 2218 exem-

291 2250 412 2321 plo,
445 2250 602 2322 quod
632 2250 746 2306 sub
779 2254 941 2323 patre
981 2266 1090 2306 suo
1132 2265 1198 2306 ea
1242 2251 1441 2306 nullus
1479 2250 1825 2321 abstulerat,
1860 2267 1959 2307 re-

292 2339 564 2410 spondit:
598 2340 830 2403 Patrem
863 2355 1056 2395 meum
1080 2339 1355 2410 laudatis,
1381 2339 1515 2412 quia
1539 2356 1658 2395 non
1682 2339 1956 2396 abstulit:

290 2443 403 2485 nec
433 2443 545 2510 ego
579 2428 819 2484 abstuli.
852 2427 1152 2500 Numquid
1192 2434 1357 2500 pater
1395 2446 1564 2485 meus
1593 2429 1861 2496 reddidit,
1900 2434 1961 2485 ut

288 2534 385 2574 me
423 2517 641 2574 debere
680 2517 929 2574 reddere
969 2517 1332 2589 postuletis?
1382 2518 1689 2575 Postremo
1728 2518 1959 2574 etiamsi

288 2611 458 2679 pater
493 2606 875 2678 reddidisset,
911 2607 1094 2663 frater
1131 2606 1476 2678 abstulerat,
1511 2607 1861 2663 imitatorem
1902 2608 1961 2663 in

292 2711 362 2752 ea
409 2700 573 2769 parte
622 2697 826 2752 fratris
876 2712 1015 2752 esse
1063 2711 1154 2752 me
1203 2696 1456 2752 mallem.
1507 2698 1620 2752 Aut
1675 2695 1961 2769 numquid

289 2802 462 2843 meus
493 2790 658 2858 pater
687 2789 985 2859 angustus
1018 2785 1146 2854 fuit,
1179 2791 1235 2842 et
1278 2785 1459 2842 frater
1497 2802 1612 2841 non
1652 2786 1810 2842 fuit?
1852 2787 1964 2843 Par

285 2875 521 2948 utrique
561 2875 810 2931 debetur
856 2876 1207 2946 reverentia,
1260 2880 1316 2931 et
1360 2893 1467 2947 par
1515 2878 1825 2949 utriusque
1866 2882 1959 2933 est

290 2966 450 3020 circa
506 2963 929 3036 rempublicam
986 2966 1193 3039 gratia.
1255 2964 1583 3038 Utrumque
1650 2966 1954 3022 imitabor:

287 3058 350 3108 ut
379 3055 436 3109 et
467 3069 583 3109 non
612 3053 854 3109 reddam
893 3054 1049 3126 quod
1081 3057 1246 3125 pater
1290 3054 1538 3111 reddere
1578 3071 1694 3110 non
1732 3056 1956 3125 potuit;

287 3144 427 3216 quia
469 3143 669 3200 nullus
720 3143 1082 3199 abstulerat:
1134 3149 1190 3199 et
1231 3159 1467 3200 servem
1505 3144 1664 3217 quod
1705 3159 1737 3199 a
1778 3144 1958 3200 fratre

288 3237 383 3291 est
424 3235 824 3289 constitutum.
856 3232 1124 3288 Postulet
1166 3248 1383 3304 parens
1428 3233 1614 3290 Roma
1644 3234 1755 3289 alia
1787 3250 1957 3306 quee-

287 3338 523 3397 cunque
572 3323 906 3379 desiderat:
966 3322 1153 3378 debeo
1211 3321 1480 3379 affectum
1538 3324 1786 3395 parenti,
1850 3321 1956 3378 sed

286 3412 483 3485 magis
514 3412 866 3485 obsequium
897 3411 1084 3468 debeo
1116 3411 1325 3467 salutis
1360 3412 1604 3469 auctori.

356 3502 449 3558 2t.
509 3501 658 3570 Quid
706 3502 777 3558 de
820 3516 1019 3558 amore
1067 3502 1514 3573 provincialium
1572 3502 1801 3575 loquar,
1864 3501 1955 3557 vel

286 3607 407 3666 quo
439 3607 545 3650 eos
584 3592 714 3665 ipse
755 3590 1272 3664 complectebatur,
1308 3591 1403 3648 vel
1440 3591 1542 3664 qui
1580 3590 1652 3647 ab
1698 3591 1772 3647 iis
1818 3604 1956 3647 con-

287 3682 501 3740 sultori
549 3696 659 3740 suo
716 3680 1168 3755 rependebatur,
1220 3680 1439 3754 quibus
1499 3679 1642 3738 nihil
1698 3696 1957 3756 unquam

359 3842 474 3913 (27)
506 3842 676 3899 Rom.
709 3842 847 3899 edit.
880 3859 1014 3898 cum
1036 3842 1333 3914 superior.
1361 3841 1520 3912 edit.,
1552 3866 1573 3890 ει
1602 3841 1956 3914 calumniam

282 3912 817 3987 pronuntiaturus;
873 3937 895 3962 ιι
935 3918 995 3968 at
1026 3912 1298 3986 sequenti
1325 3930 1507 3969 versu
1543 3913 1758 3987 eadem
1803 3914 1953 3984 sola,

291 3985 317 4034 '-
352 3987 902 4058 observarijussit:
944 4007 965 4036 υ
1001 3985 1150 4042 mss.
1184 3988 1376 4041 autem
1408 3985 1721 4057 utrobique
1753 3987 1814 4041 ut
1842 4001 1955 4041 nos

283 4059 347 4113 in
377 4060 560 4113 textu.

358 4129 474 4199 (28)
498 4129 644 4184 Mss.
670 4127 955 4197 nonnulli,
993 4150 1015 4179 ι
1053 4127 1427 4199 sacerdotum
1451 4126 1611 4199 jura.
1650 4151 1672 4177 υ
1709 4128 1953 4184 Duobus

280 4216 468 4272 porro
500 4199 759 4272 diversis
781 4199 1149 4272 temporibus
1170 4198 1798 4272 gentilesreligionum
1829 4215 1959 4272 sua-

284 4268 422 4327 rum
452 4271 888 4327 restitutionem
905 4268 952 4325 'a
986 4268 1393 4327 Valentiniano
1420 4268 1659 4340 juniore
1688 4270 1956 4341 postula-

283 4346 521 4423 verunt,
562 4358 717 4423 anno
767 4342 997 4423 scilicet
1044 4342 1334 4423 θερί-(1110
1381 4341 1715 4423 praefectus
1755 4342 1957 4423 Roma)

281 4413 686 4487 Symmachus
704 4418 861 4487 erat,
896 4413 1072 4487 cujus
1109 4412 1397 4487 Βριαῑὶοηί
1441 4412 1795 4468 Ambrosius
1827 4414 1954 4487 epi-

283 4483 444 4541 stola
474 4484 540 4540 t'l
571 4489 626 4541 et
658 4483 725 4540 18
755 4483 1082 4554 respondit.
1115 4484 1259 4539 Cum
1290 4487 1483 4539 autem
1515 4489 1637 4539 tum
1666 4484 1953 4554 temporis

283 4556 434 4613 nihil
492 4557 929 4627 impetrassent.
991 4556 1389 4627 occasionem,
1449 4560 1511 4611 ut
1555 4555 1953 4626 autumabant,

282 4626 748 4686 commodiorem
777 4628 952 4698 nacti,
986 4626 1204 4698 reduce
1237 4627 1507 4682 nimirum
1540 4627 1954 4686 Constantino-

281 4699 470 4770 polim
519 4698 879 4768 Theodosio,
933 4701 988 4756 et
1047 4697 1452 4755 Valentiniano
1504 4700 1564 4754 in
1618 4699 1829 4756 Galliis
1881 4700 1956 4756 ab

282 4771 627 4842 Arbogaste
691 4770 751 4826 in
809 4770 1155 4826 servitutem
1212 4770 1635 4842 propemodum
1693 4770 1953 4842 redacto,

281 4839 759 4914 priore'm‘suum
798 4844 1091 4914 conatum,
1126 4840 1231 4914 sed
1280 4839 1490 4914 affectu
1525 4840 1722 4914 irrito,
1776 4839 1954 4914 itera-1

279 4911 519 4968 'verunt.
555 4911 637 4967 De
670 4912 1010 4984 bacultima
1052 4912 1330 4984 petitione
1377 4911 1637 4984 loquitur
1666 4911 1780 4984 hoc
1824 4912 1955 4984 loco

281 4988 536 5040 sanctus
585 4983 826 5055 praesul,
869 4998 1055 5055 quam,
1085 4982 1260 5055 paulo
1292 4982 1474 5055 Aante'
1499 4984 1721 5055 obitum
1769 4982 1954 5054 hujus

280 5053 601 5126 principis
634 5055 686 5111 ei
730 5053 983 5126 oblatam
1042 5054 1195 5108 infra
1239 5053 1567 5126 rsignit‘icat.
1601 5053 1956 5126 ﬂUtramque

281 5125 767 5207 autemnegregie
805 5125 1134 5207 distinguit
1157 5125 1451 5207 ανὴρ-57,
1484 5126 1557 5207 ad
1599 5125 1951 5207 Eugenium,

284 5196 443 5268 unde
467 5195 697 5268 Paulini
723 5212 893 5251 error
921 5195 1216 5268 detegitur
1246 5195 1319 5250 ad
1350 5195 1717 5268 legationem“
1731 5195 1955 5268 Caesari

277 5268 342 5321 in
372 5266 598 5322 Gallias
628 5268 875 5322 missam
908 5266 1778 5322 duos’Ambrosiar—ios.libellos
1810 5267 1957 5324 refe-

279 5339 495 5407 rentis,
540 5342 603 5392 ut
648 5338 720 5393 ad
779 5337 1044 5393 eamdem
1104 5336 1412 5407 epistolam
1473 5338 1950 5393 observavimus.

276 5408 451 5475 Quod
484 5424 630 5463 vero
661 5409 917 5480 priorem
949 5409 1293 5464 relationem
1324 5407 1419 5463 hic
1452 5409 1688 5464 silentio
1713 5409 1955 5464 Ambro-

281 5482 418 5551 sius
470 5480 753 5550 praeterit,
787 5484 843 5536 et
883 5480 1189 5535 modestiae
1221 5495 1400 5534 causa
1435 5480 1590 5545 facit,
1625 5495 1697 5535 ne
1728 5497 1793 5551 se
1824 5480 1953 5551 ipse

278 5550 528 5606 laudare
576 5551 895 5619 videretur,
947 5555 1002 5605 ct
1056 5551 1299 5605 honoris
1352 5552 1413 5605 in
1462 5550 1952 5618 Valentinianum,

275 5622 355 5676 ad
388 5637 566 5691 quem
612 5623 894 5678 secundae
940 5621 1300 5693 repulsionis
1350 5622 1540 5693 gloria
1572 5622 1797 5677 redibat
1831 5622 1956 5676 uni-

278 5708 462 5749 versa
471 5735 483 5748 .

1990 4542 2276 4610 Dtuinf:
2330 4552 2499 4608 Rom.
2553 4569 2685 4608 cum
2736 4542 2848 4607 alia

2081 556 2337 629 solvere,
2372 573 2523 613 nova
2553 558 2823 629 poterunt
2855 560 3154 615 sustinere
3176 560 3204 613 ?
3244 558 3334 613 Ex
3364 559 3475 614 hoc
3506 558 3746 614 laudant

2078 648 2400 718 provinciae
2421 647 2714 702 Julianum
2746 648 2892 718 (29):
2927 651 2983 704 et
3012 648 3108 703 ille
3139 648 3376 720 quidem
3406 648 3466 702 in
3497 648 3745 704 robusta

2080 739 2269 805 aetate,
2302 735 2415 791 iste
2445 737 2503 790 in
2531 752 2823 807 processu
2863 737 3314 806 adolescentiae;
3355 737 3451 791 ille
3491 735 3743 808 plurima

2079 825 2317 895 reperit,
2377 830 2432 881 et
2488 826 2763 881 exhausit
2818 828 3054 893 omnia;
3124 826 3236 881 iste
3292 824 3437 881 nihil
3497 825 3738 897 invenit,

2077 918 2135 968 et
2165 914 2438 969 omnibus
2479 914 2816 970 abundavit.

2146 1000 2233 1059 22.
2270 1004 2510 1059 Audivit
2546 1004 2606 1060 in
2635 1003 3042 1077 Transalpinis
3083 1005 3351 1076 partibus
3381 1003 3632 1075 positus,
3667 1007 3740 1059 ad

2077 1093 2258 1149 Italia:
2302 1094 2451 1150 fines
2492 1094 2784 1151 barbaros
2828 1095 3295 1168 propinquasse:
3343 1094 3636 1150 sollicitus
3666 1111 3739 1150 ne

2076 1181 2267 1238 alieno
2335 1183 2507 1240 hoste
2560 1200 2735 1240 suum
2785 1200 3038 1258 regnum
3085 1187 3489 1254 attentaretur,
3537 1184 3739 1240 venire

2076 1272 2450 1343 properabat,
2500 1272 2746 1345 cupiens
2789 1273 3080 1329 dimittere
3126 1272 3423 1329 Gallicana
3483 1275 3619 1344 otia,
3683 1277 3741 1329 et

2074 1360 2337 1430 pericula
2369 1366 2572 1417 nostra
2603 1364 2934 1435 suscipere.
3245 1420 3251 1427 ,

2146 1449 2232 1504 23.
2269 1449 2411 1505 Haec
2454 1450 2597 1506 mihi
2634 1466 2768 1506 cum
2807 1452 2940 1507 aliis
2971 1452 3323 1507 communia.
3358 1451 3459 1506 Illa
3490 1451 3737 1522 privata,

2075 1539 2231 1609 quod
2262 1553 2424 1609 saepe
2456 1554 2547 1594 me
2587 1541 2918 1612 appellabat
2973 1541 3298 1608 absentem,
3331 1543 3388 1596 et
3425 1556 3457 1595 a
3491 1557 3583 1597 me
3624 1541 3739 1596 ini-

2072 1626 2334 1683 tiandum
2364 1627 2476 1699 (30)
2510 1643 2577 1683 se
2608 1628 2800 1684 sacris
2840 1630 3143 1701 mysteriis
3182 1630 3554 1700 praeferebat.
3589 1628 3738 1695 Quin

2073 1716 2246 1771 etiam
2299 1732 2431 1771 cum
2479 1732 2682 1772 rumor
2719 1718 2956 1790 quidam
2996 1718 3068 1773 ad
3106 1718 3502 1774 Viennensem
3541 1723 3738 1790 pertu-

2072 1802 2245 1860 lisset
2272 1805 2501 1873 urbem,
2538 1805 2695 1878 quod
2732 1805 3015 1860 invitandi
3058 1804 3192 1877 ejus
3235 1806 3305 1861 ad
3344 1806 3566 1860 Italiam
3597 1820 3738 1879 gra-

2071 1892 2149 1948 tia
2199 1907 2269 1948 eo
2299 1908 2648 1967 pergerem;
2696 1910 2871 1966 quam
2914 1894 3225 1966 gaudebat,
3260 1910 3435 1965 quam
3477 1894 3737 1965 gratula~

2070 1981 2245 2037 batur
2300 1999 2394 2038 me
2434 1982 2552 2037 sibi
2598 1985 2793 2055 optato
2840 1980 3083 2038 adforet
3134 1982 3297 2037 Mora
3347 1981 3401 2038 ei
3450 1982 3738 2037 adventus

2069 2072 2183 2127 mei
2236 2071 2523 2142 prolixior
2565 2072 2895 2127 videbatur.
2931 2074 3122 2143 Atque
3173 2072 3392 2126 utinam
3421 2072 3737 2126 adventum

2070 2160 2262 2230 ipsius
2296 2160 2495 2217 nullus
2527 2160 2922 2231 praevenisset
2953 2162 3195 2215 nuntius
3222 2159 3234 2215 Ι

2138 2249 2228 2304 24.
2262 2249 2393 2304 Jam
2440 2249 2830 2321 promiseram
2874 2264 2967 2304 me
3013 2249 3438 2320 profecturum,
3480 2263 3735 2319 respon-

2071 2336 2218 2393 dens
2250 2337 2343 2393 vel
2394 2337 2699 2393 honoratis
2730 2337 3065 2407 petentibus
3108 2336 3240 2409 (81),
3289 2336 3380 2392 vel
3430 2336 3732 2408 praefecto,

2073 2430 2133 2481 ut
2178 2425 2579 2498 tranquillitati
2630 2425 2809 2481 Italiae
2848 2426 3282 2496 consuleretur,
3316 2441 3408 2480 me
3440 2427 3597 2481 sicut
3626 2443 3735 2481 su-

2070 2516 2297 2588 perfluo
2328 2517 2608 2587 ingerere
2643 2529 2760 2569 non
2780 2529 3023 2586 possem
3063 2517 3302 2585 prepter
3327 2507 3358 2568 1
3378 2505 3511 2569 181
3559 2529 3735 2568 vere-

2070 2605 2365 2673 cundiam,
2400 2604 2477 2658 ita
2507 2603 2966 2659 necessitatibus
3006 2618 3123 2658 non
3173 2601 3532 2657 defuturum.
3583 2599 3736 2657 Con-

2069 2693 2365 2753 ﬁrmatum
2394 2692 2509 2748 hoc
2542 2696 2699 2748 erat:
2744 2706 2884 2747 ecce
2933 2690 3218 2763 postridie
3268 2690 3384 2761 (82)
3422 2690 3631 2746 litterae
3661 2691 3734 2746 de

2069 2782 2436 2841 instruendis
2478 2781 2907 2851 mansionibus,
2959 2779 3213 2836 invectio
3255 2784 3734 2836 ornamentorum

2070 2871 2379 2944 regalium,
2411 2870 2641 2942 aliaque
2672 2870 2966 2943 ejusmodi
3000 2886 3133 2941 quae
3174 2869 3591 2941 ingressurum
3623 2869 3735 2924 iter

2070 2962 2484 3032 imperatorem
2514 2959 2940 3032 signiﬁcarent.
2973 2957 3201 3024 Quibus
3248 2959 3430 3014 rebus
3478 2959 3551 3013 ab
3582 2958 3735 3029 ipsis

2066 3066 2098 3105 a
2158 3049 2376 3123 quibus
2444 3049 2675 3107 fuerant
2739 3048 3049 3121 postulata,
3108 3048 3449 3103 intermissa
3516 3048 3734 3120 legatio

2070 3144 2180 3196 est.

2137 3230 2225 3286 25.
2260 3230 2422 3285 Reus
2455 3228 2596 3284 mihi
2629 3226 2874 3283 videbar
2905 3230 3155 3299 speratae
3201 3241 3346 3281 mea;
3394 3226 3733 3297 praesentiae

2067 3334 2175 3374 nec
2208 3318 2497 3390 impletae:
2537 3317 2643 3375 sed
2696 3316 2914 3373 utinam
2963 3315 3181 3372 viventi
3222 3315 3324 3370 tibi
3368 3317 3522 3370 hunc
3555 3314 3733 3370 debe-

2069 3423 2193 3464 rem
2242 3406 2500 3465 reatuml
2551 3408 2913 3463 Excusarem
2962 3406 3120 3479 quod
3178 3405 3336 3461 nulla
3387 3408 3484 3460 tua
3533 3404 3730 3459 audis-

2066 3511 2194 3554 sem
2224 3498 2505 3572 pericula,
2531 3497 2722 3554 nullas
2753 3499 2885 3552 tuas
2914 3496 3280 3567 accepissem
3302 3493 3551 3563 litteras,
3574 3494 3733 3566 quod

2065 3603 2184 3644 non
2249 3588 2578 3659 potuissem
2641 3587 2898 3658 prepriis
2968 3584 3321 3641 animalibus
3388 3597 3727 3653 occurrere,

2066 3676 2294 3734 etiamsi
2329 3679 2435 3733 iter
2467 3677 2783 3749 ingressus
2829 3689 3047 3731 essem.
3090 3675 3289 3748 Itaque
3337 3688 3591 3729 securus
3631 3690 3731 3745 ve-

2138 3840 2250 3911 (29)
2281 3840 2577 3912 Julianum
2607 3840 2951 3912 Apostatam
3001 3837 3282 3912 intellige,
3332 3856 3363 3894 a
3413 3855 3531 3912 quo
3578 3857 3731 3912 non-

2067 3912 2224 3969 nulla
2254 3910 2717 3983 provincialibus
2751 3910 3003 3983 remissa
3035 3910 3323 3983 discimus
3364 3910 3449 3983 exi
3484 3910 3616 3983 lege
3664 3911 3724 3965 11

2068 3984 2142 4039 de
2189 3980 2461 4054 Inimum't
2505 3998 2688 4051 conc.,
2743 3983 2875 4054 lege
2934 3980 2959 4037 1
3014 3981 3088 4038 de
3113 3981 3362 4054 Indum.
3409 3980 3620 4054 dedit,
3675 3987 3731 4037 et

2066 4054 2198 4126 lege
2243 4054 2381 4109 item
2431 4052 2457 4110 1
2505 4055 2579 4109 de
2626 4052 3055 4126 Auro‘Coron.
3108 4052 3393 4126 Ejusdem
3440 4052 3727 4126 principis

2065 4124 2472 4196 liberalitatem
2519 4124 2735 4181 ethnici
2794 4125 3118 4196 scriptores
3160 4124 3388 4181 'mirum
3442 4124 3729 4196 quantum

2066 4195 2332 4253 effer-unt.
2384 4196 2588 4252 Adisis
2622 4194 2934 4253 Libanium
2963 4199 3019 4252 et
3058 4194 3479 4253 Mamertinum
3500 4196 3558 4250 in
3591 4194 3726 4266 ejus

2063 4267 2220 4323 Orat.
2254 4283 2535 4341 panegyr.
2572 4274 2628 4324 et
2668 4268 3178 4341 Ammianumglib.
3222 4285 3343 4323 xxv
3381 4267 3725 4341 Hist.,_cap.

2065 4340 2118 4411 4,
2151 4336 2325 4410 quem
2358 4336 2551 4393 locum
2592 4356 2724 4411 cum
2767 4339 2841 4393 iis
2883 4357 3015 4411 qua:
3054 4339 3303 4411 lib.xvi,
3329 4354 3454 4407 cap.
3480 4336 3530 4405 5,
3574 4337 3727 4390 idem

2064 4410 2311 4482 dixerat.
2345 4425 2506 4482 aegre
2537 4410 2839 4465 conciliari
2874 4410 3085 4466 fatetur
3118 4410 3413 4465 Valesius.

2135 4481 2246 4551 (30)
2280 4478 2574 4536 Vetfedit.
2608 4497 2742 4537 cum
2774 4485 2936 4550 parte
2976 4498 3145 4548 mss.,
3183 4502 3205 4532 ι
3243 4485 3299 4536 et
3335 4497 3368 4534 a
3409 4495 3500 4535 me
3541 4478 3726 4541 initia-

2932 4555 3074 4621 arte,
3128 4577 3149 4601 α
3199 4557 3254 4609 et
3293 4569 3324 4605 a
3365 4566 3456 4605 me
3496 4551 3728 4606 initian-

2066 4625 2238 4681 dum:
2295 4645 2315 4676 ι
2368 4624 2522 4695 quod
2572 4625 2771 4694 potius
2821 4621 3169 4695 habendum,
3198 4623 3507 4695 sequentia
3555 4621 3726 4694 plane

2542 4693 2760 4765 quibus
2827 4696 2999 4749 etiam
3064 4693 3301 4751 addere
3340 4693 3523 4763 licet,
3594 4709 3728 4764 quae

2066 4695 2427 4769 persuadent
2463 4711 2475 4750 :

3034 4781 3195 4823 num.
3256 4765 3309 4835 2,
3371 4765 3577 4822 scribit
3638 4765 3729 4820 vir

2064 4765 2137 4824 ad
2197 4766 2596 4823 Theodosium
2654 4766 2827 4838 epist.
2887 4765 2974 4834 58,

2066 4843 2332 4894 sanctus.

2137 4910 2249 4979 (31)
2287 4907 2534 4974 Quinam
2574 4908 2844 4964 dicantur
2890 4909 3179 4975 honorati,
3232 4907 3589 4978 explicatum
3639 4912 3731 4964 est

2065 4981 2136 5036 ad
2187 4978 2285 5036 lib.
2334 4996 2373 5033 ιι
2418 4978 2588 5034 Ofﬁc.
2624 4995 2751 5050 cap.
2793 4980 2883 5047 29,
2936 4995 3092 5035 num.
3144 4979 3271 5034 150.
3320 4978 3486 5044 Quod
3539 4982 3731 5034 autem

2067 5052 2265 5107 subdit
2297 5066 2363 5105 se
2395 5050 2469 5107 ab
2500 5050 2769 5105 adeundo
2802 5051 3149 5121 imperatore
3179 5052 3539 5106 verecundia
3565 5066 3731 5104 revo-

2067 5124 2208 5192 cari,
2261 5121 2439 5247 plane
2498 5123 2772 5193 congruit
2831 5137 2961 5176 cum
3012 5122 3185 5192 epist.
3238 5123 3289 5194 1,
3340 5124 3411 5176 ad
3469 5122 3726 5176 Gratian.

2067 5210 2224 5247 num.
2298 5235 2310 5247 .

2066 5210 2224 5249 num.
2261 5210 2310 5248 ’l.

2137 5263 2761 5335 (32)Mss.nonpauei:
2801 5285 2822 5314 ι
2861 5261 3014 5335 Ecce
3045 5266 3179 5334 post
3210 5264 3487 5318 triduum.
3519 5283 3540 5312 iv
3574 5261 3729 5315 Con-

2066 5334 2236 5391 tinuo
2257 5350 2398 5406 vero
2428 5334 2573 5406 post
2599 5358 2629 5406 «ν
2655 5334 3019 5406 instruendis
3050 5334 3482 5406 mansionibus,
3522 5352 3544 5382 ι
3579 5346 3731 5404 qua-

2068 5422 2197 5462 rum
2228 5405 2324 5461 hic
2356 5405 2695 5477 tit’montio,
2731 5405 2873 5461 nihil
2925 5405 3080 5460 aliud
3129 5405 3523 5477 significatur,
3556 5418 3733 5477 quam

2065 5477 2299 5547 publica
2339 5477 2608 5549 quaedam
2647 5476 2996 5541 diversoria,
3030 5493 3164 5548 quae
3193 5473 3585 5549 principibus
3624 5473 3734 5531 iter

2067 5549 2335 5617 facturis,
2352 5546 2708 5618 rectoribus,
2725 5553 2899 5618 atque
2921 5546 3064 5602 adeo
3089 5548 3372 5601 militibus
3397 5546 3566 5618 ipsis,
3583 5561 3733 5615 prae-

2107 5615 2448 5688 arabantur,
2470 5634 2602 5673 cum
2627 5615 3145 5688 proficiscerentur
3176 5618 3234 5671 in
3268 5615 3724 5688 expeditionem.

2107 5637 2448 5688 arananulr,
2470 5637 2602 5673 cum
2627 5637 3145 5688 prouolscerenmr
3176 5637 3234 5671 ιη
3268 5637 3724 5687 expeditionem.

2067 5637 2214 5746 lVide
2235 5690 2655 5747 Cassiodorum
2697 5690 2796 5747 lib.
2824 5706 2905 5744 xu
2949 5686 3204 5758 Varian,
3239 5688 3411 5761 epist.
3456 5686 3521 5742 18
3559 5691 3615 5741 et
3645 5687 3731 5744 19.

3558 256 3750 333 ‘1426
3862 255 3867 258 ’
