4098 6178
378 369 534 435 1427

1802 372 1866 436 S.
1913 372 2356 440 AMBROSII.

3633 380 3768 447 1428

375 571 509 641 nite,
559 571 696 626 dum
754 571 882 626 dies
923 572 1214 644 subduco,
1261 575 1549 632 adventus
1597 577 1679 632 tui
1717 577 1827 632 iter
1870 558 2120 649 ΙθεοςᾹ
2158 578 2440 648 inflexus,
2476 581 2671 634 tecum
2702 579 3148 636 remansissem.
3174 579 3595 636 Praesumebam
3621 582 3683 638 de
3709 587 3772 654 te,

375 676 514 716 ecce
558 661 914 732 rescriptum
957 661 1070 732 (33)
1120 665 1364 735 accipio,
1411 669 1474 719 ut
1521 665 1650 721 sine
1699 681 1863 721 mora
1907 682 2038 737 per-

373 751 633 822 gendum
663 755 948 822 putarem,
982 767 1051 806 eo
1083 755 1240 824 quod
1271 754 1479 809 vadem
1511 754 1644 809 fidei
1677 757 1792 811 tuae
1815 756 2034 811 habere

375 856 466 894 me
500 841 652 910 apud
689 841 958 896 comitem
986 845 1152 896 tuum
1192 843 1400 898 velles.
1440 843 1592 898 Num
1627 845 1860 899 restiti?
1894 859 2039 899 num

374 933 636 986 moratus
687 931 864 985 sum?
907 931 1157 985 Additur
1204 947 1273 986 eo
1320 936 1382 987 ut
1427 949 1806 1004 preperarem
1849 935 2038 1004 ocius,

372 1035 481 1074 nec
523 1019 842 1075 arbitrarer
883 1035 1125 1074 causam
1165 1021 1393 1076 itineris
1435 1022 1550 1077 mei
1579 1023 1869 1094 synodum
1901 1023 2041 1080 Gal-

374 1111 564 1162 lorum
579 1124 717 1163 esse
733 1109 1168 1180 episcoporum,
1186 1116 1426 1181 propter
1436 1127 1686 1183 quorum
1699 1113 2041 1184 frequentes

370 1199 750 1256 dissensione
783 1197 1029 1254 crebros
1063 1213 1153 1254 me
1183 1215 1613 1256 excusaveram
1645 1200 1810 1272 (33‘);
1842 1202 1950 1256 sed
1982 1205 2042 1258 ut

370 1289 499 1358 ipse
529 1287 942 1356 baptizaretur.
1029 1309 1044 1322 ο
1298 1279 1302 1282 ’

439 1377 528 1432 26.
563 1376 626 1431 Ιιι
657 1375 788 1446 ipso
816 1391 1074 1448 agressa
1106 1381 1410 1450 gestarum
1437 1377 1562 1450 jam
1593 1394 1794 1434 rerum
1824 1379 2042 1436 indicia

369 1467 532 1536 potui
563 1481 954 1538 cognoscere,
991 1467 1096 1521 sed
1134 1467 1490 1538 properandi
1530 1469 1726 1524 studio
1759 1469 1902 1524 nihil
1933 1470 2040 1525 ad-

367 1559 600 1610 vertere
631 1559 914 1626 poteram.
951 1556 1082 1611 Jam
1124 1557 1482 1628 superabam
1521 1559 1756 1628 Alpium
1783 1558 1952 1632 juga,
1985 1563 2042 1615 et

369 1661 509 1700 ecce
556 1645 800 1700 nuntius
856 1659 1094 1700 amarus
1139 1646 1284 1700 mihi
1341 1649 1398 1701 et
1443 1647 1719 1702 omnibus
1767 1648 1838 1702 de
1897 1649 2041 1703 tanti

368 1738 556 1789 morte
600 1735 998 1804 imperatoris.
1055 1734 1284 1789 Reﬂexi
1334 1735 1464 1804 iter,
1515 1738 1571 1790 et
1612 1735 1850 1818 ﬂetibus
1889 1738 2040 1792 meis

369 1823 506 1878 lavi.
538 1822 767 1888 Quibus
799 1838 912 1896 ego
940 1823 1097 1878 votis
1127 1823 1386 1878 omnium
1417 1825 1892 1895 proficiscebar?
1921 1842 2038 1898 quo

369 1911 871 1986 gemituomnium
893 1911 1279 1968 revertebar?
1307 1929 1424 1968 non
1447 1914 1604 1969 enim
1627 1915 2040 1985 imperatorem
2070 1938 2118 1999 Β

367 2002 505 2072 sibi,
555 2001 662 2056 sed
707 2000 958 2056 salutem
1007 2003 1266 2072 ereptam
1308 2003 1606 2074 putabant.
1639 2002 1867 2069 Quanto
1911 2005 2040 2076 ipse

365 2090 628 2163 angebar
672 2089 925 2145 dolore?
973 2091 1226 2162 primum
1275 2092 1431 2164 quod
1476 2095 1676 2148 tantus
1727 2093 2037 2164 princeps,

368 2179 525 2252 quod
559 2179 731 2233 dulce
760 2177 982 2250 pignus
1023 2195 1238 2250 meum,
1272 2181 1427 2253 quod
1469 2181 1548 2236 ita
1579 2181 1694 2236 mei
1725 2182 2040 2253 cupidissi-

367 2285 501 2324 mus
533 2267 874 2324 occidisset.
923 2267 1084 2334 Quos
1133 2285 1248 2342 ego
1297 2273 1485 2325 aestus
1535 2270 1670 2343 ejus
1719 2271 1819 2328 illo
1859 2271 2039 2327 biduo

368 2357 562 2414 fuisse
587 2357 876 2428 comperi,
910 2359 1067 2429 quod
1114 2357 1333 2414 litteris
1363 2376 1513 2431 quas
1544 2361 1616 2415 ad
1648 2376 1740 2417 me
1772 2362 2036 2432 miserat,

373 2447 749 2520 supervixit?
779 2447 1029 2516 Vesperi
1062 2447 1488 2516 profectus‘est
1509 2449 1871 2506 silentiarius
1901 2451 2037 2522 (34),

369 2537 544 2594 testio
576 2536 670 2592 die
699 2551 869 2591 mane
901 2535 1224 2608 quaerebat,
1241 2536 1440 2608 jamne
1471 2539 2040 2612 remeasset,jamne

369 2625 636 2680 venirem
661 2641 674 2682 :
723 2625 802 2680 ita
835 2625 953 2680 sibi
985 2625 1236 2681 salutem
1266 2627 1578 2698 quamdam
1608 2631 1917 2686 venturam
1945 2645 2038 2699 ar-

369 2713 702 2770 bitrabatur
716 2715 746 2770 ?

441 2821 532 2876 2'7.
565 2821 613 2876 Ο
661 2821 902 2892 juvenis
961 2822 1196 2892 optime,
1240 2822 1460 2878 utinam
1507 2829 1564 2880 te
1613 2825 1907 2882 viventem
1948 2827 2040 2881 in-

373 2909 578 2964 venire
617 2909 966 2980 potuissem,
1009 2911 1229 2964 utinam
1267 2915 1324 2967 te
1363 2912 1558 2968 dilatio
1609 2913 1803 2986 aliqua
1846 2907 2041 2972 1182

345 2992 506 3054 ‘meo
555 3002 934 3054 reservasset
980 2999 1290 3056 adventui!
1352 3001 1511 3056 Nihil
1560 3002 1633 3058 de
1675 3003 1868 3076 aliqua
1929 3005 2042 3060 mei

376 3089 592 3142 virtute
622 3089 924 3160 polliceor,
957 3089 1104 3144 nihil
1133 3091 1204 3144 de
1234 3091 1472 3162 ingenio
1489 3095 1662 3164 atque
1691 3093 1999 3163 prudentia
2026 3109 2038 3149 :

378 3179 486 3234 sed
519 3171 748 3250 quanta
797 3193 910 3250 ego
961 3194 1102 3233 cura
1149 3179 1304 3236 inter
1344 3185 1400 3236 te
1439 3183 1496 3236 et
1543 3183 1815 3237 comitem
1853 3186 2038 3253 tuum,

2157 667 2315 738 quod
2349 667 2478 738 ipse
2511 683 2604 724 me
2633 668 2897 740 audires,
2932 670 2984 724 si
3015 684 3121 740 pro
3161 673 3216 725 te
3256 685 3369 726 non
3399 685 3529 726 esse
3556 670 3778 728 auditum

2155 756 2414 812 videres.

2233 845 2321 900 28.
2356 845 2538 900 Multa
2577 845 2924 917 habueram,
2969 863 3102 920 quae
3137 850 3432 919 tenerem;
3477 863 3620 905 nunc
3659 850 3778 906 nihil

2166 934 2356 990 habeo
2406 936 2628 1006 prater
2675 935 2968 1006 lacrymas
3017 939 3073 992 et
3119 937 3312 994 ﬂetus.
3361 936 3615 1004 Quotidie
3665 940 3783 995 mihi

2157 1022 2350 1094 major
2379 1024 2451 1079 ad
2483 1023 2746 1080 dolorem
2779 1040 2869 1096 es,
2904 1026 3132 1082 crescis
3171 1026 3242 1080 ad
3275 1027 3568 1099 gemitum.
3595 1024 3780 1084 Omnes

2161 1112 2360 1184 quanti
2393 1127 2487 1168 me
2519 1113 2739 1169 feceris
2763 1117 3168 1185 protestantur
3189 1114 3340 1186 (36):
3374 1130 3573 1172 omnes
3599 1117 3784 1172 absen-

2159 1201 2296 1256 tiam
2327 1217 2518 1258 meam
2550 1217 2790 1257 causam
2824 1206 2940 1258 tuae
2971 1203 3181 1260 mortis
3221 1203 3532 1276 appellant.
3561 1202 3668 1260 Sed
3693 1220 3788 1260 non

2159 1307 2294 1346 sum
2329 1291 2512 1361 Elias,
2547 1307 2665 1346 non
2697 1307 2828 1346 sum
2861 1291 3169 1364 propheta,
3203 1297 3268 1348 ut
3313 1293 3594 1364 potuerim
3621 1293 3786 1349 futura

2157 1395 2560 1452 cognoscere:
2615 1381 2722 1435 sed
2772 1395 2906 1436 sum
2963 1397 3080 1436 vox
3126 1381 3434 1436 clamantis
3477 1381 3532 1436 in
3575 1383 3784 1455 gemitu,

2155 1485 2274 1540 quo
2319 1469 2549 1540 possim
2595 1469 2813 1524 deflere
2864 1470 3185 1540 praeterita.
3235 1469 3386 1537 Quid
3434 1471 3584 1526 enim
3625 1470 3784 1526 habeo

2153 1557 2312 1630 quod
2357 1557 2570 1613 melius
2621 1555 2854 1627 faciam,
2916 1574 3092 1632 quam
3133 1562 3196 1614 ut
3240 1559 3346 1614 tibi
3383 1559 3662 1632 lacrymas
3698 1574 3783 1630 pro

2155 1649 2312 1702 tanto
2345 1648 2444 1702 tuo
2475 1646 2534 1700 in
2565 1661 2656 1702 me
2688 1645 2902 1702 affectu
2932 1647 3292 1719 rependam?
3336 1647 3464 1722 Ego
3493 1650 3549 1704 te
3577 1649 3786 1720 suscepi

2153 1735 2488 1806 parvulum,
2535 1751 2670 1792 cum
2716 1735 2950 1809 legatus
2995 1738 3067 1791 ad
3117 1735 3354 1793 hostem
3401 1740 3562 1794 tuum
3595 1731 3788 1811 perge-

2155 1841 2282 1880 rem
2321 1824 2470 1896 (37):
2505 1839 2618 1896 ego
2641 1825 2894 1880 Justinus
2931 1826 3220 1881 maternis
3252 1825 3528 1882 traditum
3553 1827 3791 1881 manibus

2155 1914 2467 1984 amplexus
2519 1928 2685 1968 sum:
2737 1929 2854 1986 ego
2894 1916 3033 1970 tuus
3065 1913 3279 1970 iterum
3318 1915 3552 1988 legatus
3581 1915 3790 1986 repetivi

2153 2002 2398 2072 Gallias,
2433 2005 2490 2058 et
2518 2001 2661 2058 mihi
2694 2001 2866 2058 dulce
2895 2002 3040 2059 illud
3069 2003 3331 2059 officium
3363 2004 3472 2060 fuit
3497 2020 3602 2076 pro
3630 2004 3790 2060 salute

2153 2095 2275 2152 tua.
2309 2091 2520 2164 primo,
2581 2090 2792 2148 deinde
2850 2107 2957 2164 pro
3013 2107 3159 2163 pace
3205 2095 3384 2164 atque
3431 2093 3654 2164 pietate,
3694 2109 3788 2166 qua

2157 2181 2448 2236 fraternas
2495 2179 2780 2253 reliquias
2838 2180 3222 2251 postulabas:
3281 2181 3545 2238 nondum
3597 2196 3696 2254 pro
3745 2185 3789 2238 te

2156 2285 2436 2340 securus,
2487 2272 2545 2324 et
2581 2267 2708 2340 jam
2753 2284 2860 2340 pro
2909 2269 3187 2325 fraterna:
3236 2269 3559 2342 sepultura
3600 2271 3792 2326 honore

2152 2359 2474 2414 sollicitus.

2224 2465 2313 2521 29.
2345 2465 2464 2522 Sed
2493 2467 2862 2522 revertamur
2897 2465 2972 2522 ad
3013 2465 3306 2537 Threnos,
3341 2470 3402 2524 et
3440 2468 3570 2538 ipsa
3597 2465 3794 2522 doloris

2153 2553 2561 2626 ingrediamur
2615 2555 2890 2610 viscera:
2955 2577 2975 2602 α
3035 2553 3186 2620 Quid
3245 2555 3542 2626 testabor,
3601 2554 3795 2628 inquit,

2152 2643 2278 2713 tibi,
2329 2647 2430 2699 aut
2487 2643 2626 2716 quid
2684 2641 3035 2700 assimilabo
3091 2643 3216 2713 tibi,
3269 2645 3391 2700 tilia
3447 2645 3795 2702 Jerusalem?

2151 2731 2297 2798 Quis
2319 2732 2544 2787 salvam
2567 2737 2624 2788 te
2646 2732 2841 2803 faciet,
2871 2733 3086 2804 etquis
3119 2733 3530 2790 consolabitur
3559 2738 3634 2806 te,
3654 2733 3798 2805 virgo

2153 2821 2272 2876 filia
2301 2821 2486 2877 Sion?
2523 2821 2662 2894 quia
2698 2837 2912 2894 magna
2941 2822 3094 2878 facta
3130 2826 3224 2878 est
3255 2837 3446 2894 super
3479 2828 3536 2880 te
3565 2823 3801 2879 contritio

2153 2913 2269 2966 tua.
2300 2909 2445 2976 Quis
2475 2909 2710 2966 sanabit
2737 2913 2792 2966 te
2832 2911 3084 2981 (Tlu'en.
3129 2927 3194 2982 ιι,
3237 2911 3367 2983 13)?
3403 2934 3426 2962 ι
3462 2910 3605 2979 Quis
3633 2915 3801 2968 autem

2153 3015 2248 3055 me
2278 2999 2682 3056 eonsolabitur
2711 3015 2744 3054 a
2774 3015 2892 3072 quo
2913 2999 3012 3055 alii
3040 3003 3244 3072 petunt
3267 3001 3694 3058 consolationis
3721 3000 3798 3057 of-

2155 3088 2399 3144 ﬁcium?
2465 3111 2488 3136 α
2565 3088 2833 3159 Implevit
2869 3077 2973 3144 'me
3030 3089 3444 3161 amaritudine,
3509 3089 3796 3147 inebriavit

2156 3193 2248 3233 me
2294 3177 2430 3234 felle
2473 3176 2722 3248 (leren.
2768 3194 2852 3248 ιιι,
2899 3179 2975 3249 5).
3036 3178 3315 3234 Ventrem
3370 3195 3572 3239 meum
3619 3178 3790 3246 doleo,

378 3269 594 3338 quanta
634 3267 944 3323 sedulitate
986 3270 1364 3324 concordiam
1404 3275 1462 3326 et
1499 3271 1749 3344 gratiam
1782 3271 2040 3328 refudis-
2075 3303 2126 3366 Ο
2154 3270 2423 3324 ventrem
2443 3282 2637 3322 meum
2659 3265 3381 3366 d0180(J81‘9m.1V,.‘19)-,‘u
3405 3272 3470 3324 ut
3488 3267 3802 3341 prophetico

379 3359 556 3412 sem?
603 3355 788 3422 Quam
837 3371 928 3412 me
969 3357 1166 3428 ipsum
1205 3375 1310 3429 pro
1369 3363 1463 3414 tua
1511 3359 1861 3415 obtulissem
1906 3361 2041 3430 fide,

381 3461 557 3516 quam
601 3447 661 3499 in
703 3459 795 3500 me
844 3446 1040 3515 ipsum
1087 3461 1192 3502 eos
1239 3449 1624 3518 recepissem,
1665 3448 1884 3520 quibus
1933 3449 2046 3522 (35)

381 3536 479 3592 ille
529 3548 597 3590 se
636 3535 841 3591 timere
883 3535 1162 3592 dicebat?
1199 3535 1369 3592 Certe
1410 3539 1462 3592 si
1503 3553 1705 3594 comes
1737 3553 1852 3594 non
1883 3544 2048 3596 esset

453 3679 566 3750 (33)
597 3678 690 3753 Ad
714 3679 774 3734 id
803 3679 962 3753 quod
993 3679 1090 3734 hic
1115 3679 1402 3753 legimus,
1440 3704 1463 3730 α
1497 3683 1855 3753 rescriptum
1886 3683 2045 3738 acci-

379 3751 560 3823 pio”
599 3751 920 3823 referenda
941 3754 1079 3823 sunt
1111 3751 1206 3806 illa
1233 3767 1308 3806 ex
1337 3753 1508 3823 epist.
1541 3753 1630 3822 53,
1665 3751 1722 3809 nl
1764 3752 1818 3822 2,
1865 3777 1888 3802 α
1923 3759 1986 3809 ut
2015 3770 2044 3809 a

381 3821 478 3876 ine
515 3821 868 3892 baptismate
907 3821 1254 3890 initiaretur,
1297 3821 1679 3880 scribendum
1727 3821 2046 3881 arbitratus

386 3898 508 3962 est;
547 3915 568 3965 ιι
605 3893 760 3948 unde
792 3893 1354 3965 haud_mediocriter
1382 3896 1686 3965 probabile
1717 3901 1808 3951 est
1839 3913 1956 3952 non
1975 3898 2046 3952 de

385 3963 676 4037 rescripto
694 3963 1102 4037 propriejdicto
1127 3963 1592 4037 intelligendum,
1620 3967 1725 4022 sed
1748 3968 1820 4022 de
1837 3969 2047 4023 litteris

386 4038 515 4111 ipsa
548 4034 938 4111 valentiniani
971 4051 1144 4090 manu
1175 4034 1450 4111 exaratis,
1477 4034 1812 4111 cujusmodi
1833 4041 2049 4109 episto-

385 4107 502 4162 lam
531 4122 564 4162 a
603 4108 880 4164 Gratiano
927 4121 994 4161 se
1037 4109 1347 4176 accepisse
1397 4107 1752 4164 Ambrosius
1801 4107 2052 4164 testatur

385 4179 560 4250 epist.
595 4179 645 4250 1,
677 4195 836 4235 num.
871 4177 1021 4250 3.7ln
1050 4178 1298 4250 epistola
1327 4193 1502 4249 porra
1533 4180 1600 4236 53
1623 4221 1636 4248 ,
1679 4179 1838 4235 nulla
1870 4196 2050 4235 causa

387 4249 494 4305 cur
523 4249 713 4306 sancti
744 4250 856 4305 viri
885 4249 1198 4321 adventum
1247 4249 1566 4320 imperator
1604 4255 1924 4321 expeteret,
1957 4251 2047 4306 af-

383 4322 594 4394 fertur,
627 4320 1202 4394 praeterquamillius
1223 4321 1584 4394 baptizandi:
1615 4320 1761 4378 at’in
1791 4320 2050 4394 hoc'epi-

387 4393 554 4448 cedio
585 4392 958 4464 praemittitur
988 4392 1190 4460 altera,
1215 4393 1488 4448 nimirum
1519 4396 1582 4450 ut
1607 4393 1816 4450 vadem
1847 4392 2052 4464 ageret

386 4463 874 4539 Ambrosiuspro
897 4463 1249 4539 imperatore
1271 4465 1424 4539 apud
1443 4463 2048 4539 Arbogastem._Certe

386 4537 634 4592 occulta)
677 4537 840 4592 illius
885 4535 1246 4590 offensiones
1277 4535 1338 4590 in
1370 4535 1678 4606 professas
1711 4537 2048 4592 inimicitias

385 4612 722 4678 eruperant,
755 4611 816 4662 ut
847 4605 1172 4678 Gregorius
1204 4605 1422 4662 Turon.
1448 4624 1522 4662 ex
1553 4609 1688 4662 Sev.
1716 4607 2048 4662 Alexandro

387 4679 678 4748 scriptore
722 4678 1062 4748 synchrono
1108 4678 1280 4732 tradit
1311 4678 1412 4732 lib.
1447 4697 1485 4732 ιι
1534 4678 1762 4734 Histor.
1798 4695 1924 4748 cap.
1961 4678 2046 4749 10,

386 4750 658 4822 zosimus
706 4749 806 4804 lib.
851 4767 941 4822 iv,
965 4753 1022 4804 et
1065 4749 1506 4822 Philostorgius
1557 4749 1786 4822 liba)“,
1836 4765 1963 4820 cap.
1999 4751 2049 4805 1.

389 4819 628 4875 Nullum
659 4825 851 4877 autem
877 4821 948 4874 ad
973 4819 1445 4876 reconciliandos
1466 4820 1724 4876 Caesaris
1747 4823 1802 4876 et
1820 4819 2052 4876 comitis

385 4891 618 4964 animos
641 4893 896 4961 praesule
911 4897 1114 4947 nostro
1131 4893 1322 4964 magis
1337 4893 1608 4947 idoneum
1628 4908 1766 4948 esse
1785 4893 2051 4962 potuisse

387 4979 462 5018 ex
493 4962 569 5036 iis
601 4967 776 5034 patet,
809 4965 1028 5036 quibus
1057 4962 1273 5036 quanto
1297 4965 1357 5036 in
1380 4965 1564 5036 pretio
1595 4965 1744 5036 apud
1779 4964 2052 5018 eumdem

383 5035 662 5160 gomlitem
703 5033 1294 5104 Ambrosius'esset,
1346 5033 1404 5089 in
1451 5033 1647 5106 hujus
1684 5035 1811 5090 Vita
1857 5037 2055 5090 narrat

432 5123 505 5160 au
535 5122 690 5160 inus.

432 5122 690 5162 auunus.

458 5177 591 5249 (33')
613 5177 858 5233 Constat
886 5177 1122 5250 quidem
1145 5177 1561 5233 dissensiones
1591 5177 1720 5250 illas
1753 5177 2052 5250 materiem

385 5250 518 5305 ﬁdei
549 5249 1258 5320 neutiquam’spectasse;
1295 5265 1591 5320 nunquam
1624 5249 1776 5304 enim
1809 5249 2053 5304 Ambro-

385 5322 514 5376 sius
527 5324 685 5376 tanto
704 5321 864 5376 illius
888 5319 1496 5392 defendendaeardore
1511 5335 1748 5390 semper
1763 5321 2046 5392 ﬂagrans,

383 5393 763 5464 praesentiam
802 5409 970 5449 suam
1004 5390 1251 5464 synodis
1280 5390 1691 5464 hujuscemodi
1721 5390 2052 5464 subtraxis-

384 5461 504 5520 set:
542 5465 648 5520 sed
682 5464 796 5518 illis
828 5464 920 5518 vel
955 5462 1362 5516 contentiones
1396 5461 1631 5516 fuerunt
1663 5463 1813 5516 inter
1841 5463 2048 5516 Arela-

384 5541 612 5591 tensem
643 5551 711 5589 ac
743 5535 1140 5589 Viennensem
1173 5533 1465 5586 antistites
1497 5535 1740 5602 exortae,
1765 5537 1824 5586 ut
1847 5536 2052 5588 censet

383 5606 740 5672 Quesnellus
763 5607 1014 5660 Dissert.
1041 5621 1146 5674 pro
1178 5607 1237 5659 Β.
1267 5605 1449 5658 llilar.
1478 5605 1718 5667 Arelat.,
1742 5605 1829 5658 vel
1857 5609 2050 5659 motus

384 5678 622 5748 quidem
650 5693 854 5731 eorum
885 5677 1220 5741 occasione,
1257 5677 1357 5747 qui
1388 5692 1518 5729 cum
1554 5677 1866 5728 ltharianis
1899 5692 2052 5730 com.

385 5749 847 5814 municaverant,
885 5749 1117 5803 excitati
1147 5766 1156 5801 :
1201 5765 1313 5818 qua
1347 5748 1418 5802 de
1449 5763 1512 5803 re
1545 5749 1802 5802 diximus
1835 5749 1894 5802 in
1926 5750 2050 5800 An-

385 5818 600 5878 notatis
629 5819 703 5872 ad
732 5819 906 5892 epist.
938 5820 1006 5874 34
1036 5825 1090 5876 et
1121 5819 1292 5892 epist.
1327 5819 1414 5874 ‘26.
1871 5845 1877 5850 ·

2157 3361 2286 3412 utar
2316 3355 2588 3428 eloquio:
2637 3357 2914 3428 quoniam
2964 3372 3140 3429 quem
3189 3355 3249 3412 in
3293 3355 3622 3432 Evangelia
3667 3371 3804 3413 eram

2159 3450 2573 3520 generaturus,
2608 3445 2804 3501 amisi.

2228 3535 2317 3592 30.
2341 3534 2458 3591 Sed
2490 3533 2589 3590 ille
2619 3549 2738 3590 non
2767 3535 2967 3590 amisit
2997 3535 3250 3608 gratiam
3281 3535 3421 3607 (38),
3441 3552 3615 3610 quam
3642 3551 3804 3609 popo-

2229 3675 2570 3751 (34)7M_ultae
2602 3676 2770 3751 leges
2801 3692 2934 3750 quae
2965 3677 3037 3751 ad
3078 3677 3446 3751 silentiarios
3482 3678 3804 3751 pertineant,

2161 3752 2219 3804 in
2243 3748 2392 3806 Cod.
2426 3748 2650 3804 Theod.
2673 3748 2927 3804 exstant
2961 3750 3028 3804 tit
3057 3749 3132 3804 de
3165 3748 3575 3808 Dccurionfet
3613 3749 3805 3806 Sileni.

2161 3822 2385 3876 Horum
2419 3819 2682 3874 ofﬁcium
2713 3823 2858 3890 erat,
2894 3819 3032 3875 dum
3053 3821 3376 3892 imperator
3393 3822 3458 3878 in
3475 3821 3808 3878 consistorio

2161 3895 2344 3963 esset,
2376 3895 2476 3946 aut
2523 3905 2655 3963 cum
2698 3891 2834 3963 suis
2869 3891 3170 3948 exterisve
3207 3893 3530 3950 consilium
3568 3894 3806 3960 haberet,

2160 3965 2232 4018 ad
2265 3961 2428 4019 fores
2459 3961 2776 4017 excubare.
2810 3962 2926 4018 Sed
2957 3978 3032 4018 ex
3075 3979 3284 4018 eorum
3324 3964 3536 4020 schola
3566 3979 3807 4020 nonnun-

2163 4051 2338 4118 quam
2368 4033 2800 4118 deligeban‘tur,
2833 4035 2933 4118 q‘ui
2963 4033 3800 4118 principis.ferrent-imperata,

2163 4104 2226 4161 ut
2254 4122 2388 4160 cum
2419 4104 2636 4160 ex‘hoc
2679 4104 2834 4174 loco,
2859 4104 2988 4160 tum
3038 4120 3112 4160 ex
3157 4104 3550 4174 Philostorgii
3593 4104 3690 4162 lib.
3718 4122 3803 4174 vn,

2163 4191 2291 4251 cap.
2325 4177 2378 4246 '7,
2409 4190 2781 4251 cognoscere
2811 4180 2922 4251 e_st.
2959 4176 3040 4230 De
3069 4175 3280 4251 iisdem
3303 4179 3428 4251 agit
3458 4175 3808 4250 Bulengerus

2163 4247 2275 4320 lib.
2302 4265 2363 4302 ιιι
2392 4247 2784 4320 1)θ“ἰιηρειιορ4.
2820 4247 2982 4302 Rom.
3017 4262 3144 4318 cap.
3177 4247 3264 4302 10.

2234 4319 2348 4387 (35)
2381 4319 2462 4374 Ita
2491 4318 2606 4373 vet.
2649 4318 2788 4390 edit.
2827 4323 2884 4373 et
2923 4333 3131 4390 omnes
3170 4333 3308 4390 ms.;
3359 4322 3420 4376 at
3470 4321 3640 4378 Rom.
3689 4318 3808 4374 edit.

2163 4389 2452 4463 praemisit
2480 4389 2961 4463 praepositionem
2992 4405 3024 4444 a
3056 4389 3462 4463 voci_qnibus,
3496 4392 3650 4448 unde
3686 4405 3809 4446 sen-

2165 4460 2272 4516 sus
2295 4461 2552 4516 ofticitur
2571 4460 2810 4516 omnino
2827 4460 3182 4516 contrarius.
3199 4460 3397 4516 Veteri
3409 4460 3569 4518 enim
3582 4463 3810 4518 lectione

2164 4533 2537 4606 signiﬁcatur
2567 4533 2963 4604 Arbogastem
2991 4532 3273 4606 timorem,
3308 4535 3720 4606 praetendisse,
3750 4545 3811 4586 ne

2165 4603 2522 4675 quibusdam
2565 4603 2808 4658 suarum
2855 4603 3106 4674 partium
3151 4603 3484 4674 periculum
3533 4607 3812 4662 crearetur

2079 4663 2131 4726 Β
2163 4663 2237 4730 ab
2270 4676 2658 4748 imperatore;
2705 4663 2964 4748 Romana
2997 4663 3168 4748 vero'
3191 4675 3445 4748 lectione
3485 4675 3810 4748 exprimitur

2163 4743 2434 4802 eumdem
2467 4745 2748 4818 Comitem
2782 4743 3147 4818 sibiqipsiﬂab
3176 4747 3478 4818 aliquibus
3509 4743 3808 4818 imperiali-

2162 4819 2278 4873 bus
2311 4817 2598 4871 ministris
2627 4816 2744 4870 vim
2778 4820 2875 4869 aut
2906 4816 3155 4871 insidias
3187 4816 3592 4874 pertimuisse.

2235 4889 2348 4956 (36)
2380 4889 2526 4942 Mss.
2577 4901 2693 4941 non
2737 4886 2927 4956 pauci,
2979 4910 2999 4933 α
3051 4889 3122 4941 ad
3171 4886 3436 4944 dolorem
3485 4889 3709 4944 crescis
3751 4901 3810 4938 ac

2163 4961 2468 5032 gemitum.
2519 4958 2740 5015 Omnes
2789 4961 3002 5029 quanta
3052 4959 3192 5013 mihi
3235 4959 3453 5016 feceris
3495 4961 3810 5032 protestan-

2161 5037 2275 5087 tur.
2312 5056 2333 5078 ιι
3601 5071 3611 5078 .

2233 5103 2346 5172 (37)
2378 5103 2538 5158 Duas
2567 5099 2896 5172 legationes
2927 5099 3000 5154 ab
3020 5101 3360 5172 Ambrosio
3399 5103 3468 5157 ad
3511 5101 3809 5172 Maximum

2163 5177 2395 5248 constat
2439 5187 2580 5228 esse
2620 5171 2962 5248 susceptas,_
3001 5171 3076 5226 de
3123 5173 3343 5242 quibus
3387 5174 3511 5248 agit
3556 5171 3808 5248 pluribus

2163 5245 2548 5316 epistolarum
2572 5259 2821 5316 suarum
2853 5241 3002 5316 locis
3023 5241 3268 5316 sanctus
3291 5241 3805 5316 antistes—Videam

2165 5311 2475 5388 epistolam
2527 5313 2816 5388 20,_num.
2867 5313 2969 5368 9.3:
3017 5315 3347 5388 epistolam,
3391 5314 3480 5388 9.1,
3523 5311 3804 5388 numam,

2167 5383 2222 5443 et
2251 5388 2561 5458 epistolam
2589 5385 2656 5440 24
2687 5401 2818 5440 cum
2852 5383 3076 5439 nostris
3121 5385 3192 5440 ad
3243 5401 3370 5441 eam
3411 5383 3807 5443 observatiun-

2160 5459 2332 5514 eulis.

2231 5529 2343 5598 (38)
2375 5530 2505 5584 Non
2537 5529 2690 5582 alius
2723 5526 2972 5582 forsitan
3004 5541 3036 5580 e
3069 5527 3380 5582 catholicis
3414 5527 3682 5582 Patribus
3710 5524 3804 5598 ab-

2161 5596 2409 5676 solutam
2441 5599 2770 5676 accipiendi
2798 5599 3169 5676 baptismatis
3195 5600 3606 5676 necessitatem
3629 5596 3804 5676 magis

2158 5675 2367 5727 astruit
2397 5688 2568 5741 quam
2605 5670 2957 5724 Ambrosius
2998 5670 3181 5741 variis
3222 5671 3392 5740 locis,
3435 5671 3538 5724 sed
3569 5670 3801 5740 potissi-

2159 5761 2314 5798 mum
2350 5739 2448 5797 lib.
2483 5759 2522 5796 ιι
2555 5743 2628 5798 de
2655 5741 2962 5796 Abl-aliam
2998 5757 3126 5812 cap.
3161 5739 3246 5810 11,
3298 5757 3438 5798 num
3479 5741 3547 5796 84
3571 5739 3589 5810 ;“
3631 5753 3793 5812 seua.

2077 5849 2096 5865 .
2157 5816 2189 5868 :2
2221 5815 2284 5870 in
2319 5813 2481 5870 I’sal.
2519 5829 2717 5884 cxvm,
2753 5829 2912 5868 num.
2957 5813 3040 5881 l4,
3069 5809 3150 5868 'et
3199 5809 3300 5870 lib.
3348 5813 3436 5871 De
3479 5809 3792 5886 mysteriis.
