4098 6178
364 275 519 341 1429

1261 273 1373 337 DE
1417 264 1680 339 OBITU
1725 272 2338 338 VALENTINIANI
2386 270 2946 338 CONSOLA'I‘IO.

3681 268 3841 336 1430

370 476 507 547 scit,
532 477 633 549 qui
658 476 799 530 mihi
824 476 882 530 in
905 492 1202 546 sermone,
1230 494 1344 549 quo
1369 477 1575 533 utebar
1595 477 1668 531 ad
1702 479 1727 541 1
1750 479 1894 543 183
1918 475 2045 546 ple-
2068 455 2115 523 Ᾱ
2149 476 2349 530 luntur
2368 474 2613 546 (Ephes.
2640 493 2717 542 vi,
2752 475 2859 543 16).
2887 477 3105 531 Orabat
3126 491 3273 548 ergo
3306 473 3590 530 Dominus
3623 474 3829 543 Jesus,

369 564 524 635 hem,
561 564 736 620 hodie
766 567 1118 621 resurrexit.
1173 567 1321 620 Nam
1355 584 1487 620 eum
1522 567 1579 620 in
1611 569 1921 622 tractatum
1956 569 2047 623 in-

366 654 656 711 cidissem
704 655 1025 725 propositae
1075 655 1348 711 lectionis
1397 655 1528 726 (39),
1589 658 1743 727 quod
1786 657 2040 728 pepulus

366 759 594 816 pauper
659 742 1035 799 benediceret
1095 744 1308 812 Deum;
1369 761 1639 817 qumrere
1697 746 1848 817 ccepi
1906 747 2041 819 quis

366 836 530 889 esset
575 832 668 887 hic
718 832 1002 902 populus,
1047 837 1102 887 et
1147 833 1514 906 distinguere
1556 835 1711 906 quod
1742 839 1904 889 esset
1934 851 2041 905 po-

365 920 566 994 pulus,
598 921 749 976 alter
779 921 970 992 dives,
1005 922 1151 977 alter
1181 937 1439 994 pauper:
1475 923 1645 978 dives
1675 924 2038 993 Judteorum,

364 1025 591 1082 pauper
622 1009 913 1065 Ecclesiae
957 1024 969 1066 :
1013 1009 1183 1068 dives
1215 1010 1313 1065 ille
1344 1011 1597 1084 eloquiis
1628 1011 1743 1066 sibi
1775 1013 2038 1083 creditis,

359 1098 475 1154 iste
505 1115 730 1170 pauper
758 1099 947 1154 aliena
989 1099 1223 1172 eloquia
1264 1104 1586 1155 mutuatus.
1641 1099 1849 1156 Merito
1893 1118 2041 1173 pau-

362 1203 472 1261 per
492 1189 520 1243 ?
550 1188 688 1262 'quia
711 1193 1115 1261 congregatus
1135 1206 1166 1243 a
1189 1205 1445 1261 paupere
1468 1194 1579 1260 est,
1615 1189 1714 1245 illo
1746 1190 2038 1261 videlicet,

362 1276 460 1351 qui
494 1293 721 1348 pauper
752 1278 943 1333 factus
993 1282 1123 1349 est,
1172 1295 1303 1334 cum
1355 1278 1525 1334 dives
1575 1283 1768 1349 esset,
1822 1283 1883 1333 ut
1931 1296 2042 1335 nos

363 1363 500 1438 ejus
531 1365 725 1437 inopia
756 1366 1112 1423 ditaremur:
1148 1367 1468 1425 exinanivit
1500 1368 1654 1424 enim
1689 1383 1777 1439 sc,
1822 1372 1883 1423 ut
1912 1384 2041 1423 om-

362 1470 473 1510 nes
505 1455 763 1526 repleret
792 1454 880 1525 (ΙῙ
908 1455 1045 1512 Cor.
1077 1472 1199 1528 vm,
1233 1455 1309 1526 9).
1527 1450 1532 1454 ’

434 1561 524 1617 31.
567 1560 686 1619 Sed
724 1562 1016 1636 quomodo
1057 1579 1278 1635 pauper
1310 1564 1411 1635 qui
1452 1563 1663 1619 habeat
1695 1564 2039 1620 aeternitatis

364 1648 605 1705 divitias
665 1655 722 1705 et
778 1652 1198 1722 plenitudinem
1244 1652 1620 1737 divinitatis?
1668 1653 1931 1725 Denique
1980 1654 2039 1709 in

365 1753 542 1795 carne
574 1743 719 1810 erat,
752 1744 808 1795 et
838 1739 1069 1796 dicebat
1101 1756 1114 1797 :
1168 1763 1190 1792 α
1226 1742 1450 1796 Amodo
1500 1742 1778 1797 videbitis
1829 1742 2041 1797 Filium

2150 565 2205 617 et
2232 562 2366 633 ejus
2400 563 2661 619 imitator
2692 564 3139 619 Valentinianus
3172 565 3397 620 orabat.

2218 652 2307 707 33.
2349 651 2466 708 Sed
2502 654 2651 708 forte
2684 654 2950 709 dicatur:
3003 654 3155 719 Quid
3204 655 3258 709 ei
3299 653 3522 725 profuit
3552 668 3663 708 sua
3693 667 3828 708 ora-

2157 742 2282 796 tio?
2309 741 2461 797 Ecce
2501 744 2559 797 in
2589 743 2779 814 primo
2810 744 2944 798 vitae
2977 743 3191 798 occidit
3224 759 3427 797 cursu.
3483 743 3566 797 De
3617 741 3828 797 celeri-

2150 834 2264 885 tate
2295 831 2522 900 mortis,
2557 848 2673 886 non
2706 832 2776 887 de
2808 846 3027 905 genere
3050 832 3296 903 loquor;
3329 847 3447 886 non
3470 831 3625 886 enim
3647 846 3824 886 accu-

2150 920 2395 974 sationis
2428 936 2573 977 voce
2607 925 2758 990 utor,
2795 921 2901 975 sed
2923 921 3169 976 doloris.
3203 920 3321 975 Sed
3340 921 3514 975 etiam
3534 919 3822 975 Dominus

2146 1010 2367 1080 orabat,
2401 1014 2458 1065 et
2488 1010 2809 1064 crucifixus
2851 997 2971 1078 est;
3004 1010 3115 1065 hoc
3145 1010 3300 1065 enim
3343 1010 3548 1064 orabat
3577 1013 3639 1064 ut
3667 1024 3810 1079 pee-

2145 1103 2336 1153 catum
2387 1100 2586 1153 mundi
2636 1099 2886 1156 tolleret.
2935 1100 3262 1154 Audiamus
3304 1112 3458 1172 ergo
3498 1098 3641 1170 quid
3691 1102 3822 1153 oret

2143 1186 2365 1242 Christi
2412 1187 2779 1259 discipulus:
2836 1189 3034 1260 utique
3079 1188 3235 1260 quod
3269 1189 3554 1261 magister
3585 1186 3804 1242 docuit.

2144 1276 2353 1331 Docuit
2388 1282 2580 1331 autem
2612 1282 2673 1332 ut
2711 1279 3030 1349 vigilemus
3071 1282 3125 1331 et
3173 1293 3445 1347 oremus,
3494 1292 3568 1332 ne
3615 1277 3825 1347 ingre-

2143 1365 2376 1419 diamur
2425 1365 2484 1420 in
2530 1364 2929 1435 tentationem,
2972 1366 3083 1420 hoc
3134 1370 3245 1433 est,
3278 1382 3352 1420 ne
3385 1365 3716 1419 incidamus
3758 1366 3818 1418 in

2147 1457 2473 1526 peccatum.
2525 1454 2666 1509 Haec
2699 1459 2789 1510 est
2821 1456 2977 1510 enim
3008 1456 3248 1510 tentatio
3278 1454 3636 1523 Christiani,
3671 1453 3724 1507 si
3758 1452 3816 1508 in

2142 1559 2274 1599 suae
2307 1543 2518 1598 anima)
2558 1543 2884 1615 periculum
2915 1543 3286 1614 prolabatur;
3334 1546 3582 1598 mortem
3623 1544 3817 1597 autem

2152 1633 2358 1687 timere
2387 1648 2504 1687 non
2536 1636 2627 1687 est
2658 1631 3063 1702 perfectionis.

2219 1721 2308 1776 34.
2354 1721 2595 1793 Rogare
2641 1726 2833 1776 autem
2880 1721 3016 1793 quis
3073 1721 3246 1777 debet
3302 1725 3359 1775 et
3412 1736 3518 1792 pro
3560 1719 3818 1775 inimicis

363 1828 621 1884 hominis
673 1808 979 1888 sedentem
1025 1829 1097 1885 ad
1146 1831 1448 1885 dexteram
1498 1832 1735 1886 virtutis
1784 1832 2037 1902 (Matth.

2154 1810 2296 1880 suis,
2333 1826 2506 1865 orare
2546 1810 2720 1864 etiam
2754 1827 2858 1880 pro
2890 1811 3410 1881 persequentibus,
3446 1810 3601 1864 sicut
3630 1808 3821 1864 Domi-

364 1935 525 1988 xxvx,
559 1916 672 1988 64).
709 1941 731 1966 ιι
770 1917 840 1972 Et
871 1917 1009 1973 alibi
1040 1919 1112 1973 ad
1143 1920 1384 1974 Petrum
1417 1919 1558 1975 dicit
1590 1936 1602 1976 :
1662 1942 1683 1969 α
1720 1920 1851 1976 Tibi
1889 1920 2041 1976 dabo

364 2006 565 2063 claves
598 2006 769 2079 regni
802 2007 1085 2063 caelorum
1117 2008 1355 2079 (Matth.
1394 2025 1509 2077 XVt,
1544 2008 1655 2079 19).
1696 2033 1716 2057 »
1754 2009 1863 2064 Hic
1896 2025 2040 2083 ergo

359 2110 606 2166 pauper,
653 2094 754 2168 qui
796 2111 1048 2168 regnum
1099 2097 1342 2152 caeleste
1389 2097 1689 2153 donabat?
1736 2097 1854 2153 Sed
1905 2098 2041 2159 audi

363 2184 660 2256 quomodo
692 2200 916 2255 pauper
950 2201 962 2241 :
1002 2208 1024 2233 ι
1060 2183 1289 2255 Tollite,
1337 2186 1554 2258 inquit,
1592 2185 1811 2258 jugum
1849 2203 2041 2243 meum

363 2289 546 2343 super
599 2288 740 2343 vos,
811 2274 948 2345 quia
1003 2274 1165 2333 mitis
1226 2291 1389 2343 sum,
1450 2278 1506 2330 et
1563 2274 1805 2331 humilis
1865 2278 2042 2333 corde

362 2361 600 2425 (Matth.
651 2379 740 2431 χι,
792 2360 905 2433 29).
962 2385 984 2410 ιο
1049 2363 1186 2417 Ideo
1229 2366 1285 2417 et
1331 2362 1586 2434 populus
1635 2363 1771 2436 ejus
1818 2381 2043 2437 pauper

362 2454 476 2519 est,
509 2465 625 2506 non
658 2451 1010 2523 indigentia,
1061 2466 1238 2523 quem
1266 2452 1448 2507 divite
1481 2452 1580 2508 illo
1620 2454 1839 2525 populo
1871 2455 2042 2510 video

362 2539 668 2610 ditiorem;
713 2556 830 2596 non
877 2540 1072 2596 solum
1117 2541 1277 2596 enim
1326 2541 1565 2601 oracula
1597 2542 2039 2614 prophetarum,

362 2629 470 2685 sed
501 2630 677 2684 etiam
707 2630 1111 2700 apostolorum
1141 2631 1355 2685 meruit
1401 2630 1603 2686 divino
1643 2630 1779 2687 fusa
1810 2631 2041 2702 Spiritu

362 2718 585 2774 habere
614 2722 939 2791 praecepta.

434 2841 522 2897 82.
567 2843 701 2899 Non
730 2859 878 2918 ergo
904 2844 1097 2914 inepia
1128 2859 1372 2915 pauper,
1406 2844 1513 2899 sed
1546 2860 1771 2916 pauper
1803 2846 2037 2916 spiritu,

362 2932 458 2987 cui
510 2931 729 2988 dictum
778 2936 917 2989 est:
975 2955 997 2982 ι
1033 2932 1195 2988 Beati
1230 2948 1524 3004 pauperes
1574 2933 1783 3004 spiritu
1819 2949 1831 2989 ε
1875 2934 2039 3006 ipso-

362 3006 493 3076 rum
541 3025 634 3077 est
678 3022 833 3076 enim
886 3036 1137 3094 regnum
1188 3021 1476 3077 caelorum
1521 3022 1759 3092 (Matth.
1800 3040 1856 3093 v,
1889 3023 1965 3093 3).
2014 3043 2036 3073 ι

365 3110 517 3165 Vere
547 3109 703 3165 beati
734 3124 1048 3180 pauperes,
1083 3110 1183 3183 qui
1225 3113 1584 3181 acceperunt
1622 3110 1778 3183 quod
1823 3111 2039 3166 divites

363 3215 479 3254 non
512 3197 825 3255 habebant.
859 3197 948 3254 Ex
980 3198 1092 3254 hoc
1121 3213 1375 3253 numuro
1409 3202 1501 3254 est
1531 3199 1626 3254 ille
1656 3200 2038 3271 propheticus
2071 3203 2121 3265 C

363 3303 608 3360 pauper,
662 3288 735 3344 de
777 3303 894 3360 quo
936 3287 1222 3359 scriptum
1259 3289 1351 3342 est
1385 3301 1396 3342 :
1454 3312 1475 3336 ιι
1512 3287 1628 3343 Iste
1660 3304 1884 3360 pauper
1915 3290 2036 3344 cla-

362 3376 561 3446 mavit,
584 3378 642 3431 et
664 3376 950 3432 Dominus
972 3375 1271 3431 exaudivit
1293 3391 1426 3431 eum
1449 3375 1637 3447 (Psel.
1674 3394 1881 3448 χχχιιι,
1903 3378 1980 3449 Ἳ).
2011 3401 2031 3428 ι

364 3464 451 3519 Εχ
480 3465 591 3523 hoc
625 3465 841 3538 pepulo
871 3465 992 3536 ille,
1025 3464 1126 3536 qui
1156 3465 1235 3519 ait
1269 3481 1280 3520 :
1328 3489 1348 3512 α
1387 3468 1715 3539 Argentum
1745 3470 1800 3521 et
1830 3482 2036 3523 aurum

364 3568 478 3610 non
510 3554 722 3625 habeo,
759 3554 864 3610 sed
888 3554 1043 3626 quod
1066 3554 1278 3625 habeo,
1305 3554 1416 3610 hoc
1440 3555 1515 3610 do
1539 3555 1676 3611 tibi:
1711 3555 1774 3610 In
1803 3557 2037 3613 nomine

364 3645 509 3700 Jcsu
543 3643 831 3699 Nazareni
863 3658 1048 3716 surge
1081 3647 1135 3699 et
1167 3644 1399 3698 ambula
1441 3644 1598 3715 (Act.
1635 3662 1717 3713 ιιι,
1752 3643 1828 3715 6).
1867 3669 1888 3693 ιο
1938 3645 2042 3701 Ille

364 3748 510 3807 ergo
567 3748 792 3805 pauper
841 3734 1049 3787 auctor
1104 3732 1307 3804 populi
1354 3732 1639 3805 pauperis
1689 3733 1803 3804 (40)
1851 3734 2035 3798 dicit:

369 3843 391 3873 ι
437 3822 628 3892 Deus,
679 3821 912 3877 laudem
961 3836 1148 3876 meam
1196 3836 1270 3876 ne
1318 3822 1603 3889 tacueris,
1656 3823 1929 3895 quoniam
1970 3840 2040 3880 os

366 3910 700 3982 peccatoris
732 3915 787 3966 et
817 3925 887 3966 os
916 3909 1108 3965 dolosi
1140 3926 1324 3980 super
1354 3925 1446 3965 me
1476 3915 1741 3981 apertum
1772 3916 1882 3966 est.
1919 3912 2036 3967 Lo-

366 4000 482 4055 cuti
501 4004 640 4055 sunt
660 4015 844 4070 super
856 4015 947 4054 me
969 3999 1169 4071 lingua
1187 3999 1415 4069 dolosa,
1436 4004 1493 4055 et
1510 4000 1893 4055 sermonibus
1918 4001 2038 4056 odii

367 4089 885 4145 circumdederunt
917 4104 1008 4143 me
1030 4130 1044 4157 ,
1093 4092 1149 4143 et
1181 4093 1670 4161 expugnaverunt
1703 4105 1794 4143 me
1824 4092 2032 4162 gratis.

365 4180 480 4235 Pro
531 4194 600 4234 eo
648 4183 711 4235 ut
751 4194 845 4234 me
895 4178 1239 4250 diligerent,
1282 4177 1668 4234 detrahebant
1700 4178 1841 4233 mihi
1876 4194 1888 4234 :
1923 4195 2036 4252 ego

366 4271 557 4324 autem
604 4268 844 4323 orabam
892 4265 1083 4338 (Psal.
1131 4282 1290 4335 cvm,
1337 4266 1476 4338 2—4).
1528 4267 1756 4323 Bonum
1804 4269 2036 4323 scutum

366 4358 583 4426 oratio,
630 4372 747 4429 quo
780 4356 977 4413 omnia
1005 4356 1335 4411 adversarii
1366 4355 1552 4428 ignita
1583 4355 1811 4428 Spicula
1842 4357 2037 4427 repel-

2146 1915 2260 1954 nus
2309 1898 2540 1969 orabat,
2602 1898 2854 1953 dicens:
2921 1919 2943 1948 ι
2980 1899 3175 1967 Pater,
3225 1896 3446 1953 dimitte
3497 1897 3645 1967 illis,
3701 1912 3819 1952 non

2147 1988 2301 2044 enim
2349 1988 2545 2042 sciunt
2589 1987 2729 2059 quid
2776 1987 2999 2043 faciunt
3039 1987 3209 2054 (Luc.
3252 2004 3427 2056 χχιιι,
3458 1985 3571 2055 34).
3612 2010 3633 2033 ι»
3672 1985 3819 2043 Vide

2145 2077 2514 2133 clementiam
2564 2093 2856 2150 magnam.
2916 2075 3112 2143 1184
3152 2076 3237 2130 Illi
3285 2091 3459 2130 suum
3489 2090 3817 2147 perseque-

2143 2166 2358 2221 bantur
2405 2169 2739 2235 auctorem,
2789 2166 2919 2236 ipse
2969 2164 3337 2220 adversariis
3383 2165 3558 2219 etiam
3609 2164 3818 2235 gravia

2142 2259 2384 2327 peccata
2415 2254 2703 2320 donabat;
2758 2253 2899 2326 quin
2931 2254 3104 2308 etiam
3147 2252 3497 2325 ignorantiaa
3528 2251 3818 2307 velamine

2144 2345 2468 2400 excusabat
2490 2344 2839 2413 admissum,
2875 2342 3081 2397 dicens
3109 2358 3120 2396 :
3160 2365 3181 2388 «ι
3207 2341 3351 2407 Quia
3374 2341 3649 2396 nesciunt
3677 2340 3818 2413 quid

2143 2432 2394 2503 faciunt;
2455 2448 2588 2487 nam
2644 2431 2697 2487 si
2755 2430 2997 2487 scirent.
3059 2430 3371 2485 Dominum
3432 2445 3549 2485 non
3606 2444 3818 2500 perse-

2142 2524 2467 2595 querentur
2512 2536 2715 2590 suum,
2766 2520 2825 2575 in
2866 2519 3043 2593 cujus
3074 2521 3362 2592 potestate
3393 2535 3460 2573 ac
3482 2517 3620 2589 jure
3652 2516 3818 2573 salu-

2144 2615 2261 2666 tem
2312 2626 2452 2665 esse
2504 2625 2674 2665 suam
2725 2608 3170 2664 arbitrarentur.
3224 2608 3295 2662 Et
3343 2607 3481 2679 quia
3527 2622 3645 2663 non
3694 2607 3821 2661 sola

2145 2698 2369 2754 Christi
2416 2704 2841 2771 persecutores
2893 2697 3028 2771 ejus
3085 2701 3252 2753 erant
3298 2700 3482 2752 morte
3529 2697 3815 2763 contenti,

2146 2788 2439 2843 addebant
2487 2788 2794 2843 maledicta
2845 2791 3017 2860 atque
3058 2787 3354 2853 convicia,
3408 2788 3471 2840 ut
3514 2784 3593 2840 ait
3638 2785 3765 2855 ipse
3802 2802 3813 2839 :

2151 2901 2172 2925 α
2209 2876 2559 2933 Maledicent
2581 2877 2716 2949 ipsi,
2751 2880 2807 2932 et
2830 2880 2888 2931 tu
2908 2876 3230 2932 benedices
3254 2873 3441 2946 (Psal.
3468 2890 3627 2944 cvm,
3651 2873 3765 2943 38.)
3792 2898 3812 2922 η

2147 2965 2356 3021 Docuit
2386 2982 2498 3020 nos
2529 2965 2685 3038 quod
2732 2965 2939 3021 timere
2983 2965 3291 3020 maledicta
3335 2963 3818 3035 persequentium

2145 3055 2385 3111 minime
2436 3055 2789 3125 debeamus,
2843 3070 2973 3110 cum
3024 3053 3349 3109 habeamus
3385 3051 3817 3107 benedictionis

2146 3147 2446 3200 auctorem
2480 3159 2492 3199 :
2536 3160 2642 3198 nec
2674 3159 2914 3199 movero
2955 3158 3065 3198 nos
3096 3142 3360 3197 convicia
3401 3142 3681 3210 debeant,
3717 3140 3818 3195 ubi

2145 3233 2365 3304 praesul
2397 3236 2508 3303 est,
2543 3232 2644 3304 qui
2675 3232 2867 3303 possit
2899 3231 3133 3288 auferre
3167 3230 3494 3286 maledicta.

2213 3358 2303 3414 35.
2344 3357 2492 3425 Quid
2524 3357 2668 3412 illud
2697 3356 2853 3429 quod
2894 3357 3040 3412 mori
3085 3371 3204 3412 non
3252 3356 3491 3411 timuit?
3539 3354 3659 3409 lmo
3708 3369 3816 3425 pro

2145 3447 2419 3503 omnibus
2450 3461 2517 3503 se
2548 3446 2757 3502 obtulit
2785 3445 2992 3502 dicens
3024 3446 3181 3518 quod
3216 3444 3435 3500 frustra
3478 3442 3701 3499 innoxii
3757 3443 3817 3498 in

2144 3536 2424 3592 invidiam
2452 3540 2807 3591 vocarentur
2831 3534 2969 3606 (41),
3004 3535 3161 3607 quod
3193 3534 3415 3590 frustra
3460 3536 3703 3606 propter
3749 3548 3815 3586 se

2145 3625 2242 3680 alii
2287 3624 2798 3696 periclitarentur:
2853 3623 3088 3694 sibique
3134 3625 3333 3694 potius
3370 3626 3617 3677 mortem
3647 3624 3815 3691 Opta-

2142 3715 2261 3785 bat,
2286 3730 2358 3770 ne
2380 3713 2507 3786 ipse
2530 3713 2663 3768 aliis
2697 3728 2878 3767 causa
2909 3714 3119 3767 mortis
3153 3716 3334 3768 esset.
3375 3712 3499 3767 Hoc
3550 3715 3640 3766 est
3671 3710 3817 3765 illud

2140 3802 2551 3875 evangelicum
2583 3801 2810 3857 Domini
2842 3802 2901 3857 in
2933 3802 3061 3873 ipsa
3091 3802 3185 3857 sui
3218 3804 3485 3873 captione
3519 3800 3808 3857 dicentis:

2148 3916 2170 3940 α
2207 3892 2269 3947 Si
2299 3907 2390 3947 me
2412 3892 2703 3963 quaeritis,
2736 3892 2913 3947 sinite
2945 3891 3056 3947 hos
3079 3893 3244 3947 abire
3277 3892 3466 3959 (Joan.
3492 3908 3655 3961 xvm,
3679 3889 3756 3961 8).
3786 3910 3808 3938 ι

2143 3981 2369 4038 Occidit
2398 3981 2592 4053 itaque
2623 3996 2733 4050 pro
2755 3981 3031 4036 omnibus
3054 3997 3207 4052 quos
3239 3980 3540 4055 diligebat,
3564 3995 3671 4050 pro
3694 3995 3810 4051 quo

2141 4071 2313 4125 amici
2344 4070 2436 4125 sui
2468 4085 2674 4140 parum
2711 4071 3008 4140 putabant,
3043 4070 3095 4124 si
3125 4084 3332 4126 omnes
3362 4071 3643 4140 perirent.

2211 4177 2298 4232 36.
2345 4177 2720 4232 Advertimus
2751 4192 2926 4249 quem
2966 4177 3121 4232 circa
3156 4179 3381 4232 amicos
3414 4192 3559 4231 suos
3594 4176 3812 4231 habue-

2141 4267 2217 4322 rit
2266 4266 2555 4334 animum,
2606 4282 2780 4337 quem
2827 4281 2969 4338 erga
3010 4282 3326 4339 germanas
3367 4280 3511 4320 suas
3541 4264 3812 4319 habuerit

2141 4356 2411 4411 atl‘ectum
2441 4356 2890 4410 consideremus
2921 4356 3058 4425 (42).
3093 4354 3157 4410 In
3187 4355 3339 4426 ipsis
3372 4352 3805 4424 requiescebat,

367 4585 495 4651 cap:
523 4568 574 4651 4,
600 4584 768 4651 ‘num.
810 4569 913 4651 20..
947 4566 1164 4651 Verum
1197 4570 1389 4624 omnia
1438 4569 1536 4623 illa
1577 4570 1916 4651 testimonia
1949 4571 2037 4651 sic
2066 4565 2118 4629 Ι)
2214 4570 2326 4651 (Βξξ)
2366 4570 2647 4651 ᾼᾲνθιτίς,
2680 4569 2887 4651 lector,
2922 4570 3139 4651 quanto
3173 4567 3369 4651 studio
3410 4568 3579 4651 verbi
3619 4567 3811 4651 divini

366 4640 553 4713 accipi
586 4639 823 4713 debere,
857 4642 919 4713 ut
947 4640 1310 4713 baptismuis,
1354 4655 1529 4713 quem
1561 4641 1758 4713 dicunt
1788 4643 1845 4696 in
1877 4647 2032 4713 voto,

366 4728 499 4767 cum
531 4710 861 4779 baptismus
894 4710 951 4763 in
982 4727 1132 4781 aqua
1163 4710 1629 4781 haberi’ncquit,
1680 4712 1751 4766 ad
1786 4710 2035 4768 salutem

367 4780 917 4854 sufficeremiuime
951 4780 1223 4854 negetur,
1247 4780 1507 4854 planum
1526 4783 1747 4854 faciunt
1775 4800 1907 4854 quae
1940 4785 2035 4840 hic

365 4859 422 4910 et
452 4853 604 4908 infra
636 4852 707 4907 de
738 4851 946 4907 eodem
979 4851 1257 4923 baptismi
1302 4857 1439 4906 voto
1493 4851 1823 4909 traduntur.
1860 4855 2035 4910 Inno-

368 4926 599 4983 centius
648 4924 860 4978 tertius
916 4928 1075 4993 pont.
1139 4940 1315 4994 max.“
1351 4924 1601 4994 epistola
1648 4926 2034 4981 Cremonensi

368 4998 648 5079 episcopo
680 4995 901 5076 scripta
922 4992 1235 5076 ’sincerum
1266 4992 1534 5075 ejusdem
1567 4997 1921 5079 sacramenti
1944 4998 2038 5052 dc-

367 5066 673 5132 siderium,
705 5082 840 5121 cum
872 5067 1066 5135 ipsum
1100 5066 1159 5119 in
1191 5082 1253 5119 re
1285 5066 1554 5134 accipere
1585 5082 1700 5120 non
1733 5066 1898 5133 licet,
1935 5086 2035 5123 sa-

366 5140 544 5195 lutem
575 5135 787 5192 atl‘erre
821 5136 1081 5191 doctoris
1112 5136 1299 5190 nostri
1324 5137 1659 5192 testimonio
1688 5139 1992 5194 confirmat
2021 5156 2033 5194 :

365 5226 539 5283 quam
571 5210 905 5283 opinionem
937 5210 1061 5261 tum
1093 5206 1366 5283 ejusdem
1396 5208 1735 5283 Ambrosii,
1760 5212 1880 5263 tum
1912 5213 2034 5283 Au-

365 5278 994 5353 g’ustinibuptgritate
1055 5278 1444 5353 amp_lecti_se
1501 5279 1641 5353 dicjt
1702 5280 2038 5353 Bernardus

364 5349 612 5407 tractatu
663 5350 735 5403 ad
788 5349 1099 5421 Hugonem
1151 5349 1537 5421 Victorinum.
1587 5350 1849 5421 Denique
1882 5352 2053 5406 hunc’

364 5425 563 5494 ipsum
594 5421 879 5494 orationis
914 5420 1168 5494 hujusce
1200 5420 1393 5473 locum
1426 5420 1484 5494 in
1524 5420 2034 5494 memoratzeisen-

364 5492 560 5549 tentiac
586 5493 1141 5565 confirmationem
1179 5493 1567 5565 communiter
1624 5492 2035 5565 citantwllugo

364 5566 519 5619 Vict.
565 5564 653 5619 De
702 5579 934 5618 sacram
978 5562 1251 5633 baptism.
1290 5578 1417 5632 cap.
1453 5565 1505 5629 5,
1541 5564 1749 5617 beatus
1779 5562 2038 5618 Thomas

369 5655 405 5709 ιι
440 5654 520 5706 p.,
576 5652 635 5706 q.
666 5635 755 5709 6S,
790 5652 845 5688 a.
880 5634 949 5699 2;
1002 5633 1294 5709 Magister
1317 5633 1477 5687 Sent.
1523 5635 1693 5709 _lll‘lV,
1723 5635 1889 5709 _dist.
1923 5636 1976 5703 4,
2010 5636 2041 5709 g

372 5704 524 5763 Sunt
557 5704 615 5765 et
647 5706 773 5776 alii,
807 5709 864 5761 ct
895 5709 1028 5781 post
1060 5721 1165 5763 eos
1200 5704 1418 5780 vulgus
1451 5705 1965 5763 scholasticorum.

2144 4640 2547 4713 praedicationi
2599 4641 2957 4713 incumbere
2993 4640 3221 4713 solebat
3261 4644 3507 4713 sanctus
3539 4641 3807 4713 antistes,

2145 4710 2618 4785 quandoquidem
2652 4728 2768 4782 quo
2808 4712 2900 4765 die
2935 4710 3249 4785 t'u_nebren_i
3273 4711 3643 4785 imperatoris
3671 4726 3810 4785 ora-

2146 4781 2361 4840 tionem
2406 4781 2721 4837 habiturus
2773 4786 2916 4849 erat,
2972 4781 3355 4851 Evangelium
3386 4782 3552 4851 prius
3593 4783 3809 4852 pepulo

2147 4855 2517 4925 interpretari
2564 4870 2679 4908 non
2729 4853 3015 4907 omiserit.
3050 4854 3181 4925 Sed
3230 4869 3261 4906 a
3308 4853 3481 4907 nobis
3514 4852 3638 4921 jam
3670 4854 3810 4907 alibi

2149 4924 2526 4981 observatum
2560 4929 2671 4990 est,
2706 4940 2838 4979 eum
2870 4924 3222 4994 quandoque
3255 4925 3461 4979 eodem
3492 4925 3586 4980 die
3625 4926 3810 4980 semel

2150 5003 2206 5053 et
2235 4998 2447 5050 iterum
2479 5011 2510 5050 e
2542 4997 2836 5065 suggestu
2866 4995 3045 5048 verba
3079 4995 3320 5049 fecisse.

2218 5069 2329 5137 (40)
2371 5067 2645 5121 Nonnulli
2679 5082 2851 5134 mss.,
2892 5089 2913 5112 «
2947 5071 3113 5120 actor
3141 5066 3340 5137 pepuli
3371 5067 3674 5137 pauperis.
3711 5090 3733 5115 υ

2220 5138 2331 5207 (41)
2372 5138 2522 5191 Hinc
2585 5137 2882 5209 intelligas
2932 5137 3328 5209 Arbogastem
3385 5138 3673 5208 quosdam
3739 5151 3810 5191 ex

2146 5210 2355 5264 amicis
2388 5208 2778 5263 Valentiniani
2809 5208 2879 5261 ad
2912 5208 3119 5263 necem
3148 5209 3503 5279 poposcisse
3534 5211 3810 5279 tanquam

2148 5281 2265 5335 sibi
2286 5279 2575 5343 infensos,
2611 5282 2665 5333 et
2698 5279 2846 5333 forte
2874 5279 3015 5334 illud
3047 5278 3315 5351 estquod
3346 5279 3527 5334 movit
3553 5278 3810 5351 editores

2151 5352 2482 5422 Romanos,
2527 5355 2589 5405 ut
2629 5367 2809 5421 supra
2848 5366 3007 5406 num.
3041 5352 3108 5406 2'7
3140 5349 3512 5422 reponerent,
3558 5369 3580 5422 ε
3615 5364 3647 5401 a
3676 5349 3811 5419 qui-

2150 5423 2265 5477 bus
2295 5421 2392 5476 ille
2425 5417 2490 5476 se
2529 5417 2736 5476 timere
2767 5422 3016 5492 diccbat,
3055 5448 3075 5471 »ν
3114 5417 3266 5477 sicut
3289 5421 3504 5475 ibidem
3528 5417 3810 5473 observa-

2149 5498 2269 5547 tum
2302 5499 2411 5547 est.

2175 5510 2269 5548 um
2302 5509 2411 5547 ρει.

2220 5564 2331 5631 (42)
2374 5564 2778 5619 Valentiniano
2801 5580 3044 5619 sorores
3068 5568 3188 5617 tres
3219 5563 3408 5615 fuisse
3437 5560 3816 5629 reperiuntur

2150 5637 2347 5703 Justa,
2405 5634 2588 5689 Grata
2639 5641 2693 5689 et
2748 5636 2933 5689 Galla.
2983 5635 3128 5688 Cum
3176 5635 3367 5686 autem
3410 5632 3537 5686 haec
3583 5632 3811 5701 ultima,

2155 5723 2287 5781 quae
2317 5710 2597 5781 nupserat
2627 5706 2994 5774 Theodosio,
3020 5704 3145 5776 jam
3176 5703 3451 5760 defuncta
3480 5709 3672 5775 esset,
3718 5721 3816 5762 re-
