4098 6178
396 221 510 287 1’43
523 227 542 285 1

394 425 454 480 in
478 424 625 496 ipsis
649 441 714 481 se
739 426 1174 498 consolabatur,
1201 427 1260 483 in
1281 429 1431 500 ipsis
1459 429 1757 485 relaxabat
1781 430 2060 499 animum,
2093 417 2153 483 Α

397 520 452 568 et
481 515 644 570 fessa
678 517 840 570 curis
875 517 1053 572 corda
1081 518 1395 573 mulcebat.
1432 519 1702 590 Rogabat
1733 535 1836 574 eas
1869 521 1961 589 ut,
2011 519 2066 573 si

396 621 512 677 quo
543 605 812 676 pueritiae
843 622 970 661 suae
999 606 1192 677 lapsu,
1227 607 1277 662 si
1297 623 1574 663 sermone
1606 607 1800 679 aliquo
1823 607 2064 663 offensae

395 711 429 748 a
451 693 631 750 fratre
651 695 1016 766 viderentur,
1049 695 1452 768 ignoscerent,
1487 697 1718 752 veniam
1751 697 1868 752 sibi
1896 711 1930 750 a
1951 697 2064 751 Do-

395 783 554 839 mino
588 783 708 840 Deo
741 785 1220 854 deprecarentur.
1255 785 1496 852 Manus,
1533 785 1719 856 capita
1751 785 2066 840 sororibus

397 872 798 943 osculabatur,
831 874 1140 929 immemor
1167 875 1417 945 imperii,
1453 891 1678 930 memor
1709 874 2068 948 germanita-

398 963 474 1017 tis
511 979 523 1018 :
561 967 615 1018 et
647 965 866 1034 quanto
895 963 1088 1036 magis
1121 964 1256 1018 aliis
1287 965 1596 1036 potestatis
1632 961 1768 1037 jure
1809 967 2066 1034 praesta-

397 1054 506 1120 ret,
555 1052 667 1106 hoc
715 1067 782 1106 se
811 1052 1005 1124 magis
1052 1053 1332 1108 humilem
1375 1052 1688 1108 sororibus
1727 1051 2064 1107 exhibebat.

402 1141 670 1212 Rogabat
701 1144 764 1196 ut
793 1157 910 1196 non
941 1141 1352 1198 meminissent
1375 1141 1628 1214 injuriae,
1655 1141 2068 1198 meminissent

389 1227 627 1301 gratiae.

469 1321 562 1383 37.
606 1323 916 1402 Acciderat
939 1325 1000 1378 ut
1030 1320 1322 1394 quoddam
1345 1322 1416 1376 de
1437 1335 1638 1377 earum
1670 1321 2065 1391 possessione

400 1416 627 1472 audiret
675 1413 1011 1484 negotium;
1063 1413 1260 1466 tantus
1291 1409 1446 1465 enim
1476 1415 1637 1476 erat;
1690 1413 1752 1464 ut
1792 1410 1965 1465 etiam
2007 1411 2068 1464 in

401 1519 580 1561 causa
613 1516 886 1560 sororum
909 1515 1118 1572 aequus
1135 1498 1286 1555 forte
1311 1498 1530 1554 arbiter
1545 1515 1577 1553 a
1599 1499 2065 1571 provincialibus

399 1592 794 1650 aestimaretur
825 1602 838 1646 :
881 1589 1038 1662 quod
1069 1587 1182 1644 etsi
1212 1589 1370 1644 circa
1403 1591 1640 1643 sanctas
1671 1587 2064 1644 necessitudi-

399 1699 508 1738 nes
554 1697 698 1736 suas
742 1679 1027 1734 charitate
1077 1677 1496 1748 propenderet,
1549 1681 1745 1731 tamen
1789 1676 2066 1747 pietatem

400 1787 570 1828 suam
607 1768 843 1842 justitia
891 1769 1258 1838 temperaret.
1310 1765 1548 1820 Audivit
1597 1767 1900 1838 negotium
1947 1781 2066 1821 non

401 1863 472 1916 de
493 1857 655 1932 jure,
674 1858 781 1914 sed
801 1858 872 1912 de
893 1855 1284 1928 possessione
1306 1854 1536 1926 praedii.
1564 1853 1714 1911 Hine
1744 1855 1934 1926 pietas
1956 1870 2064 1926 pro

401 1948 750 2018 sororibus,
794 1946 926 2002 inde
974 1943 1384 2000 misericordia
1433 1959 1540 2014 pro
1589 1944 1835 2015 orphani
1885 1958 2067 2000 causa

401 2037 684 2106 certabat,
718 2040 782 2092 ut
811 2051 914 2106 pro
945 2049 1016 2090 eo
1061 2033 1214 2106 apud
1264 2033 1427 2103 ipsas
1473 2031 1859 2090 interveniret
1899 2048 2065 2090 soro-

400 2143 520 2182 res.
574 2124 827 2181 Remisit
875 2125 946 2179 ad
985 2122 1253 2195 judicem
1291 2120 1588 2192 publicum
1623 2122 1958 2194 negotium,
1995 2138 2104 2188 ne,

398 2221 498 2272 aut
535 2216 642 2288 jus
691 2208 788 2269 aut
833 2213 1106 2285 pietatem
1164 2211 1426 2267 leaderet.
1494 2211 1777 2266 Privatim
1836 2216 2066 2280 tamen,

399 2311 683 2380 quantum
713 2319 786 2360 ex
817 2302 1124 2376 proposito
1155 2299 1440 2356 nobilium
1477 2299 1808 2370 puellarum
1854 2299 2070 2355 adver-

400 2399 601 2465 timus,
633 2395 794 2468 pium
824 2393 1047 2448 sanctis
1088 2389 1402 2447 sororibus
1433 2389 1742 2460 impressit
1771 2387 2064 2458 affectum,

398 2493 462 2544 ut
494 2482 856 2542 concedendi
885 2481 1094 2555 praedii
1140 2479 1500 2536 voluntatem
1535 2477 1851 2548 haberent,
1911 2476 2068 2532 indi-

400 2578 558 2632 cium
586 2575 814 2631 darent.
849 2572 1022 2628 Versa
1061 2570 1259 2643 dignae
1300 2571 1455 2624 tanto
1501 2567 1684 2622 fratre
1736 2581 2068 2639 germanae,

399 2682 533 2739 quae
564 2665 620 2720 id
653 2664 810 2736 quod
838 2666 1026 2717 mater
1053 2659 1166 2733 (43)
1208 2657 1324 2714 sibi
1355 2657 1692 2728 reliquerat,
1726 2655 1968 2711 mallent
1999 2653 2086 2709 de.

401 2773 512 2812 suo
541 2756 742 2827 potius
763 2750 901 2824 jure
931 2750 1156 2818 laxare,
1191 2763 1365 2819 quam
1385 2745 1623 2800 fratrem
1657 2745 1716 2800 in
1747 2762 1856 2801 sua
1889 2761 2071 2801 causa

398 2841 815 2900 verecundiam
847 2839 1174 2895 sustinere.

471 2932 561 2988 38.
605 2931 748 2986 Hinc
789 2932 882 2984 est
928 2925 1131 2996 vobis,
1189 2930 1412 2982 sanctae
1455 2926 1695 2993 animae,
1750 2923 2070 2980 haereditas

400 3021 720 3092 pretiosior
747 3018 1026 3072 fraterna
1059 3015 1252 3070 laudis
1284 3017 1341 3068 et
1371 3014 1608 3086 glorise,
1661 3015 1758 3069 his
1791 3029 1902 3069 vos
1933 3014 2070 3084 pius

401 3112 584 3166 frater
626 3107 953 3164 nobiliores
1002 3109 1058 3161 et
1104 3104 1348 3160 ditiores
1393 3102 1676 3173 reddidit,
1727 3103 1830 3174 qui
1873 3103 2067 3168 1185

401 3203 578 3270 caput
607 3199 874 3255 vestrum
902 3210 1019 3250 non
1049 3193 1302 3264 gemmis
1323 3193 1624 3262 onerabat,
1659 3191 1767 3248 sed
1797 3191 2057 3248 osculis:

399 3305 614 3344 manus
662 3289 896 3342 vestras
941 3299 1059 3340 non
1108 3288 1225 3338 tam
1268 3281 1572 3355 regalibus
1603 3281 1896 3336 ambiebat
1926 3280 2068 3336 insi-

404 3379 646 3454 gnibus,
681 3390 856 3448 quam
888 3372 1266 3445 imperatorio
1290 3385 1391 3426 ore
1423 3371 1736 3426 lambebat.
1763 3369 1824 3424 In
1855 3373 2071 3426 vestra:

404 3469 601 3524 fructu
632 3463 970 3537 praesentiae
1002 3475 1174 3518 omne
1205 3459 1459 3530 ponebat
1489 3459 1798 3528 solatium,
1853 3461 1916 3514 ut
1965 3473 2073 3514 nec

352 3596 358 3601 -
403 3560 596 3630 ipsam
623 3553 801 3610 nimie
834 3551 1198 3608 desideraret
1228 3563 1494 3605 uxorem.
1527 3540 1670 3605 Ideo'
1695 3548 1930 3620 nuptias
1962 3547 2074 3604 dif-

406 3645 657 3715 ferebat,
691 3641 827 3715 quia
855 3639 990 3712 plus
1025 3653 1157 3694 eum
1187 3637 1302 3707 (44)
1319 3640 1538 3694 vestrae
1561 3637 1770 3711 gratiae
1793 3637 2076 3708 pascebat

407 3735 677 3792 affectus.
703 3733 848 3788 Haec
869 3729 1042 3786 vobis
1065 3727 1366 3784 desiderio
1390 3727 1664 3801 amplius,
1689 3741 1866 3800 quam
1887 3726 2076 3782 dolori

407 3827 544 3894 sint,
578 3827 642 3879 ut
670 3822 927 3878 fraterna
962 3817 1152 3892 gloria
1181 3817 1316 3890 plus
1338 3816 1563 3873 reficiat
1593 3821 1866 3886 mentem,
1901 3831 2076 3888 quam

408 3915 580 3970 dolor
607 3914 898 3984 torqueat.
930 3909 1193 3964 Pascunt
1231 3907 1572 3980 frequenter
1602 3909 1658 3960 et
1688 3905 1986 3978 lacrymae,
2021 3909 2078 3961 et

407 4004 662 4059 mentem
695 3999 981 4056 allevant:
1017 3998 1192 4052 ﬂetus
1214 3995 1574 4068 refrigerant
1597 3997 1824 4066 pectus,
1859 3998 1915 4049 et
1935 4008 2075 4048 moe-

410 4097 568 4147 stum
600 4088 870 4145 solantur
899 4085 1194 4142 affectum.

479 4175 569 4236 39.
612 4179 835 4234 Durum
864 4175 1101 4249 quidem
1134 4173 1313 4230 funus
1362 4171 1607 4242 videtis,
1661 4171 1768 4228 sed
1799 4171 1992 4227 stabat
2023 4175 2081 4228 et

411 4273 616 4327 sancta
648 4266 832 4322 Maria
851 4265 1024 4338 juxta
1047 4278 1286 4320 crucem
1305 4261 1457 4331 Filii,
1490 4267 1546 4318 et
1568 4263 1873 4333 spectabat
1895 4261 2078 4334 Virgo

411 4361 507 4417 sui
529 4356 816 4430 unigeniti
833 4355 1192 4427 passionem.
1215 4351 1476 4408 Stantem
1491 4351 1820 4424 illamlego,
1847 4351 2078 4406 ﬂentem
2111 4373 2164 4436 Β

409 4466 528 4506 non
558 4448 715 4520 lego.
767 4443 936 4503 Unde
979 4443 1123 4498 dixit
1152 4443 1205 4496 ei
1235 4439 1456 4496 Filius:
1499 4465 1520 4487 «
1557 4440 1786 4508 Mulier,
1834 4454 1974 4494 ecce
2015 4439 2078 4494 fi-

409 4539 528 4594 lius
585 4543 745 4593 tuus.
807 4534 877 4590 Et
935 4530 1228 4604 discipulo
1287 4531 1433 4586 dixit
1483 4547 1494 4585 :
1549 4529 1700 4584 Ecce
1749 4533 1936 4584 mater
1982 4531 2082 4582 tua

413 4629 612 4697 (Joan.
645 4642 772 4696 xix,
804 4623 894 4692 26,
925 4622 1060 4692 2'1);
1118 4645 1140 4668 π
1189 4618 1592 4677 hereditatem
1623 4616 1740 4672 illis
1774 4616 2080 4672 charitatis

2101 1742 2150 1804 Β

2103 3054 2156 3116 C

411 4770 694 4842 linquitur
720 4769 951 4838 priores
985 4761 1406 4842 tantumduas
1429 4760 1565 4842 huic
1603 4757 1854 4815 orationi
1893 4759 2081 4814 inter-

413 4833 626 4909 fuisse,
659 4833 810 4909 quas
840 4839 1138 4909 perpetuae
1170 4833 1532 4909 virginitatis
1553 4844 1834 4886 servasse
1866 4843 2078 4902 propo-

417 4913 595 4967 situm
615 4907 696 4964 ad
728 4907 898 4978 epist.
932 4907 1000 4962 53
1031 4907 1461 4978 annotavim‘us.
1519 4908 1524 4912 '

485 4981 599 5053 (43)
637 4973 854 5053 omnes
885 4979 1044 5048 edit,
1091 4993 1290 5053 _«_qum
1313 4975 1380 5053 ‘ei
1428 4975 1584 5053 quod
1628 4973 1832 5029 matari
1867 4993 1888 5022 ι
1924 4988 2073 5026 mss.

417 5047 561 5108 vero
581 5047 826 5117 melius,
866 5073 885 5099 ι
923 5066 1056 5120 qua
1087 5050 1146 5104 id
1174 5047 1330 5120 quod
1360 5051 1564 5120 mater.
1612 5065 1633 5095 ι

486 5069 561 5108 ro
592 5066 826 5117 melius,
866 5073 885 5099 ι
923 5066 1056 5174 (alia
1087 5066 1146 5104 iu
1174 5066 1330 5120 quoa
1360 5066 1564 5102 mater.
1612 5066 1633 5095 ι
1853 5117 1863 5127 ⁸
1985 5115 1994 5126 ⁸

486 5125 599 5193 (Η)
637 5123 854 5178 Omnes
901 5137 932 5175 e
980 5122 1038 5175 it.
1091 5125 1147 5175 et
1193 5135 1338 5174 mss.
1389 5119 1643 5193 aliquot,
1699 5140 1720 5164 α
1766 5131 1902 5188 quia
1943 5131 2077 5185 pius

350 5201 356 5207 '
416 5192 586 5259 eunt;
619 5218 641 5243 η
678 5193 891 5264 reliqui
921 5208 1092 5258 inss.,
1130 5213 1154 5264 ε
1185 5193 1324 5264 quia
1361 5192 1492 5264 plus
1524 5205 1678 5264 eum.
1716 5213 1736 5236 ιι

487 5267 600 5336 (15)
637 5261 978 5336 Gratianum
1008 5269 1064 5336 et
1096 5261 1686 5336 Valentinianum,in
1715 5271 2077 5336 quosamo-

417 5356 546 5395 rem
580 5329 798 5406 suum,
846 5335 1106 5410 qualibet
1162 5333 1475 5410 occasione
1517 5335 1686 5410 _nata_,
1734 5329 2079 5410 signiﬁcare

416 5427 532 5466 non
563 5400 970 5480 praetermittit.
1018 5405 1182 5470 Quod
1229 5400 1422 5480 autem
1465 5403 1536 5480 ad
1564 5403 1776 5480 minas
1817 5400 2075 5480 Maximi,

417 5471 668 5552 quarum
701 5471 976 5552 continuo
1010 5480 1142 5552 post
1166 5475 1379 5552 mentio
1405 5474 1670 5552 habetur,
1698 5471 1960 5552 adeunda
1987 5475 2079 5523 est

418 5545 588 5624 epist.
623 5553 690 5606 24
721 5551 791 5606 ad
824 5545 1292 5624 valentiniauum
1323 5547 1476 5624 hunc
1509 5545 1817 5624 destinata.

490 5624 602 5696 (46)
647 5649 667 5671 ει
713 5621 998 5696 Supplicii
1043 5620 1276 5687 feralis,
1326 5641 1346 5664 ιν
1394 5617 1452 5670 id
1497 5619 1585 5670 est
1633 5612 1936 5680 funebris,
1983 5613 2078 5666 iu-

1897 5704 1928 5718 κ

1831 227 1896 290 s.
1943 224 2385 328 amssosn.

3672 237 3808 304 1432

2184 446 2312 486 suae
2344 435 2399 486 et
2429 432 2635 504 gratiae
2667 433 3108 506 derelinquens.
3143 434 3205 490 In
3236 449 3358 506 quo
3387 434 3584 504 vobis,
3621 435 3708 507 pia
3732 438 3810 510 pi-

2183 535 2390 592 gnora,
2423 521 2700 592 quoniam
2740 522 2985 576 fratrem
3015 527 3280 578 vestrum
3331 537 3572 579 servare
3601 532 3811 596 propter

2183 623 2311 662 mea
2343 612 2580 678 peccata
2621 626 2738 664 non
2771 612 2992 680 merui,
3043 610 3314 667 affectum
3347 616 3646 684 paternum
3673 614 3814 670 exhi-

2183 697 2326 752 bere
2357 698 2657 754 desidero.
2692 699 2864 754 Illum
2893 700 3126 755 intueor
3153 701 3212 756 in
3243 701 3444 770 vobis,
3476 699 3632 756 illum
3650 703 3812 774 teneo,

2184 784 2345 840 illum
2385 790 2524 858 puto
2572 801 2714 842 esse
2747 787 2888 843 mihi
2928 793 3322 860 praesentem,
3376 789 3493 844 imo
3539 793 3815 863 utrumque

2183 889 2530 946 germannm
2577 877 2712 946 (45),
2757 891 2909 948 quos
2958 877 3118 932 velut
3166 877 3379 933 oculos
3419 876 3564 932 mihi
3597 877 3814 936 effossos

2183 964 2454 1020 arbitror.
2487 963 2748 1020 Felieius
2777 965 3094 1038 episcopos
3125 969 3576 1039 persequuntur
3604 967 3814 1038 impera-

2182 1055 2365 1121 tores,
2390 1068 2567 1125 quam
2587 1053 2858 1126 diligunt.
2881 1054 3108 1120 Quanto
3131 1054 3271 1110 mihi
3292 1055 3532 1110 beatius
3564 1053 3814 1113 Maximus

2182 1141 2554 1197 minabatur?
2583 1140 2646 1196 ln
2677 1141 2835 1198 illius
2865 1142 2998 1198 odio
3029 1143 3159 1198 laus
3181 1138 3330 1210 erat,
3367 1143 3425 1198 in
3457 1143 3664 1199 borum
3692 1159 3819 1200 amo-

2178 1245 2244 1285 re
2275 1229 2548 1300 supplicii
2580 1230 2782 1286 feralis
2799 1231 2912 1302 (46)
2935 1231 3274 1288 haereditas.
3303 1231 3566 1303 Utinam,
3601 1231 3713 1302 filii,
3730 1249 3817 1304 pro

2181 1319 2353 1373 vobis
2395 1317 2672 1391 liquisset
2715 1319 2870 1376 hunc
2900 1320 3174 1391 spiritum
3220 1317 3518 1376 fundere!
3561 1321 3818 1392 Compen-

2181 1407 2340 1462 dium
2373 1407 2597 1464 doloris
2627 1407 2986 1480 inveneram,
3020 1413 3076 1464 et
3105 1407 3443 1483 gloriosius
3486 1408 3626 1465 mihi
3661 1409 3816 1467 fuerat

2182 1509 2288 1567 pro
2320 1496 2496 1552 tantis
2529 1497 2696 1553 obire
2724 1497 3104 1571 pignoribus.

2255 1619 2342 1677 40.
2385 1619 2502 1676 Sed
2527 1620 2601 1677 ad
2630 1624 2910 1692 vestram,
2946 1625 3169 1679 sanctae
3191 1623 3354 1693 ﬁliae,
3388 1619 3818 1680 consolationem

2185 1715 2472 1778 revertar,
2525 1713 2798 1784 quamvis
2830 1727 3034 1768 rerum
3067 1715 3380 1784 gestarum
3411 1712 3698 1768 acerbitas
3724 1713 3819 1767 vim

2186 1814 2420 1854 omnem
2449 1799 2872 1856 consolationis
2903 1801 3239 1858 absorbent.
3271 1799 3422 1867 Quae
3451 1799 3507 1857 si
3535 1801 3723 1857 brevis
3741 1802 3818 1871 sit,

2186 1887 2330 1942 nihil
2363 1885 2533 1944 affert
2561 1905 2678 1960 quo
2710 1893 2989 1945 moestum
3027 1889 3300 1946 affectum
3347 1889 3712 1946 demulceat:
3749 1891 3823 1944 sin

2185 1977 2492 2048 prolixior,
2542 1976 2876 2050 longiorem
2915 1977 3080 2034 affert
3117 1978 3582 2035 admonitionem
3609 1978 3819 2034 doloris.

2185 2063 2311 2131 Quo
2333 2065 2488 2121 enim
2518 2065 2808 2136 prolixior
2829 2065 3037 2136 fueris,
3063 2067 3174 2123 hoc
3197 2067 3396 2140 magis
3418 2067 3480 2122 in
3501 2067 3820 2124 consolando

2185 2154 2414 2210 efﬁcies
2445 2170 2580 2210 eum
2611 2171 2788 2228 quem
2817 2155 3117 2212 consolari
3143 2157 3330 2226 velis,
3366 2160 3426 2213 et
3455 2155 3672 2213 diutius
3701 2171 3834 2212 ωωυ.

2185 2257 2384 2299 rorem
2416 2243 2552 2316 ejus
2584 2245 2838 2301 tenebis.

2255 2349 2346 2406 4t.
2390 2351 2524 2408 Non
2555 2351 2738 2424 igitur
2765 2353 2927 2408 velut
2977 2353 3252 2424 penicillo
3283 2351 3404 2424 (Π)
3451 2351 3699 2426 quodam
3725 2367 3824 2407 ser-

2187 2438 2380 2494 monis
2427 2441 2546 2496 mei
2593 2446 2830 2497 vestras
2885 2441 3228 2516 abstergam
3285 2441 3618 2513 lacrymas,
3667 2453 3822 2512 neque

2188 2528 2344 2584 enim
2371 2528 2430 2584 id
2461 2527 2657 2586 facere
2688 2529 2924 2602 vellem,
2958 2530 3188 2586 etiamsi
3220 2546 3474 2602 possem
3509 2547 3521 2586 :
3572 2534 3660 2586 est
3694 2529 3821 2585 enim

2185 2617 2302 2687 piis
2343 2615 2652 2674 affectibus
2682 2619 2955 2691 quaedam
2999 2619 3174 2675 etiam
3221 2619 3404 2676 flendi
3451 2618 3742 2690 voluptas,
3781 2622 3825 2672 et

2186 2707 2533 2779 plerumque
2563 2708 2769 2780 gravis
2799 2708 3079 2780 lacrymis
3109 2713 3399 2779 evaporat
3432 2707 3620 2764 dolor.
3653 2705 3754 2763 Sed
3778 2704 3823 2760 id

2187 2797 2441 2866 postulo,
2476 2812 2544 2852 re
2573 2795 2666 2852 vel
2697 2797 2942 2852 inﬁxum
2971 2798 3193 2869 pectori
3223 2801 3432 2853 vestro
3479 2797 3710 2852 fratrem
3741 2795 3824 2848 du-

2186 2883 2270 2938 ris
2302 2885 2622 2957 gemitibus
2650 2887 2952 2941 revellatis
2982 2887 3124 2956 (48),
3159 2887 3250 2942 vel
3282 2886 3572 2950 avertatis
3611 2883 3824 2958 plancti-

2186 2974 2322 3044 bus,
2356 2973 2448 3030 vel
2473 2974 2948 3046 requieseentem
2978 2975 3271 3032 excitetis.
3297 2975 3404 3031 Ille
3436 2975 3609 3030 vobis
3629 2974 3827 3029 maneat

2185 3061 2244 3116 in
2277 3062 2474 3133 corde,
2509 3061 2608 3118 ille
2640 3062 2798 3118 vivat
2828 3063 2888 3118 in
2917 3067 3178 3135 pectore,
3211 3063 3310 3120 ille
3343 3061 3706 3135 amplexibus
3732 3059 3824 3132 piis

2187 3151 2437 3220 haereat,
2491 3156 2550 3207 ut
2599 3152 2854 3219 solebat;
2906 3152 3002 3208 ille
3044 3151 3300 3208 fraterna
3348 3153 3559 3208 oscula
3598 3151 3822 3223 premat,

2187 3239 2284 3296 ille
2317 3257 2558 3312 semper
2588 3241 2647 3296 in
2670 3241 2860 3297 oculis
2882 3241 2980 3310 sit,
3007 3255 3246 3312 semper
3267 3240 3327 3296 in
3349 3241 3599 3309 osculis,
3625 3251 3828 3308 semper

2185 3330 2246 3384 in
2293 3328 2592 3402 alloquiis,
2627 3345 2867 3402 semper
2897 3330 2957 3386 in
2992 3331 3326 3386 mentibus:
3383 3330 3484 3386 ille
3521 3327 3642 3401 jam
3685 3327 3824 3393 talis,

2187 3420 2248 3474 ut
2281 3419 2333 3474 ei
2369 3419 2513 3475 nihil
2545 3419 2800 3474 timentis
2838 3419 2994 3474 sicut
3025 3424 3176 3474 ante.
3227 3415 3676 3474 Obliviscamini
3715 3413 3826 3486 ejus

2189 3521 2532 3579 arumnam,
2555 3507 2804 3564 teneatis
2834 3509 3104 3582 gratiam.
3139 3506 3241 3562 Ille
3263 3508 3442 3563 vobis
3473 3505 3824 3563 auxiliaturus

2189 3591 2494 3668 speretur,
2515 3595 2611 3652 ille
2645 3596 2922 3653 noctibus
2956 3596 3146 3661 1186
3192 3595 3419 3667 praesul
3467 3595 3730 3660 assistat,
3769 3590 3826 3644 il-

2187 3686 2310 3741 lum
2358 3701 2390 3740 a
2439 3685 2610 3742 vobis
2649 3685 2776 3757 jam
2826 3701 2934 3741 nec
2981 3699 3230 3740 somnus
3273 3685 3572 3742 excludat.
3607 3683 3824 3753 Propter

2187 3775 2386 3846 ipsum
2417 3774 2668 3830 delectet
2697 3773 2890 3846 quies,
2925 3777 2986 3829 ut
3032 3772 3204 3829 vobis
3243 3775 3475 3846 gratior
3504 3772 3826 3828 revertatur.

2190 3865 2254 3922 In
2285 3863 2458 3920 vobis
2490 3866 2600 3934 est,
2627 3864 2782 3932 tiliae,
2815 3867 2876 3918 ut
2907 3863 3149 3918 fratrem
3179 3861 3351 3918 vobis
3375 3861 3507 3936 jam
3538 3874 3702 3918 nemo
3719 3871 3830 3930 pos-

2192 3954 2270 4010 sit
2297 3951 2552 4008 auferre.
3549 3962 3552 3970 '

2261 4060 2350 4116 42.
2387 4059 2510 4118 Sed
2540 4073 2757 4131 corpus
2789 4058 2924 4132 ejus
2945 4061 3145 4115 tenere
3167 4057 3548 4127 desideratis,
3573 4053 3824 4112 tumulum

2193 4148 2572 4206 circumfusaa
2603 4149 2837 4205 tenetis.
2880 4149 2982 4204 Ille
3015 4148 3276 4204 tumulus
3307 4147 3517 4203 fratris
3548 4143 3711 4219 v_obis
3739 4141 3825 4196 ha-

2193 4237 2396 4295 bitatio
2429 4238 2534 4308 sit,
2567 4237 2663 4294 ille
2695 4237 2773 4294 sit
2799 4237 2932 4292 aula
2961 4237 3190 4308 palatii,
3237 4236 3295 4292 in
3329 4252 3449 4310 quo
3479 4236 3653 4292 chara
3681 4228 3825 4288 vobis

2194 4327 2456 4383 membra
2486 4328 2884 4400 requiescent.

2265 4435 2355 4492 43.
2409 4434 2576 4500 Quod
2625 4435 2680 4490 si
2727 4450 2818 4490 me
2859 4434 2934 4490 ad
2989 4434 3154 4489 illum
3207 4434 3506 4490 revocatis
3563 4431 3822 4492 dolorem,

2195 4524 2352 4598 quod
2397 4525 2512 4580 cito
2551 4524 2814 4580 excessit
2858 4540 2890 4578 e
2935 4524 3053 4578 vita
3087 4539 3100 4578 :
3145 4539 3254 4578 nec
3285 4539 3400 4596 ego
3431 4522 3624 4578 abnuo
3655 4519 3824 4574 imma-

2195 4618 2338 4692 tura,
2355 4613 2558 4669 obisse
2593 4617 2760 4668 aetate
2781 4655 2796 4683 ,
2846 4628 3021 4684 quem
3071 4615 3292 4668 nostra:
3323 4612 3460 4668 vitae
3493 4605 3821 4680 temporibus

2193 4757 2321 4830 quit
2353 4757 2656 4830 Nannius.
2707 4753 2936 4830 Feralis
2980 4755 3076 4810 hic
3107 4769 3225 4810 non
3255 4771 3287 4808 a
3317 4752 3454 4830 fera
3471 4752 3694 4830 dicitur,
3735 4741 3821 4830 sed

2193 4816 2231 4883 ἐ
2256 4829 2442 4896 feriis,
2477 4828 2533 4882 id
2567 4831 2680 4896 est,
2713 4825 2945 4881 inferiis
2977 4829 3363 4896 mortuorum.
3407 4823 3514 4896 Est
3539 4816 3718 4878 autem
3743 4816 3820 4870 hic

2193 4899 2397 4956 feralis
2419 4895 2758 4966 haereditas,
2793 4897 2948 4952 idem
2968 4895 3125 4968 quod
3151 4895 3552 5022 exsequialis;
3583 4901 3822 4974 quaecun-

2193 4986 2307 5022 aue
2339 4971 2492 5022 enim
2521 4970 2595 5022 ad
2625 4973 2892 5022 mortuos
2936 4969 3258 5022 pertinent.
3331 4967 3511 5022 eralia
3558 4964 3816 5019 dicuntur.

2193 4986 2307 5043 que
2339 4971 2492 5043 enim
2521 4970 2595 5024 ad
2625 4964 2892 5024 mortuos
2936 4964 3258 5038 pertinent,
3308 4964 3511 5022 feralia
3558 4964 3816 5043 dicantur.

2193 5039 2278 5097 Ita
2311 5042 2428 5096 ille.
3665 5039 3674 5050 ‘

2263 5114 2377 5185 (4'7)
2415 5111 2737 5185 Penicillus
2773 5111 2893 5185 etsi
2935 5110 3171 5185 proprie
3234 5105 3665 5185 ex__penicul_is,
3726 5100 3819 5185 hoc

2193 5178 2304 5252 est,
2341 5178 2546 5238 caudis
2577 5182 2916 5237 animalium
2937 5178 3198 5249 constet,
3231 5178 3450 5252 quibus
3483 5178 3724 5252 pictores
3751 5178 3816 5252 in-

2193 5247 2480 5311 ducendis
2512 5253 2813 5310 coloribus
2847 5257 3105 5321 utuntur,
3142 5247 3268 5307 nen'
3289 5247 3815 5321 tamen—infrequens

2195 5331 2287 5382 cst
2317 5343 2421 5382 eos
2451 5340 2558 5396 pro
2589 5324 2863 5396 spongiis
2894 5319 3166 5396 usurpari
3185 5321 3536 5396 ,7quemodo
3564 5319 3619 5372 in
3647 5319 3816 5372 Emm-

2195 5399 2304 5454 cho
2329 5392 2562 5453 Terent.
2600 5392 2730 5450 actu
2751 5392 2840 5462 ἲν,
2875 5411 2962 5449 se.
2995 5392 3061 5449 Ἷξ
3085 5394 3181 5449 Sic
3216 5392 3281 5450 PI
3318 5392 3598 5448 Nannius.
3687 5455 3700 5462 _
3771 5451 3782 5462 _

2265 5470 2378 5536 (48)
2419 5469 2500 5522 Ita
2531 5483 2736 5540 omnes
2769 5455 3162 5540 ms.;_omn_cs
3209 5481 3349 5520 vero
3400 5465 3559 5540 edit”
3613 5481 3644 5540 ι.
3673 5455 3812 5540 duris

2197 5525 2515 5611 gemitibus
2543 5539 2852 5611 relevetis;
2885 5525 3146 5611 absurdo
3172 5553 3378 5592 sensu.
3397 5525 3699 5602 Quid'enim
3717 5525 3808 5587 est,

2197 5608 2362 5666 duris
2395 5610 2728 5683 gemitibus
2749 5608 2996 5665 relevari
3018 5611 3045 5662 '2
