4098 6178
215 271 371 336 1433

1080 269 1190 336 DE
1233 270 1498 338 OBITU
1543 273 2153 376 νΑιΕΝΤιΝΙᾼΝΙ
2201 277 2764 344 CONSOLATIO.

3483 285 3645 349 1434

211 472 424 528 fulcire
456 487 830 543 cuperemus,
866 475 926 526 ut
957 473 1028 528 de
1052 473 1274 528 nostris
1293 475 1464 528 annis
1489 474 1712 530 viveret
1743 476 1877 546 (49),
1904 459 1954 523 Α
1987 476 2083 532 bal
2113 495 2185 532 ne
2217 477 2332 532 sibi
2364 479 2706 550 eriperetur,
2755 484 2862 538 sed
2906 483 3045 538 t‘tere
3097 484 3310 538 desivit
3361 489 3646 554 ereptum,

209 562 309 632 qui
341 561 509 632 fungi
541 576 656 615 non
687 562 873 632 potuit
903 561 1053 616 suis.

283 649 370 704 45.
423 649 541 704 Sed
596 665 800 722 quaero
841 654 1034 705 utrum
1081 651 1294 723 aliquis
1338 654 1414 707 sit
1459 657 1595 723 post
1632 655 1877 709 mortem

211 754 455 807 sensus,
509 755 584 794 an
631 739 878 794 nullus?
919 739 982 795 Si
1029 745 1142 806 est,
1191 741 1374 810 vivit;
1425 742 1539 796 imo
1585 743 1720 814 quia
1762 749 1872 814 est,

209 829 328 883 vita
355 827 480 900 jam
512 827 730 882 fruitur
760 832 1002 883 aeterna.
1035 828 1340 893 Quomodo
1373 831 1526 886 enim
1558 847 1675 886 non
1702 832 1878 888 habet

210 931 481 987 sensum,
533 917 710 988 cujus
755 919 947 972 anima
991 918 1156 988 vivit,
1190 923 1246 974 et
1278 920 1459 992 viget,
1494 925 1548 975 et
1593 922 1879 976 remeabit

209 1006 284 1060 ad
317 1018 580 1076 corpus;
613 1009 668 1061 et
701 1007 875 1062 faciet
902 1007 1065 1076 illud,
1101 1022 1234 1063 cum
1267 1009 1467 1065 refusa
1502 1009 1697 1080 fuerit,
1731 1011 1878 1065 revi-

208 1095 446 1150 viscere
467 1095 496 1150 ?
524 1092 750 1150 Clamat
779 1097 1101 1168 Apostolus
1136 1113 1148 1152 :
1189 1120 1211 1144 α
1248 1097 1540 1154 Nolumus
1569 1115 1679 1156 vos
1712 1100 1878 1172 igneo

211 1199 366 1251 rare,
401 1182 638 1251 fratres,
675 1183 746 1240 de
780 1184 1229 1254 dormientibus,
1281 1189 1344 1242 ut
1386 1204 1504 1243 non
1551 1188 1755 1244 tristes
1788 1188 1874 1243 si-

207 1272 308 1340 tis,
345 1271 500 1328 sicut
527 1277 584 1328 et
615 1274 813 1329 ceteri
847 1273 945 1346 qui
978 1290 1144 1345 spem
1195 1291 1312 1331 non
1361 1277 1596 1332 habent.
1644 1279 1792 1334 Nam
1822 1279 1876 1334 si

209 1361 512 1416 credimus
544 1362 699 1434 quod
734 1362 910 1417 Jesus
942 1367 1210 1419 mortuus
1245 1371 1356 1434 cst,
1391 1369 1448 1421 et
1491 1369 1822 1422 resurrexit
1858 1383 1869 1423 :

206 1451 286 1505 ita
319 1455 376 1506 et
406 1450 564 1505 Deus
597 1451 731 1506 illos
763 1451 864 1523 qui
892 1451 1257 1508 dormierunt
1286 1470 1393 1526 per
1423 1455 1651 1525 Jesum,
1687 1456 1874 1513 addu-

207 1544 303 1594 cet
332 1555 464 1594 cum
496 1555 566 1596 eo
597 1538 652 1610 (I
686 1538 890 1595 Thess.
935 1557 1012 1610 iv,
1050 1541 1135 1613 12,
1171 1540 1280 1614 t3).
1309 1567 1329 1591 ιι
1365 1543 1562 1600 Manet
1590 1558 1734 1618 ergo
1768 1562 1873 1603 eos

209 1630 350 1698 vita,
383 1644 535 1701 quos
566 1632 760 1684 manet
791 1634 1172 1687 resurrectio.

281 1718 368 1774 45.
419 1716 585 1784 Quod
636 1719 688 1774 si
739 1723 968 1792 gentes,
1018 1736 1152 1792 quae
1201 1737 1368 1792 spem
1413 1723 1874 1780 resurrectionis

1989 579 2162 636 quem
2193 567 2418 622 sciebat
2448 581 2588 623 esse
2619 585 2752 624 cum
2781 568 3037 626 Christo.
3060 571 3128 626 Et
3155 575 3216 626 ut
3251 571 3410 626 scias
3443 587 3648 627 verum

1989 669 2127 709 esse
2155 656 2312 727 quod
2343 672 2573 728 assero,
2624 659 2914 714 incestum
2966 662 3216 716 Ammon
3261 661 3444 716 tilium
3491 662 3652 717 flevit

1989 745 2255 798 occisum
2286 745 2370 814 (II
2396 746 2544 818 Reg.
2587 764 2712 815 xm,
2755 748 2866 817 36),
2912 749 3265 820 parricidam
3313 749 3652 807 Abessalon

1990 832 2174 888 doluit
2205 834 2618 906 interemptum
2663 837 2870 892 dicens
2904 855 2914 891 :
2969 861 2990 883 ει
3029 837 3214 894 Filius
3266 855 3435 894 meus
3470 840 3653 895 Abes-

1991 922 2180 992 salon,
2215 923 2372 978 titius
2403 939 2572 979 meus
2607 925 2942 982 Abessalon
2974 927 3059 994 (ΙΙ
3082 928 3230 999 Reg.
3262 944 3426 997 xvm,
3473 927 3587 998 33),
3625 953 3648 978 η

1988 1010 2358 1067 innocentem
2391 1012 2574 1068 tilium
2605 1029 2721 1068 non
2745 1015 2965 1085 putavit
2988 1029 3126 1070 esse
3144 1016 3485 1088 lugendum,
3513 1017 3651 1087 quia

1990 1098 2125 1154 illos
2159 1099 2274 1154 sibi
2305 1101 2560 1172 periisse
2592 1119 2698 1174 pro
2730 1103 2978 1173 scelere,
3015 1102 3171 1160 hunc
3191 1118 3296 1176 pro
3320 1105 3651 1162 innocentia

1990 1189 2239 1244 credidit
2267 1205 2406 1246 esse
2436 1190 2748 1248 victurum.

2055 1277 2143 1333 48.
2177 1277 2336 1334 Nihil
2369 1295 2512 1352 ergo
2542 1279 2773 1335 habetis
2804 1282 2960 1353 quod
2995 1283 3352 1355 gravissime
3397 1282 3648 1339 deleatis

1987 1364 2045 1420 in
2076 1365 2253 1422 fratre
2291 1381 2302 1422 :
2339 1367 2512 1442 homo
2544 1375 2715 1424 natus
2749 1374 2860 1439 est,
2897 1370 3168 1426 humanae
3201 1370 3308 1426 fuit
3351 1372 3648 1427 obnoxius

1985 1453 2285 1528 fragilitati
2328 1457 2463 1526 (53).
2513 1457 2701 1512 Nemo
2733 1473 2799 1513 se
2832 1459 3080 1514 redemit
3109 1475 3142 1514 a
3174 1464 3381 1525 morte,
3417 1477 3532 1515 non
3563 1461 3650 1514 di-

1983 1559 2112 1613 ves,
2160 1561 2275 1600 non
2317 1545 2430 1616 ipsi
2478 1561 2694 1619 reges;
2735 1547 2851 1602 imo
2884 1548 2998 1619 ipsi
3031 1549 3409 1621 gravioribus
3442 1549 3648 1622 subje-

1985 1637 2136 1688 cent.
2170 1633 2281 1689 Job
2315 1633 2496 1690 dixit:
2537 1655 2558 1682 ιι
2595 1635 2897 1691 Numerati
2928 1638 3064 1692 anni
3087 1637 3203 1692 dati
3236 1641 3374 1694 sunt
3405 1639 3644 1709 potenti,

1982 1723 2158 1776 timor
2187 1726 2378 1778 autem
2409 1721 2544 1794 ejus
2575 1723 2631 1778 in
2663 1725 2908 1780 auribus
2939 1724 3113 1797 ejus;
3146 1727 3380 1798 quando
3413 1727 3648 1783 videtur

207 1824 325 1864 non
359 1806 594 1876 habent,
629 1807 741 1864 hoc
775 1825 889 1864 uno
922 1812 988 1865 s'e
1019 1811 1420 1879 consolantur,
1472 1813 1628 1884 quod
1679 1813 1875 1869 dicant
1905 1836 1952 1895 Β
1985 1809 2201 1866 habere
2243 1825 2470 1882 pacem,
2514 1815 2652 1867 tunc
2683 1813 2876 1868 veniet
2909 1813 3045 1883 ejus
3079 1815 3315 1870 eversio
3347 1815 3502 1886 (Job.
3538 1833 3643 1884 xv,

207 1896 368 1969 quod
400 1896 599 1952 nullus
629 1901 765 1969 post
795 1901 1040 1954 mortem
1073 1915 1294 1955 sensus
1341 1901 1420 1954 sit
1440 1902 1872 1958 ‘defunctorum

204 1987 341 2057 (50),
376 2001 441 2040 ac
473 2002 579 2058 per
607 1986 722 2042 hoc
753 1988 951 2042 nullus
983 1992 1283 2044 remaneat
1332 2005 1554 2045 sensus
1598 1991 1822 2047 doloris
1857 2007 1869 2048 :

205 2079 423 2148 quanto
454 2075 647 2148 magis
698 2093 808 2131 nos
861 2077 1326 2134 consolationem
1379 2079 1644 2150 recipere
1689 2081 1873 2136 debe-

205 2180 362 2234 mus,
412 2165 548 2236 quia
594 2180 756 2220 mors
807 2167 1117 2221 metuenda
1169 2183 1283 2222 non
1317 2167 1414 2236 sit,
1448 2185 1516 2223 eo
1547 2169 1704 2241 quod
1738 2170 1873 2225 finis

207 2255 286 2308 sit
315 2257 693 2324 peccatorum
739 2269 752 2310 :
803 2253 919 2308 vita
962 2258 1156 2310 autem
1203 2256 1572 2328 desperanda
1609 2275 1724 2313 non
1775 2259 1873 2330 sit,

206 2358 342 2414 qua;
379 2342 815 2398 resurrectione
865 2343 1220 2414 reparatur?
1263 2345 1376 2400 Job
1421 2360 1658 2417 quoque
1705 2347 1876 2404 docet

207 2445 319 2486 nec
362 2431 609 2485 mortem
652 2431 991 2502 timendam,
1039 2436 1095 2487 et
1137 2434 1334 2503 potius
1381 2435 1692 2505 optandam
1733 2436 1870 2507 piis,

207 2520 415 2575 dicens
459 2535 472 2574 :
527 2540 548 2568 ι
605 2519 840 2575 Utinam
885 2519 942 2574 in
995 2520 1227 2576 inferno
1271 2537 1363 2577 me
1407 2523 1764 2595 custodires,
1818 2530 1875 2580 et

204 2608 610 2664 absconderes
644 2625 756 2676 me,
792 2610 980 2665 donec
1011 2611 1313 2684 mitigetur
1341 2612 1426 2666 ira
1458 2616 1577 2683 tua,
1613 2618 1670 2668 et
1700 2631 1874 2670 cons-

203 2699 382 2753 tituas
415 2697 557 2753 mihi
588 2702 842 2770 tempus,
877 2698 936 2754 in
966 2713 1082 2772 quo
1115 2715 1339 2756 memor
1361 2701 1449 2756 sis
1472 2703 1606 2758 mei.
1632 2702 1693 2759 Si
1716 2704 1873 2760 enim

203 2790 473 2842 mortuus
506 2788 681 2842 fuerit
712 2788 908 2856 homo,
943 2790 1119 2844 vivet.
1153 2787 1588 2845 Consummans
1620 2791 1748 2847 dies
1780 2792 1873 2847 vi-

206 2881 281 2931 tm
315 2892 463 2932 meae
493 2876 803 2932 sustinebo
852 2877 986 2947 (51),
1039 2878 1225 2934 donec
1277 2879 1488 2935 iterum
1518 2879 1673 2937 ﬁam.
1708 2880 1872 2937 Tunc

203 2965 473 3035 vocabis,
525 2970 580 3020 et
627 2981 740 3038 ego
785 2965 889 3020 tibi
939 2966 1209 3022 obcdiam
1245 2983 1258 3023 :
1311 2984 1490 3039 Opera
1527 2974 1720 3026 autem
1752 2986 1870 3026 ma.

202 3071 384 3110 nuum
413 3057 646 3110 tuarum
678 3071 750 3110 ne
781 3055 1080 3126 despicias
1112 3057 1265 3123 (Job.
1299 3074 1422 3126 xiv,
1456 3059 1664 3130 13-15).
1702 3085 1723 3108 κ

277 3144 364 3198 46.
413 3143 556 3199 Esto
601 3146 815 3211 tamen,
865 3145 1181 3200 dolendum
1239 3146 1314 3201 sit
1373 3147 1528 3218 quod
1588 3150 1870 3220 primmva

204 3233 419 3288 obierit
449 3235 616 3287 aatate
645 3249 661 3302 ;
693 3233 1108 3306 gratulandum
1142 3239 1335 3290 tamen
1385 3237 1542 3308 quod
1588 3237 1871 3294 virtutum

203 3323 520 3395 stipendiis
568 3327 887 3378 veteranus
939 3323 1287 3380 decesserit.
1339 3325 1522 3380 Tanta
1568 3327 1724 3382 enim
1766 3328 1874 3384 fuit

204 3412 536 3468 emendatio
568 3413 703 3467 vitae
735 3410 868 3484 ejus
914 3412 972 3468 in
1019 3413 1117 3467 illo
1158 3413 1432 3469 omnibus
1465 3415 1692 3471 lubrico
1726 3416 1870 3472 ado-

202 3502 508 3558 lescentiae
541 3504 823 3573 tempore,
857 3503 1010 3556 tanta
1044 3501 1174 3557 laus
1207 3517 1434 3558 morum
1467 3503 1622 3575 ejus,
1658 3509 1718 3560 ut
1750 3519 1872 3561 om-

203 3607 339 3648 nem
371 3591 711 3646 memoriam
743 3590 969 3646 doloris
1002 3590 1274 3647 obducat.
1307 3590 1474 3658 Quod
1515 3594 1670 3649 enim
1703 3593 1868 3666 obiit,

204 3679 542 3753 fragilitatis
574 3684 664 3735 cst
698 3693 710 3735 :
747 3679 903 3752 quod
938 3679 1070 3735 talis
1091 3679 1218 3748 fuit,
1240 3679 1664 3737 admirationis.
1686 3681 1871 3748 Quam

198 3771 374 3825 beata
419 3768 634 3824 fuisset
684 3768 1024 3841 respublica
1067 3769 1200 3838 (52),
1251 3769 1304 3824 si
1335 3784 1468 3826 eum
1501 3770 1722 3826 diutius
1753 3787 1874 3828 ser.

203 3873 347 3913 varo
393 3854 719 3929 potuisset!
766 3857 880 3914 Sed
926 3858 1061 3930 quia
1107 3858 1223 3912 vita
1256 3862 1595 3914 sanctorum
1626 3875 1744 3916 non
1776 3860 1872 3916 hic

201 3947 261 4002 in
291 3947 466 4002 terris
499 3950 611 4015 est,
646 3947 751 4002 sed
784 3948 842 4002 in
874 3947 1024 4002 emlo
1055 3945 1259 4019 (justis
1307 3947 1462 4002 enim
1510 3947 1793 4022 (Philipp.
1830 3967 1869 4019 ι,

199 4036 291 4103 21,
326 4037 414 4108 23)
452 4037 660 4092 vivere
693 4037 991 4104 Christus,
1030 4042 1088 4091 et
1121 4036 1273 4091 mori
1294 4033 1540 4107 lucrum,
1578 4038 1709 4110 quia
1743 4037 1872 4094 clis-

204 4124 360 4182 solvi
389 4131 447 4182 et
479 4143 605 4182 cum
641 4125 885 4182 Christo
906 4141 1041 4182 esse
1061 4126 1240 4180 multo
1261 4123 1513 4196 melius),
1555 4125 1870 4183 dolendum

205 4216 299 4270 est
326 4216 482 4288 quod
515 4215 688 4272 nobis
721 4215 834 4270 cito
869 4217 1071 4286 raptus
1103 4215 1200 4286 sit,
1237 4213 1664 4271 consolandum
1713 4217 1870 4289 quod

207 4304 279 4358 ad
312 4305 550 4360 meliora
581 4305 905 4361 transierit.

289 4395 482 4459 1187
531 4393 621 4450 47.
660 4394 924 4468 Denique
957 4393 1140 4450 David
1174 4393 1524 4449 moriturum
1557 4392 1737 4450 filium
1773 4395 1872 4451 fle-

203 4483 324 4552 bat,
358 4487 652 4539 mortuum
678 4501 794 4541 non
822 4483 1055 4541 dolebat
1080 4482 1166 4554 (II
1187 4483 1335 4556 Reg.
1367 4500 1464 4551 xu,
1495 4483 1702 4555 20-23).
1737 4483 1871 4542 Fle-

280 4705 395 4775 (49)
445 4703 737 4760 Alluditur
782 4706 854 4760 ad
905 4707 1228 4762 solemnem
1275 4707 1716 4764 acclamationis
1749 4707 1872 4764 for-

207 4777 444 4850 mulam,
477 4776 549 4850 de
580 4791 693 4850 qua
724 4776 1120 4850 Tertullianus
1151 4778 1209 4831 in
1239 4777 1574 4850 Apologet.:
1616 4801 1636 4825 ι
1665 4779 1748 4834 De
1769 4796 1872 4834 no-

209 4849 354 4901 stris
384 4847 556 4901 annis
588 4848 691 4901 tibi
723 4847 992 4918 Juppiter
1023 4852 1235 4918 augeat
1257 4847 1466 4902 annos.
1510 4869 1532 4896 ιι

281 4919 393 4987 (δο)
441 4918 550 4972 Hic
595 4919 763 4973 locus
813 4919 986 4990 paulo
1031 4918 1274 4973 uberius
1305 4922 1588 4990 tractatur
1618 4918 1718 4974 lib.
1757 4921 1873 4975 Ide

209 4989 480 5061 Excessu
512 4990 702 5061 Satyri
735 4989 892 5045 num.
929 4990 1016 5059 “il,
1050 5005 1222 5060 quem
1255 4989 1521 5046 consule.

277 5059 392 5128 (51)
429 5062 596 5115 Rom.
624 5059 789 5125 edit.,
829 5084 851 5108 α
889 5059 1520 5127 νὶγθῑίροιιειιιιιιιιιιιιε
1553 5061 1680 5116 dies
1730 5061 1864 5116 vita)

209 5132 430 5204 ipsius.
475 5133 813 5199 Sustinebo,
852 5154 872 5181 ι
911 5135 1022 5186 etc.
1056 5129 1199 5204 Quae
1229 5131 1401 5187 lectio
1434 5133 1704 5204 congruit
1737 5148 1870 5186 cum

211 5203 381 5256 \‘ers.
417 5203 608 5272 LXX;
641 5209 754 5257 vet.
788 5208 980 5257 autem
1011 5203 1148 5257 edit.
1183 5207 1238 5257 et
1271 5219 1416 5258 mss.
1451 5203 1600 5258 inter
1633 5219 1699 5258 se
1732 5218 1870 5258 con-

209 5274 490 5340 sentiunt,
525 5273 640 5328 nisi
677 5274 831 5344 quod
865 5290 1012 5329 mss.
1058 5287 1164 5343 pro
1197 5289 1605 5329 consummans
1633 5274 1756 5330 fere
1788 5275 1868 5329 lc-

207 5349 355 5415 gunt
397 5359 744 5409 consumas;
795 5348 851 5398 at
904 5345 997 5400 hic
1057 5345 1263 5414 lapsus
1322 5351 1414 5400 est
1470 5346 1865 5400 librariorum.

205 5419 499 5470 Caeterum
531 5416 660 5488 haec
691 5416 864 5471 lectio
897 5417 967 5488 ad
1000 5415 1316 5472 I-lebraaum
1348 5417 1569 5472 textum
1602 5420 1658 5470 et
1692 5416 1866 5488 Vulg.

205 5490 476 5558 nostram
508 5487 700 5558 magis
732 5487 977 5541 accedit.

278 5556 390 5626 (52)
421 5556 1016 5628 Quam—paucissimis
1050 5559 1251 5612 verbis
1289 5557 1618 5612 absolutam
1654 5558 1869 5612 Valen-

206 5629 409 5681 tiniani
442 5629 672 5683 laudem
707 5631 1050 5698 complexus
1083 5635 1173 5683 est
1210 5637 1456 5683 sanctus
1489 5629 1870 5697 Ambrosius,

206 5715 399 5771 neque
430 5703 623 5757 tamen
655 5717 782 5756 eam
805 5701 862 5756 in
888 5702 1064 5756 ullam
1086 5701 1439 5756 adulationis
1472 5701 1875 5772 suspicionem

1902 3194 1953 3257 C

1889 4555 1945 4620 D

1985 1899 2192 1968 20-23).
2232 1923 2253 1948 ι
2289 1900 2474 1954 Vobis
2507 1915 2741 1972 quoque
2775 1900 2925 1972 ipsis
2959 1906 3072 1956 tam
3104 1903 3315 1957 acerba
3364 1904 3650 1960 incidisse

1984 1988 2272 2058 patienter
2299 1989 2454 2044 ferre
2483 1990 2733 2058 debetis,
2768 2006 2901 2062 quae
2931 1991 3146 2046 videtis
3177 1991 3351 2046 vobis
3385 2007 3646 2048 commu-

1983 2077 2077 2132 nia
2110 2093 2249 2133 esse
2295 2094 2427 2132 cum
2476 2079 2722 2133 sanctis.
2776 2079 2963 2134 Etiam
3009 2079 3193 2134 David
3237 2081 3476 2135 amissis
3511 2081 3649 2137 ﬁliis

1985 2165 2302 2222 destitutus
2350 2171 2487 2222 est:
2533 2171 2808 2238 optasset
2852 2167 2990 2222 illos
3034 2169 3182 2223 tales
3234 2169 3418 2238 obire,
3451 2170 3647 2240 qualis

1984 2255 2156 2309 vobis
2207 2254 2387 2310 frater
2435 2260 2674 2327 ereptus
2706 2259 2795 2310 cst
2830 2270 2842 2311 :
2891 2254 2988 2312 ille
3019 2257 3263 2312 crimina
3293 2256 3497 2327 doluit,
3533 2273 3649 2314 non

1985 2345 2207 2398 exitum
2239 2343 2516 2399 filiorum.

2056 2433 2142 2487 49.
2190 2431 2305 2487 Sed
2348 2437 2498 2503 esto,
2548 2432 2723 2488 fuerit
2762 2433 3296 2506 ingemiscendum.
3327 2434 3651 2506 Quousque

1985 2521 2179 2576 luctus
2221 2526 2482 2592 tempora
2528 2521 2992 2594 protrahuntur?
3054 2523 3314 2578 Duorum
3357 2523 3649 2579 mensium

1983 2609 2276 2664 curricula
2309 2611 2365 2664 in
2398 2611 2643 2667 fraterni
2694 2611 2922 2666 funeris
2967 2612 3305 2683 quotidiano
3338 2611 3645 2668 clausistis

1981 2699 2274 2770 amplexu.
2310 2699 2446 2754 Sola
2476 2699 2534 2754 in
2563 2699 2886 2771 Seripturis
2928 2700 3138 2772 Jephte
3183 2701 3300 2756 tilia
3346 2701 3520 2756 fletus
3553 2702 3647 2756 sui

1981 2791 2244 2860 tempora
2274 2789 2614 2860 postulavit,
2650 2790 2886 2861 cognito
2937 2790 3096 2862 quod
3141 2795 3307 2862 pater
3353 2790 3488 2862 ejus
3518 2806 3650 2862 pro-

1982 2876 2248 2932 facturus
2279 2878 2350 2932 ad
2382 2878 2649 2948 praelium
2680 2881 2941 2948 voverat,
2977 2879 3115 2951 quia
3164 2879 3222 2934 id
3272 2894 3472 2935 rerum
3503 2879 3651 2950 poti-

1981 2970 2077 3021 tus
2109 2965 2348 3022 oti'erret
2378 2968 2644 3037 Domino,
2680 2968 2838 3040 quod
2871 2969 2983 3023 sibi
3009 2969 3262 3039 primum
3286 2972 3647 3024 occurreret.

1983 3055 2126 3111 Post
2157 3055 2462 3111 victoriam
2494 3057 2810 3112 revertenti
2845 3058 3104 3113 occurrit
3125 3057 3265 3124 tilia,
3291 3057 3497 3130 ignara
3521 3059 3648 3129 pie-

1981 3145 2115 3200 tatis
2149 3145 2282 3214 (54),
2317 3145 2521 3218 ignara
2552 3145 2854 3216 promissi.
2890 3146 3045 3200 Vidit
3080 3161 3230 3215 eam,
3266 3150 3324 3201 et
3353 3146 3645 3219 ingemuit

1980 3237 2162 3306 pater,
2213 3234 2419 3290 dicens
2454 3247 2466 3289 :
2526 3257 2546 3281 α
2585 3234 2713 3290 Heu
2756 3249 2869 3302 me,
2918 3235 3054 3302 tilia,
3105 3234 3403 3305 impedisti
3433 3251 3547 3305 me,
3583 3235 3642 3291 in

1983 3323 2286 3379 stimulum
2318 3323 2540 3378 doloris
2573 3323 2724 3378 facta
2768 3338 2835 3378 es
2880 3323 3042 3379 mihi.
3093 3323 3220 3396 Ego
3259 3323 3415 3378 enim
3447 3325 3649 3396 aperui

1980 3427 2048 3469 os
2080 3429 2273 3468 meum
2306 3412 2378 3468 de
2409 3415 2464 3467 te
2496 3412 2568 3467 ad
2606 3410 2936 3481 Dominum,
2978 3417 3034 3468 et
3078 3429 3193 3468 non
3231 3417 3436 3484 potero
3471 3427 3646 3467 aver-

1981 3506 2106 3558 tere
2137 3502 2352 3573 (Judic.
2388 3519 2466 3573 χι,
2499 3501 2611 3572 35).
2649 3525 2669 3552 ιι
2726 3501 2826 3557 Illa
2873 3501 3015 3556 dixit
3062 3502 3132 3556 ad
3168 3516 3302 3557 eum
3338 3517 3350 3558 :
3388 3525 3408 3549 α
3449 3502 3639 3571 Pater,

1982 3593 2034 3647 si
2065 3592 2124 3647 in
2154 3606 2247 3647 me
2279 3591 2565 3662 aperuisti
2598 3605 2666 3646 os
2698 3593 2881 3660 tuum,
2916 3589 3007 3644 fac
3040 3591 3182 3646 mihi
3213 3595 3273 3647 ut
3293 3589 3525 3647 exiitde
3543 3603 3646 3645 ore

1979 3687 2078 3737 tuo
2107 3679 2286 3751 (Ibid.
2319 3679 2434 3748 36).
2474 3702 2494 3726 η
2533 3679 2601 3734 Et
2633 3681 2844 3734 iterum
2877 3679 3022 3734 dixit
3053 3695 3066 3735 ε
3104 3699 3125 3728 α
3161 3679 3300 3735 Sine
3342 3694 3434 3735 me
3484 3694 3648 3734 men-

1980 3771 2152 3825 sibus
2184 3769 2441 3838 duobus,
2493 3772 2548 3823 et
2592 3767 2817 3823 vadens
2859 3769 3011 3824 ﬂebo
3042 3768 3102 3824 in
3135 3769 3433 3824 montibus
3463 3783 3648 3838 super

1980 3858 2378 3931 virginitatem
2408 3872 2598 3912 meam
2637 3871 2773 3930 ego,
2821 3860 2879 3912 et
2920 3873 3230 3928 compares
3261 3857 3468 3912 amicta
3499 3873 3647 3914 mea)

1981 3946 2160 4016 (Ibid.
2193 3947 2304 4017 37).
2343 3971 2364 3994 ιι
2402 3946 2602 4018 Itaque
2633 3945 2868 4002 duobus
2899 3947 3124 4002 exactis
3157 3962 3437 4019 regressa
3484 3964 3648 4002 men-

1982 4037 2171 4105 sibus,
2209 4035 2486 4091 sacritlcii
2517 4051 2732 4092 munus
2765 4034 3064 4106 implevit;
3099 4053 3230 4108 qum
3264 4036 3500 4092 decreto
3533 4052 3642 4108 po-

1982 4126 2102 4198 puli
2134 4126 2317 4181 Israel
2348 4125 2653 4197 quaternis
2691 4125 2746 4179 in
2796 4141 2948 4180 anno
2999 4125 3210 4180 diebus
3257 4125 3328 4181 ab
3374 4123 3647 4199 ejusdem

1980 4216 2173 4287 plebis
2205 4215 2442 4270 feminis
2474 4214 2912 4286 deplorabatur.

2049 4304 2138 4360 50.
2171 4304 2260 4360 Ad
2292 4304 2623 4360 deﬂendam
2655 4304 2838 4376 igitur
2877 4319 3003 4359 sua:
3043 4303 3402 4377 virginitatis
3435 4302 3644 4358 florem

1979 4395 2128 4451 duos
2154 4398 2245 4450 sat
2261 4410 2400 4450 esse
2423 4408 2662 4448 menses
2685 4393 2894 4464 Jephte
2914 4394 3030 4447 illia
3043 4393 3351 4465 judicavit,
3372 4394 3429 4446 et
3450 4392 3644 4445 adhuc

1980 4499 2096 4540 non
2143 4486 2384 4540 venerat
2432 4481 2830 4556 resurrectio;
2883 4486 2939 4536 et
2988 4483 3102 4537 hoc
3137 4481 3326 4552 spatio
3359 4479 3644 4550 temporis

1978 4709 2069 4764 fas
2101 4712 2192 4763 est
2226 4707 2538 4775 adducere,
2573 4721 2707 4760 cum
2735 4704 2807 4760 de
2833 4700 3456 4775 virtutibusejusdem
3484 4700 3642 4772 prin-

1977 4780 2128 4850 cipis
2151 4779 2355 4850 eadem
2385 4771 2675 4850 testentur
2706 4781 2762 4850 et
2780 4774 2887 4850 alii
2910 4774 3094 4850 multi.
3113 4772 3348 4850 Videsis
3372 4771 3643 4828 Sozome-

1977 4842 2137 4919 num,
2169 4849 2271 4904 lib.
2309 4865 2407 4916 vu,
2443 4862 2572 4919 cap.
2604 4845 2712 4916 2‘3;
2745 4845 3168 4916 Nicephorum,
3200 4842 3304 4898 lib.
3355 4859 3455 4913 xu,
3506 4860 3636 4913 cap.

1977 4921 2067 4985 38,
2101 4923 2176 4988 et,
2213 4919 2382 4973 alios.

2051 4985 2170 5060 (53)
2196 4991 2292 5045 Sic
2325 4989 2425 5044 lib.
2461 5007 2521 5057 ιι,
2557 4988 2642 5043 De
2675 5003 2926 5043 excessu
2957 4986 3187 5060 Satyri,
3223 5001 3382 5060 num.
3415 4985 3470 5055 3,
3504 4986 3640 5040 flen-

1981 5055 2112 5116 dam
2145 5055 2460 5116 fraternam
2493 5055 2734 5114 mortem
2766 5075 2840 5114 ex
2888 5073 2957 5114 eo
2997 5055 3193 5130 negat,
3227 5055 3384 5130 quod
3419 5078 3440 5107 ι
3478 5072 3640 5130 mors

1981 5133 2057 5187 sit
2087 5132 2414 5187 communis
2446 5131 2740 5185 omnibus.
2783 5152 2802 5178 ι
2843 5127 3102 5200 Uterque
3133 5143 3274 5183 vero
3305 5127 3538 5200 locutus
3570 5127 3642 5200 ad

1981 5203 2037 5258 id
2071 5203 2329 5272 respicit,
2365 5202 2518 5273 quod
2555 5203 2706 5272 apud
2736 5197 3080 5273 Ciceronem
3129 5201 3228 5254 lib.
3280 5217 3339 5273 ιιι
3408 5197 3636 5273 Tusca].

1984 5269 2198 5340 Quaest.
2247 5269 2484 5328 Telamo
2531 5269 2712 5328 dicit:
2764 5296 2784 5319 σι
2822 5272 2948 5345 Ego
2991 5287 3122 5325 cum
3156 5271 3356 5342 genui,
3391 5269 3639 5323 moritu-

1978 5361 2108 5400 rum
2139 5345 2310 5400 scivi.
2352 5367 2372 5392 ιι

2048 5414 2161 5485 (54)
2190 5417 2406 5470 Omnes
2437 5414 2572 5470 edit.
2606 5431 2670 5492 ac
2707 5431 2854 5492 mss.
2889 5413 3128 5492 aliquot,
3169 5436 3189 5460 «
3226 5412 3431 5492 ignara
3463 5410 3636 5492 picta.

1975 5488 2089 5563 tis;
2129 5511 2148 5534 ιι
2177 5504 2323 5554 mss,
2360 5502 2508 5563 vero
2534 5487 2795 5563 melioris
2827 5490 3062 5563 notae,_«l
3101 5499 3282 5563 gnaljﬂ
3317 5486 3569 5563 Ιῖξθίξηίεῗν
3611 5504 3632 5524 ”

1975 5559 2192 5628 optimo
2224 5551 2429 5613 sensu.
2465 5557 2691 5612 Etenim
2725 5573 2857 5612 cum
2880 5551 3025 5627 patri
3052 5551 3632 5628 re'vertentigobviam

1975 5624 2349 5704 processerit
2368 5629 2630 5704 omnium
2656 5631 2862 5704 prima,
2881 5624 3190 5704 'quomodo
3223 5624 3634 5704 pietatem-‘13}!-

1974 5693 2238 5758 rentibus
2267 5719 2298 5756 a
2330 5701 2467 5757 filiis
2500 5693 2754 5757 debitam
2788 5693 3100 5771 ignorasse
3134 5694 3380 5750 dicenda
3413 5693 3524 5748 erit
3545 5693 3572 5746 εν
