  <div class='ocr_page' id='page_1' title='image "/cluster/home/n/w/nwhite01/storage/ocr_20150623/16/hvd.32044096580444/723.png"; bbox 0 0 4060 6178; ppageno 0'>
   <div class='ocr_carea' id='block_1_1' title="bbox 529 294 687 361">
    <p class='ocr_par' dir='ltr' id='par_1_1' title="bbox 529 294 687 361">
     <span class='ocr_line' id='line_1_1' title="bbox 529 294 687 361; baseline 0 -4"><span class='ocrx_word' id='word_1_1' title='bbox 529 294 687 361; x_wconf 81' lang='grc'><strong>1435</strong></span> 
     </span>
    </p>
   </div>
   <div class='ocr_carea' id='block_1_2' title="bbox 1986 280 2540 373">
    <p class='ocr_par' dir='ltr' id='par_1_2' title="bbox 1986 280 2540 373">
     <span class='ocr_line' id='line_1_2' title="bbox 1986 280 2540 373; baseline -0.005 -16"><span class='ocrx_word' id='word_1_2' title='bbox 1986 285 2050 357; x_wconf 89' lang='lat' dir='ltr'><strong>s.</strong></span> <span class='ocrx_word' id='word_1_3' title='bbox 2096 280 2540 373; x_wconf 86' lang='lat' dir='ltr'><strong>AMBROSII.</strong></span> 
     </span>
    </p>
   </div>
   <div class='ocr_carea' id='block_1_3' title="bbox 3730 294 3836 362">
    <p class='ocr_par' dir='ltr' id='par_1_3' title="bbox 3730 294 3836 362">
     <span class='ocr_line' id='line_1_3' title="bbox 3730 294 3836 362; baseline 0.057 -6"><span class='ocrx_word' id='word_1_4' title='bbox 3730 294 3836 362; x_wconf 80' lang='lat'><strong>1436</strong></span> 
     </span>
    </p>
   </div>
   <div class='ocr_carea' id='block_1_4' title="bbox 530 477 3832 568">
    <p class='ocr_par' dir='ltr' id='par_1_4' title="bbox 530 477 3832 568">
     <span class='ocr_line' id='line_1_4' title="bbox 530 477 3832 568; baseline -0.001 -17"><span class='ocrx_word' id='word_1_5' title='bbox 530 495 681 552; x_wconf 87' lang='lat' dir='ltr'><strong>satis</strong></span> <span class='ocrx_word' id='word_1_6' title='bbox 708 495 931 565; x_wconf 91' lang='lat' dir='ltr'><strong>putavit</strong></span> <span class='ocrx_word' id='word_1_7' title='bbox 956 512 990 550; x_wconf 92' lang='lat' dir='ltr'><strong>a</strong></span> <span class='ocrx_word' id='word_1_8' title='bbox 1018 496 1225 568; x_wconf 80' lang='lat' dir='ltr'><strong>paucis</strong></span> <span class='ocrx_word' id='word_1_9' title='bbox 1257 512 1326 553; x_wconf 90' lang='lat' dir='ltr'><strong>se</strong></span> <span class='ocrx_word' id='word_1_10' title='bbox 1365 512 1505 554; x_wconf 90' lang='lat' dir='ltr'><strong>esse</strong></span> <span class='ocrx_word' id='word_1_11' title='bbox 1534 496 1807 553; x_wconf 83' lang='lat' dir='ltr'><strong>defletam</strong></span> <span class='ocrx_word' id='word_1_12' title='bbox 1835 513 1850 567; x_wconf 86' lang='lat'><strong>;</strong></span> <span class='ocrx_word' id='word_1_13' title='bbox 1884 496 2199 552; x_wconf 82' lang='lat' dir='ltr'><strong>vobiscum</strong></span> <span class='ocrx_word' id='word_1_14' title='bbox 2231 477 2289 539; x_wconf 79' lang='grc' dir='ltr'>Α</span> <span class='ocrx_word' id='word_1_15' title='bbox 2317 495 2546 568; x_wconf 91' lang='lat' dir='ltr'><strong>plorum</strong></span> <span class='ocrx_word' id='word_1_16' title='bbox 2578 492 2889 566; x_wconf 88' lang='lat' dir='ltr'><strong>privilegia</strong></span> <span class='ocrx_word' id='word_1_17' title='bbox 2920 490 3253 563; x_wconf 87' lang='lat' dir='ltr'><strong>denegavit,</strong></span> <span class='ocrx_word' id='word_1_18' title='bbox 3303 490 3389 545; x_wconf 88' lang='lat' dir='ltr'><strong>his</strong></span> <span class='ocrx_word' id='word_1_19' title='bbox 3431 492 3712 563; x_wconf 81' lang='lat' dir='ltr'><strong>urgentibus</strong></span> <span class='ocrx_word' id='word_1_20' title='bbox 3742 495 3832 564; x_wconf 61' lang='grc' dir='ltr'>(δη),</span> 
     </span>
    </p>
   </div>
   <div class='ocr_carea' id='block_1_5' title="bbox 530 584 2201 658">
    <p class='ocr_par' dir='ltr' id='par_1_5' title="bbox 530 584 2201 658">
     <span class='ocr_line' id='line_1_5' title="bbox 530 584 2201 658; baseline -0.001 -15"><span class='ocrx_word' id='word_1_21' title='bbox 530 598 737 643; x_wconf 83' lang='lat' dir='ltr'><strong>Omnes</strong></span> <span class='ocrx_word' id='word_1_22' title='bbox 795 584 999 657; x_wconf 85' lang='lat' dir='ltr'><strong>populi</strong></span> <span class='ocrx_word' id='word_1_23' title='bbox 1051 585 1456 656; x_wconf 86' lang='lat' dir='ltr'><strong>defleverunt,</strong></span> <span class='ocrx_word' id='word_1_24' title='bbox 1516 601 1725 642; x_wconf 89' lang='lat' dir='ltr'><strong>omnes</strong></span> <span class='ocrx_word' id='word_1_25' title='bbox 1783 586 2201 658; x_wconf 79' lang='lat' dir='ltr'><strong>ingemuerunt</strong></span> 
     </span>
    </p>
   </div>
   <div class='ocr_carea' id='block_1_6' title="bbox 530 672 2200 747">
    <p class='ocr_par' dir='ltr' id='par_1_6' title="bbox 530 672 2200 747">
     <span class='ocr_line' id='line_1_6' title="bbox 530 672 2200 747; baseline 0 -18"><span class='ocrx_word' id='word_1_26' title='bbox 530 672 859 744; x_wconf 88' lang='lat' dir='ltr'><strong>provinciae</strong></span> <span class='ocrx_word' id='word_1_27' title='bbox 888 688 903 744; x_wconf 83' lang='lat'><strong>;</strong></span> <span class='ocrx_word' id='word_1_28' title='bbox 933 676 992 728; x_wconf 92' lang='lat' dir='ltr'><strong>et</strong></span> <span class='ocrx_word' id='word_1_29' title='bbox 1020 675 1213 730; x_wconf 87' lang='lat' dir='ltr'><strong>adhuc</strong></span> <span class='ocrx_word' id='word_1_30' title='bbox 1243 691 1423 746; x_wconf 90' lang='lat' dir='ltr'><strong>parva</strong></span> <span class='ocrx_word' id='word_1_31' title='bbox 1443 675 1661 747; x_wconf 76' lang='lat' dir='ltr'><strong>putatis</strong></span> <span class='ocrx_word' id='word_1_32' title='bbox 1684 677 1885 731; x_wconf 89' lang='lat' dir='ltr'><strong>vestra</strong></span> <span class='ocrx_word' id='word_1_33' title='bbox 1908 674 2037 730; x_wconf 88' lang='lat' dir='ltr'><strong>haec</strong></span> <span class='ocrx_word' id='word_1_34' title='bbox 2060 690 2200 730; x_wconf 92' lang='lat' dir='ltr'><strong>esse</strong></span> 
     </span>
    </p>
   </div>
   <div class='ocr_carea' id='block_1_7' title="bbox 532 761 2201 835">
    <p class='ocr_par' dir='ltr' id='par_1_7' title="bbox 532 761 2201 835">
     <span class='ocr_line' id='line_1_7' title="bbox 532 761 2201 835; baseline 0.001 -18"><span class='ocrx_word' id='word_1_35' title='bbox 532 761 872 834; x_wconf 84' lang='lat' dir='ltr'><strong>supplicia?</strong></span> <span class='ocrx_word' id='word_1_36' title='bbox 922 762 986 818; x_wconf 89' lang='lat' dir='ltr'><strong>Si</strong></span> <span class='ocrx_word' id='word_1_37' title='bbox 1032 762 1272 820; x_wconf 81' lang='lat' dir='ltr'><strong>fratrem</strong></span> <span class='ocrx_word' id='word_1_38' title='bbox 1328 768 1527 821; x_wconf 88' lang='lat' dir='ltr'><strong>vestro</strong></span> <span class='ocrx_word' id='word_1_39' title='bbox 1584 765 1880 821; x_wconf 83' lang='lat' dir='ltr'><strong>redimere</strong></span> <span class='ocrx_word' id='word_1_40' title='bbox 1936 764 2201 835; x_wconf 79' lang='lat' dir='ltr'><strong>possetis</strong></span> 
     </span>
    </p>
   </div>
   <div class='ocr_carea' id='block_1_8' title="bbox 533 852 2200 921">
    <p class='ocr_par' dir='ltr' id='par_1_8' title="bbox 533 852 2200 921">
     <span class='ocr_line' id='line_1_8' title="bbox 533 852 2200 921; baseline 0 -14"><span class='ocrx_word' id='word_1_41' title='bbox 533 852 734 921; x_wconf 84' lang='lat' dir='ltr'><strong>exitio,</strong></span> <span class='ocrx_word' id='word_1_42' title='bbox 767 852 948 909; x_wconf 80' lang='lat' dir='ltr'><strong>nollet</strong></span> <span class='ocrx_word' id='word_1_43' title='bbox 976 854 1173 909; x_wconf 89' lang='lat' dir='ltr'><strong>tamen</strong></span> <span class='ocrx_word' id='word_1_44' title='bbox 1219 853 1318 910; x_wconf 90' lang='lat' dir='ltr'><strong>ille</strong></span> <span class='ocrx_word' id='word_1_45' title='bbox 1354 856 1555 911; x_wconf 91' lang='lat' dir='ltr'><strong>vestra</strong></span> <span class='ocrx_word' id='word_1_46' title='bbox 1586 853 1907 910; x_wconf 76' lang='lat' dir='ltr'><strong>afflictione</strong></span> <span class='ocrx_word' id='word_1_47' title='bbox 1938 852 2200 908; x_wconf 87' lang='lat' dir='ltr'><strong>resusci-</strong></span> 
     </span>
    </p>
   </div>
   <div class='ocr_carea' id='block_1_9' title="bbox 531 940 2197 1013">
    <p class='ocr_par' dir='ltr' id='par_1_9' title="bbox 531 940 2197 1013">
     <span class='ocr_line' id='line_1_9' title="bbox 531 940 2197 1013; baseline -0.001 -16"><span class='ocrx_word' id='word_1_48' title='bbox 531 940 663 1011; x_wconf 88' lang='lat' dir='ltr'><strong>tari,</strong></span> <span class='ocrx_word' id='word_1_49' title='bbox 696 941 833 1013; x_wconf 84' lang='lat' dir='ltr'><strong>quia</strong></span> <span class='ocrx_word' id='word_1_50' title='bbox 856 957 924 998; x_wconf 89' lang='lat' dir='ltr'><strong>se</strong></span> <span class='ocrx_word' id='word_1_51' title='bbox 948 942 1160 998; x_wconf 90' lang='lat' dir='ltr'><strong>melius</strong></span> <span class='ocrx_word' id='word_1_52' title='bbox 1178 942 1380 1000; x_wconf 77' lang='lat' dir='ltr'><strong>vivere</strong></span> <span class='ocrx_word' id='word_1_53' title='bbox 1416 944 1611 1009; x_wconf 85' lang='lat'><strong>1188</strong></span> <span class='ocrx_word' id='word_1_54' title='bbox 1641 942 1891 999; x_wconf 85' lang='lat' dir='ltr'><strong>credidit</strong></span> <span class='ocrx_word' id='word_1_55' title='bbox 1921 942 1982 997; x_wconf 91' lang='lat' dir='ltr'><strong>in</strong></span> <span class='ocrx_word' id='word_1_56' title='bbox 2003 941 2197 1012; x_wconf 87' lang='lat' dir='ltr'><strong>vobis,</strong></span> 
     </span>
    </p>
   </div>
   <div class='ocr_carea' id='block_1_10' title="bbox 535 1029 2201 1104">
    <p class='ocr_par' dir='ltr' id='par_1_10' title="bbox 535 1029 2201 1104">
     <span class='ocr_line' id='line_1_10' title="bbox 535 1029 2201 1104; baseline 0.001 -20"><span class='ocrx_word' id='word_1_57' title='bbox 535 1029 636 1100; x_wconf 90' lang='lat' dir='ltr'><strong>qui</strong></span> <span class='ocrx_word' id='word_1_58' title='bbox 681 1031 903 1100; x_wconf 91' lang='lat' dir='ltr'><strong>optavit</strong></span> <span class='ocrx_word' id='word_1_59' title='bbox 950 1030 1149 1101; x_wconf 87' lang='lat' dir='ltr'><strong>potius</strong></span> <span class='ocrx_word' id='word_1_60' title='bbox 1193 1046 1261 1089; x_wconf 88' lang='lat' dir='ltr'><strong>se</strong></span> <span class='ocrx_word' id='word_1_61' title='bbox 1306 1031 1499 1104; x_wconf 90' lang='lat' dir='ltr'><strong>ipsum</strong></span> <span class='ocrx_word' id='word_1_62' title='bbox 1530 1032 1700 1103; x_wconf 91' lang='lat' dir='ltr'><strong>mori,</strong></span> <span class='ocrx_word' id='word_1_63' title='bbox 1735 1048 1912 1104; x_wconf 92' lang='lat' dir='ltr'><strong>quam</strong></span> <span class='ocrx_word' id='word_1_64' title='bbox 1941 1034 2201 1088; x_wconf 87' lang='lat' dir='ltr'><strong>vestram</strong></span> 
     </span>
    </p>
   </div>
   <div class='ocr_carea' id='block_1_11' title="bbox 530 1116 2202 1192">
    <p class='ocr_par' dir='ltr' id='par_1_11' title="bbox 530 1116 2202 1192">
     <span class='ocr_line' id='line_1_11' title="bbox 530 1116 2202 1192; baseline 0.001 -20"><span class='ocrx_word' id='word_1_65' title='bbox 530 1116 741 1173; x_wconf 90' lang='lat' dir='ltr'><strong>videre</strong></span> <span class='ocrx_word' id='word_1_66' title='bbox 772 1116 1075 1190; x_wconf 84' lang='lat' dir='ltr'><strong>injuriam,</strong></span> <span class='ocrx_word' id='word_1_67' title='bbox 1110 1119 1209 1192; x_wconf 90' lang='lat' dir='ltr'><strong>qui</strong></span> <span class='ocrx_word' id='word_1_68' title='bbox 1240 1136 1345 1192; x_wconf 91' lang='lat' dir='ltr'><strong>pro</strong></span> <span class='ocrx_word' id='word_1_69' title='bbox 1377 1120 1550 1177; x_wconf 84' lang='lat' dir='ltr'><strong>vobis</strong></span> <span class='ocrx_word' id='word_1_70' title='bbox 1580 1137 1647 1177; x_wconf 87' lang='lat' dir='ltr'><strong>se</strong></span> <span class='ocrx_word' id='word_1_71' title='bbox 1676 1120 1929 1178; x_wconf 80' lang='lat' dir='ltr'><strong>libenter</strong></span> <span class='ocrx_word' id='word_1_72' title='bbox 1958 1121 2067 1176; x_wconf 92' lang='lat' dir='ltr'><strong>fuit</strong></span> <span class='ocrx_word' id='word_1_73' title='bbox 2094 1135 2202 1192; x_wconf 85' lang='lat' dir='ltr'><strong>pa-</strong></span> 
     </span>
    </p>
   </div>
   <div class='ocr_carea' id='block_1_12' title="bbox 529 1205 2201 1281">
    <p class='ocr_par' dir='ltr' id='par_1_12' title="bbox 529 1205 2201 1281">
     <span class='ocr_line' id='line_1_12' title="bbox 529 1205 2201 1281; baseline -0.001 -17"><span class='ocrx_word' id='word_1_74' title='bbox 529 1208 697 1264; x_wconf 85' lang='lat' dir='ltr'><strong>ratus</strong></span> <span class='ocrx_word' id='word_1_75' title='bbox 729 1205 964 1278; x_wconf 86' lang='lat' dir='ltr'><strong>offerre,</strong></span> <span class='ocrx_word' id='word_1_76' title='bbox 995 1207 1098 1280; x_wconf 91' lang='lat' dir='ltr'><strong>qui</strong></span> <span class='ocrx_word' id='word_1_77' title='bbox 1131 1209 1261 1280; x_wconf 91' lang='lat' dir='ltr'><strong>ipso</strong></span> <span class='ocrx_word' id='word_1_78' title='bbox 1291 1210 1481 1265; x_wconf 84' lang='lat' dir='ltr'><strong>nostri</strong></span> <span class='ocrx_word' id='word_1_79' title='bbox 1512 1210 1739 1266; x_wconf 89' lang='lat' dir='ltr'><strong>doloris</strong></span> <span class='ocrx_word' id='word_1_80' title='bbox 1770 1211 1865 1266; x_wconf 90' lang='lat' dir='ltr'><strong>die</strong></span> <span class='ocrx_word' id='word_1_81' title='bbox 1905 1212 2019 1281; x_wconf 88' lang='lat'><strong>(55)</strong></span> <span class='ocrx_word' id='word_1_82' title='bbox 2052 1209 2201 1264; x_wconf 88' lang='lat' dir='ltr'><strong>dici-</strong></span> 
     </span>
    </p>
   </div>
   <div class='ocr_carea' id='block_1_13' title="bbox 533 1295 2202 1355">
    <p class='ocr_par' dir='ltr' id='par_1_13' title="bbox 533 1295 2202 1355">
     <span class='ocr_line' id='line_1_13' title="bbox 533 1295 2202 1355; baseline 0.001 -2"><span class='ocrx_word' id='word_1_83' title='bbox 533 1299 632 1353; x_wconf 86' lang='lat' dir='ltr'><strong>tur</strong></span> <span class='ocrx_word' id='word_1_84' title='bbox 661 1295 815 1352; x_wconf 82' lang='lat' dir='ltr'><strong>hanc</strong></span> <span class='ocrx_word' id='word_1_85' title='bbox 846 1296 1034 1352; x_wconf 88' lang='lat' dir='ltr'><strong>solam</strong></span> <span class='ocrx_word' id='word_1_86' title='bbox 1065 1298 1342 1354; x_wconf 86' lang='lat' dir='ltr'><strong>emisisse</strong></span> <span class='ocrx_word' id='word_1_87' title='bbox 1372 1314 1580 1355; x_wconf 89' lang='lat' dir='ltr'><strong>vocem</strong></span> <span class='ocrx_word' id='word_1_88' title='bbox 1615 1314 1627 1355; x_wconf 90' lang='lat'><strong>:</strong></span> <span class='ocrx_word' id='word_1_89' title='bbox 1666 1299 1767 1355; x_wconf 86' lang='lat' dir='ltr'><strong>Vae</strong></span> <span class='ocrx_word' id='word_1_90' title='bbox 1812 1299 2055 1355; x_wconf 77' lang='lat' dir='ltr'><strong>miseris</strong></span> <span class='ocrx_word' id='word_1_91' title='bbox 2098 1314 2202 1354; x_wconf 86' lang='lat' dir='ltr'><strong>so-</strong></span> 
     </span>
    </p>
   </div>
   <div class='ocr_carea' id='block_1_14' title="bbox 533 1383 2204 1460">
    <p class='ocr_par' dir='ltr' id='par_1_14' title="bbox 533 1383 2204 1460">
     <span class='ocr_line' id='line_1_14' title="bbox 533 1383 2204 1460; baseline 0.002 -20"><span class='ocrx_word' id='word_1_92' title='bbox 533 1384 773 1441; x_wconf 78' lang='lat' dir='ltr'><strong>roribus</strong></span> <span class='ocrx_word' id='word_1_93' title='bbox 822 1383 1007 1442; x_wconf 85' lang='lat' dir='ltr'><strong>meisl</strong></span> <span class='ocrx_word' id='word_1_94' title='bbox 1058 1386 1260 1460; x_wconf 82' lang='lat' dir='ltr'><strong>Itaque</strong></span> <span class='ocrx_word' id='word_1_95' title='bbox 1308 1387 1503 1460; x_wconf 88' lang='lat' dir='ltr'><strong>magis</strong></span> <span class='ocrx_word' id='word_1_96' title='bbox 1551 1391 1816 1444; x_wconf 85' lang='lat' dir='ltr'><strong>vestram</strong></span> <span class='ocrx_word' id='word_1_97' title='bbox 1874 1387 2204 1444; x_wconf 81' lang='lat' dir='ltr'><strong>destitutio-</strong></span> 
     </span>
    </p>
   </div>
   <div class='ocr_carea' id='block_1_15' title="bbox 537 1476 1675 1546">
    <p class='ocr_par' dir='ltr' id='par_1_15' title="bbox 537 1476 1675 1546">
     <span class='ocr_line' id='line_1_15' title="bbox 537 1476 1675 1546; baseline 0.004 -17"><span class='ocrx_word' id='word_1_98' title='bbox 537 1488 695 1544; x_wconf 88' lang='lat' dir='ltr'><strong>nem,</strong></span> <span class='ocrx_word' id='word_1_99' title='bbox 727 1489 903 1546; x_wconf 90' lang='lat' dir='ltr'><strong>quam</strong></span> <span class='ocrx_word' id='word_1_100' title='bbox 934 1491 1102 1532; x_wconf 91' lang='lat' dir='ltr'><strong>suam</strong></span> <span class='ocrx_word' id='word_1_101' title='bbox 1134 1479 1382 1532; x_wconf 89' lang='lat' dir='ltr'><strong>mortem</strong></span> <span class='ocrx_word' id='word_1_102' title='bbox 1410 1476 1675 1533; x_wconf 87' lang='lat' dir='ltr'><strong>dolebat.</strong></span> 
     </span>
    </p>
   </div>
   <div class='ocr_carea' id='block_1_16' title="bbox 606 1561 2208 1639">
    <p class='ocr_par' dir='ltr' id='par_1_16' title="bbox 606 1561 2208 1639">
     <span class='ocr_line' id='line_1_16' title="bbox 606 1561 2208 1639; baseline 0.001 -20"><span class='ocrx_word' id='word_1_103' title='bbox 606 1561 697 1619; x_wconf 89' lang='grc'><strong>51.</strong></span> <span class='ocrx_word' id='word_1_104' title='bbox 737 1563 855 1621; x_wconf 86' lang='lat' dir='ltr'><strong>Sed</strong></span> <span class='ocrx_word' id='word_1_105' title='bbox 900 1564 1074 1622; x_wconf 88' lang='lat' dir='ltr'><strong>audio</strong></span> <span class='ocrx_word' id='word_1_106' title='bbox 1122 1581 1234 1622; x_wconf 90' lang='lat' dir='ltr'><strong>vos</strong></span> <span class='ocrx_word' id='word_1_107' title='bbox 1279 1567 1501 1637; x_wconf 89' lang='lat' dir='ltr'><strong>dolere,</strong></span> <span class='ocrx_word' id='word_1_108' title='bbox 1554 1567 1714 1639; x_wconf 91' lang='lat' dir='ltr'><strong>quod</strong></span> <span class='ocrx_word' id='word_1_109' title='bbox 1756 1582 1874 1623; x_wconf 87' lang='lat' dir='ltr'><strong>non</strong></span> <span class='ocrx_word' id='word_1_110' title='bbox 1910 1566 2208 1639; x_wconf 89' lang='lat' dir='ltr'><strong>acceperit</strong></span> 
     </span>
    </p>
   </div>
   <div class='ocr_carea' id='block_1_17' title="bbox 534 1655 2205 1728">
    <p class='ocr_par' dir='ltr' id='par_1_17' title="bbox 534 1655 2205 1728">
     <span class='ocr_line' id='line_1_17' title="bbox 534 1655 2205 1728; baseline 0.001 -19"><span class='ocrx_word' id='word_1_111' title='bbox 534 1657 906 1710; x_wconf 89' lang='lat' dir='ltr'><strong>sacramenta</strong></span> <span class='ocrx_word' id='word_1_112' title='bbox 938 1655 1328 1725; x_wconf 86' lang='lat' dir='ltr'><strong>baptismatis.</strong></span> <span class='ocrx_word' id='word_1_113' title='bbox 1365 1656 1552 1710; x_wconf 88' lang='lat' dir='ltr'><strong>Dicite</strong></span> <span class='ocrx_word' id='word_1_114' title='bbox 1584 1656 1746 1726; x_wconf 89' lang='lat' dir='ltr'><strong>mihi,</strong></span> <span class='ocrx_word' id='word_1_115' title='bbox 1781 1656 1923 1728; x_wconf 89' lang='lat' dir='ltr'><strong>quid</strong></span> <span class='ocrx_word' id='word_1_116' title='bbox 1962 1655 2118 1711; x_wconf 90' lang='lat' dir='ltr'><strong>aliud</strong></span> <span class='ocrx_word' id='word_1_117' title='bbox 2147 1655 2205 1710; x_wconf 93' lang='lat' dir='ltr'><strong>in</strong></span> 
     </span>
    </p>
   </div>
   <div class='ocr_carea' id='block_1_18' title="bbox 534 1742 2205 1816">
    <p class='ocr_par' dir='ltr' id='par_1_18' title="bbox 534 1742 2205 1816">
     <span class='ocr_line' id='line_1_18' title="bbox 534 1742 2205 1816; baseline 0 -18"><span class='ocrx_word' id='word_1_118' title='bbox 534 1742 710 1798; x_wconf 89' lang='lat' dir='ltr'><strong>nobis</strong></span> <span class='ocrx_word' id='word_1_119' title='bbox 741 1746 854 1811; x_wconf 90' lang='lat' dir='ltr'><strong>est,</strong></span> <span class='ocrx_word' id='word_1_120' title='bbox 891 1744 1014 1798; x_wconf 91' lang='lat' dir='ltr'><strong>nisi</strong></span> <span class='ocrx_word' id='word_1_121' title='bbox 1042 1744 1336 1813; x_wconf 87' lang='lat' dir='ltr'><strong>voluntas,</strong></span> <span class='ocrx_word' id='word_1_122' title='bbox 1369 1744 1488 1800; x_wconf 88' lang='lat' dir='ltr'><strong>nisi</strong></span> <span class='ocrx_word' id='word_1_123' title='bbox 1530 1746 1732 1816; x_wconf 87' lang='lat' dir='ltr'><strong>petitio</strong></span> <span class='ocrx_word' id='word_1_124' title='bbox 1753 1746 1782 1801; x_wconf 86' lang='lat'><strong>?</strong></span> <span class='ocrx_word' id='word_1_125' title='bbox 1812 1746 2003 1816; x_wconf 84' lang='lat' dir='ltr'><strong>Atque</strong></span> <span class='ocrx_word' id='word_1_126' title='bbox 2033 1745 2205 1800; x_wconf 90' lang='lat' dir='ltr'><strong>etiam</strong></span> 
     </span>
    </p>
   </div>
   <div class='ocr_carea' id='block_1_19' title="bbox 537 1830 2206 1906">
    <p class='ocr_par' dir='ltr' id='par_1_19' title="bbox 537 1830 2206 1906">
     <span class='ocr_line' id='line_1_19' title="bbox 537 1830 2206 1906; baseline 0.002 -21"><span class='ocrx_word' id='word_1_127' title='bbox 537 1830 758 1886; x_wconf 88' lang='lat' dir='ltr'><strong>dudum</strong></span> <span class='ocrx_word' id='word_1_128' title='bbox 790 1831 905 1886; x_wconf 89' lang='lat' dir='ltr'><strong>hoc</strong></span> <span class='ocrx_word' id='word_1_129' title='bbox 935 1831 1057 1887; x_wconf 92' lang='lat' dir='ltr'><strong>voti</strong></span> <span class='ocrx_word' id='word_1_130' title='bbox 1087 1832 1312 1902; x_wconf 87' lang='lat' dir='ltr'><strong>habuit,</strong></span> <span class='ocrx_word' id='word_1_131' title='bbox 1346 1837 1406 1889; x_wconf 92' lang='lat' dir='ltr'><strong>ut</strong></span> <span class='ocrx_word' id='word_1_132' title='bbox 1436 1837 1494 1889; x_wconf 92' lang='lat' dir='ltr'><strong>et</strong></span> <span class='ocrx_word' id='word_1_133' title='bbox 1523 1841 1832 1906; x_wconf 86' lang='lat' dir='ltr'><strong>antequam</strong></span> <span class='ocrx_word' id='word_1_134' title='bbox 1872 1834 1934 1889; x_wconf 92' lang='lat' dir='ltr'><strong>in</strong></span> <span class='ocrx_word' id='word_1_135' title='bbox 1978 1833 2206 1889; x_wconf 87' lang='lat' dir='ltr'><strong>Italiam</strong></span> 
     </span>
    </p>
   </div>
   <div class='ocr_carea' id='block_1_20' title="bbox 540 1919 2204 1994">
    <p class='ocr_par' dir='ltr' id='par_1_20' title="bbox 540 1919 2204 1994">
     <span class='ocr_line' id='line_1_20' title="bbox 540 1919 2204 1994; baseline 0.002 -20"><span class='ocrx_word' id='word_1_136' title='bbox 540 1919 828 1989; x_wconf 86' lang='lat' dir='ltr'><strong>venisset,</strong></span> <span class='ocrx_word' id='word_1_137' title='bbox 862 1919 1210 1992; x_wconf 87' lang='lat' dir='ltr'><strong>initiaretur,</strong></span> <span class='ocrx_word' id='word_1_138' title='bbox 1243 1924 1300 1976; x_wconf 91' lang='lat' dir='ltr'><strong>et</strong></span> <span class='ocrx_word' id='word_1_139' title='bbox 1331 1922 1595 1993; x_wconf 84' lang='lat' dir='ltr'><strong>proxime</strong></span> <span class='ocrx_word' id='word_1_140' title='bbox 1635 1923 1919 1994; x_wconf 82' lang='lat' dir='ltr'><strong>baptizari</strong></span> <span class='ocrx_word' id='word_1_141' title='bbox 1949 1939 2017 1979; x_wconf 90' lang='lat' dir='ltr'><strong>se</strong></span> <span class='ocrx_word' id='word_1_142' title='bbox 2048 1940 2080 1978; x_wconf 93' lang='lat' dir='ltr'><strong>a</strong></span> <span class='ocrx_word' id='word_1_143' title='bbox 2112 1937 2204 1978; x_wconf 91' lang='lat' dir='ltr'><strong>me</strong></span> 
     </span>
    </p>
   </div>
   <div class='ocr_carea' id='block_1_21' title="bbox 536 2007 2203 2082">
    <p class='ocr_par' dir='ltr' id='par_1_21' title="bbox 536 2007 2203 2082">
     <span class='ocr_line' id='line_1_21' title="bbox 536 2007 2203 2082; baseline 0.004 -20"><span class='ocrx_word' id='word_1_144' title='bbox 536 2007 688 2064; x_wconf 84' lang='lat' dir='ltr'><strong>velle</strong></span> <span class='ocrx_word' id='word_1_145' title='bbox 719 2008 1116 2081; x_wconf 81' lang='lat' dir='ltr'><strong>significavit;</strong></span> <span class='ocrx_word' id='word_1_146' title='bbox 1160 2013 1216 2064; x_wconf 91' lang='lat' dir='ltr'><strong>et</strong></span> <span class='ocrx_word' id='word_1_147' title='bbox 1267 2010 1398 2066; x_wconf 92' lang='lat' dir='ltr'><strong>ideo</strong></span> <span class='ocrx_word' id='word_1_148' title='bbox 1441 2027 1567 2082; x_wconf 68' lang='lat' dir='ltr'><strong>prae</strong></span> <span class='ocrx_word' id='word_1_149' title='bbox 1613 2014 1848 2067; x_wconf 79' lang='lat' dir='ltr'><strong>caeteris</strong></span> <span class='ocrx_word' id='word_1_150' title='bbox 1881 2012 2083 2068; x_wconf 89' lang='lat' dir='ltr'><strong>causis</strong></span> <span class='ocrx_word' id='word_1_151' title='bbox 2112 2028 2203 2068; x_wconf 93' lang='lat' dir='ltr'><strong>me</strong></span> 
     </span>
    </p>
   </div>
   <div class='ocr_carea' id='block_1_22' title="bbox 534 2098 2204 2175">
    <p class='ocr_par' dir='ltr' id='par_1_22' title="bbox 534 2098 2204 2175">
     <span class='ocr_line' id='line_1_22' title="bbox 534 2098 2204 2175; baseline 0.002 -23"><span class='ocrx_word' id='word_1_152' title='bbox 534 2098 964 2154; x_wconf 89' lang='lat' dir='ltr'><strong>accercendum</strong></span> <span class='ocrx_word' id='word_1_153' title='bbox 1022 2099 1265 2170; x_wconf 86' lang='lat' dir='ltr'><strong>putavit.</strong></span> <span class='ocrx_word' id='word_1_154' title='bbox 1327 2099 1460 2155; x_wconf 89' lang='lat' dir='ltr'><strong>Non</strong></span> <span class='ocrx_word' id='word_1_155' title='bbox 1518 2100 1693 2156; x_wconf 84' lang='lat' dir='ltr'><strong>habet</strong></span> <span class='ocrx_word' id='word_1_156' title='bbox 1746 2117 1895 2175; x_wconf 90' lang='lat' dir='ltr'><strong>ergo</strong></span> <span class='ocrx_word' id='word_1_157' title='bbox 1954 2102 2204 2174; x_wconf 79' lang='lat' dir='ltr'><strong>gratiam</strong></span> 
     </span>
    </p>
   </div>
   <div class='ocr_carea' id='block_1_23' title="bbox 534 2185 2204 2260">
    <p class='ocr_par' dir='ltr' id='par_1_23' title="bbox 534 2185 2204 2260">
     <span class='ocr_line' id='line_1_23' title="bbox 534 2185 2204 2260; baseline 0.003 -20"><span class='ocrx_word' id='word_1_158' title='bbox 534 2200 713 2258; x_wconf 88' lang='lat' dir='ltr'><strong>quam</strong></span> <span class='ocrx_word' id='word_1_159' title='bbox 741 2185 1122 2256; x_wconf 84' lang='lat' dir='ltr'><strong>desideravit,</strong></span> <span class='ocrx_word' id='word_1_160' title='bbox 1158 2203 1277 2243; x_wconf 89' lang='lat' dir='ltr'><strong>non</strong></span> <span class='ocrx_word' id='word_1_161' title='bbox 1295 2187 1470 2243; x_wconf 82' lang='lat' dir='ltr'><strong>habet</strong></span> <span class='ocrx_word' id='word_1_162' title='bbox 1489 2204 1666 2260; x_wconf 89' lang='lat' dir='ltr'><strong>quam</strong></span> <span class='ocrx_word' id='word_1_163' title='bbox 1683 2191 2000 2260; x_wconf 81' lang='lat' dir='ltr'><strong>poposcit?</strong></span> <span class='ocrx_word' id='word_1_164' title='bbox 2031 2189 2204 2246; x_wconf 87' lang='lat' dir='ltr'><strong>Certe</strong></span> 
     </span>
    </p>
   </div>
   <div class='ocr_carea' id='block_1_24' title="bbox 536 2274 2203 2348">
    <p class='ocr_par' dir='ltr' id='par_1_24' title="bbox 536 2274 2203 2348">
     <span class='ocr_line' id='line_1_24' title="bbox 536 2274 2203 2348; baseline 0.003 -19"><span class='ocrx_word' id='word_1_165' title='bbox 536 2274 673 2347; x_wconf 88' lang='lat' dir='ltr'><strong>quia</strong></span> <span class='ocrx_word' id='word_1_166' title='bbox 704 2275 996 2347; x_wconf 89' lang='lat' dir='ltr'><strong>poposcit,</strong></span> <span class='ocrx_word' id='word_1_167' title='bbox 1031 2275 1277 2348; x_wconf 90' lang='lat' dir='ltr'><strong>accepit.</strong></span> <span class='ocrx_word' id='word_1_168' title='bbox 1311 2275 1382 2331; x_wconf 85' lang='lat' dir='ltr'><strong>Et</strong></span> <span class='ocrx_word' id='word_1_169' title='bbox 1411 2278 1566 2333; x_wconf 91' lang='lat' dir='ltr'><strong>unde</strong></span> <span class='ocrx_word' id='word_1_170' title='bbox 1590 2279 1731 2333; x_wconf 91' lang='lat' dir='ltr'><strong>illud</strong></span> <span class='ocrx_word' id='word_1_171' title='bbox 1757 2283 1850 2334; x_wconf 89' lang='lat' dir='ltr'><strong>est</strong></span> <span class='ocrx_word' id='word_1_172' title='bbox 1883 2295 1895 2334; x_wconf 90' lang='lat'>:</span> <span class='ocrx_word' id='word_1_173' title='bbox 1935 2303 1956 2326; x_wconf 79' lang='grc' dir='ltr'>ιι</span> <span class='ocrx_word' id='word_1_174' title='bbox 1993 2279 2203 2335; x_wconf 78' lang='lat' dir='ltr'><strong>Justus</strong></span> 
     </span>
    </p>
   </div>
   <div class='ocr_carea' id='block_1_25' title="bbox 535 2365 2202 2441">
    <p class='ocr_par' dir='ltr' id='par_1_25' title="bbox 535 2365 2202 2441">
     <span class='ocr_line' id='line_1_25' title="bbox 535 2365 2202 2441; baseline 0.002 -21"><span class='ocrx_word' id='word_1_175' title='bbox 535 2379 888 2437; x_wconf 90' lang='lat' dir='ltr'><strong>quacunque</strong></span> <span class='ocrx_word' id='word_1_176' title='bbox 921 2368 1107 2420; x_wconf 89' lang='lat' dir='ltr'><strong>morte</strong></span> <span class='ocrx_word' id='word_1_177' title='bbox 1137 2369 1480 2437; x_wconf 65' lang='lat' dir='ltr'><strong>preventus</strong></span> <span class='ocrx_word' id='word_1_178' title='bbox 1521 2365 1716 2437; x_wconf 89' lang='lat' dir='ltr'><strong>fuerit,</strong></span> <span class='ocrx_word' id='word_1_179' title='bbox 1750 2368 1943 2424; x_wconf 90' lang='lat' dir='ltr'><strong>anima</strong></span> <span class='ocrx_word' id='word_1_180' title='bbox 1974 2367 2110 2441; x_wconf 83' lang='lat' dir='ltr'><strong>ejus</strong></span> <span class='ocrx_word' id='word_1_181' title='bbox 2142 2368 2202 2424; x_wconf 86' lang='lat' dir='ltr'><strong>in</strong></span> 
     </span>
    </p>
   </div>
   <div class='ocr_carea' id='block_1_26' title="bbox 534 2453 1372 2526">
    <p class='ocr_par' dir='ltr' id='par_1_26' title="bbox 534 2453 1372 2526">
     <span class='ocr_line' id='line_1_26' title="bbox 534 2453 1372 2526; baseline -0.005 -17"><span class='ocrx_word' id='word_1_182' title='bbox 534 2453 742 2525; x_wconf 87' lang='lat' dir='ltr'><strong>requie</strong></span> <span class='ocrx_word' id='word_1_183' title='bbox 773 2453 885 2509; x_wconf 92' lang='lat' dir='ltr'><strong>erit</strong></span> <span class='ocrx_word' id='word_1_184' title='bbox 913 2454 1081 2526; x_wconf 82' lang='lat' dir='ltr'><strong>(Sep.</strong></span> <span class='ocrx_word' id='word_1_185' title='bbox 1118 2472 1199 2524; x_wconf 79' lang='grc' dir='ltr'><strong>ιν,</strong></span> <span class='ocrx_word' id='word_1_186' title='bbox 1229 2455 1309 2524; x_wconf 84' lang='lat'><strong>&#39;7).</strong></span> <span class='ocrx_word' id='word_1_187' title='bbox 1351 2478 1372 2505; x_wconf 78' lang='grc' dir='ltr'><strong><em>ι</em></strong></span> 
     </span>
    </p>
   </div>
   <div class='ocr_carea' id='block_1_27' title="bbox 607 2542 2202 2616">
    <p class='ocr_par' dir='ltr' id='par_1_27' title="bbox 607 2542 2202 2616">
     <span class='ocr_line' id='line_1_27' title="bbox 607 2542 2202 2616; baseline 0.003 -19"><span class='ocrx_word' id='word_1_188' title='bbox 607 2542 698 2597; x_wconf 73' lang='grc'><strong>52.</strong></span> <span class='ocrx_word' id='word_1_189' title='bbox 731 2542 908 2598; x_wconf 91' lang='lat' dir='ltr'><strong>Solve</strong></span> <span class='ocrx_word' id='word_1_190' title='bbox 938 2543 1145 2616; x_wconf 91' lang='lat' dir='ltr'><strong>igitur,</strong></span> <span class='ocrx_word' id='word_1_191' title='bbox 1181 2543 1353 2599; x_wconf 88' lang='lat' dir='ltr'><strong>Pater</strong></span> <span class='ocrx_word' id='word_1_192' title='bbox 1380 2549 1607 2615; x_wconf 88' lang='lat' dir='ltr'><strong>sancte,</strong></span> <span class='ocrx_word' id='word_1_193' title='bbox 1643 2561 1861 2602; x_wconf 90' lang='lat' dir='ltr'><strong>munus</strong></span> <span class='ocrx_word' id='word_1_194' title='bbox 1883 2561 2061 2603; x_wconf 89' lang='lat' dir='ltr'><strong>servo</strong></span> <span class='ocrx_word' id='word_1_195' title='bbox 2082 2550 2202 2616; x_wconf 93' lang='lat' dir='ltr'><strong>tuo,</strong></span> 
     </span>
    </p>
   </div>
   <div class='ocr_carea' id='block_1_28' title="bbox 534 2632 2206 2708">
    <p class='ocr_par' dir='ltr' id='par_1_28' title="bbox 534 2632 2206 2708">
     <span class='ocr_line' id='line_1_28' title="bbox 534 2632 2206 2708; baseline 0.002 -22"><span class='ocrx_word' id='word_1_196' title='bbox 534 2632 692 2704; x_wconf 89' lang='lat' dir='ltr'><strong>quod</strong></span> <span class='ocrx_word' id='word_1_197' title='bbox 724 2632 965 2703; x_wconf 84' lang='lat' dir='ltr'><strong>Moyses</strong></span> <span class='ocrx_word' id='word_1_198' title='bbox 1009 2632 1147 2704; x_wconf 88' lang='lat' dir='ltr'><strong>quia</strong></span> <span class='ocrx_word' id='word_1_199' title='bbox 1195 2633 1254 2688; x_wconf 90' lang='lat' dir='ltr'><strong>in</strong></span> <span class='ocrx_word' id='word_1_200' title='bbox 1300 2633 1511 2706; x_wconf 88' lang='lat' dir='ltr'><strong>spiritu</strong></span> <span class='ocrx_word' id='word_1_201' title='bbox 1542 2635 1705 2704; x_wconf 86' lang='lat' dir='ltr'><strong>vidit,</strong></span> <span class='ocrx_word' id='word_1_202' title='bbox 1740 2636 1967 2707; x_wconf 90' lang='lat' dir='ltr'><strong>accepit</strong></span> <span class='ocrx_word' id='word_1_203' title='bbox 2002 2652 2014 2692; x_wconf 94' lang='lat'>:</span> <span class='ocrx_word' id='word_1_204' title='bbox 2048 2636 2206 2708; x_wconf 87' lang='lat' dir='ltr'><strong>qu&#39;od</strong></span> 
     </span>
    </p>
   </div>
   <div class='ocr_carea' id='block_1_29' title="bbox 534 2720 2206 2796">
    <p class='ocr_par' dir='ltr' id='par_1_29' title="bbox 534 2720 2206 2796">
     <span class='ocr_line' id='line_1_29' title="bbox 534 2720 2206 2796; baseline 0.002 -21"><span class='ocrx_word' id='word_1_205' title='bbox 534 2720 743 2791; x_wconf 89' lang='lat' dir='ltr'><strong>David,</strong></span> <span class='ocrx_word' id='word_1_206' title='bbox 775 2721 912 2793; x_wconf 91' lang='lat' dir='ltr'><strong>quia</strong></span> <span class='ocrx_word' id='word_1_207' title='bbox 942 2735 1019 2776; x_wconf 78' lang='lat' dir='ltr'><strong>ex</strong></span> <span class='ocrx_word' id='word_1_208' title='bbox 1049 2721 1411 2779; x_wconf 89' lang='lat' dir='ltr'><strong>revelatione</strong></span> <span class='ocrx_word' id='word_1_209' title='bbox 1443 2724 1742 2796; x_wconf 79' lang='lat' dir='ltr'><strong>cognovit,</strong></span> <span class='ocrx_word' id='word_1_210' title='bbox 1778 2726 2046 2780; x_wconf 87' lang='lat' dir='ltr'><strong>emeruit.</strong></span> <span class='ocrx_word' id='word_1_211' title='bbox 2071 2724 2206 2781; x_wconf 91' lang='lat' dir='ltr'><strong>Sol-</strong></span> 
     </span>
    </p>
   </div>
   <div class='ocr_carea' id='block_1_30' title="bbox 535 2811 2207 2886">
    <p class='ocr_par' dir='ltr' id='par_1_30' title="bbox 535 2811 2207 2886">
     <span class='ocr_line' id='line_1_30' title="bbox 535 2811 2207 2886; baseline 0.004 -22"><span class='ocrx_word' id='word_1_212' title='bbox 535 2826 629 2880; x_wconf 91' lang='lat' dir='ltr'><strong>ve,</strong></span> <span class='ocrx_word' id='word_1_213' title='bbox 661 2811 921 2882; x_wconf 90' lang='lat' dir='ltr'><strong>inquam,</strong></span> <span class='ocrx_word' id='word_1_214' title='bbox 955 2825 1135 2866; x_wconf 89' lang='lat' dir='ltr'><strong>servo</strong></span> <span class='ocrx_word' id='word_1_215' title='bbox 1166 2812 1265 2866; x_wconf 93' lang='lat' dir='ltr'><strong>tuo</strong></span> <span class='ocrx_word' id='word_1_216' title='bbox 1303 2811 1710 2869; x_wconf 82' lang='lat' dir='ltr'><strong>Valentiniano</strong></span> <span class='ocrx_word' id='word_1_217' title='bbox 1760 2829 2000 2886; x_wconf 79' lang='lat' dir='ltr'><strong>munus,</strong></span> <span class='ocrx_word' id='word_1_218' title='bbox 2047 2814 2207 2886; x_wconf 90' lang='lat' dir='ltr'><strong>quod</strong></span> 
     </span>
    </p>
   </div>
   <div class='ocr_carea' id='block_1_31' title="bbox 535 2898 2202 2974">
    <p class='ocr_par' dir='ltr' id='par_1_31' title="bbox 535 2898 2202 2974">
     <span class='ocr_line' id='line_1_31' title="bbox 535 2898 2202 2974; baseline 0.003 -20"><span class='ocrx_word' id='word_1_219' title='bbox 535 2898 908 2970; x_wconf 89' lang='lat' dir='ltr'><strong>concupivit:</strong></span> <span class='ocrx_word' id='word_1_220' title='bbox 941 2915 1158 2955; x_wconf 88' lang='lat' dir='ltr'><strong>munus</strong></span> <span class='ocrx_word' id='word_1_221' title='bbox 1189 2900 1346 2972; x_wconf 91' lang='lat' dir='ltr'><strong>quod</strong></span> <span class='ocrx_word' id='word_1_222' title='bbox 1368 2901 1639 2974; x_wconf 86' lang='lat' dir='ltr'><strong>poposcit</strong></span> <span class='ocrx_word' id='word_1_223' title='bbox 1659 2918 1866 2974; x_wconf 88' lang='lat' dir='ltr'><strong>sanus,</strong></span> <span class='ocrx_word' id='word_1_224' title='bbox 1893 2903 2202 2973; x_wconf 90' lang='lat' dir='ltr'><strong>robustus,</strong></span> 
     </span>
    </p>
   </div>
   <div class='ocr_carea' id='block_1_32' title="bbox 535 2986 2205 3063">
    <p class='ocr_par' dir='ltr' id='par_1_32' title="bbox 535 2986 2205 3063">
     <span class='ocr_line' id='line_1_32' title="bbox 535 2986 2205 3063; baseline 0.002 -20"><span class='ocrx_word' id='word_1_225' title='bbox 535 2987 870 3044; x_wconf 88' lang='lat' dir='ltr'><strong>incolumis.</strong></span> <span class='ocrx_word' id='word_1_226' title='bbox 900 2986 961 3044; x_wconf 88' lang='lat' dir='ltr'><strong>Si</strong></span> <span class='ocrx_word' id='word_1_227' title='bbox 984 2986 1238 3045; x_wconf 71' lang='lat' dir='ltr'><strong>affectus</strong></span> <span class='ocrx_word' id='word_1_228' title='bbox 1259 2990 1611 3062; x_wconf 83' lang='lat' dir='ltr'><strong>aegritudine</strong></span> <span class='ocrx_word' id='word_1_229' title='bbox 1634 2991 1988 3063; x_wconf 88' lang='lat' dir='ltr'><strong>distulisset,</strong></span> <span class='ocrx_word' id='word_1_230' title='bbox 2012 2995 2205 3048; x_wconf 84' lang='lat' dir='ltr'><strong>tamen</strong></span> 
     </span>
    </p>
   </div>
   <div class='ocr_carea' id='block_1_33' title="bbox 534 3076 2206 3152">
    <p class='ocr_par' dir='ltr' id='par_1_33' title="bbox 534 3076 2206 3152">
     <span class='ocr_line' id='line_1_33' title="bbox 534 3076 2206 3152; baseline 0.002 -20"><span class='ocrx_word' id='word_1_231' title='bbox 534 3091 656 3133; x_wconf 91' lang='lat' dir='ltr'><strong>non</strong></span> <span class='ocrx_word' id='word_1_232' title='bbox 681 3076 918 3149; x_wconf 88' lang='lat' dir='ltr'><strong>penitus</strong></span> <span class='ocrx_word' id='word_1_233' title='bbox 967 3093 1002 3132; x_wconf 90' lang='lat' dir='ltr'><strong>a</strong></span> <span class='ocrx_word' id='word_1_234' title='bbox 1049 3080 1147 3133; x_wconf 92' lang='lat' dir='ltr'><strong>tua</strong></span> <span class='ocrx_word' id='word_1_235' title='bbox 1181 3078 1594 3136; x_wconf 89' lang='lat' dir='ltr'><strong>misericordia</strong></span> <span class='ocrx_word' id='word_1_236' title='bbox 1625 3084 1789 3137; x_wconf 90' lang='lat' dir='ltr'><strong>esset</strong></span> <span class='ocrx_word' id='word_1_237' title='bbox 1818 3081 2071 3151; x_wconf 90' lang='lat' dir='ltr'><strong>alienus,</strong></span> <span class='ocrx_word' id='word_1_238' title='bbox 2105 3081 2206 3152; x_wconf 91' lang='lat' dir='ltr'><strong>qui</strong></span> 
     </span>
    </p>
   </div>
   <div class='ocr_carea' id='block_1_34' title="bbox 535 3166 2200 3238">
    <p class='ocr_par' dir='ltr' id='par_1_34' title="bbox 535 3166 2200 3238">
     <span class='ocr_line' id='line_1_34' title="bbox 535 3166 2200 3238; baseline 0.001 -16"><span class='ocrx_word' id='word_1_239' title='bbox 535 3166 834 3223; x_wconf 86' lang='lat' dir='ltr'><strong>celeritate</strong></span> <span class='ocrx_word' id='word_1_240' title='bbox 863 3167 1149 3238; x_wconf 88' lang='lat' dir='ltr'><strong>temporis</strong></span> <span class='ocrx_word' id='word_1_241' title='bbox 1178 3170 1360 3238; x_wconf 88' lang='lat' dir='ltr'><strong>esset,</strong></span> <span class='ocrx_word' id='word_1_242' title='bbox 1394 3184 1512 3225; x_wconf 88' lang='lat' dir='ltr'><strong>non</strong></span> <span class='ocrx_word' id='word_1_243' title='bbox 1542 3169 1841 3225; x_wconf 84' lang='lat' dir='ltr'><strong>voluntate</strong></span> <span class='ocrx_word' id='word_1_244' title='bbox 1873 3170 2200 3226; x_wconf 78' lang='lat' dir='ltr'><strong>fraudatus.</strong></span> 
     </span>
    </p>
   </div>
   <div class='ocr_carea' id='block_1_35' title="bbox 532 3235 2293 3332">
    <p class='ocr_par' dir='ltr' id='par_1_35' title="bbox 532 3235 2293 3332">
     <span class='ocr_line' id='line_1_35' title="bbox 532 3235 2293 3332; baseline 0.002 -21"><span class='ocrx_word' id='word_1_245' title='bbox 532 3254 711 3312; x_wconf 89' lang='lat' dir='ltr'><strong>Solve</strong></span> <span class='ocrx_word' id='word_1_246' title='bbox 741 3271 888 3329; x_wconf 89' lang='lat' dir='ltr'><strong>ergo</strong></span> <span class='ocrx_word' id='word_1_247' title='bbox 919 3235 1098 3313; x_wconf 70' lang='lat' dir='ltr'><strong>servo</strong></span> <span class='ocrx_word' id='word_1_248' title='bbox 1127 3259 1227 3312; x_wconf 92' lang='lat' dir='ltr'><strong>tuo</strong></span> <span class='ocrx_word' id='word_1_249' title='bbox 1246 3235 1460 3314; x_wconf 85' lang='lat' dir='ltr'><strong>munus</strong></span> <span class='ocrx_word' id='word_1_250' title='bbox 1482 3259 1688 3332; x_wconf 87' lang='lat' dir='ltr'><strong>gratiae</strong></span> <span class='ocrx_word' id='word_1_251' title='bbox 1711 3262 1826 3314; x_wconf 87' lang='lat' dir='ltr'><strong>tuae</strong></span> <span class='ocrx_word' id='word_1_252' title='bbox 1857 3258 1992 3331; x_wconf 86' lang='lat'><strong>(56),</strong></span> <span class='ocrx_word' id='word_1_253' title='bbox 2027 3274 2204 3332; x_wconf 88' lang='lat' dir='ltr'><strong>quam</strong></span> <span class='ocrx_word' id='word_1_254' title='bbox 2242 3235 2293 3299; x_wconf 70' lang='grc' dir='ltr'><strong>Ο</strong></span> 
     </span>
    </p>
   </div>
   <div class='ocr_carea' id='block_1_36' title="bbox 534 3345 2201 3420">
    <p class='ocr_par' dir='ltr' id='par_1_36' title="bbox 534 3345 2201 3420">
     <span class='ocr_line' id='line_1_36' title="bbox 534 3345 2201 3420; baseline 0.002 -20"><span class='ocrx_word' id='word_1_255' title='bbox 534 3345 632 3401; x_wconf 91' lang='lat' dir='ltr'><strong>ille</strong></span> <span class='ocrx_word' id='word_1_256' title='bbox 664 3360 966 3420; x_wconf 86' lang='lat' dir='ltr'><strong>nunquam</strong></span> <span class='ocrx_word' id='word_1_257' title='bbox 994 3346 1253 3420; x_wconf 81' lang='lat' dir='ltr'><strong>negavit,</strong></span> <span class='ocrx_word' id='word_1_258' title='bbox 1286 3347 1385 3420; x_wconf 89' lang='lat' dir='ltr'><strong>qui</strong></span> <span class='ocrx_word' id='word_1_259' title='bbox 1433 3352 1564 3404; x_wconf 87' lang='lat' dir='ltr'><strong>ante</strong></span> <span class='ocrx_word' id='word_1_260' title='bbox 1617 3348 1771 3404; x_wconf 90' lang='lat' dir='ltr'><strong>diem</strong></span> <span class='ocrx_word' id='word_1_261' title='bbox 1812 3348 2019 3404; x_wconf 89' lang='lat' dir='ltr'><strong>mortis</strong></span> <span class='ocrx_word' id='word_1_262' title='bbox 2050 3351 2201 3404; x_wconf 89' lang='lat' dir='ltr'><strong>tem-</strong></span> 
     </span>
    </p>
   </div>
   <div class='ocr_carea' id='block_1_37' title="bbox 603 3523 2201 3600">
    <p class='ocr_par' dir='ltr' id='par_1_37' title="bbox 603 3523 2201 3600">
     <span class='ocr_line' id='line_1_37' title="bbox 603 3523 2201 3600; baseline 0.001 -20"><span class='ocrx_word' id='word_1_263' title='bbox 603 3524 719 3600; x_wconf 79' lang='lat'><strong>_(55)</strong></span> <span class='ocrx_word' id='word_1_264' title='bbox 749 3523 828 3580; x_wconf 86' lang='lat' dir='ltr'><strong>lta</strong></span> <span class='ocrx_word' id='word_1_265' title='bbox 858 3525 1054 3581; x_wconf 87' lang='lat' dir='ltr'><strong>cuncti</strong></span> <span class='ocrx_word' id='word_1_266' title='bbox 1085 3525 1215 3600; x_wconf 86' lang='lat' dir='ltr'><strong>cod.</strong></span> <span class='ocrx_word' id='word_1_267' title='bbox 1251 3526 1477 3598; x_wconf 86' lang='lat' dir='ltr'><strong>scripti,</strong></span> <span class='ocrx_word' id='word_1_268' title='bbox 1511 3540 1629 3600; x_wconf 87' lang='lat' dir='ltr'><strong>uno</strong></span> <span class='ocrx_word' id='word_1_269' title='bbox 1658 3532 1927 3600; x_wconf 87' lang='lat' dir='ltr'><strong>excepto,</strong></span> <span class='ocrx_word' id='word_1_270' title='bbox 1961 3525 2201 3600; x_wconf 88' lang='lat' dir='ltr'><strong>quicum</strong></span> 
     </span>
    </p>
   </div>
   <div class='ocr_carea' id='block_1_38' title="bbox 531 3596 1934 3655">
    <p class='ocr_par' dir='ltr' id='par_1_38' title="bbox 531 3596 1934 3655">
     <span class='ocr_line' id='line_1_38' title="bbox 531 3596 1934 3655; baseline 0 -1"><span class='ocrx_word' id='word_1_271' title='bbox 531 3596 782 3654; x_wconf 71' lang='lat' dir='ltr'><strong>efferunt</strong></span> <span class='ocrx_word' id='word_1_272' title='bbox 811 3611 1016 3652; x_wconf 89' lang='lat' dir='ltr'><strong>omnes</strong></span> <span class='ocrx_word' id='word_1_273' title='bbox 1047 3598 1187 3654; x_wconf 90' lang='lat' dir='ltr'><strong>edit.</strong></span> <span class='ocrx_word' id='word_1_274' title='bbox 1226 3619 1249 3649; x_wconf 76' lang='grc' dir='ltr'>ι</span> <span class='ocrx_word' id='word_1_275' title='bbox 1284 3596 1470 3654; x_wconf 78' lang='lat' dir='ltr'><strong>vestri</strong></span> <span class='ocrx_word' id='word_1_276' title='bbox 1500 3598 1726 3654; x_wconf 90' lang='lat' dir='ltr'><strong>doloris</strong></span> <span class='ocrx_word' id='word_1_277' title='bbox 1759 3596 1872 3655; x_wconf 76' lang='lat' dir='ltr'><strong>die.</strong></span> <span class='ocrx_word' id='word_1_278' title='bbox 1913 3596 1934 3648; x_wconf 70' lang='lat' dir='ltr'><strong>i-</strong></span> 
     </span>
    </p>
   </div>
   <div class='ocr_carea' id='block_1_39' title="bbox 603 3666 2198 3742">
    <p class='ocr_par' dir='ltr' id='par_1_39' title="bbox 603 3666 2198 3742">
     <span class='ocr_line' id='line_1_39' title="bbox 603 3666 2198 3742; baseline 0.001 -18"><span class='ocrx_word' id='word_1_279' title='bbox 603 3668 716 3739; x_wconf 88' lang='lat'><strong>(56)</strong></span> <span class='ocrx_word' id='word_1_280' title='bbox 748 3666 1017 3742; x_wconf 88' lang='lat' dir='ltr'><strong>Nannius</strong></span> <span class='ocrx_word' id='word_1_281' title='bbox 1050 3670 1377 3742; x_wconf 72' lang='lat' dir='ltr'><strong>verborum</strong></span> <span class='ocrx_word' id='word_1_282' title='bbox 1424 3672 1798 3742; x_wconf 89' lang='lat' dir='ltr'><strong>sequentium</strong></span> <span class='ocrx_word' id='word_1_283' title='bbox 1846 3670 2198 3726; x_wconf 89' lang='lat' dir='ltr'><strong>sententiam</strong></span> 
     </span>
    </p>
   </div>
   <div class='ocr_carea' id='block_1_40' title="bbox 532 3730 2198 3814">
    <p class='ocr_par' dir='ltr' id='par_1_40' title="bbox 532 3730 2198 3814">
     <span class='ocr_line' id='line_1_40' title="bbox 532 3730 2198 3814; baseline 0 -19"><span class='ocrx_word' id='word_1_284' title='bbox 532 3730 853 3814; x_wconf 57' lang='lat' dir='ltr'><strong>hanc&#39;esse</strong></span> <span class='ocrx_word' id='word_1_285' title='bbox 882 3740 960 3814; x_wconf 83' lang='lat' dir='ltr'><strong>ait</strong></span> <span class='ocrx_word' id='word_1_286' title='bbox 992 3730 1660 3814; x_wconf 59' lang='lat' dir='ltr'><strong>:_Solve&#39;Valentin&#39;iano</strong></span> <span class='ocrx_word' id='word_1_287' title='bbox 1696 3742 1943 3814; x_wconf 86' lang='lat' dir='ltr'><strong>gratiam</strong></span> <span class='ocrx_word' id='word_1_288' title='bbox 1973 3743 2198 3814; x_wconf 82' lang='lat' dir='ltr'><strong>baptis-</strong></span> 
     </span>
    </p>
   </div>
   <div class='ocr_carea' id='block_1_41' title="bbox 530 3810 2198 3885">
    <p class='ocr_par' dir='ltr' id='par_1_41' title="bbox 530 3810 2198 3885">
     <span class='ocr_line' id='line_1_41' title="bbox 530 3810 2198 3885; baseline 0.001 -20"><span class='ocrx_word' id='word_1_289' title='bbox 530 3812 610 3865; x_wconf 89' lang='lat' dir='ltr'><strong>mi</strong></span> <span class='ocrx_word' id='word_1_290' title='bbox 642 3814 701 3866; x_wconf 89' lang='lat' dir='ltr'><strong>et</strong></span> <span class='ocrx_word' id='word_1_291' title='bbox 729 3810 1198 3885; x_wconf 68' lang='lat' dir='ltr'><strong>christianitatis,</strong></span> <span class='ocrx_word' id='word_1_292' title='bbox 1234 3827 1368 3868; x_wconf 90' lang='lat' dir='ltr'><strong>cum</strong></span> <span class='ocrx_word' id='word_1_293' title='bbox 1415 3812 1511 3885; x_wconf 86' lang='lat' dir='ltr'><strong>ille</strong></span> <span class='ocrx_word' id='word_1_294' title='bbox 1557 3813 1662 3885; x_wconf 85' lang='lat' dir='ltr'><strong>tibi</strong></span> <span class='ocrx_word' id='word_1_295' title='bbox 1701 3810 1941 3885; x_wconf 74' lang='lat' dir='ltr'><strong>semper</strong></span> <span class='ocrx_word' id='word_1_296' title='bbox 1970 3810 2198 3885; x_wconf 78' lang='lat' dir='ltr'><strong>gratifi-</strong></span> 
     </span>
    </p>
   </div>
   <div class='ocr_carea' id='block_1_42' title="bbox 534 3881 2200 3957">
    <p class='ocr_par' dir='ltr' id='par_1_42' title="bbox 534 3881 2200 3957">
     <span class='ocr_line' id='line_1_42' title="bbox 534 3881 2200 3957; baseline 0.002 -21"><span class='ocrx_word' id='word_1_297' title='bbox 534 3885 703 3957; x_wconf 77' lang='lat' dir='ltr'><strong>catus</strong></span> <span class='ocrx_word' id='word_1_298' title='bbox 735 3881 830 3935; x_wconf 91' lang='lat' dir='ltr'><strong>sit.</strong></span> <span class='ocrx_word' id='word_1_299' title='bbox 867 3882 989 3937; x_wconf 89' lang='lat' dir='ltr'><strong>Per</strong></span> <span class='ocrx_word' id='word_1_300' title='bbox 1015 3883 1074 3957; x_wconf 82' lang='lat' dir='ltr'><strong>id</strong></span> <span class='ocrx_word' id='word_1_301' title='bbox 1103 3887 1299 3938; x_wconf 91' lang='lat' dir='ltr'><strong>autem</strong></span> <span class='ocrx_word' id='word_1_302' title='bbox 1327 3884 1486 3957; x_wconf 88' lang='lat' dir='ltr'><strong>quod</strong></span> <span class='ocrx_word' id='word_1_303' title='bbox 1508 3881 1883 3957; x_wconf 82' lang='lat' dir='ltr'><strong>subjunjitur</strong></span> <span class='ocrx_word' id='word_1_304' title='bbox 1899 3881 2200 3956; x_wconf 70' lang='lat' dir='ltr'><strong>denegata</strong></span> 
     </span>
    </p>
   </div>
   <div class='ocr_carea' id='block_1_43' title="bbox 532 3952 2199 4025">
    <p class='ocr_par' dir='ltr' id='par_1_43' title="bbox 532 3952 2199 4025">
     <span class='ocr_line' id='line_1_43' title="bbox 532 3952 2199 4025; baseline 0.002 -18"><span class='ocrx_word' id='word_1_305' title='bbox 532 3952 892 4025; x_wconf 82' lang='lat' dir='ltr'><strong>religionum</strong></span> <span class='ocrx_word' id='word_1_306' title='bbox 937 3954 1318 4025; x_wconf 87' lang='lat' dir='ltr'><strong>profanarum</strong></span> <span class='ocrx_word' id='word_1_307' title='bbox 1345 3952 1807 4025; x_wconf 67' lang='lat' dir='ltr'><strong>instauratione,</strong></span> <span class='ocrx_word' id='word_1_308' title='bbox 1841 3956 1913 4012; x_wconf 90' lang='lat' dir='ltr'><strong>ab</strong></span> <span class='ocrx_word' id='word_1_309' title='bbox 1942 3952 2199 4011; x_wconf 76' lang='lat' dir='ltr'><strong>Ambro-</strong></span> 
     </span>
    </p>
   </div>
   <div class='ocr_carea' id='block_1_44' title="bbox 535 4022 2200 4099">
    <p class='ocr_par' dir='ltr' id='par_1_44' title="bbox 535 4022 2200 4099">
     <span class='ocr_line' id='line_1_44' title="bbox 535 4022 2200 4099; baseline 0.001 -21"><span class='ocrx_word' id='word_1_310' title='bbox 535 4023 628 4078; x_wconf 89' lang='lat' dir='ltr'><strong>sio</strong></span> <span class='ocrx_word' id='word_1_311' title='bbox 658 4022 897 4095; x_wconf 80' lang='lat' dir='ltr'><strong>probari</strong></span> <span class='ocrx_word' id='word_1_312' title='bbox 925 4022 1085 4099; x_wconf 69' lang='lat' dir='ltr'><strong>putat</strong></span> <span class='ocrx_word' id='word_1_313' title='bbox 1117 4024 1592 4099; x_wconf 73' lang='lat' dir='ltr'><strong>Valentinianum</strong></span> <span class='ocrx_word' id='word_1_314' title='bbox 1622 4022 1860 4083; x_wconf 78' lang='lat' dir='ltr'><strong>Christo</strong></span> <span class='ocrx_word' id='word_1_315' title='bbox 1901 4042 2200 4099; x_wconf 89' lang='lat' dir='ltr'><strong>nunquam</strong></span> 
     </span>
    </p>
   </div>
   <div class='ocr_carea' id='block_1_45' title="bbox 534 4095 2200 4166">
    <p class='ocr_par' dir='ltr' id='par_1_45' title="bbox 534 4095 2200 4166">
     <span class='ocr_line' id='line_1_45' title="bbox 534 4095 2200 4166; baseline 0.001 -17"><span class='ocrx_word' id='word_1_316' title='bbox 534 4110 652 4149; x_wconf 94' lang='lat' dir='ltr'><strong>non</strong></span> <span class='ocrx_word' id='word_1_317' title='bbox 681 4108 821 4166; x_wconf 81' lang='lat' dir='ltr'><strong>esse</strong></span> <span class='ocrx_word' id='word_1_318' title='bbox 851 4095 1264 4166; x_wconf 80' lang='lat' dir='ltr'><strong>gratiﬁcatum.</strong></span> <span class='ocrx_word' id='word_1_319' title='bbox 1296 4096 1360 4150; x_wconf 93' lang='lat' dir='ltr'><strong>In</strong></span> <span class='ocrx_word' id='word_1_320' title='bbox 1392 4096 1503 4150; x_wconf 91' lang='lat' dir='ltr'><strong>hoc</strong></span> <span class='ocrx_word' id='word_1_321' title='bbox 1536 4113 1677 4152; x_wconf 88' lang='lat' dir='ltr'><strong>vero</strong></span> <span class='ocrx_word' id='word_1_322' title='bbox 1710 4102 1933 4153; x_wconf 90' lang='lat' dir='ltr'><strong>certum</strong></span> <span class='ocrx_word' id='word_1_323' title='bbox 1965 4095 2061 4152; x_wconf 79' lang='lat' dir='ltr'><strong>est</strong></span> <span class='ocrx_word' id='word_1_324' title='bbox 2102 4113 2200 4153; x_wconf 90' lang='lat' dir='ltr'><strong>er-</strong></span> 
     </span>
    </p>
   </div>
   <div class='ocr_carea' id='block_1_46' title="bbox 534 4164 2201 4250">
    <p class='ocr_par' dir='ltr' id='par_1_46' title="bbox 534 4164 2201 4250">
     <span class='ocr_line' id='line_1_46' title="bbox 534 4164 2201 4250; baseline 0.002 -30"><span class='ocrx_word' id='word_1_325' title='bbox 534 4181 707 4250; x_wconf 70' lang='lat' dir='ltr'><strong>rasse</strong></span> <span class='ocrx_word' id='word_1_326' title='bbox 738 4164 1053 4250; x_wconf 50' lang='lat' dir='ltr'><strong>Nan‘nium,</strong></span> <span class='ocrx_word' id='word_1_327' title='bbox 1101 4167 1258 4250; x_wconf 85' lang='lat' dir='ltr'><strong>quod</strong></span> <span class='ocrx_word' id='word_1_328' title='bbox 1306 4167 1656 4250; x_wconf 77' lang='lat' dir='ltr'><strong>templorum</strong></span> <span class='ocrx_word' id='word_1_329' title='bbox 1685 4169 2018 4250; x_wconf 68' lang='lat' dir='ltr'><strong>privilegia</strong></span> <span class='ocrx_word' id='word_1_330' title='bbox 2063 4172 2201 4250; x_wconf 79' lang='lat' dir='ltr'><strong>ante</strong></span> 
     </span>
    </p>
   </div>
   <div class='ocr_carea' id='block_1_47' title="bbox 535 4237 2200 4310">
    <p class='ocr_par' dir='ltr' id='par_1_47' title="bbox 535 4237 2200 4310">
     <span class='ocr_line' id='line_1_47' title="bbox 535 4237 2200 4310; baseline 0.002 -18"><span class='ocrx_word' id='word_1_331' title='bbox 535 4237 693 4310; x_wconf 79' lang='lat' dir='ltr'><strong>diem</strong></span> <span class='ocrx_word' id='word_1_332' title='bbox 741 4237 949 4310; x_wconf 82' lang='lat' dir='ltr'><strong>mortis</strong></span> <span class='ocrx_word' id='word_1_333' title='bbox 997 4238 1088 4310; x_wconf 14' lang='lat' dir='ltr'><strong>ab,</strong></span> <span class='ocrx_word' id='word_1_334' title='bbox 1120 4237 1476 4310; x_wconf 82' lang='lat' dir='ltr'><strong>imperatore</strong></span> <span class='ocrx_word' id='word_1_335' title='bbox 1525 4237 1736 4310; x_wconf 83' lang='lat' dir='ltr'><strong>negata</strong></span> <span class='ocrx_word' id='word_1_336' title='bbox 1798 4241 1871 4295; x_wconf 92' lang='lat' dir='ltr'><strong>ad</strong></span> <span class='ocrx_word' id='word_1_337' title='bbox 1918 4237 2200 4310; x_wconf 70' lang='lat' dir='ltr'><strong>reiectam</strong></span> 
     </span>
    </p>
   </div>
   <div class='ocr_carea' id='block_1_48' title="bbox 533 4308 2201 4435">
    <p class='ocr_par' dir='ltr' id='par_1_48' title="bbox 533 4308 2201 4435">
     <span class='ocr_line' id='line_1_48' title="bbox 533 4308 2201 4383; baseline 0.001 -18"><span class='ocrx_word' id='word_1_338' title='bbox 533 4308 871 4380; x_wconf 78' lang='lat' dir='ltr'><strong>Symmachi</strong></span> <span class='ocrx_word' id='word_1_339' title='bbox 906 4308 1270 4365; x_wconf 82' lang='lat' dir='ltr'><strong>Relationem</strong></span> <span class='ocrx_word' id='word_1_340' title='bbox 1301 4309 1501 4366; x_wconf 82' lang='lat' dir='ltr'><strong>refert.</strong></span> <span class='ocrx_word' id='word_1_341' title='bbox 1528 4308 1645 4366; x_wconf 81' lang='lat' dir='ltr'><strong>Sed</strong></span> <span class='ocrx_word' id='word_1_342' title='bbox 1676 4311 1748 4368; x_wconf 90' lang='lat' dir='ltr'><strong>de</strong></span> <span class='ocrx_word' id='word_1_343' title='bbox 1777 4311 1890 4368; x_wconf 91' lang='lat' dir='ltr'><strong>hoc</strong></span> <span class='ocrx_word' id='word_1_344' title='bbox 1923 4308 2201 4383; x_wconf 84' lang='lat' dir='ltr'><strong>alibijam</strong></span> 
     </span>
     <span class='ocr_line' id='line_1_49' title="bbox 535 4380 960 4435; baseline 0 0"><span class='ocrx_word' id='word_1_345' title='bbox 535 4382 686 4435; x_wconf 87' lang='lat' dir='ltr'><strong>satis</strong></span> <span class='ocrx_word' id='word_1_346' title='bbox 717 4380 960 4435; x_wconf 90' lang='lat' dir='ltr'><strong>dictum.</strong></span> 
     </span>
    </p>
   </div>
   <div class='ocr_carea' id='block_1_49' title="bbox 535 4380 960 4438">
    <p class='ocr_par' dir='ltr' id='par_1_49' title="bbox 535 4380 960 4438">
     <span class='ocr_line' id='line_1_50' title="bbox 535 4380 960 4438; baseline -0.007 0"><span class='ocrx_word' id='word_1_347' title='bbox 535 4382 686 4438; x_wconf 87' lang='lat' dir='ltr'><strong>satis</strong></span> <span class='ocrx_word' id='word_1_348' title='bbox 717 4380 960 4437; x_wconf 91' lang='lat' dir='ltr'><strong>dictum.</strong></span> 
     </span>
    </p>
   </div>
   <div class='ocr_carea' id='block_1_50' title="bbox 604 4450 2199 4527">
    <p class='ocr_par' dir='ltr' id='par_1_50' title="bbox 604 4450 2199 4527">
     <span class='ocr_line' id='line_1_51' title="bbox 604 4450 2199 4527; baseline 0.001 -19"><span class='ocrx_word' id='word_1_349' title='bbox 604 4452 721 4523; x_wconf 81' lang='lat'><strong>(5&#39;7)</strong></span> <span class='ocrx_word' id='word_1_350' title='bbox 768 4450 896 4508; x_wconf 87' lang='lat' dir='ltr'><strong>Vet.</strong></span> <span class='ocrx_word' id='word_1_351' title='bbox 953 4451 1112 4527; x_wconf 30' lang='lat' dir='ltr'><strong>edit:</strong></span> <span class='ocrx_word' id='word_1_352' title='bbox 1150 4467 1220 4507; x_wconf 91' lang='lat' dir='ltr'><strong>ac</strong></span> <span class='ocrx_word' id='word_1_353' title='bbox 1277 4453 1431 4527; x_wconf 62' lang='lat' dir='ltr'><strong>mss;</strong></span> <span class='ocrx_word' id='word_1_354' title='bbox 1479 4453 1744 4527; x_wconf 80' lang='lat' dir='ltr'><strong>aliquot,</strong></span> <span class='ocrx_word' id='word_1_355' title='bbox 1802 4475 1825 4527; x_wconf 67' lang='grc' dir='ltr'><strong>ς</strong></span> <span class='ocrx_word' id='word_1_356' title='bbox 1873 4454 2199 4527; x_wconf 88' lang='lat' dir='ltr'><strong>insurgen-</strong></span> 
     </span>
    </p>
   </div>
   <div class='ocr_carea' id='block_1_51' title="bbox 2317 579 3833 657">
    <p class='ocr_par' dir='ltr' id='par_1_51' title="bbox 2317 579 3833 657">
     <span class='ocr_line' id='line_1_52' title="bbox 2317 579 3833 657; baseline -0.002 -16"><span class='ocrx_word' id='word_1_357' title='bbox 2317 600 2469 657; x_wconf 89' lang='lat' dir='ltr'><strong>quos</strong></span> <span class='ocrx_word' id='word_1_358' title='bbox 2514 583 2778 639; x_wconf 89' lang='lat' dir='ltr'><strong>revereri</strong></span> <span class='ocrx_word' id='word_1_359' title='bbox 2826 585 3056 653; x_wconf 90' lang='lat' dir='ltr'><strong>posset.</strong></span> <span class='ocrx_word' id='word_1_360' title='bbox 3121 580 3357 637; x_wconf 81' lang='lat' dir='ltr'><strong>Astabat</strong></span> <span class='ocrx_word' id='word_1_361' title='bbox 3408 579 3629 635; x_wconf 85' lang='lat' dir='ltr'><strong>virorum</strong></span> <span class='ocrx_word' id='word_1_362' title='bbox 3675 586 3833 637; x_wconf 76' lang='lat' dir='ltr'><strong>caterva</strong></span> 
     </span>
    </p>
   </div>
   <div class='ocr_carea' id='block_1_52' title="bbox 2317 670 3832 748">
    <p class='ocr_par' dir='ltr' id='par_1_52' title="bbox 2317 670 3832 748">
     <span class='ocr_line' id='line_1_53' title="bbox 2317 670 3832 748; baseline -0.002 -19"><span class='ocrx_word' id='word_1_363' title='bbox 2317 675 2643 748; x_wconf 79' lang='lat' dir='ltr'><strong>gentilium,</strong></span> <span class='ocrx_word' id='word_1_364' title='bbox 2678 673 3046 743; x_wconf 88' lang='lat' dir='ltr'><strong>supplicabat</strong></span> <span class='ocrx_word' id='word_1_365' title='bbox 3078 673 3318 739; x_wconf 85' lang='lat' dir='ltr'><strong>senatus</strong></span> <span class='ocrx_word' id='word_1_366' title='bbox 3349 687 3360 724; x_wconf 91' lang='lat'>:</span> <span class='ocrx_word' id='word_1_367' title='bbox 3392 684 3495 723; x_wconf 91' lang='lat' dir='ltr'><strong>non</strong></span> <span class='ocrx_word' id='word_1_368' title='bbox 3520 670 3746 725; x_wconf 78' lang='lat' dir='ltr'><strong>metuebat</strong></span> <span class='ocrx_word' id='word_1_369' title='bbox 3764 671 3832 726; x_wconf 85' lang='lat' dir='ltr'><strong>ho-</strong></span> 
     </span>
    </p>
   </div>
   <div class='ocr_carea' id='block_1_53' title="bbox 2315 758 3833 833">
    <p class='ocr_par' dir='ltr' id='par_1_53' title="bbox 2315 758 3833 833">
     <span class='ocr_line' id='line_1_54' title="bbox 2315 758 3833 833; baseline -0.003 -14"><span class='ocrx_word' id='word_1_370' title='bbox 2315 764 2577 819; x_wconf 90' lang='lat' dir='ltr'><strong>minibus</strong></span> <span class='ocrx_word' id='word_1_371' title='bbox 2607 762 2945 833; x_wconf 86' lang='lat' dir='ltr'><strong>displicere,</strong></span> <span class='ocrx_word' id='word_1_372' title='bbox 2979 763 3041 815; x_wconf 90' lang='lat' dir='ltr'><strong>ut</strong></span> <span class='ocrx_word' id='word_1_373' title='bbox 3068 759 3173 815; x_wconf 92' lang='lat' dir='ltr'><strong>tibi</strong></span> <span class='ocrx_word' id='word_1_374' title='bbox 3205 760 3313 814; x_wconf 90' lang='lat' dir='ltr'><strong>soli</strong></span> <span class='ocrx_word' id='word_1_375' title='bbox 3344 759 3569 829; x_wconf 88' lang='lat' dir='ltr'><strong>placeret</strong></span> <span class='ocrx_word' id='word_1_376' title='bbox 3593 758 3833 818; x_wconf 79' lang='lat' dir='ltr'><strong>inChriato.</strong></span> 
     </span>
    </p>
   </div>
   <div class='ocr_carea' id='block_1_54' title="bbox 2316 848 3835 924">
    <p class='ocr_par' dir='ltr' id='par_1_54' title="bbox 2316 848 3835 924">
     <span class='ocr_line' id='line_1_55' title="bbox 2316 848 3835 924; baseline -0.004 -14"><span class='ocrx_word' id='word_1_377' title='bbox 2316 853 2427 920; x_wconf 86' lang='lat' dir='ltr'><strong>Qui</strong></span> <span class='ocrx_word' id='word_1_378' title='bbox 2470 853 2675 909; x_wconf 85' lang='lat' dir='ltr'><strong>habuit</strong></span> <span class='ocrx_word' id='word_1_379' title='bbox 2719 851 2992 924; x_wconf 88' lang='lat' dir='ltr'><strong>spiritum</strong></span> <span class='ocrx_word' id='word_1_380' title='bbox 3040 854 3225 918; x_wconf 91' lang='lat' dir='ltr'><strong>tuum,</strong></span> <span class='ocrx_word' id='word_1_381' title='bbox 3271 848 3536 921; x_wconf 89' lang='lat' dir='ltr'><strong>quomodo</strong></span> <span class='ocrx_word' id='word_1_382' title='bbox 3571 863 3663 905; x_wconf 87' lang='lat' dir='ltr'><strong>non</strong></span> <span class='ocrx_word' id='word_1_383' title='bbox 3685 851 3835 919; x_wconf 84' lang='lat' dir='ltr'><strong>accepit</strong></span> 
     </span>
    </p>
   </div>
   <div class='ocr_carea' id='block_1_55' title="bbox 2319 942 2805 1017">
    <p class='ocr_par' dir='ltr' id='par_1_55' title="bbox 2319 942 2805 1017">
     <span class='ocr_line' id='line_1_56' title="bbox 2319 942 2805 1017; baseline -0.004 -18"><span class='ocrx_word' id='word_1_384' title='bbox 2319 942 2570 1017; x_wconf 83' lang='lat' dir='ltr'><strong>gratiam</strong></span> <span class='ocrx_word' id='word_1_385' title='bbox 2602 947 2760 998; x_wconf 91' lang='lat' dir='ltr'><strong>tuam</strong></span> <span class='ocrx_word' id='word_1_386' title='bbox 2775 942 2805 997; x_wconf 86' lang='lat'><strong>?</strong></span> 
     </span>
    </p>
   </div>
   <div class='ocr_carea' id='block_1_56' title="bbox 2388 1026 3836 1103">
    <p class='ocr_par' dir='ltr' id='par_1_56' title="bbox 2388 1026 3836 1103">
     <span class='ocr_line' id='line_1_57' title="bbox 2388 1026 3836 1103; baseline -0.004 -15"><span class='ocrx_word' id='word_1_387' title='bbox 2388 1033 2477 1088; x_wconf 81' lang='lat'><strong>53.</strong></span> <span class='ocrx_word' id='word_1_388' title='bbox 2526 1033 2643 1089; x_wconf 92' lang='lat' dir='ltr'><strong>Aut</strong></span> <span class='ocrx_word' id='word_1_389' title='bbox 2688 1032 2743 1087; x_wconf 92' lang='lat' dir='ltr'><strong>si</strong></span> <span class='ocrx_word' id='word_1_390' title='bbox 2789 1029 2928 1103; x_wconf 84' lang='lat' dir='ltr'><strong>quia</strong></span> <span class='ocrx_word' id='word_1_391' title='bbox 2972 1028 3314 1089; x_wconf 86' lang='lat' dir='ltr'><strong>solemniter</strong></span> <span class='ocrx_word' id='word_1_392' title='bbox 3354 1043 3460 1083; x_wconf 89' lang='lat' dir='ltr'><strong>non</strong></span> <span class='ocrx_word' id='word_1_393' title='bbox 3500 1029 3617 1083; x_wconf 87' lang='lat' dir='ltr'><strong>sunt</strong></span> <span class='ocrx_word' id='word_1_394' title='bbox 3638 1026 3836 1082; x_wconf 81' lang='lat' dir='ltr'><strong>celebrata</strong></span> 
     </span>
    </p>
   </div>
   <div class='ocr_carea' id='block_1_57' title="bbox 2319 1115 3837 1195">
    <p class='ocr_par' dir='ltr' id='par_1_57' title="bbox 2319 1115 3837 1195">
     <span class='ocr_line' id='line_1_58' title="bbox 2319 1115 3837 1195; baseline -0.005 -17"><span class='ocrx_word' id='word_1_395' title='bbox 2319 1121 2620 1195; x_wconf 88' lang='lat' dir='ltr'><strong>mysteria,</strong></span> <span class='ocrx_word' id='word_1_396' title='bbox 2668 1119 2783 1176; x_wconf 88' lang='lat' dir='ltr'><strong>hoc</strong></span> <span class='ocrx_word' id='word_1_397' title='bbox 2828 1122 3042 1188; x_wconf 89' lang='lat' dir='ltr'><strong>movet,</strong></span> <span class='ocrx_word' id='word_1_398' title='bbox 3093 1132 3238 1190; x_wconf 91' lang='lat' dir='ltr'><strong>ergo</strong></span> <span class='ocrx_word' id='word_1_399' title='bbox 3287 1131 3390 1172; x_wconf 88' lang='lat' dir='ltr'><strong>nec</strong></span> <span class='ocrx_word' id='word_1_400' title='bbox 3427 1118 3688 1189; x_wconf 85' lang='lat' dir='ltr'><strong>martyres,</strong></span> <span class='ocrx_word' id='word_1_401' title='bbox 3725 1115 3837 1170; x_wconf 76' lang='lat' dir='ltr'><strong>sica-</strong></span> 
     </span>
    </p>
   </div>
   <div class='ocr_carea' id='block_1_58' title="bbox 2319 1205 3838 1278">
    <p class='ocr_par' dir='ltr' id='par_1_58' title="bbox 2319 1205 3838 1278">
     <span class='ocr_line' id='line_1_59' title="bbox 2319 1205 3838 1278; baseline -0.007 -11"><span class='ocrx_word' id='word_1_402' title='bbox 2319 1209 2646 1267; x_wconf 87' lang='lat' dir='ltr'><strong>techumeri</strong></span> <span class='ocrx_word' id='word_1_403' title='bbox 2690 1208 2944 1278; x_wconf 87' lang='lat' dir='ltr'><strong>fuerint,</strong></span> <span class='ocrx_word' id='word_1_404' title='bbox 2993 1208 3384 1274; x_wconf 87' lang='lat' dir='ltr'><strong>coronentur;</strong></span> <span class='ocrx_word' id='word_1_405' title='bbox 3438 1221 3541 1261; x_wconf 88' lang='lat' dir='ltr'><strong>non</strong></span> <span class='ocrx_word' id='word_1_406' title='bbox 3577 1205 3700 1259; x_wconf 87' lang='lat' dir='ltr'><strong>enim</strong></span> <span class='ocrx_word' id='word_1_407' title='bbox 3735 1220 3838 1258; x_wconf 68' lang='lat' dir='ltr'><strong>core</strong></span> 
     </span>
    </p>
   </div>
   <div class='ocr_carea' id='block_1_59' title="bbox 2319 1292 3840 1370">
    <p class='ocr_par' dir='ltr' id='par_1_59' title="bbox 2319 1292 3840 1370">
     <span class='ocr_line' id='line_1_60' title="bbox 2319 1292 3840 1370; baseline -0.007 -13"><span class='ocrx_word' id='word_1_408' title='bbox 2319 1302 2555 1370; x_wconf 87' lang='lat' dir='ltr'><strong>nentur,</strong></span> <span class='ocrx_word' id='word_1_409' title='bbox 2606 1299 2661 1354; x_wconf 92' lang='lat' dir='ltr'><strong>si</strong></span> <span class='ocrx_word' id='word_1_410' title='bbox 2706 1314 2824 1354; x_wconf 89' lang='lat' dir='ltr'><strong>non</strong></span> <span class='ocrx_word' id='word_1_411' title='bbox 2874 1298 3194 1352; x_wconf 87' lang='lat' dir='ltr'><strong>initiantur.</strong></span> <span class='ocrx_word' id='word_1_412' title='bbox 3244 1295 3404 1361; x_wconf 89' lang='lat' dir='ltr'><strong>Quod</strong></span> <span class='ocrx_word' id='word_1_413' title='bbox 3432 1294 3481 1349; x_wconf 90' lang='lat' dir='ltr'><strong>si</strong></span> <span class='ocrx_word' id='word_1_414' title='bbox 3506 1309 3599 1349; x_wconf 88' lang='lat' dir='ltr'><strong>suo</strong></span> <span class='ocrx_word' id='word_1_415' title='bbox 3625 1292 3840 1349; x_wconf 83' lang='lat' dir='ltr'><strong>abluuntur</strong></span> 
     </span>
    </p>
   </div>
   <div class='ocr_carea' id='block_1_60' title="bbox 2320 1382 3957 1463">
    <p class='ocr_par' dir='ltr' id='par_1_60' title="bbox 2320 1382 3957 1463">
     <span class='ocr_line' id='line_1_61' title="bbox 2320 1382 3957 1463; baseline -0.007 -16"><span class='ocrx_word' id='word_1_416' title='bbox 2320 1390 2617 1463; x_wconf 87' lang='lat' dir='ltr'><strong>sanguine</strong></span> <span class='ocrx_word' id='word_1_417' title='bbox 2659 1387 2794 1459; x_wconf 87' lang='grc'><strong>(58),</strong></span> <span class='ocrx_word' id='word_1_418' title='bbox 2844 1391 2902 1443; x_wconf 91' lang='lat' dir='ltr'><strong>et</strong></span> <span class='ocrx_word' id='word_1_419' title='bbox 2948 1386 3107 1442; x_wconf 88' lang='lat' dir='ltr'><strong>hunc</strong></span> <span class='ocrx_word' id='word_1_420' title='bbox 3155 1400 3265 1439; x_wconf 87' lang='lat' dir='ltr'><strong>sua</strong></span> <span class='ocrx_word' id='word_1_421' title='bbox 3311 1384 3484 1456; x_wconf 79' lang='lat' dir='ltr'><strong>pietas</strong></span> <span class='ocrx_word' id='word_1_422' title='bbox 3522 1383 3673 1438; x_wconf 85' lang='lat' dir='ltr'><strong>abluit</strong></span> <span class='ocrx_word' id='word_1_423' title='bbox 3704 1387 3744 1437; x_wconf 90' lang='lat' dir='ltr'><strong>et</strong></span> <span class='ocrx_word' id='word_1_424' title='bbox 3776 1398 3841 1437; x_wconf 73' lang='lat' dir='ltr'><strong>vo-</strong></span> 
     </span>
    </p>
   </div>
   <div class='ocr_carea' id='block_1_61' title="bbox 2309 1450 3957 1535">
    <p class='ocr_par' dir='ltr' id='par_1_61' title="bbox 2309 1450 3957 1535">
     <span class='ocr_line' id='line_1_62' title="bbox 2309 1450 3957 1535; baseline -0.004 0"><span class='ocrx_word' id='word_1_425' title='bbox 2309 1450 2543 1535; x_wconf 72' lang='lat' dir='ltr'><strong>luntas.</strong></span> <span class='ocrx_word' id='word_1_426' title='bbox 2670 1450 2681 1459; x_wconf 40' lang='lat'><strong><em>‘</em></strong></span> <span class='ocrx_word' id='word_1_427' title='bbox 2754 1450 2793 1457; x_wconf 43' lang='grc' dir='ltr'>Π</span> <span class='ocrx_word' id='word_1_428' title='bbox 3311 1450 3331 1456; x_wconf 36' lang='grc' dir='ltr'><strong>ν</strong></span> <span class='ocrx_word' id='word_1_429' title='bbox 3956 1450 3957 1529; x_wconf 49' lang='lat' dir='ltr'><strong>i</strong></span> 
     </span>
    </p>
   </div>
   <div class='ocr_carea' id='block_1_62' title="bbox 2393 1549 3957 1681">
    <p class='ocr_par' dir='ltr' id='par_1_62' title="bbox 2393 1549 3957 1681">
     <span class='ocr_line' id='line_1_63' title="bbox 2393 1549 3957 1681; baseline -0.007 -57"><span class='ocrx_word' id='word_1_430' title='bbox 2393 1568 2482 1624; x_wconf 74' lang='grc'><strong>54.</strong></span> <span class='ocrx_word' id='word_1_431' title='bbox 2515 1568 2605 1623; x_wconf 88' lang='lat' dir='ltr'><strong>Ne</strong></span> <span class='ocrx_word' id='word_1_432' title='bbox 2634 1580 2862 1638; x_wconf 86' lang='lat' dir='ltr'><strong>quaeso,</strong></span> <span class='ocrx_word' id='word_1_433' title='bbox 2897 1580 3050 1630; x_wconf 87' lang='lat' dir='ltr'><strong>eum,</strong></span> <span class='ocrx_word' id='word_1_434' title='bbox 3088 1563 3351 1633; x_wconf 89' lang='lat' dir='ltr'><strong>Domine,</strong></span> <span class='ocrx_word' id='word_1_435' title='bbox 3381 1578 3411 1616; x_wconf 73' lang='grc' dir='ltr'><strong>τι</strong></span> <span class='ocrx_word' id='word_1_436' title='bbox 3450 1561 3606 1617; x_wconf 85' lang='lat' dir='ltr'><strong>fratre</strong></span> <span class='ocrx_word' id='word_1_437' title='bbox 3631 1549 3843 1632; x_wconf 70' lang='lat' dir='ltr'><strong>sejungas,</strong></span> 
     </span>
     <span class='ocr_line' id='line_1_64' title="bbox 2407 1649 3844 1681; baseline 0 0"><span class='ocrx_word' id='word_1_438' title='bbox 2407 1673 2431 1681; x_wconf 68' lang='lat'><strong>-</strong></span> <span class='ocrx_word' id='word_1_439' title='bbox 2467 1656 2668 1681; x_wconf 84' lang='lat'><strong>:._...-...</strong></span> <span class='ocrx_word' id='word_1_440' title='bbox 2729 1654 2841 1681; x_wconf 69' lang='grc' dir='ltr'><strong>ι.--</strong></span> <span class='ocrx_word' id='word_1_441' title='bbox 2890 1653 3001 1681; x_wconf 57' lang='grc' dir='ltr'><strong>κε...</strong></span> <span class='ocrx_word' id='word_1_442' title='bbox 3050 1653 3442 1681; x_wconf 60' lang='grc' dir='ltr'><strong>ηΑ-ικιΛ-νιεδηίξη</strong></span> <span class='ocrx_word' id='word_1_443' title='bbox 3470 1650 3673 1681; x_wconf 48' lang='lat' dir='ltr'><strong>manante</strong></span> <span class='ocrx_word' id='word_1_444' title='bbox 3697 1649 3844 1681; x_wconf 52' lang='lat' dir='ltr'><strong>alumna</strong></span> 
     </span>
    </p>
   </div>
   <div class='ocr_carea' id='block_1_63' title="bbox 2322 1649 3845 1729">
    <p class='ocr_par' dir='ltr' id='par_1_63' title="bbox 2322 1649 3845 1729">
     <span class='ocr_line' id='line_1_65' title="bbox 2322 1649 3845 1729; baseline -0.008 -16"><span class='ocrx_word' id='word_1_445' title='bbox 2322 1672 2434 1713; x_wconf 90' lang='lat' dir='ltr'><strong>nec</strong></span> <span class='ocrx_word' id='word_1_446' title='bbox 2457 1656 2673 1729; x_wconf 79' lang='lat' dir='ltr'><strong>jugum</strong></span> <span class='ocrx_word' id='word_1_447' title='bbox 2729 1654 2843 1712; x_wconf 87' lang='lat' dir='ltr'><strong>hoc</strong></span> <span class='ocrx_word' id='word_1_448' title='bbox 2890 1653 3002 1725; x_wconf 68' lang='lat' dir='ltr'><strong>pina</strong></span> <span class='ocrx_word' id='word_1_449' title='bbox 3046 1653 3445 1726; x_wconf 86' lang='lat' dir='ltr'><strong>germanitatis</strong></span> <span class='ocrx_word' id='word_1_450' title='bbox 3470 1650 3674 1722; x_wconf 87' lang='lat' dir='ltr'><strong>patiaris</strong></span> <span class='ocrx_word' id='word_1_451' title='bbox 3696 1649 3845 1702; x_wconf 67' lang='lat' dir='ltr'><strong>abruta</strong></span> 
     </span>
    </p>
   </div>
   <div class='ocr_carea' id='block_1_64' title="bbox 2321 1737 3847 1819">
    <p class='ocr_par' dir='ltr' id='par_1_64' title="bbox 2321 1737 3847 1819">
     <span class='ocr_line' id='line_1_66' title="bbox 2321 1737 3847 1819; baseline -0.007 -18"><span class='ocrx_word' id='word_1_452' title='bbox 2321 1747 2400 1819; x_wconf 90' lang='lat' dir='ltr'><strong>pi.</strong></span> <span class='ocrx_word' id='word_1_453' title='bbox 2434 1746 2546 1801; x_wconf 84' lang='lat' dir='ltr'><strong>Hic</strong></span> <span class='ocrx_word' id='word_1_454' title='bbox 2575 1748 2715 1801; x_wconf 89' lang='lat' dir='ltr'><strong>tuus</strong></span> <span class='ocrx_word' id='word_1_455' title='bbox 2742 1744 2886 1816; x_wconf 82' lang='lat' dir='ltr'><strong>jam,</strong></span> <span class='ocrx_word' id='word_1_456' title='bbox 2932 1746 2996 1799; x_wconf 80' lang='lat' dir='ltr'><strong>et</strong></span> <span class='ocrx_word' id='word_1_457' title='bbox 3035 1745 3137 1797; x_wconf 86' lang='lat' dir='ltr'><strong>tuo</strong></span> <span class='ocrx_word' id='word_1_458' title='bbox 3172 1741 3399 1813; x_wconf 85' lang='lat' dir='ltr'><strong>judicio</strong></span> <span class='ocrx_word' id='word_1_459' title='bbox 3440 1739 3731 1808; x_wconf 85' lang='lat' dir='ltr'><strong>vindicatus,</strong></span> <span class='ocrx_word' id='word_1_460' title='bbox 3752 1737 3847 1808; x_wconf 84' lang='lat' dir='ltr'><strong>peri-</strong></span> 
     </span>
    </p>
   </div>
   <div class='ocr_carea' id='block_1_65' title="bbox 2321 1825 3957 1905">
    <p class='ocr_par' dir='ltr' id='par_1_65' title="bbox 2321 1825 3957 1905">
     <span class='ocr_line' id='line_1_67' title="bbox 2321 1825 3957 1905; baseline -0.006 -14"><span class='ocrx_word' id='word_1_461' title='bbox 2321 1835 2554 1891; x_wconf 87' lang='lat' dir='ltr'><strong>clitatur</strong></span> <span class='ocrx_word' id='word_1_462' title='bbox 2584 1834 2837 1905; x_wconf 90' lang='lat' dir='ltr'><strong>amplius</strong></span> <span class='ocrx_word' id='word_1_463' title='bbox 2868 1831 3205 1899; x_wconf 86' lang='lat' dir='ltr'><strong>Gratianus,</strong></span> <span class='ocrx_word' id='word_1_464' title='bbox 3260 1830 3314 1886; x_wconf 87' lang='lat' dir='ltr'><strong>si</strong></span> <span class='ocrx_word' id='word_1_465' title='bbox 3356 1831 3632 1900; x_wconf 83' lang='lat' dir='ltr'><strong>separetur</strong></span> <span class='ocrx_word' id='word_1_466' title='bbox 3658 1842 3684 1879; x_wconf 89' lang='lat' dir='ltr'><strong>a</strong></span> <span class='ocrx_word' id='word_1_467' title='bbox 3720 1825 3846 1888; x_wconf 77' lang='lat' dir='ltr'><strong>fratre,</strong></span> <span class='ocrx_word' id='word_1_468' title='bbox 3956 1838 3957 1885; x_wconf 68' lang='grc' dir='ltr'><em>ἲ</em></span> 
     </span>
    </p>
   </div>
   <div class='ocr_carea' id='block_1_66' title="bbox 2324 1914 3848 1989">
    <p class='ocr_par' dir='ltr' id='par_1_66' title="bbox 2324 1914 3848 1989">
     <span class='ocr_line' id='line_1_68' title="bbox 2324 1914 3848 1989; baseline -0.009 -9"><span class='ocrx_word' id='word_1_469' title='bbox 2324 1925 2377 1979; x_wconf 89' lang='lat' dir='ltr'><strong>si</strong></span> <span class='ocrx_word' id='word_1_470' title='bbox 2424 1940 2543 1980; x_wconf 91' lang='lat' dir='ltr'><strong>non</strong></span> <span class='ocrx_word' id='word_1_471' title='bbox 2590 1926 2889 1978; x_wconf 89' lang='lat' dir='ltr'><strong>mereatur</strong></span> <span class='ocrx_word' id='word_1_472' title='bbox 2930 1935 3069 1977; x_wconf 85' lang='lat' dir='ltr'><strong>esse</strong></span> <span class='ocrx_word' id='word_1_473' title='bbox 3115 1935 3251 1976; x_wconf 91' lang='lat' dir='ltr'><strong>cum</strong></span> <span class='ocrx_word' id='word_1_474' title='bbox 3299 1934 3388 1987; x_wconf 85' lang='lat' dir='ltr'><strong>eo,</strong></span> <span class='ocrx_word' id='word_1_475' title='bbox 3434 1934 3531 1989; x_wconf 90' lang='lat' dir='ltr'><strong>per</strong></span> <span class='ocrx_word' id='word_1_476' title='bbox 3569 1931 3708 1989; x_wconf 85' lang='lat' dir='ltr'><strong>quem</strong></span> <span class='ocrx_word' id='word_1_477' title='bbox 3727 1914 3848 1969; x_wconf 80' lang='lat' dir='ltr'><strong>merui</strong></span> 
     </span>
    </p>
   </div>
   <div class='ocr_carea' id='block_1_67' title="bbox 2322 2002 3848 2078">
    <p class='ocr_par' dir='ltr' id='par_1_67' title="bbox 2322 2002 3848 2078">
     <span class='ocr_line' id='line_1_69' title="bbox 2322 2002 3848 2078; baseline -0.008 -10"><span class='ocrx_word' id='word_1_478' title='bbox 2322 2013 2629 2070; x_wconf 89' lang='lat' dir='ltr'><strong>vindicari.</strong></span> <span class='ocrx_word' id='word_1_479' title='bbox 2662 2011 2822 2078; x_wconf 86' lang='lat' dir='ltr'><strong>Quas</strong></span> <span class='ocrx_word' id='word_1_480' title='bbox 2853 2011 2951 2066; x_wconf 88' lang='lat' dir='ltr'><strong>ille</strong></span> <span class='ocrx_word' id='word_1_481' title='bbox 2981 2025 3138 2066; x_wconf 91' lang='lat' dir='ltr'><strong>nunc</strong></span> <span class='ocrx_word' id='word_1_482' title='bbox 3168 2024 3379 2065; x_wconf 89' lang='lat' dir='ltr'><strong>manus</strong></span> <span class='ocrx_word' id='word_1_483' title='bbox 3407 2007 3475 2062; x_wconf 91' lang='lat' dir='ltr'><strong>ad</strong></span> <span class='ocrx_word' id='word_1_484' title='bbox 3500 2010 3569 2075; x_wconf 89' lang='lat' dir='ltr'><strong>te,</strong></span> <span class='ocrx_word' id='word_1_485' title='bbox 3607 2006 3753 2066; x_wconf 85' lang='lat' dir='ltr'><strong>Pater.</strong></span> <span class='ocrx_word' id='word_1_486' title='bbox 3774 2002 3848 2057; x_wconf 50' lang='lat' dir='ltr'><strong>eri.</strong></span> 
     </span>
    </p>
   </div>
   <div class='ocr_carea' id='block_1_68' title="bbox 2321 2092 3851 2176">
    <p class='ocr_par' dir='ltr' id='par_1_68' title="bbox 2321 2092 3851 2176">
     <span class='ocr_line' id='line_1_70' title="bbox 2321 2092 3851 2176; baseline -0.008 -18"><span class='ocrx_word' id='word_1_487' title='bbox 2321 2102 2456 2176; x_wconf 78' lang='lat' dir='ltr'><strong>git?</strong></span> <span class='ocrx_word' id='word_1_488' title='bbox 2486 2118 2637 2175; x_wconf 90' lang='lat' dir='ltr'><strong>quas</strong></span> <span class='ocrx_word' id='word_1_489' title='bbox 2666 2116 2771 2173; x_wconf 89' lang='lat' dir='ltr'><strong>pro</strong></span> <span class='ocrx_word' id='word_1_490' title='bbox 2803 2100 2985 2155; x_wconf 88' lang='lat' dir='ltr'><strong>fratre</strong></span> <span class='ocrx_word' id='word_1_491' title='bbox 3015 2113 3230 2170; x_wconf 84' lang='lat' dir='ltr'><strong>preces</strong></span> <span class='ocrx_word' id='word_1_492' title='bbox 3263 2096 3487 2153; x_wconf 81' lang='lat' dir='ltr'><strong>fundit?</strong></span> <span class='ocrx_word' id='word_1_493' title='bbox 3530 2109 3630 2167; x_wconf 87' lang='lat' dir='ltr'><strong>quo</strong></span> <span class='ocrx_word' id='word_1_494' title='bbox 3665 2092 3706 2149; x_wconf 87' lang='lat' dir='ltr'><strong>ci</strong></span> <span class='ocrx_word' id='word_1_495' title='bbox 3739 2092 3851 2148; x_wconf 64' lang='lat' dir='ltr'><strong>inhae-</strong></span> 
     </span>
    </p>
   </div>
   <div class='ocr_carea' id='block_1_69' title="bbox 2323 2179 3849 2263">
    <p class='ocr_par' dir='ltr' id='par_1_69' title="bbox 2323 2179 3849 2263">
     <span class='ocr_line' id='line_1_71' title="bbox 2323 2179 3849 2263; baseline -0.008 -16"><span class='ocrx_word' id='word_1_496' title='bbox 2323 2195 2414 2247; x_wconf 91' lang='lat' dir='ltr'><strong>ret</strong></span> <span class='ocrx_word' id='word_1_497' title='bbox 2442 2192 2714 2263; x_wconf 81' lang='lat' dir='ltr'><strong>amplexu</strong></span> <span class='ocrx_word' id='word_1_498' title='bbox 2736 2190 2764 2244; x_wconf 84' lang='lat'><strong>?</strong></span> <span class='ocrx_word' id='word_1_499' title='bbox 2795 2187 3293 2261; x_wconf 76' lang='lat' dir='ltr'><strong>quemadmodum</strong></span> <span class='ocrx_word' id='word_1_500' title='bbox 3328 2186 3438 2240; x_wconf 86' lang='lat' dir='ltr'><strong>sibi</strong></span> <span class='ocrx_word' id='word_1_501' title='bbox 3484 2199 3601 2240; x_wconf 89' lang='lat' dir='ltr'><strong>eum</strong></span> <span class='ocrx_word' id='word_1_502' title='bbox 3640 2197 3729 2238; x_wconf 87' lang='lat' dir='ltr'><strong>non</strong></span> <span class='ocrx_word' id='word_1_503' title='bbox 3760 2179 3849 2251; x_wconf 82' lang='lat' dir='ltr'><strong>pati-</strong></span> 
     </span>
    </p>
   </div>
   <div class='ocr_carea' id='block_1_70' title="bbox 2323 2280 2667 2336">
    <p class='ocr_par' dir='ltr' id='par_1_70' title="bbox 2323 2280 2667 2336">
     <span class='ocr_line' id='line_1_72' title="bbox 2323 2280 2667 2336; baseline -0.003 0"><span class='ocrx_word' id='word_1_504' title='bbox 2323 2283 2418 2336; x_wconf 89' lang='lat' dir='ltr'><strong>tur</strong></span> <span class='ocrx_word' id='word_1_505' title='bbox 2446 2280 2616 2336; x_wconf 89' lang='lat' dir='ltr'><strong>avelli</strong></span> <span class='ocrx_word' id='word_1_506' title='bbox 2639 2280 2667 2335; x_wconf 86' lang='lat'><strong>?</strong></span> 
     </span>
    </p>
   </div>
   <div class='ocr_carea' id='block_1_71' title="bbox 2392 2357 3852 2439">
    <p class='ocr_par' dir='ltr' id='par_1_71' title="bbox 2392 2357 3852 2439">
     <span class='ocr_line' id='line_1_73' title="bbox 2392 2357 3852 2439; baseline -0.01 -13"><span class='ocrx_word' id='word_1_507' title='bbox 2392 2371 2482 2425; x_wconf 88' lang='lat'><strong>55.</strong></span> <span class='ocrx_word' id='word_1_508' title='bbox 2517 2369 2701 2425; x_wconf 89' lang='lat' dir='ltr'><strong>Adest</strong></span> <span class='ocrx_word' id='word_1_509' title='bbox 2728 2369 2903 2424; x_wconf 88' lang='lat' dir='ltr'><strong>etiam</strong></span> <span class='ocrx_word' id='word_1_510' title='bbox 2934 2370 3122 2439; x_wconf 89' lang='lat' dir='ltr'><strong>pater,</strong></span> <span class='ocrx_word' id='word_1_511' title='bbox 3156 2366 3258 2439; x_wconf 90' lang='lat' dir='ltr'><strong>qui</strong></span> <span class='ocrx_word' id='word_1_512' title='bbox 3291 2363 3540 2420; x_wconf 87' lang='lat' dir='ltr'><strong>militiam</strong></span> <span class='ocrx_word' id='word_1_513' title='bbox 3578 2361 3672 2417; x_wconf 90' lang='lat' dir='ltr'><strong>sub</strong></span> <span class='ocrx_word' id='word_1_514' title='bbox 3703 2357 3852 2414; x_wconf 77' lang='lat' dir='ltr'><strong>Juliano</strong></span> 
     </span>
    </p>
   </div>
   <div class='ocr_carea' id='block_1_72' title="bbox 2319 2451 3854 2531">
    <p class='ocr_par' dir='ltr' id='par_1_72' title="bbox 2319 2451 3854 2531">
     <span class='ocr_line' id='line_1_74' title="bbox 2319 2451 3854 2531; baseline -0.01 -15"><span class='ocrx_word' id='word_1_515' title='bbox 2319 2458 2453 2531; x_wconf 88' lang='lat'><strong>(59),</strong></span> <span class='ocrx_word' id='word_1_516' title='bbox 2487 2462 2546 2514; x_wconf 91' lang='lat' dir='ltr'><strong>et</strong></span> <span class='ocrx_word' id='word_1_517' title='bbox 2573 2458 2908 2514; x_wconf 80' lang='lat' dir='ltr'><strong>tribunatus</strong></span> <span class='ocrx_word' id='word_1_518' title='bbox 2941 2458 3202 2514; x_wconf 87' lang='lat' dir='ltr'><strong>honores</strong></span> <span class='ocrx_word' id='word_1_519' title='bbox 3254 2454 3391 2510; x_wconf 81' lang='lat' dir='ltr'><strong>fidei</strong></span> <span class='ocrx_word' id='word_1_520' title='bbox 3433 2466 3610 2507; x_wconf 86' lang='lat' dir='ltr'><strong>amore</strong></span> <span class='ocrx_word' id='word_1_521' title='bbox 3649 2451 3854 2515; x_wconf 82' lang='lat' dir='ltr'><strong>contemp-</strong></span> 
     </span>
    </p>
   </div>
   <div class='ocr_carea' id='block_1_73' title="bbox 2321 2542 3856 2618">
    <p class='ocr_par' dir='ltr' id='par_1_73' title="bbox 2321 2542 3856 2618">
     <span class='ocr_line' id='line_1_75' title="bbox 2321 2542 3856 2618; baseline -0.011 -14"><span class='ocrx_word' id='word_1_522' title='bbox 2321 2549 2419 2604; x_wconf 88' lang='lat' dir='ltr'><strong>sit.</strong></span> <span class='ocrx_word' id='word_1_523' title='bbox 2487 2548 2680 2613; x_wconf 82' lang='grc'>1189</span> <span class='ocrx_word' id='word_1_524' title='bbox 2731 2548 2897 2602; x_wconf 87' lang='lat' dir='ltr'><strong>Dona</strong></span> <span class='ocrx_word' id='word_1_525' title='bbox 2952 2546 3105 2618; x_wconf 90' lang='lat' dir='ltr'><strong>patri</strong></span> <span class='ocrx_word' id='word_1_526' title='bbox 3161 2545 3369 2614; x_wconf 82' lang='lat' dir='ltr'><strong>tilium,</strong></span> <span class='ocrx_word' id='word_1_527' title='bbox 3417 2542 3570 2598; x_wconf 88' lang='lat' dir='ltr'><strong>fratri</strong></span> <span class='ocrx_word' id='word_1_528' title='bbox 3618 2550 3856 2612; x_wconf 84' lang='lat' dir='ltr'><strong>germanum</strong></span> 
     </span>
    </p>
   </div>
   <div class='ocr_carea' id='block_1_74' title="bbox 2321 2624 3857 2708">
    <p class='ocr_par' dir='ltr' id='par_1_74' title="bbox 2321 2624 3857 2708">
     <span class='ocr_line' id='line_1_76' title="bbox 2321 2624 3857 2708; baseline -0.01 -16"><span class='ocrx_word' id='word_1_529' title='bbox 2321 2652 2517 2704; x_wconf 88' lang='lat' dir='ltr'><strong>suum,</strong></span> <span class='ocrx_word' id='word_1_530' title='bbox 2571 2652 2823 2708; x_wconf 87' lang='lat' dir='ltr'><strong>quorum</strong></span> <span class='ocrx_word' id='word_1_531' title='bbox 2874 2640 3191 2707; x_wconf 88' lang='lat' dir='ltr'><strong>utrumque</strong></span> <span class='ocrx_word' id='word_1_532' title='bbox 3238 2633 3494 2688; x_wconf 87' lang='lat' dir='ltr'><strong>imitatus</strong></span> <span class='ocrx_word' id='word_1_533' title='bbox 3538 2631 3661 2683; x_wconf 91' lang='lat' dir='ltr'><strong>est:</strong></span> <span class='ocrx_word' id='word_1_534' title='bbox 3695 2624 3857 2679; x_wconf 80' lang='lat' dir='ltr'><strong>alterum</strong></span> 
     </span>
    </p>
   </div>
   <div class='ocr_carea' id='block_1_75' title="bbox 2322 2712 3858 2796">
    <p class='ocr_par' dir='ltr' id='par_1_75' title="bbox 2322 2712 3858 2796">
     <span class='ocr_line' id='line_1_77' title="bbox 2322 2712 3858 2796; baseline -0.011 -14"><span class='ocrx_word' id='word_1_535' title='bbox 2322 2727 2465 2796; x_wconf 79' lang='lat' dir='ltr'><strong>fide,</strong></span> <span class='ocrx_word' id='word_1_536' title='bbox 2517 2725 2767 2782; x_wconf 90' lang='lat' dir='ltr'><strong>alterum</strong></span> <span class='ocrx_word' id='word_1_537' title='bbox 2816 2725 3130 2781; x_wconf 89' lang='lat' dir='ltr'><strong>devotione</strong></span> <span class='ocrx_word' id='word_1_538' title='bbox 3175 2723 3402 2795; x_wconf 88' lang='lat' dir='ltr'><strong>pariter</strong></span> <span class='ocrx_word' id='word_1_539' title='bbox 3443 2724 3603 2791; x_wconf 87' lang='lat' dir='ltr'><strong>atque</strong></span> <span class='ocrx_word' id='word_1_540' title='bbox 3638 2717 3794 2787; x_wconf 75' lang='lat' dir='ltr'><strong>pietate</strong></span> <span class='ocrx_word' id='word_1_541' title='bbox 3822 2712 3858 2765; x_wconf 88' lang='lat' dir='ltr'><strong>in</strong></span> 
     </span>
    </p>
   </div>
   <div class='ocr_carea' id='block_1_76' title="bbox 2322 2798 3856 2886">
    <p class='ocr_par' dir='ltr' id='par_1_76' title="bbox 2322 2798 3856 2886">
     <span class='ocr_line' id='line_1_78' title="bbox 2322 2798 3856 2886; baseline -0.004 -14"><span class='ocrx_word' id='word_1_542' title='bbox 2322 2815 2673 2886; x_wconf 87' lang='lat' dir='ltr'><strong>templorum</strong></span> <span class='ocrx_word' id='word_1_543' title='bbox 2695 2814 3030 2886; x_wconf 88' lang='lat' dir='ltr'><strong>privilegiis</strong></span> <span class='ocrx_word' id='word_1_544' title='bbox 3064 2811 3454 2884; x_wconf 87' lang='lat' dir='ltr'><strong>denegandis.</strong></span> <span class='ocrx_word' id='word_1_545' title='bbox 3486 2798 3856 2879; x_wconf 48' lang='lat' dir='ltr'><strong>negandislliuod</strong></span> 
     </span>
    </p>
   </div>
   <div class='ocr_carea' id='block_1_77' title="bbox 2321 2890 3859 2977">
    <p class='ocr_par' dir='ltr' id='par_1_77' title="bbox 2321 2890 3859 2977">
     <span class='ocr_line' id='line_1_79' title="bbox 2321 2890 3859 2977; baseline -0.012 -17"><span class='ocrx_word' id='word_1_546' title='bbox 2321 2904 2473 2977; x_wconf 90' lang='lat' dir='ltr'><strong>patri</strong></span> <span class='ocrx_word' id='word_1_547' title='bbox 2519 2903 2788 2960; x_wconf 81' lang='lat' dir='ltr'><strong>defuerat</strong></span> <span class='ocrx_word' id='word_1_548' title='bbox 2829 2902 3101 2975; x_wconf 68' lang='lat' dir='ltr'><strong>adiunxit</strong></span> <span class='ocrx_word' id='word_1_549' title='bbox 3146 2917 3158 2958; x_wconf 92' lang='lat'>:</span> <span class='ocrx_word' id='word_1_550' title='bbox 3213 2900 3376 2972; x_wconf 87' lang='lat' dir='ltr'><strong>quod</strong></span> <span class='ocrx_word' id='word_1_551' title='bbox 3423 2898 3591 2954; x_wconf 88' lang='lat' dir='ltr'><strong>frater</strong></span> <span class='ocrx_word' id='word_1_552' title='bbox 3639 2890 3859 2955; x_wconf 85' lang='lat' dir='ltr'><strong>constituit,</strong></span> 
     </span>
    </p>
   </div>
   <div class='ocr_carea' id='block_1_78' title="bbox 2323 2979 3858 3050">
    <p class='ocr_par' dir='ltr' id='par_1_78' title="bbox 2323 2979 3858 3050">
     <span class='ocr_line' id='line_1_80' title="bbox 2323 2979 3858 3050; baseline -0.012 -1"><span class='ocrx_word' id='word_1_553' title='bbox 2323 2992 2663 3050; x_wconf 90' lang='lat' dir='ltr'><strong>custodivit.</strong></span> <span class='ocrx_word' id='word_1_554' title='bbox 2698 2992 2769 3047; x_wconf 88' lang='lat' dir='ltr'><strong>Et</strong></span> <span class='ocrx_word' id='word_1_555' title='bbox 2798 2992 2943 3047; x_wconf 83' lang='lat' dir='ltr'><strong>huic</strong></span> <span class='ocrx_word' id='word_1_556' title='bbox 2966 2991 3160 3049; x_wconf 86' lang='lat' dir='ltr'><strong>adhuc</strong></span> <span class='ocrx_word' id='word_1_557' title='bbox 3189 2987 3658 3045; x_wconf 86' lang='lat' dir='ltr'><strong>intercessionem</strong></span> <span class='ocrx_word' id='word_1_558' title='bbox 3691 2979 3858 3041; x_wconf 77' lang='lat' dir='ltr'><strong>ascisco,</strong></span> 
     </span>
    </p>
   </div>
   <div class='ocr_carea' id='block_1_79' title="bbox 2322 3082 3341 3152">
    <p class='ocr_par' dir='ltr' id='par_1_79' title="bbox 2322 3082 3341 3152">
     <span class='ocr_line' id='line_1_81' title="bbox 2322 3082 3341 3152; baseline -0.005 -13"><span class='ocrx_word' id='word_1_559' title='bbox 2322 3083 2417 3139; x_wconf 92' lang='lat' dir='ltr'><strong>cui</strong></span> <span class='ocrx_word' id='word_1_560' title='bbox 2448 3082 2981 3139; x_wconf 89' lang='lat' dir='ltr'><strong>remunerationem</strong></span> <span class='ocrx_word' id='word_1_561' title='bbox 3014 3095 3341 3152; x_wconf 86' lang='lat' dir='ltr'><strong>praesumo.</strong></span> 
     </span>
    </p>
   </div>
   <div class='ocr_carea' id='block_1_80' title="bbox 2390 3159 3861 3239">
    <p class='ocr_par' dir='ltr' id='par_1_80' title="bbox 2390 3159 3861 3239">
     <span class='ocr_line' id='line_1_82' title="bbox 2390 3159 3861 3239; baseline -0.012 -13"><span class='ocrx_word' id='word_1_562' title='bbox 2390 3171 2479 3228; x_wconf 82' lang='lat'><strong>56.</strong></span> <span class='ocrx_word' id='word_1_563' title='bbox 2514 3171 2657 3227; x_wconf 88' lang='lat' dir='ltr'><strong>Date</strong></span> <span class='ocrx_word' id='word_1_564' title='bbox 2687 3170 2958 3225; x_wconf 88' lang='lat' dir='ltr'><strong>manibus</strong></span> <span class='ocrx_word' id='word_1_565' title='bbox 2990 3172 3194 3226; x_wconf 86' lang='lat' dir='ltr'><strong>sancta</strong></span> <span class='ocrx_word' id='word_1_566' title='bbox 3227 3167 3507 3239; x_wconf 83' lang='lat' dir='ltr'><strong>mysteria</strong></span> <span class='ocrx_word' id='word_1_567' title='bbox 3551 3162 3664 3235; x_wconf 87' lang='lat'><strong>(60),</strong></span> <span class='ocrx_word' id='word_1_568' title='bbox 3703 3159 3775 3231; x_wconf 89' lang='lat' dir='ltr'><strong>pio</strong></span> <span class='ocrx_word' id='word_1_569' title='bbox 3807 3171 3861 3211; x_wconf 80' lang='lat' dir='ltr'><strong>re-</strong></span> 
     </span>
    </p>
   </div>
   <div class='ocr_carea' id='block_1_81' title="bbox 2318 3250 3863 3334">
    <p class='ocr_par' dir='ltr' id='par_1_81' title="bbox 2318 3250 3863 3334">
     <span class='ocr_line' id='line_1_83' title="bbox 2318 3250 3863 3334; baseline -0.011 -17"><span class='ocrx_word' id='word_1_570' title='bbox 2318 3262 2517 3334; x_wconf 89' lang='lat' dir='ltr'><strong>quiem</strong></span> <span class='ocrx_word' id='word_1_571' title='bbox 2567 3259 2701 3331; x_wconf 81' lang='lat' dir='ltr'><strong>ejus</strong></span> <span class='ocrx_word' id='word_1_572' title='bbox 2745 3275 3067 3331; x_wconf 88' lang='lat' dir='ltr'><strong>poscamus</strong></span> <span class='ocrx_word' id='word_1_573' title='bbox 3125 3256 3362 3314; x_wconf 66' lang='lat' dir='ltr'><strong>aliectu.</strong></span> <span class='ocrx_word' id='word_1_574' title='bbox 3425 3256 3557 3311; x_wconf 90' lang='lat' dir='ltr'><strong>Date</strong></span> <span class='ocrx_word' id='word_1_575' title='bbox 3607 3250 3863 3334; x_wconf 71' lang='lat' dir='ltr'><strong>sacramenta</strong></span> 
     </span>
    </p>
   </div>
   <div class='ocr_carea' id='block_1_82' title="bbox 2320 3330 3864 3421">
    <p class='ocr_par' dir='ltr' id='par_1_82' title="bbox 2320 3330 3864 3421">
     <span class='ocr_line' id='line_1_84' title="bbox 2320 3330 3864 3421; baseline -0.006 -14"><span class='ocrx_word' id='word_1_576' title='bbox 2320 3330 2611 3421; x_wconf 76' lang='lat' dir='ltr'><strong>cmlestia,</strong></span> <span class='ocrx_word' id='word_1_577' title='bbox 2636 3330 2890 3405; x_wconf 86' lang='lat' dir='ltr'><strong>animam</strong></span> <span class='ocrx_word' id='word_1_578' title='bbox 2922 3347 3152 3418; x_wconf 88' lang='lat' dir='ltr'><strong>nepotis</strong></span> <span class='ocrx_word' id='word_1_579' title='bbox 3183 3347 3417 3404; x_wconf 89' lang='lat' dir='ltr'><strong>nostris</strong></span> <span class='ocrx_word' id='word_1_580' title='bbox 3446 3341 3780 3401; x_wconf 80' lang='lat' dir='ltr'><strong>oblationibus</strong></span> <span class='ocrx_word' id='word_1_581' title='bbox 3796 3330 3864 3403; x_wconf 71' lang='lat' dir='ltr'><strong>(Gl)</strong></span> 
     </span>
    </p>
   </div>
   <div class='ocr_carea' id='block_1_83' title="bbox 2319 3524 3868 3596">
    <p class='ocr_par' dir='ltr' id='par_1_83' title="bbox 2319 3524 3868 3596">
     <span class='ocr_line' id='line_1_85' title="bbox 2319 3524 3868 3596; baseline -0.01 -11"><span class='ocrx_word' id='word_1_582' title='bbox 2319 3529 2517 3585; x_wconf 88' lang='lat' dir='ltr'><strong>statim</strong></span> <span class='ocrx_word' id='word_1_583' title='bbox 2547 3526 2905 3596; x_wconf 86' lang='lat' dir='ltr'><strong>abscidisse,</strong></span> <span class='ocrx_word' id='word_1_584' title='bbox 2957 3530 3014 3582; x_wconf 92' lang='lat' dir='ltr'><strong>et</strong></span> <span class='ocrx_word' id='word_1_585' title='bbox 3054 3526 3351 3582; x_wconf 88' lang='lat' dir='ltr'><strong>conviciis</strong></span> <span class='ocrx_word' id='word_1_586' title='bbox 3393 3524 3666 3580; x_wconf 86' lang='lat' dir='ltr'><strong>invectum</strong></span> <span class='ocrx_word' id='word_1_587' title='bbox 3699 3530 3868 3596; x_wconf 64' lang='lat' dir='ltr'><strong>essem</strong></span> 
     </span>
    </p>
   </div>
   <div class='ocr_carea' id='block_1_84' title="bbox 2318 3597 3868 3667">
    <p class='ocr_par' dir='ltr' id='par_1_84' title="bbox 2318 3597 3868 3667">
     <span class='ocr_line' id='line_1_86' title="bbox 2318 3597 3868 3667; baseline 0.001 -12"><span class='ocrx_word' id='word_1_588' title='bbox 2318 3600 2709 3667; x_wconf 88' lang='lat' dir='ltr'><strong>sacerdotem,</strong></span> <span class='ocrx_word' id='word_1_589' title='bbox 2773 3599 2869 3654; x_wconf 91' lang='lat' dir='ltr'><strong>cui</strong></span> <span class='ocrx_word' id='word_1_590' title='bbox 2924 3598 3097 3653; x_wconf 89' lang='lat' dir='ltr'><strong>ctiam</strong></span> <span class='ocrx_word' id='word_1_591' title='bbox 3154 3599 3228 3653; x_wconf 90' lang='lat' dir='ltr'><strong>ab</strong></span> <span class='ocrx_word' id='word_1_592' title='bbox 3288 3597 3495 3653; x_wconf 89' lang='lat' dir='ltr'><strong>eodem</strong></span> <span class='ocrx_word' id='word_1_593' title='bbox 3550 3601 3868 3667; x_wconf 52' lang='lat' dir='ltr'><strong>pugnuﬂlifl:</strong></span> 
     </span>
    </p>
   </div>
   <div class='ocr_carea' id='block_1_85' title="bbox 2317 3656 3871 3756">
    <p class='ocr_par' dir='ltr' id='par_1_85' title="bbox 2317 3656 3871 3756">
     <span class='ocr_line' id='line_1_87' title="bbox 2317 3656 3871 3756; baseline 0.004 -31"><span class='ocrx_word' id='word_1_594' title='bbox 2317 3675 2571 3756; x_wconf 74' lang='lat' dir='ltr'><strong>pactum</strong></span> <span class='ocrx_word' id='word_1_595' title='bbox 2598 3656 2798 3756; x_wconf 73' lang='lat' dir='ltr'><strong>narrat</strong></span> <span class='ocrx_word' id='word_1_596' title='bbox 2825 3669 3262 3756; x_wconf 42' lang='lat' dir='ltr'><strong>‘T‘hcodoretus</strong></span> <span class='ocrx_word' id='word_1_597' title='bbox 3303 3669 3413 3756; x_wconf 37' lang='lat' dir='ltr'><strong>llib.</strong></span> <span class='ocrx_word' id='word_1_598' title='bbox 3461 3656 3871 3756; x_wconf 44' lang='lat' dir='ltr'><strong>in;</strong></span> 
     </span>
    </p>
   </div>
   <div class='ocr_carea' id='block_1_86' title="bbox 2316 3741 3870 3814">
    <p class='ocr_par' dir='ltr' id='par_1_86' title="bbox 2316 3741 3870 3814">
     <span class='ocr_line' id='line_1_88' title="bbox 2316 3741 3870 3814; baseline -0.003 -17"><span class='ocrx_word' id='word_1_599' title='bbox 2316 3741 2448 3814; x_wconf 86' lang='lat' dir='ltr'><strong>ipso</strong></span> <span class='ocrx_word' id='word_1_600' title='bbox 2482 3742 3087 3814; x_wconf 75' lang='lat' dir='ltr'><strong>autemsublatanon</strong></span> <span class='ocrx_word' id='word_1_601' title='bbox 3116 3756 3260 3814; x_wconf 83' lang='lat' dir='ltr'><strong>esse</strong></span> <span class='ocrx_word' id='word_1_602' title='bbox 3300 3741 3635 3814; x_wconf 84' lang='lat' dir='ltr'><strong>templorum</strong></span> <span class='ocrx_word' id='word_1_603' title='bbox 3671 3741 3870 3814; x_wconf 34' lang='lat' dir='ltr'><strong>jura-J09}</strong></span> 
     </span>
    </p>
   </div>
   <div class='ocr_carea' id='block_1_87' title="bbox 2316 3799 3868 3940">
    <p class='ocr_par' dir='ltr' id='par_1_87' title="bbox 2316 3799 3868 3940">
     <span class='ocr_line' id='line_1_89' title="bbox 2316 3799 3868 3940; baseline -0.011 -71"><span class='ocrx_word' id='word_1_604' title='bbox 2316 3799 2576 3940; x_wconf 54' lang='grc' dir='ltr'><strong>ἇίχῖιέιιιε</strong></span> <span class='ocrx_word' id='word_1_605' title='bbox 2631 3812 2704 3868; x_wconf 90' lang='lat' dir='ltr'><strong>ad</strong></span> <span class='ocrx_word' id='word_1_606' title='bbox 2767 3813 3134 3868; x_wconf 84' lang='lat' dir='ltr'><strong>Relationem</strong></span> <span class='ocrx_word' id='word_1_607' title='bbox 3180 3799 3541 3884; x_wconf 72' lang='lat' dir='ltr'><strong>Symmachi,</strong></span> <span class='ocrx_word' id='word_1_608' title='bbox 3587 3812 3637 3864; x_wconf 90' lang='lat' dir='ltr'><strong>et</strong></span> <span class='ocrx_word' id='word_1_609' title='bbox 3673 3799 3805 3876; x_wconf 75' lang='lat' dir='ltr'><strong>epist.</strong></span> <span class='ocrx_word' id='word_1_610' title='bbox 3834 3799 3868 3852; x_wconf 69' lang='lat' dir='ltr'><strong>li</strong></span> 
     </span>
     <span class='ocr_line' id='line_1_90' title="bbox 2316 3902 2504 3940; baseline -0.005 0"><span class='ocrx_word' id='word_1_611' title='bbox 2316 3902 2385 3940; x_wconf 87' lang='lat' dir='ltr'><strong>ac</strong></span> <span class='ocrx_word' id='word_1_612' title='bbox 2491 3927 2504 3939; x_wconf 94' lang='lat'><strong>.</strong></span> 
     </span>
    </p>
   </div>
   <div class='ocr_carea' id='block_1_88' title="bbox 2313 3886 2504 3941">
    <p class='ocr_par' dir='ltr' id='par_1_88' title="bbox 2313 3886 2504 3941">
     <span class='ocr_line' id='line_1_91' title="bbox 2313 3886 2504 3941; baseline -0.01 0"><span class='ocrx_word' id='word_1_613' title='bbox 2313 3902 2385 3941; x_wconf 90' lang='lat' dir='ltr'><strong>ac</strong></span> <span class='ocrx_word' id='word_1_614' title='bbox 2416 3886 2504 3940; x_wconf 81' lang='grc'><strong>18.</strong></span> 
     </span>
    </p>
   </div>
   <div class='ocr_carea' id='block_1_89' title="bbox 2388 3944 3870 4025">
    <p class='ocr_par' dir='ltr' id='par_1_89' title="bbox 2388 3944 3870 4025">
     <span class='ocr_line' id='line_1_92' title="bbox 2388 3944 3870 4025; baseline -0.009 -12"><span class='ocrx_word' id='word_1_615' title='bbox 2388 3954 2504 4025; x_wconf 82' lang='lat'><strong>(60)</strong></span> <span class='ocrx_word' id='word_1_616' title='bbox 2548 3956 2792 4010; x_wconf 79' lang='lat' dir='ltr'><strong>Animas</strong></span> <span class='ocrx_word' id='word_1_617' title='bbox 2836 3955 2938 4011; x_wconf 90' lang='lat' dir='ltr'><strong>ubi</strong></span> <span class='ocrx_word' id='word_1_618' title='bbox 2969 3955 3042 4011; x_wconf 92' lang='lat' dir='ltr'><strong>de</strong></span> <span class='ocrx_word' id='word_1_619' title='bbox 3071 3954 3431 4025; x_wconf 91' lang='lat' dir='ltr'><strong>corporibus</strong></span> <span class='ocrx_word' id='word_1_620' title='bbox 3461 3965 3700 4025; x_wconf 68' lang='lat' dir='ltr'><strong>egressa:</strong></span> <span class='ocrx_word' id='word_1_621' title='bbox 3724 3944 3870 4001; x_wconf 78' lang='lat' dir='ltr'><strong>essent.</strong></span> 
     </span>
    </p>
   </div>
   <div class='ocr_carea' id='block_1_90' title="bbox 2316 4020 3870 4094">
    <p class='ocr_par' dir='ltr' id='par_1_90' title="bbox 2316 4020 3870 4094">
     <span class='ocr_line' id='line_1_93' title="bbox 2316 4020 3870 4094; baseline -0.004 -11"><span class='ocrx_word' id='word_1_622' title='bbox 2316 4029 2370 4083; x_wconf 88' lang='lat' dir='ltr'><strong>si</strong></span> <span class='ocrx_word' id='word_1_623' title='bbox 2399 4020 2591 4083; x_wconf 59' lang='lat' dir='ltr'><strong>bona,</strong></span> <span class='ocrx_word' id='word_1_624' title='bbox 2638 4028 3042 4093; x_wconf 89' lang='lat' dir='ltr'><strong>crederentur,</strong></span> <span class='ocrx_word' id='word_1_625' title='bbox 3090 4020 3292 4094; x_wconf 79' lang='lat' dir='ltr'><strong>lares;</strong></span> <span class='ocrx_word' id='word_1_626' title='bbox 3347 4026 3399 4080; x_wconf 88' lang='lat' dir='ltr'><strong>si</strong></span> <span class='ocrx_word' id='word_1_627' title='bbox 3447 4020 3627 4089; x_wconf 72' lang='lat' dir='ltr'><strong>malae,</strong></span> <span class='ocrx_word' id='word_1_628' title='bbox 3667 4020 3870 4094; x_wconf 59' lang='lat' dir='ltr'><strong>lemures;</strong></span> 
     </span>
    </p>
   </div>
   <div class='ocr_carea' id='block_1_91' title="bbox 2316 4090 3875 4175">
    <p class='ocr_par' dir='ltr' id='par_1_91' title="bbox 2316 4090 3875 4175">
     <span class='ocr_line' id='line_1_94' title="bbox 2316 4090 3875 4175; baseline 0.01 -23"><span class='ocrx_word' id='word_1_629' title='bbox 2316 4100 2411 4154; x_wconf 88' lang='lat' dir='ltr'><strong>sin</strong></span> <span class='ocrx_word' id='word_1_630' title='bbox 2436 4114 2583 4175; x_wconf 91' lang='lat' dir='ltr'><strong>vero</strong></span> <span class='ocrx_word' id='word_1_631' title='bbox 2615 4098 2958 4175; x_wconf 88' lang='lat' dir='ltr'><strong>ambiguum</strong></span> <span class='ocrx_word' id='word_1_632' title='bbox 2991 4090 3142 4154; x_wconf 84' lang='lat' dir='ltr'><strong>foret</strong></span> <span class='ocrx_word' id='word_1_633' title='bbox 3171 4091 3288 4175; x_wconf 79' lang='lat' dir='ltr'><strong>utri</strong></span> <span class='ocrx_word' id='word_1_634' title='bbox 3319 4095 3509 4175; x_wconf 67' lang='lat' dir='ltr'><strong>ordipi</strong></span> <span class='ocrx_word' id='word_1_635' title='bbox 3537 4090 3875 4175; x_wconf 54' lang='grc' dir='ltr'><strong>λιιιξεθιιρἓῗ</strong></span> 
     </span>
    </p>
   </div>
   <div class='ocr_carea' id='block_1_92' title="bbox 2317 4162 3875 4246">
    <p class='ocr_par' dir='ltr' id='par_1_92' title="bbox 2317 4162 3875 4246">
     <span class='ocr_line' id='line_1_95' title="bbox 2317 4162 3875 4246; baseline -0.006 -21"><span class='ocrx_word' id='word_1_636' title='bbox 2317 4174 2471 4246; x_wconf 80' lang='lat' dir='ltr'><strong>sent,</strong></span> <span class='ocrx_word' id='word_1_637' title='bbox 2492 4184 2696 4246; x_wconf 50' lang='lat' dir='ltr'><strong>malles</strong></span> <span class='ocrx_word' id='word_1_638' title='bbox 2719 4162 2960 4246; x_wconf 47' lang='lat' dir='ltr'><strong>voventes</strong></span> <span class='ocrx_word' id='word_1_639' title='bbox 2978 4185 3118 4246; x_wconf 81' lang='lat' dir='ltr'><strong>esse</strong></span> <span class='ocrx_word' id='word_1_640' title='bbox 3139 4170 3433 4246; x_wconf 72' lang='lat' dir='ltr'><strong>observat</strong></span> <span class='ocrx_word' id='word_1_641' title='bbox 3459 4162 3718 4246; x_wconf 66' lang='lat' dir='ltr'><strong>Nannius.</strong></span> <span class='ocrx_word' id='word_1_642' title='bbox 3734 4162 3875 4246; x_wconf 48' lang='lat' dir='ltr'><strong>Vergit!</strong></span> 
     </span>
    </p>
   </div>
   <div class='ocr_carea' id='block_1_93' title="bbox 2317 4227 3878 4314">
    <p class='ocr_par' dir='ltr' id='par_1_93' title="bbox 2317 4227 3878 4314">
     <span class='ocr_line' id='line_1_96' title="bbox 2317 4227 3878 4314; baseline -0.006 -17"><span class='ocrx_word' id='word_1_643' title='bbox 2317 4227 2470 4297; x_wconf 77' lang='lat' dir='ltr'><strong>hanc</strong></span> <span class='ocrx_word' id='word_1_644' title='bbox 2501 4239 2890 4314; x_wconf 71' lang='lat' dir='ltr'><strong>differentiam</strong></span> <span class='ocrx_word' id='word_1_645' title='bbox 2914 4241 3171 4314; x_wconf 86' lang='lat' dir='ltr'><strong>deletam</strong></span> <span class='ocrx_word' id='word_1_646' title='bbox 3202 4241 3376 4314; x_wconf 85' lang='lat' dir='ltr'><strong>brevi</strong></span> <span class='ocrx_word' id='word_1_647' title='bbox 3409 4240 3598 4314; x_wconf 79' lang='lat' dir='ltr'><strong>fuisse</strong></span> <span class='ocrx_word' id='word_1_648' title='bbox 3638 4235 3761 4314; x_wconf 70' lang='lat' dir='ltr'><strong>idem</strong></span> <span class='ocrx_word' id='word_1_649' title='bbox 3791 4227 3878 4314; x_wconf 49' lang='lat' dir='ltr'><strong>an};</strong></span> 
     </span>
    </p>
   </div>
   <div class='ocr_carea' id='block_1_94' title="bbox 2319 4299 3877 4386">
    <p class='ocr_par' dir='ltr' id='par_1_94' title="bbox 2319 4299 3877 4386">
     <span class='ocr_line' id='line_1_97' title="bbox 2319 4299 3877 4386; baseline -0.01 -19"><span class='ocrx_word' id='word_1_650' title='bbox 2319 4314 2418 4386; x_wconf 82' lang='lat' dir='ltr'><strong>cit,</strong></span> <span class='ocrx_word' id='word_1_651' title='bbox 2454 4312 2802 4384; x_wconf 89' lang='lat' dir='ltr'><strong>cunctisque</strong></span> <span class='ocrx_word' id='word_1_652' title='bbox 2824 4312 3162 4386; x_wconf 72' lang='lat' dir='ltr'><strong>animabus,</strong></span> <span class='ocrx_word' id='word_1_653' title='bbox 3198 4311 3331 4386; x_wconf 76' lang='lat' dir='ltr'><strong>imo</strong></span> <span class='ocrx_word' id='word_1_654' title='bbox 3378 4312 3548 4386; x_wconf 78' lang='lat' dir='ltr'><strong>etiam</strong></span> <span class='ocrx_word' id='word_1_655' title='bbox 3585 4304 3787 4386; x_wconf 74' lang='lat' dir='ltr'><strong>infernis</strong></span> <span class='ocrx_word' id='word_1_656' title='bbox 3807 4299 3877 4386; x_wconf 73' lang='lat' dir='ltr'><strong>diis</strong></span> 
     </span>
    </p>
   </div>
   <div class='ocr_carea' id='block_1_95' title="bbox 2317 4375 3878 4452">
    <p class='ocr_par' dir='ltr' id='par_1_95' title="bbox 2317 4375 3878 4452">
     <span class='ocr_line' id='line_1_98' title="bbox 2317 4375 3878 4452; baseline -0.01 -13"><span class='ocrx_word' id='word_1_657' title='bbox 2317 4375 2430 4439; x_wconf 82' lang='lat' dir='ltr'><strong>hoc</strong></span> <span class='ocrx_word' id='word_1_658' title='bbox 2463 4399 2675 4439; x_wconf 89' lang='lat' dir='ltr'><strong>nomen</strong></span> <span class='ocrx_word' id='word_1_659' title='bbox 2703 4375 3065 4438; x_wconf 75' lang='lat' dir='ltr'><strong>attributum.</strong></span> <span class='ocrx_word' id='word_1_660' title='bbox 3101 4375 3216 4437; x_wconf 62' lang='lat' dir='ltr'><strong>sed</strong></span> <span class='ocrx_word' id='word_1_661' title='bbox 3256 4383 3427 4452; x_wconf 92' lang='lat' dir='ltr'><strong>plura</strong></span> <span class='ocrx_word' id='word_1_662' title='bbox 3471 4382 3540 4435; x_wconf 88' lang='lat' dir='ltr'><strong>de</strong></span> <span class='ocrx_word' id='word_1_663' title='bbox 3586 4375 3878 4452; x_wconf 58' lang='lat' dir='ltr'><strong>manibusu-</strong></span> 
     </span>
    </p>
   </div>
   <div class='ocr_carea' id='block_1_96' title="bbox 2316 4448 3880 4527">
    <p class='ocr_par' dir='ltr' id='par_1_96' title="bbox 2316 4448 3880 4527">
     <span class='ocr_line' id='line_1_99' title="bbox 2316 4448 3880 4527; baseline -0.013 -17"><span class='ocrx_word' id='word_1_664' title='bbox 2316 4455 2518 4526; x_wconf 89' lang='lat' dir='ltr'><strong>peries</strong></span> <span class='ocrx_word' id='word_1_665' title='bbox 2548 4455 2700 4525; x_wconf 90' lang='lat' dir='ltr'><strong>apud</strong></span> <span class='ocrx_word' id='word_1_666' title='bbox 2735 4454 3018 4509; x_wconf 90' lang='lat' dir='ltr'><strong>Vossium</strong></span> <span class='ocrx_word' id='word_1_667' title='bbox 3064 4448 3434 4527; x_wconf 56' lang='lat' dir='ltr'><strong>in_El;vmol.</strong></span> <span class='ocrx_word' id='word_1_668' title='bbox 3469 4452 3538 4507; x_wconf 88' lang='lat' dir='ltr'><strong>ad</strong></span> <span class='ocrx_word' id='word_1_669' title='bbox 3586 4448 3804 4527; x_wconf 53' lang='lat' dir='ltr'><strong>eamdem</strong></span> <span class='ocrx_word' id='word_1_670' title='bbox 3819 4454 3880 4527; x_wconf 57' lang='lat' dir='ltr'><strong>vo:</strong></span> 
     </span>
    </p>
   </div>
   <div class='ocr_carea' id='block_1_97' title="bbox 526 4514 3879 4609">
    <p class='ocr_par' dir='ltr' id='par_1_97' title="bbox 526 4514 3879 4609">
     <span class='ocr_line' id='line_1_100' title="bbox 526 4514 3879 4609; baseline -0.001 -29"><span class='ocrx_word' id='word_1_671' title='bbox 526 4514 715 4609; x_wconf 54' lang='lat' dir='ltr'><strong>tibus:</strong></span> <span class='ocrx_word' id='word_1_672' title='bbox 755 4545 777 4576; x_wconf 76' lang='grc' dir='ltr'><strong>ι</strong></span> <span class='ocrx_word' id='word_1_673' title='bbox 817 4526 988 4580; x_wconf 85' lang='lat' dir='ltr'><strong>Rom.</strong></span> <span class='ocrx_word' id='word_1_674' title='bbox 1022 4524 1161 4580; x_wconf 92' lang='lat' dir='ltr'><strong>edit.</strong></span> <span class='ocrx_word' id='word_1_675' title='bbox 1193 4528 1249 4580; x_wconf 90' lang='lat' dir='ltr'><strong>et</strong></span> <span class='ocrx_word' id='word_1_676' title='bbox 1280 4524 1490 4597; x_wconf 91' lang='lat' dir='ltr'><strong>reliqui</strong></span> <span class='ocrx_word' id='word_1_677' title='bbox 1521 4514 1692 4594; x_wconf 65' lang='lat' dir='ltr'><strong>mss,</strong></span> <span class='ocrx_word' id='word_1_678' title='bbox 1729 4514 1775 4573; x_wconf 74' lang='grc' dir='ltr'>ἰ</span> <span class='ocrx_word' id='word_1_679' title='bbox 1808 4525 1904 4581; x_wconf 91' lang='lat' dir='ltr'><strong>his</strong></span> <span class='ocrx_word' id='word_1_680' title='bbox 1944 4514 2197 4598; x_wconf 65' lang='lat' dir='ltr'><strong>surgen-</strong></span> <span class='ocrx_word' id='word_1_681' title='bbox 2233 4542 2287 4606; x_wconf 83' lang='lat' dir='ltr'>D</span> <span class='ocrx_word' id='word_1_682' title='bbox 2318 4514 2815 4609; x_wconf 43' lang='lat' dir='ltr'><strong>cem._.Pr&#39;mterea</strong></span> <span class='ocrx_word' id='word_1_683' title='bbox 2865 4530 3059 4609; x_wconf 79' lang='lat' dir='ltr'><strong>tamen</strong></span> <span class='ocrx_word' id='word_1_684' title='bbox 3105 4514 3380 4609; x_wconf 74' lang='lat' dir='ltr'><strong>Nannius</strong></span> <span class='ocrx_word' id='word_1_685' title='bbox 3421 4527 3623 4609; x_wconf 85' lang='lat' dir='ltr'><strong>monet</strong></span> 
     </span>
    </p>
   </div>
   <div class='ocr_carea' id='block_1_98' title="bbox 535 4596 780 4652">
    <p class='ocr_par' dir='ltr' id='par_1_98' title="bbox 535 4596 780 4652">
     <span class='ocr_line' id='line_1_101' title="bbox 535 4596 780 4652; baseline -0.02 -2"><span class='ocrx_word' id='word_1_686' title='bbox 535 4596 780 4652; x_wconf 70' lang='lat' dir='ltr'><strong>ﬁbus..</strong></span> 
     </span>
    </p>
   </div>
   <div class='ocr_carea' id='block_1_99' title="bbox 607 4666 2197 4749">
    <p class='ocr_par' dir='ltr' id='par_1_99' title="bbox 607 4666 2197 4749">
     <span class='ocr_line' id='line_1_102' title="bbox 607 4666 2197 4749; baseline 0.001 -28"><span class='ocrx_word' id='word_1_687' title='bbox 607 4667 720 4749; x_wconf 45' lang='lat'><strong>(58)</strong></span> <span class='ocrx_word' id='word_1_688' title='bbox 741 4667 911 4749; x_wconf 63' lang='lat' dir='ltr'><strong>idem</strong></span> <span class='ocrx_word' id='word_1_689' title='bbox 941 4682 1164 4749; x_wconf 82' lang='lat' dir='ltr'><strong>sensus</strong></span> <span class='ocrx_word' id='word_1_690' title='bbox 1196 4666 1304 4749; x_wconf 74' lang='lat' dir='ltr'><strong>fuit</strong></span> <span class='ocrx_word' id='word_1_691' title='bbox 1334 4667 1514 4723; x_wconf 91' lang='lat' dir='ltr'><strong>totius</strong></span> <span class='ocrx_word' id='word_1_692' title='bbox 1542 4666 1896 4749; x_wconf 70' lang='lat' dir='ltr'><strong>Christianae</strong></span> <span class='ocrx_word' id='word_1_693' title='bbox 1947 4667 2197 4749; x_wconf 81' lang='lat' dir='ltr'><strong>antiqui-</strong></span> 
     </span>
    </p>
   </div>
   <div class='ocr_carea' id='block_1_100' title="bbox 535 4738 2195 4822">
    <p class='ocr_par' dir='ltr' id='par_1_100' title="bbox 535 4738 2195 4822">
     <span class='ocr_line' id='line_1_103' title="bbox 535 4738 2195 4822; baseline 0.001 -30"><span class='ocrx_word' id='word_1_694' title='bbox 535 4738 671 4822; x_wconf 63' lang='lat' dir='ltr'><strong>tatis</strong></span> <span class='ocrx_word' id='word_1_695' title='bbox 703 4740 860 4822; x_wconf 75' lang='lat' dir='ltr'><strong>circa</strong></span> <span class='ocrx_word' id='word_1_696' title='bbox 891 4741 1179 4822; x_wconf 71' lang='lat' dir='ltr'><strong>martyres</strong></span> <span class='ocrx_word' id='word_1_697' title='bbox 1210 4738 1338 4821; x_wconf 79' lang='lat' dir='ltr'><strong>solo</strong></span> <span class='ocrx_word' id='word_1_698' title='bbox 1371 4754 1482 4822; x_wconf 74' lang='lat' dir='ltr'><strong>suo</strong></span> <span class='ocrx_word' id='word_1_699' title='bbox 1514 4739 1806 4822; x_wconf 77' lang='lat' dir='ltr'><strong>sanguine</strong></span> <span class='ocrx_word' id='word_1_700' title='bbox 1845 4738 2195 4822; x_wconf 59' lang='lat' dir='ltr'><strong>baptiaatos.</strong></span> 
     </span>
    </p>
   </div>
   <div class='ocr_carea' id='block_1_101' title="bbox 535 4806 2201 4882">
    <p class='ocr_par' dir='ltr' id='par_1_101' title="bbox 535 4806 2201 4882">
     <span class='ocr_line' id='line_1_104' title="bbox 535 4806 2201 4882; baseline 0.002 -21"><span class='ocrx_word' id='word_1_701' title='bbox 535 4806 607 4882; x_wconf 73' lang='lat' dir='ltr'><strong>Et</strong></span> <span class='ocrx_word' id='word_1_702' title='bbox 652 4812 816 4882; x_wconf 83' lang='lat' dir='ltr'><strong>certe</strong></span> <span class='ocrx_word' id='word_1_703' title='bbox 855 4826 926 4864; x_wconf 90' lang='lat' dir='ltr'><strong>ne</strong></span> <span class='ocrx_word' id='word_1_704' title='bbox 958 4806 1320 4882; x_wconf 83' lang='lat' dir='ltr'><strong>Ambrosius</strong></span> <span class='ocrx_word' id='word_1_705' title='bbox 1353 4806 1747 4882; x_wconf 68' lang='lat' dir='ltr'><strong>videaturbic</strong></span> <span class='ocrx_word' id='word_1_706' title='bbox 1779 4806 1943 4882; x_wconf 82' lang='lat' dir='ltr'><strong>loqui</strong></span> <span class='ocrx_word' id='word_1_707' title='bbox 1968 4810 2041 4864; x_wconf 89' lang='lat' dir='ltr'><strong>ad</strong></span> <span class='ocrx_word' id='word_1_708' title='bbox 2073 4825 2201 4882; x_wconf 89' lang='lat' dir='ltr'><strong>gra-</strong></span> 
     </span>
    </p>
   </div>
   <div class='ocr_carea' id='block_1_102' title="bbox 534 4879 2197 4953">
    <p class='ocr_par' dir='ltr' id='par_1_102' title="bbox 534 4879 2197 4953">
     <span class='ocr_line' id='line_1_105' title="bbox 534 4879 2197 4953; baseline 0.004 -22"><span class='ocrx_word' id='word_1_709' title='bbox 534 4879 693 4953; x_wconf 62' lang='lat' dir='ltr'><strong>tiam,</strong></span> <span class='ocrx_word' id='word_1_710' title='bbox 726 4880 861 4953; x_wconf 80' lang='lat' dir='ltr'><strong>vide</strong></span> <span class='ocrx_word' id='word_1_711' title='bbox 888 4896 1025 4953; x_wconf 83' lang='lat' dir='ltr'><strong>quae</strong></span> <span class='ocrx_word' id='word_1_712' title='bbox 1050 4881 1431 4953; x_wconf 81' lang='lat' dir='ltr'><strong>traditserm.</strong></span> <span class='ocrx_word' id='word_1_713' title='bbox 1464 4880 1498 4935; x_wconf 83' lang='lat'><strong>3</strong></span> <span class='ocrx_word' id='word_1_714' title='bbox 1530 4882 1586 4935; x_wconf 92' lang='lat' dir='ltr'><strong>in</strong></span> <span class='ocrx_word' id='word_1_715' title='bbox 1618 4882 1771 4953; x_wconf 85' lang='lat' dir='ltr'><strong>psal.</strong></span> <span class='ocrx_word' id='word_1_716' title='bbox 1805 4879 2004 4950; x_wconf 73' lang='lat' dir='ltr'><strong>civm,</strong></span> <span class='ocrx_word' id='word_1_717' title='bbox 2036 4879 2197 4938; x_wconf 83' lang='lat' dir='ltr'><strong>num.</strong></span> 
     </span>
    </p>
   </div>
   <div class='ocr_carea' id='block_1_103' title="bbox 537 4921 2197 5025">
    <p class='ocr_par' dir='ltr' id='par_1_103' title="bbox 537 4921 2197 5025">
     <span class='ocr_line' id='line_1_106' title="bbox 537 4921 2197 5025; baseline 0.002 -21"><span class='ocrx_word' id='word_1_718' title='bbox 537 4921 876 5025; x_wconf 39' lang='lat' dir='ltr'><strong>{terra</strong></span> <span class='ocrx_word' id='word_1_719' title='bbox 889 4921 1771 5025; x_wconf 54' lang='grc' dir='ltr'><strong>ἓῖἕξίῦὲῖἓίπῐῖέἔ-ἱίἰὶιξςιιὶᾞέῖίῖἶ</strong></span> <span class='ocrx_word' id='word_1_720' title='bbox 1787 4921 2197 5025; x_wconf 59' lang='grc' dir='ltr'><strong>ῦέ-ῐὲὲιῖέιὲἱῖζ</strong></span> 
     </span>
    </p>
   </div>
   <div class='ocr_carea' id='block_1_104' title="bbox 538 5019 2197 5094">
    <p class='ocr_par' dir='ltr' id='par_1_104' title="bbox 538 5019 2197 5094">
     <span class='ocr_line' id='line_1_107' title="bbox 538 5019 2197 5094; baseline 0.001 -19"><span class='ocrx_word' id='word_1_721' title='bbox 538 5036 667 5094; x_wconf 85' lang='lat' dir='ltr'><strong>cap.</strong></span> <span class='ocrx_word' id='word_1_722' title='bbox 701 5019 806 5091; x_wconf 76' lang='lat'><strong>16;</strong></span> <span class='ocrx_word' id='word_1_723' title='bbox 837 5019 1186 5094; x_wconf 67' lang='lat' dir='ltr'><strong>Cyprianus,</strong></span> <span class='ocrx_word' id='word_1_724' title='bbox 1221 5025 1393 5093; x_wconf 88' lang='lat' dir='ltr'><strong>epist.</strong></span> <span class='ocrx_word' id='word_1_725' title='bbox 1425 5023 1495 5078; x_wconf 83' lang='lat'><strong>73</strong></span> <span class='ocrx_word' id='word_1_726' title='bbox 1541 5025 1618 5079; x_wconf 85' lang='lat' dir='ltr'><strong>ad</strong></span> <span class='ocrx_word' id='word_1_727' title='bbox 1655 5024 1925 5079; x_wconf 80' lang='lat' dir='ltr'><strong>Jubaian.</strong></span> <span class='ocrx_word' id='word_1_728' title='bbox 1967 5019 2035 5078; x_wconf 62' lang='lat' dir='ltr'><strong>&#39;et</strong></span> <span class='ocrx_word' id='word_1_729' title='bbox 2077 5019 2197 5093; x_wconf 78' lang='lat' dir='ltr'><strong>alii,</strong></span> 
     </span>
    </p>
   </div>
   <div class='ocr_carea' id='block_1_105' title="bbox 536 5092 2201 5219">
    <p class='ocr_par' dir='ltr' id='par_1_105' title="bbox 536 5092 2201 5219">
     <span class='ocr_line' id='line_1_108' title="bbox 536 5092 2201 5219; baseline 0.002 -72"><span class='ocrx_word' id='word_1_730' title='bbox 536 5092 982 5219; x_wconf 46' lang='lat' dir='ltr'><strong>sicutreosdtem</strong></span> <span class='ocrx_word' id='word_1_731' title='bbox 1030 5092 1405 5168; x_wconf 88' lang='lat' dir='ltr'><strong>Augustinus</strong></span> <span class='ocrx_word' id='word_1_732' title='bbox 1453 5095 1939 5168; x_wconf 88' lang='lat' dir='ltr'><strong>posterioresque</strong></span> <span class='ocrx_word' id='word_1_733' title='bbox 1978 5095 2037 5149; x_wconf 90' lang='lat' dir='ltr'><strong>in</strong></span> <span class='ocrx_word' id='word_1_734' title='bbox 2088 5094 2201 5150; x_wconf 90' lang='lat' dir='ltr'><strong>hoc</strong></span> 
     </span>
     <span class='ocr_line' id='line_1_109' title="bbox 542 5178 921 5219; baseline -0.003 0"><span class='ocrx_word' id='word_1_735' title='bbox 542 5178 688 5219; x_wconf 91' lang='lat' dir='ltr'><strong>secu</strong></span> <span class='ocrx_word' id='word_1_736' title='bbox 716 5182 732 5218; x_wconf 89' lang='grc' dir='ltr'><strong><em>ι</em></strong></span> <span class='ocrx_word' id='word_1_737' title='bbox 764 5178 879 5218; x_wconf 90' lang='lat' dir='ltr'><strong>sun</strong></span> <span class='ocrx_word' id='word_1_738' title='bbox 909 5205 921 5218; x_wconf 92' lang='lat'><strong>.</strong></span> 
     </span>
    </p>
   </div>
   <div class='ocr_carea' id='block_1_106' title="bbox 542 5178 921 5220">
    <p class='ocr_par' dir='ltr' id='par_1_106' title="bbox 542 5178 921 5220">
     <span class='ocr_line' id='line_1_110' title="bbox 542 5178 921 5220; baseline -0.003 -1"><span class='ocrx_word' id='word_1_739' title='bbox 542 5178 732 5220; x_wconf 80' lang='lat' dir='ltr'><strong>secuti</strong></span> <span class='ocrx_word' id='word_1_740' title='bbox 764 5178 921 5219; x_wconf 83' lang='lat' dir='ltr'><strong>sunt.</strong></span> 
     </span>
    </p>
   </div>
   <div class='ocr_carea' id='block_1_107' title="bbox 608 5235 2197 5308">
    <p class='ocr_par' dir='ltr' id='par_1_107' title="bbox 608 5235 2197 5308">
     <span class='ocr_line' id='line_1_111' title="bbox 608 5235 2197 5308; baseline 0.001 -18"><span class='ocrx_word' id='word_1_741' title='bbox 608 5235 720 5308; x_wconf 82' lang='lat'><strong>(59)</strong></span> <span class='ocrx_word' id='word_1_742' title='bbox 770 5235 1056 5308; x_wconf 85' lang='lat' dir='ltr'><strong>Legimus</strong></span> <span class='ocrx_word' id='word_1_743' title='bbox 1106 5237 1260 5307; x_wconf 85' lang='lat' dir='ltr'><strong>apud</strong></span> <span class='ocrx_word' id='word_1_744' title='bbox 1289 5237 1593 5294; x_wconf 86' lang='lat' dir='ltr'><strong>Socratem</strong></span> <span class='ocrx_word' id='word_1_745' title='bbox 1622 5237 1724 5293; x_wconf 92' lang='lat' dir='ltr'><strong>lib.</strong></span> <span class='ocrx_word' id='word_1_746' title='bbox 1761 5236 2035 5293; x_wconf 72' lang='grc' dir='ltr'><strong>ιΗίειον.</strong></span> <span class='ocrx_word' id='word_1_747' title='bbox 2070 5251 2197 5308; x_wconf 86' lang='lat' dir='ltr'><strong>cap.</strong></span> 
     </span>
    </p>
   </div>
   <div class='ocr_carea' id='block_1_108' title="bbox 536 5306 2201 5382">
    <p class='ocr_par' dir='ltr' id='par_1_108' title="bbox 536 5306 2201 5382">
     <span class='ocr_line' id='line_1_112' title="bbox 536 5306 2201 5382; baseline 0.002 -21"><span class='ocrx_word' id='word_1_748' title='bbox 536 5306 571 5382; x_wconf 17' lang='lat' dir='ltr'><strong>to</strong></span> <span class='ocrx_word' id='word_1_749' title='bbox 614 5306 1085 5382; x_wconf 79' lang='lat' dir='ltr'><strong>Valentinianum</strong></span> <span class='ocrx_word' id='word_1_750' title='bbox 1132 5306 1319 5382; x_wconf 81' lang='lat' dir='ltr'><strong>nostri</strong></span> <span class='ocrx_word' id='word_1_751' title='bbox 1364 5312 1708 5382; x_wconf 87' lang='lat' dir='ltr'><strong>parentem,</strong></span> <span class='ocrx_word' id='word_1_752' title='bbox 1757 5324 1899 5382; x_wconf 12' lang='lat' dir='ltr'><strong>cum,</strong></span> <span class='ocrx_word' id='word_1_753' title='bbox 1926 5308 2048 5382; x_wconf 81' lang='lat' dir='ltr'><strong>sub</strong></span> <span class='ocrx_word' id='word_1_754' title='bbox 2100 5306 2201 5364; x_wconf 80' lang='lat' dir='ltr'><strong>Ju-</strong></span> 
     </span>
    </p>
   </div>
   <div class='ocr_carea' id='block_1_109' title="bbox 531 5378 2197 5451">
    <p class='ocr_par' dir='ltr' id='par_1_109' title="bbox 531 5378 2197 5451">
     <span class='ocr_line' id='line_1_113' title="bbox 531 5378 2197 5451; baseline 0.001 -19"><span class='ocrx_word' id='word_1_755' title='bbox 531 5378 690 5451; x_wconf 82' lang='lat' dir='ltr'><strong>liano</strong></span> <span class='ocrx_word' id='word_1_756' title='bbox 731 5378 1035 5451; x_wconf 86' lang='lat' dir='ltr'><strong>desertore</strong></span> <span class='ocrx_word' id='word_1_757' title='bbox 1080 5378 1582 5451; x_wconf 43' lang='lat' dir='ltr'><strong>tribunus—esset,</strong></span> <span class='ocrx_word' id='word_1_758' title='bbox 1614 5380 1856 5451; x_wconf 84' lang='lat' dir='ltr'><strong>jussum</strong></span> <span class='ocrx_word' id='word_1_759' title='bbox 1888 5380 2062 5435; x_wconf 90' lang='lat' dir='ltr'><strong>idolis</strong></span> <span class='ocrx_word' id='word_1_760' title='bbox 2094 5396 2197 5434; x_wconf 84' lang='lat' dir='ltr'><strong>sa-</strong></span> 
     </span>
    </p>
   </div>
   <div class='ocr_carea' id='block_1_110' title="bbox 536 5449 2199 5524">
    <p class='ocr_par' dir='ltr' id='par_1_110' title="bbox 536 5449 2199 5524">
     <span class='ocr_line' id='line_1_114' title="bbox 536 5449 2199 5524; baseline 0.001 -19"><span class='ocrx_word' id='word_1_761' title='bbox 536 5450 1164 5524; x_wconf 30' lang='lat' dir='ltr'><strong>crificaretcingulum</strong></span> <span class='ocrx_word' id='word_1_762' title='bbox 1197 5452 1447 5524; x_wconf 85' lang='lat' dir='ltr'><strong>militare</strong></span> <span class='ocrx_word' id='word_1_763' title='bbox 1477 5449 1796 5524; x_wconf 80' lang='lat' dir='ltr'><strong>abjecisse,</strong></span> <span class='ocrx_word' id='word_1_764' title='bbox 1818 5466 1904 5524; x_wconf 17' lang='lat' dir='ltr'><strong>one</strong></span> <span class='ocrx_word' id='word_1_765' title='bbox 1953 5451 2199 5524; x_wconf 91' lang='lat' dir='ltr'><strong>religio-</strong></span> 
     </span>
    </p>
   </div>
   <div class='ocr_carea' id='block_1_111' title="bbox 533 5520 2197 5594">
    <p class='ocr_par' dir='ltr' id='par_1_111' title="bbox 533 5520 2197 5594">
     <span class='ocr_line' id='line_1_115' title="bbox 533 5520 2197 5594; baseline 0.002 -19"><span class='ocrx_word' id='word_1_766' title='bbox 533 5537 668 5594; x_wconf 74' lang='lat' dir='ltr'><strong>nem</strong></span> <span class='ocrx_word' id='word_1_767' title='bbox 717 5520 939 5576; x_wconf 88' lang='lat' dir='ltr'><strong>Christi</strong></span> <span class='ocrx_word' id='word_1_768' title='bbox 969 5520 1309 5594; x_wconf 53' lang='lat' dir='ltr'><strong>&#39;abjuraret.</strong></span> <span class='ocrx_word' id='word_1_769' title='bbox 1361 5520 1579 5594; x_wconf 84' lang='lat' dir='ltr'><strong>Scribit</strong></span> <span class='ocrx_word' id='word_1_770' title='bbox 1626 5538 1769 5594; x_wconf 90' lang='lat' dir='ltr'><strong>vero</strong></span> <span class='ocrx_word' id='word_1_771' title='bbox 1809 5520 2197 5579; x_wconf 76' lang='lat' dir='ltr'><strong>Sozomcnus.</strong></span> 
     </span>
    </p>
   </div>
   <div class='ocr_carea' id='block_1_112' title="bbox 533 5591 2199 5664">
    <p class='ocr_par' dir='ltr' id='par_1_112' title="bbox 533 5591 2199 5664">
     <span class='ocr_line' id='line_1_116' title="bbox 533 5591 2199 5664; baseline 0.002 -18"><span class='ocrx_word' id='word_1_772' title='bbox 533 5591 636 5646; x_wconf 91' lang='lat' dir='ltr'><strong>lib.</strong></span> <span class='ocrx_word' id='word_1_773' title='bbox 683 5609 763 5661; x_wconf 75' lang='lat' dir='ltr'><strong>v1,</strong></span> <span class='ocrx_word' id='word_1_774' title='bbox 817 5608 943 5664; x_wconf 88' lang='lat' dir='ltr'><strong>cap.</strong></span> <span class='ocrx_word' id='word_1_775' title='bbox 995 5591 1078 5659; x_wconf 46' lang='grc' dir='ltr'><strong>ϐξ</strong></span> <span class='ocrx_word' id='word_1_776' title='bbox 1101 5594 1373 5649; x_wconf 89' lang='lat' dir='ltr'><strong>eumdem</strong></span> <span class='ocrx_word' id='word_1_777' title='bbox 1403 5593 1892 5664; x_wconf 84' lang='lat' dir='ltr'><strong>Valentinianum,</strong></span> <span class='ocrx_word' id='word_1_778' title='bbox 1930 5610 2063 5649; x_wconf 88' lang='lat' dir='ltr'><strong>cum</strong></span> <span class='ocrx_word' id='word_1_779' title='bbox 2094 5595 2199 5648; x_wconf 91' lang='lat' dir='ltr'><strong>im-</strong></span> 
     </span>
    </p>
   </div>
   <div class='ocr_carea' id='block_1_113' title="bbox 533 5663 2201 5736">
    <p class='ocr_par' dir='ltr' id='par_1_113' title="bbox 533 5663 2201 5736">
     <span class='ocr_line' id='line_1_117' title="bbox 533 5663 2201 5736; baseline 0.002 -19"><span class='ocrx_word' id='word_1_780' title='bbox 533 5663 970 5736; x_wconf 32' lang='lat' dir='ltr'><strong>peratorem’in</strong></span> <span class='ocrx_word' id='word_1_781' title='bbox 1018 5664 1219 5736; x_wconf 85' lang='lat' dir='ltr'><strong>fanum</strong></span> <span class='ocrx_word' id='word_1_782' title='bbox 1262 5664 1556 5736; x_wconf 88' lang='lat' dir='ltr'><strong>quoddam</strong></span> <span class='ocrx_word' id='word_1_783' title='bbox 1605 5663 2039 5736; x_wconf 76' lang='lat' dir='ltr'><strong>ingredientem</strong></span> <span class='ocrx_word' id='word_1_784' title='bbox 2096 5682 2201 5720; x_wconf 87' lang='lat' dir='ltr'><strong>co-</strong></span> 
     </span>
    </p>
   </div>
   <div class='ocr_carea' id='block_1_114' title="bbox 535 5734 2195 5808">
    <p class='ocr_par' dir='ltr' id='par_1_114' title="bbox 535 5734 2195 5808">
     <span class='ocr_line' id='line_1_118' title="bbox 535 5734 2195 5808; baseline 0.004 -23"><span class='ocrx_word' id='word_1_785' title='bbox 535 5734 798 5808; x_wconf 70' lang='lat' dir='ltr'><strong>mitatus,</strong></span> <span class='ocrx_word' id='word_1_786' title='bbox 829 5749 863 5808; x_wconf 56' lang='grc' dir='ltr'>ξ</span> <span class='ocrx_word' id='word_1_787' title='bbox 894 5735 1203 5808; x_wconf 88' lang='lat' dir='ltr'><strong>sacerdote</strong></span> <span class='ocrx_word' id='word_1_788' title='bbox 1232 5734 1385 5808; x_wconf 81' lang='lat' dir='ltr'><strong>aqua</strong></span> <span class='ocrx_word' id='word_1_789' title='bbox 1414 5734 1643 5808; x_wconf 87' lang='lat' dir='ltr'><strong>lustrali</strong></span> <span class='ocrx_word' id='word_1_790' title='bbox 1657 5734 1961 5808; x_wconf 73' lang='lat' dir='ltr'><strong>aspersus</strong></span> <span class='ocrx_word' id='word_1_791' title='bbox 2012 5741 2195 5808; x_wconf 88' lang='lat' dir='ltr'><strong>esset,</strong></span> 
     </span>
    </p>
   </div>
   <div class='ocr_carea' id='block_1_115' title="bbox 535 5803 2200 5882">
    <p class='ocr_par' dir='ltr' id='par_1_115' title="bbox 535 5803 2200 5882">
     <span class='ocr_line' id='line_1_119' title="bbox 535 5803 2200 5882; baseline 0.004 -23"><span class='ocrx_word' id='word_1_792' title='bbox 535 5803 773 5871; x_wconf 76' lang='lat' dir='ltr'><strong>vidente</strong></span> <span class='ocrx_word' id='word_1_793' title='bbox 821 5803 1081 5880; x_wconf 77' lang='lat' dir='ltr'><strong>Caesare,</strong></span> <span class='ocrx_word' id='word_1_794' title='bbox 1126 5803 1367 5866; x_wconf 71' lang='lat' dir='ltr'><strong>tinctam</strong></span> <span class='ocrx_word' id='word_1_795' title='bbox 1413 5807 1572 5866; x_wconf 90' lang='lat' dir='ltr'><strong>illam</strong></span> <span class='ocrx_word' id='word_1_796' title='bbox 1620 5803 1931 5864; x_wconf 62' lang='lat' dir='ltr'><strong>chla&#39;midis</strong></span> <span class='ocrx_word' id='word_1_797' title='bbox 1974 5803 2200 5882; x_wconf 85' lang='lat' dir='ltr'><strong>partem</strong></span> 
     </span>
    </p>
   </div>
   <div class='ocr_carea' id='block_1_116' title="bbox 2321 4584 3876 4658">
    <p class='ocr_par' dir='ltr' id='par_1_116' title="bbox 2321 4584 3876 4658">
     <span class='ocr_line' id='line_1_120' title="bbox 2321 4584 3876 4658; baseline -0.003 -6"><span class='ocrx_word' id='word_1_798' title='bbox 2321 4598 2703 4652; x_wconf 90' lang='lat' dir='ltr'><strong>imitationem</strong></span> <span class='ocrx_word' id='word_1_799' title='bbox 2761 4613 2901 4653; x_wconf 87' lang='lat' dir='ltr'><strong>esse</strong></span> <span class='ocrx_word' id='word_1_800' title='bbox 2960 4597 3173 4651; x_wconf 87' lang='lat' dir='ltr'><strong>borum</strong></span> <span class='ocrx_word' id='word_1_801' title='bbox 3229 4597 3550 4651; x_wconf 89' lang='lat' dir='ltr'><strong>verborum</strong></span> <span class='ocrx_word' id='word_1_802' title='bbox 3602 4608 3631 4648; x_wconf 89' lang='lat' dir='ltr'><strong>e</strong></span> <span class='ocrx_word' id='word_1_803' title='bbox 3671 4584 3876 4658; x_wconf 60' lang='grc' dir='ltr'><strong>Ἠτείὶὶοῖ</strong></span> 
     </span>
    </p>
   </div>
   <div class='ocr_carea' id='block_1_117' title="bbox 2326 4665 3879 4741">
    <p class='ocr_par' dir='ltr' id='par_1_117' title="bbox 2326 4665 3879 4741">
     <span class='ocr_line' id='line_1_121' title="bbox 2326 4665 3879 4741; baseline -0.003 -19"><span class='ocrx_word' id='word_1_804' title='bbox 2326 4691 2347 4718; x_wconf 75' lang='grc' dir='ltr'>ι</span> <span class='ocrx_word' id='word_1_805' title='bbox 2386 4668 2660 4723; x_wconf 87' lang='lat' dir='ltr'><strong>Manibus</strong></span> <span class='ocrx_word' id='word_1_806' title='bbox 2688 4668 2824 4741; x_wconf 84' lang='lat' dir='ltr'><strong>date</strong></span> <span class='ocrx_word' id='word_1_807' title='bbox 2855 4668 2977 4723; x_wconf 91' lang='lat' dir='ltr'><strong>lilia</strong></span> <span class='ocrx_word' id='word_1_808' title='bbox 3008 4668 3203 4738; x_wconf 87' lang='lat' dir='ltr'><strong>plenis</strong></span> <span class='ocrx_word' id='word_1_809' title='bbox 3230 4686 3306 4741; x_wconf 37' lang='lat' dir='ltr'><strong>is</strong></span> <span class='ocrx_word' id='word_1_810' title='bbox 3340 4668 3456 4741; x_wconf 84' lang='lat' dir='ltr'><strong>hoc</strong></span> <span class='ocrx_word' id='word_1_811' title='bbox 3484 4669 3591 4731; x_wconf 88' lang='lat' dir='ltr'><strong>est,</strong></span> <span class='ocrx_word' id='word_1_812' title='bbox 3622 4676 3764 4741; x_wconf 66' lang='lat' dir='ltr'><strong>nona</strong></span> <span class='ocrx_word' id='word_1_813' title='bbox 3790 4665 3879 4741; x_wconf 48' lang='grc' dir='ltr'><strong>τρῖς</strong></span> 
     </span>
    </p>
   </div>
   <div class='ocr_carea' id='block_1_118' title="bbox 2320 4724 3879 4808">
    <p class='ocr_par' dir='ltr' id='par_1_118' title="bbox 2320 4724 3879 4808">
     <span class='ocr_line' id='line_1_122' title="bbox 2320 4724 3879 4808; baseline -0.008 -14"><span class='ocrx_word' id='word_1_814' title='bbox 2320 4755 2546 4808; x_wconf 83' lang='lat' dir='ltr'><strong>manes,</strong></span> <span class='ocrx_word' id='word_1_815' title='bbox 2599 4740 2707 4794; x_wconf 85' lang='lat' dir='ltr'><strong>sed</strong></span> <span class='ocrx_word' id='word_1_816' title='bbox 2736 4755 2768 4794; x_wconf 92' lang='lat' dir='ltr'><strong>a</strong></span> <span class='ocrx_word' id='word_1_817' title='bbox 2800 4755 2947 4795; x_wconf 88' lang='lat' dir='ltr'><strong>voce</strong></span> <span class='ocrx_word' id='word_1_818' title='bbox 2983 4724 3190 4794; x_wconf 66' lang='lat' dir='ltr'><strong>manus</strong></span> <span class='ocrx_word' id='word_1_819' title='bbox 3217 4724 3538 4794; x_wconf 79' lang='lat' dir='ltr'><strong>dictionem</strong></span> <span class='ocrx_word' id='word_1_820' title='bbox 3564 4724 3801 4793; x_wconf 69' lang='lat' dir='ltr'><strong>manibus,</strong></span> <span class='ocrx_word' id='word_1_821' title='bbox 3821 4724 3879 4777; x_wconf 68' lang='lat' dir='ltr'><strong>hic</strong></span> 
     </span>
    </p>
   </div>
   <div class='ocr_carea' id='block_1_119' title="bbox 2321 4810 3696 4886">
    <p class='ocr_par' dir='ltr' id='par_1_119' title="bbox 2321 4810 3696 4886">
     <span class='ocr_line' id='line_1_123' title="bbox 2321 4810 3696 4886; baseline 0.001 -21"><span class='ocrx_word' id='word_1_822' title='bbox 2321 4811 2750 4886; x_wconf 77' lang='lat' dir='ltr'><strong>ductam_e_sse.</strong></span> <span class='ocrx_word' id='word_1_823' title='bbox 2785 4811 2868 4865; x_wconf 91' lang='lat' dir='ltr'><strong>De</strong></span> <span class='ocrx_word' id='word_1_824' title='bbox 2899 4825 3016 4886; x_wconf 82' lang='lat' dir='ltr'><strong>quo</strong></span> <span class='ocrx_word' id='word_1_825' title='bbox 3043 4824 3157 4886; x_wconf 68' lang='lat' dir='ltr'><strong>nos</strong></span> <span class='ocrx_word' id='word_1_826' title='bbox 3188 4810 3363 4866; x_wconf 87' lang='lat' dir='ltr'><strong>infra.</strong></span> <span class='ocrx_word' id='word_1_827' title='bbox 3461 4881 3472 4886; x_wconf 90' lang='lat'><em>_</em></span> <span class='ocrx_word' id='word_1_828' title='bbox 3685 4875 3696 4886; x_wconf 41' lang='lat'><strong><em>.</em></strong></span> 
     </span>
    </p>
   </div>
   <div class='ocr_carea' id='block_1_120' title="bbox 2392 4879 3880 4951">
    <p class='ocr_par' dir='ltr' id='par_1_120' title="bbox 2392 4879 3880 4951">
     <span class='ocr_line' id='line_1_124' title="bbox 2392 4879 3880 4951; baseline -0.006 -15"><span class='ocrx_word' id='word_1_829' title='bbox 2392 4880 2506 4951; x_wconf 86' lang='lat' dir='ltr'><strong>(6t)</strong></span> <span class='ocrx_word' id='word_1_830' title='bbox 2538 4882 2690 4937; x_wconf 88' lang='lat' dir='ltr'><strong>Edit.</strong></span> <span class='ocrx_word' id='word_1_831' title='bbox 2726 4879 2964 4937; x_wconf 82' lang='lat' dir='ltr'><strong>Amerb.</strong></span> <span class='ocrx_word' id='word_1_832' title='bbox 3000 4885 3057 4936; x_wconf 92' lang='lat' dir='ltr'><strong>et</strong></span> <span class='ocrx_word' id='word_1_833' title='bbox 3084 4881 3279 4948; x_wconf 88' lang='lat' dir='ltr'><strong>Eras.,</strong></span> <span class='ocrx_word' id='word_1_834' title='bbox 3321 4904 3343 4928; x_wconf 76' lang='grc' dir='ltr'>ιι</span> <span class='ocrx_word' id='word_1_835' title='bbox 3380 4881 3621 4951; x_wconf 83' lang='lat' dir='ltr'><strong>animam</strong></span> <span class='ocrx_word' id='word_1_836' title='bbox 3649 4879 3773 4947; x_wconf 86' lang='lat' dir='ltr'><strong>piam</strong></span> <span class='ocrx_word' id='word_1_837' title='bbox 3804 4879 3880 4951; x_wconf 55' lang='lat' dir='ltr'><strong>tm:</strong></span> 
     </span>
    </p>
   </div>
   <div class='ocr_carea' id='block_1_121' title="bbox 2324 4948 3881 5028">
    <p class='ocr_par' dir='ltr' id='par_1_121' title="bbox 2324 4948 3881 5028">
     <span class='ocr_line' id='line_1_125' title="bbox 2324 4948 3881 5028; baseline -0.003 -22"><span class='ocrx_word' id='word_1_838' title='bbox 2324 4948 2896 5028; x_wconf 37' lang='lat' dir='ltr'><strong>trisoblationibus”;</strong></span> <span class='ocrx_word' id='word_1_839' title='bbox 2934 4976 2955 5001; x_wconf 78' lang='grc' dir='ltr'><strong>ιο</strong></span> <span class='ocrx_word' id='word_1_840' title='bbox 2990 4953 3102 5009; x_wconf 86' lang='lat' dir='ltr'><strong>Gil.</strong></span> <span class='ocrx_word' id='word_1_841' title='bbox 3134 4957 3194 5007; x_wconf 91' lang='lat' dir='ltr'><strong>et</strong></span> <span class='ocrx_word' id='word_1_842' title='bbox 3229 4955 3423 5020; x_wconf 80' lang='lat' dir='ltr'><strong>[lom.,</strong></span> <span class='ocrx_word' id='word_1_843' title='bbox 3477 4972 3499 5001; x_wconf 77' lang='grc' dir='ltr'>ι</span> <span class='ocrx_word' id='word_1_844' title='bbox 3535 4949 3756 5028; x_wconf 70' lang='lat' dir='ltr'><strong>animam</strong></span> 
     </span>
    </p>
   </div>
   <div class='ocr_carea' id='block_1_122' title="bbox 2321 5021 3884 5093">
    <p class='ocr_par' dir='ltr' id='par_1_122' title="bbox 2321 5021 3884 5093">
     <span class='ocr_line' id='line_1_126' title="bbox 2321 5021 3884 5093; baseline -0.008 -14"><span class='ocrx_word' id='word_1_845' title='bbox 2321 5024 2544 5080; x_wconf 88' lang='lat' dir='ltr'><strong>nostris</strong></span> <span class='ocrx_word' id='word_1_846' title='bbox 2575 5025 3015 5093; x_wconf 84' lang='lat' dir='ltr'><strong>oblationibus;</strong></span> <span class='ocrx_word' id='word_1_847' title='bbox 3052 5046 3074 5072; x_wconf 77' lang='grc' dir='ltr'><strong><em>ι</em></strong></span> <span class='ocrx_word' id='word_1_848' title='bbox 3129 5040 3278 5079; x_wconf 89' lang='lat' dir='ltr'><strong>mss.</strong></span> <span class='ocrx_word' id='word_1_849' title='bbox 3340 5039 3508 5088; x_wconf 90' lang='lat' dir='ltr'><strong>vero,</strong></span> <span class='ocrx_word' id='word_1_850' title='bbox 3553 5044 3576 5069; x_wconf 73' lang='grc' dir='ltr'>κ</span> <span class='ocrx_word' id='word_1_851' title='bbox 3605 5021 3809 5093; x_wconf 71' lang='lat' dir='ltr'><strong>animata</strong></span> <span class='ocrx_word' id='word_1_852' title='bbox 3827 5021 3884 5093; x_wconf 53' lang='lat' dir='ltr'><strong>uer</strong></span> 
     </span>
    </p>
   </div>
   <div class='ocr_carea' id='block_1_123' title="bbox 2361 5082 3879 5177">
    <p class='ocr_par' dir='ltr' id='par_1_123' title="bbox 2361 5082 3879 5177">
     <span class='ocr_line' id='line_1_127' title="bbox 2361 5082 3879 5177; baseline -0.005 -26"><span class='ocrx_word' id='word_1_853' title='bbox 2361 5096 2497 5177; x_wconf 68' lang='lat' dir='ltr'><strong>etis,</strong></span> <span class='ocrx_word' id='word_1_854' title='bbox 2537 5120 2558 5145; x_wconf 73' lang='grc' dir='ltr'>η</span> <span class='ocrx_word' id='word_1_855' title='bbox 2614 5100 2726 5151; x_wconf 90' lang='lat' dir='ltr'><strong>etc.</strong></span> <span class='ocrx_word' id='word_1_856' title='bbox 2781 5096 2988 5177; x_wconf 75' lang='lat' dir='ltr'><strong>Neque</strong></span> <span class='ocrx_word' id='word_1_857' title='bbox 3006 5082 3879 5177; x_wconf 41' lang='lat' dir='ltr'><strong>&#39;_dubi_tes_legitimam‘essegff</strong></span> 
     </span>
    </p>
   </div>
   <div class='ocr_carea' id='block_1_124' title="bbox 2342 5156 3883 5241">
    <p class='ocr_par' dir='ltr' id='par_1_124' title="bbox 2342 5156 3883 5241">
     <span class='ocr_line' id='line_1_128' title="bbox 2342 5156 3883 5241; baseline 0.015 -21"><span class='ocrx_word' id='word_1_858' title='bbox 2342 5156 2632 5241; x_wconf 73' lang='lat' dir='ltr'><strong>actionem</strong></span> <span class='ocrx_word' id='word_1_859' title='bbox 2678 5182 2690 5222; x_wconf 77' lang='grc' dir='ltr'>ε</span> <span class='ocrx_word' id='word_1_860' title='bbox 2740 5156 2907 5239; x_wconf 76' lang='grc' dir='ltr'><strong>(ιιιοᾶ</strong></span> <span class='ocrx_word' id='word_1_861' title='bbox 2942 5167 3100 5241; x_wconf 63' lang='lat' dir='ltr'><strong>enim</strong></span> <span class='ocrx_word' id='word_1_862' title='bbox 3147 5167 3220 5241; x_wconf 61' lang='lat' dir='ltr'><strong>d9</strong></span> <span class='ocrx_word' id='word_1_863' title='bbox 3268 5156 3883 5241; x_wconf 44' lang='lat' dir='ltr'><strong>ﬂoribusﬁuitiflniiti.‘</strong></span> 
     </span>
    </p>
   </div>
   <div class='ocr_carea' id='block_1_125' title="bbox 2318 5232 3885 5308">
    <p class='ocr_par' dir='ltr' id='par_1_125' title="bbox 2318 5232 3885 5308">
     <span class='ocr_line' id='line_1_129' title="bbox 2318 5232 3885 5308; baseline -0.004 -17"><span class='ocrx_word' id='word_1_864' title='bbox 2318 5238 2491 5308; x_wconf 89' lang='lat' dir='ltr'><strong>plane</strong></span> <span class='ocrx_word' id='word_1_865' title='bbox 2539 5232 2905 5293; x_wconf 75' lang='lat' dir='ltr'><strong>demonstrat</strong></span> <span class='ocrx_word' id='word_1_866' title='bbox 2946 5238 3325 5293; x_wconf 86' lang='lat' dir='ltr'><strong>Ambrosium</strong></span> <span class='ocrx_word' id='word_1_867' title='bbox 3373 5236 3447 5291; x_wconf 83' lang='lat' dir='ltr'><strong>ad</strong></span> <span class='ocrx_word' id='word_1_868' title='bbox 3498 5232 3709 5303; x_wconf 84' lang='lat' dir='ltr'><strong>Virgilii</strong></span> <span class='ocrx_word' id='word_1_869' title='bbox 3737 5232 3885 5308; x_wconf 42' lang='lat' dir='ltr'><strong>vers?</strong></span> 
     </span>
    </p>
   </div>
   <div class='ocr_carea' id='block_1_126' title="bbox 2318 5297 3885 5380">
    <p class='ocr_par' dir='ltr' id='par_1_126' title="bbox 2318 5297 3885 5380">
     <span class='ocr_line' id='line_1_130' title="bbox 2318 5297 3885 5380; baseline -0.013 -17"><span class='ocrx_word' id='word_1_870' title='bbox 2318 5297 2600 5376; x_wconf 71' lang='lat' dir='ltr'><strong>alludere,</strong></span> <span class='ocrx_word' id='word_1_871' title='bbox 2637 5311 2735 5380; x_wconf 89' lang='lat' dir='ltr'><strong>qui</strong></span> <span class='ocrx_word' id='word_1_872' title='bbox 2767 5309 2868 5364; x_wconf 88' lang='lat' dir='ltr'><strong>lib.</strong></span> <span class='ocrx_word' id='word_1_873' title='bbox 2902 5327 2962 5362; x_wconf 80' lang='grc' dir='ltr'><strong>γι</strong></span> <span class='ocrx_word' id='word_1_874' title='bbox 2994 5309 3239 5364; x_wconf 67' lang='grc' dir='ltr'><em>Αῧηοίᾱ.</em></span> <span class='ocrx_word' id='word_1_875' title='bbox 3276 5309 3514 5380; x_wconf 82' lang='lat' dir='ltr'><strong>citatum</strong></span> <span class='ocrx_word' id='word_1_876' title='bbox 3543 5297 3705 5380; x_wconf 59' lang='lat' dir='ltr'><strong>su&#39;pra</strong></span> <span class='ocrx_word' id='word_1_877' title='bbox 3737 5297 3885 5351; x_wconf 83' lang='lat' dir='ltr'><strong>hemis-</strong></span> 
     </span>
    </p>
   </div>
   <div class='ocr_carea' id='block_1_127' title="bbox 2318 5374 3727 5452">
    <p class='ocr_par' dir='ltr' id='par_1_127' title="bbox 2318 5374 3727 5452">
     <span class='ocr_line' id='line_1_131' title="bbox 2318 5374 3727 5452; baseline -0.007 -17"><span class='ocrx_word' id='word_1_878' title='bbox 2318 5380 2563 5435; x_wconf 89' lang='lat' dir='ltr'><strong>tichium</strong></span> <span class='ocrx_word' id='word_1_879' title='bbox 2590 5374 2875 5435; x_wconf 73' lang='lat' dir='ltr'><strong>continuo</strong></span> <span class='ocrx_word' id='word_1_880' title='bbox 2909 5384 3238 5452; x_wconf 81' lang='lat' dir='ltr'><strong>sequuntur</strong></span> <span class='ocrx_word' id='word_1_881' title='bbox 3268 5380 3328 5433; x_wconf 92' lang='lat' dir='ltr'><strong>in</strong></span> <span class='ocrx_word' id='word_1_882' title='bbox 3364 5379 3493 5433; x_wconf 84' lang='lat' dir='ltr'><strong>haec</strong></span> <span class='ocrx_word' id='word_1_883' title='bbox 3522 5374 3686 5430; x_wconf 87' lang='lat' dir='ltr'><strong>verba</strong></span> <span class='ocrx_word' id='word_1_884' title='bbox 3716 5386 3727 5425; x_wconf 88' lang='lat'><strong>:</strong></span> 
     </span>
    </p>
   </div>
   <div class='ocr_carea' id='block_1_128' title="bbox 2443 5484 3768 5560">
    <p class='ocr_par' dir='ltr' id='par_1_128' title="bbox 2443 5484 3768 5560">
     <span class='ocr_line' id='line_1_132' title="bbox 2443 5484 3768 5560; baseline -0.006 -16"><span class='ocrx_word' id='word_1_885' title='bbox 2443 5496 2746 5560; x_wconf 87' lang='lat' dir='ltr'><strong>Purpureos</strong></span> <span class='ocrx_word' id='word_1_886' title='bbox 2774 5497 3215 5560; x_wconf 80' lang='lat' dir='ltr'><strong>Spargamﬂores,</strong></span> <span class='ocrx_word' id='word_1_887' title='bbox 3242 5493 3570 5560; x_wconf 80' lang='lat' dir='ltr'><strong>animamque</strong></span> <span class='ocrx_word' id='word_1_888' title='bbox 3594 5484 3768 5548; x_wconf 74' lang='lat' dir='ltr'><strong>nepotis</strong></span> 
     </span>
    </p>
   </div>
   <div class='ocr_carea' id='block_1_129' title="bbox 2449 5558 3450 5616">
    <p class='ocr_par' dir='ltr' id='par_1_129' title="bbox 2449 5558 3450 5616">
     <span class='ocr_line' id='line_1_133' title="bbox 2449 5558 3450 5616; baseline -0.002 -10"><span class='ocrx_word' id='word_1_889' title='bbox 2449 5560 2546 5608; x_wconf 90' lang='lat' dir='ltr'><strong>llis</strong></span> <span class='ocrx_word' id='word_1_890' title='bbox 2578 5559 2764 5607; x_wconf 79' lang='lat' dir='ltr'><strong>saltem</strong></span> <span class='ocrx_word' id='word_1_891' title='bbox 2791 5558 3117 5607; x_wconf 71' lang='lat' dir='ltr'><strong>accumulem</strong></span> <span class='ocrx_word' id='word_1_892' title='bbox 3149 5558 3319 5616; x_wconf 86' lang='lat' dir='ltr'><strong>donis,</strong></span> <span class='ocrx_word' id='word_1_893' title='bbox 3347 5562 3450 5605; x_wconf 81' lang='lat' dir='ltr'><strong>etc.</strong></span> 
     </span>
    </p>
   </div>
   <div class='ocr_carea' id='block_1_130' title="bbox 2319 5657 3897 5738">
    <p class='ocr_par' dir='ltr' id='par_1_130' title="bbox 2319 5657 3897 5738">
     <span class='ocr_line' id='line_1_134' title="bbox 2319 5657 3897 5738; baseline -0.008 -17"><span class='ocrx_word' id='word_1_894' title='bbox 2319 5667 2449 5722; x_wconf 85' lang='lat' dir='ltr'><strong>Mos</strong></span> <span class='ocrx_word' id='word_1_895' title='bbox 2482 5667 2698 5738; x_wconf 87' lang='lat' dir='ltr'><strong>quippe</strong></span> <span class='ocrx_word' id='word_1_896' title='bbox 2729 5672 2854 5722; x_wconf 88' lang='lat' dir='ltr'><strong>erat</strong></span> <span class='ocrx_word' id='word_1_897' title='bbox 2885 5660 3641 5738; x_wconf 63' lang='lat' dir='ltr'><strong>charissimorumtumulis</strong></span> <span class='ocrx_word' id='word_1_898' title='bbox 3667 5657 3897 5738; x_wconf 45' lang='grc' dir='ltr'><strong>ηοω-ξιξ·</strong></span> 
     </span>
    </p>
   </div>
   <div class='ocr_carea' id='block_1_131' title="bbox 2318 5731 3898 5811">
    <p class='ocr_par' dir='ltr' id='par_1_131' title="bbox 2318 5731 3898 5811">
     <span class='ocr_line' id='line_1_135' title="bbox 2318 5731 3898 5811; baseline -0.002 -17"><span class='ocrx_word' id='word_1_899' title='bbox 2318 5731 2604 5811; x_wconf 44' lang='lat' dir='ltr'><strong>perge-re,-</strong></span> <span class='ocrx_word' id='word_1_900' title='bbox 2626 5731 2686 5811; x_wconf 76' lang='lat' dir='ltr'><strong>ut</strong></span> <span class='ocrx_word' id='word_1_901' title='bbox 2716 5742 2933 5811; x_wconf 68' lang='lat' dir='ltr'><strong>praeter</strong></span> <span class='ocrx_word' id='word_1_902' title='bbox 2960 5738 3107 5811; x_wconf 85' lang='lat' dir='ltr'><strong>alios</strong></span> <span class='ocrx_word' id='word_1_903' title='bbox 3140 5737 3359 5811; x_wconf 83' lang='lat' dir='ltr'><strong>multos</strong></span> <span class='ocrx_word' id='word_1_904' title='bbox 3391 5734 3758 5802; x_wconf 73' lang='lat' dir='ltr'><strong>Hieronymus</strong></span> <span class='ocrx_word' id='word_1_905' title='bbox 3780 5731 3898 5791; x_wconf 59' lang='lat' dir='ltr'><strong>ePls&quot;</strong></span> 
     </span>
    </p>
   </div>
   <div class='ocr_carea' id='block_1_132' title="bbox 2318 5809 3320 5882">
    <p class='ocr_par' dir='ltr' id='par_1_132' title="bbox 2318 5809 3320 5882">
     <span class='ocr_line' id='line_1_136' title="bbox 2318 5809 3320 5882; baseline -0.004 -16"><span class='ocrx_word' id='word_1_906' title='bbox 2318 5809 2553 5882; x_wconf 56' lang='lat' dir='ltr'><strong>tola&#39;26,</strong></span> <span class='ocrx_word' id='word_1_907' title='bbox 2588 5810 2664 5868; x_wconf 85' lang='lat' dir='ltr'><strong>ad</strong></span> <span class='ocrx_word' id='word_1_908' title='bbox 2689 5809 3050 5878; x_wconf 82' lang='lat' dir='ltr'><strong>Pammach.,</strong></span> <span class='ocrx_word' id='word_1_909' title='bbox 3086 5809 3320 5866; x_wconf 88' lang='lat' dir='ltr'><strong>indicat.</strong></span> 
     </span>
    </p>
   </div>
  </div>
