4060 6178
121 402 295 467 1437
1028 402 1141 467 DE
1180 403 1444 470 OBITU
1488 403 2105 481 VALENTINIANI
2153 404 2715 470 CONSOLATIO.
3443 400 3601 468 1438

115 618 589 678 prosequamur.
636 603 931 675 Extollite,
978 605 1201 676 populi,
1245 621 1476 661 mecum
1508 622 1719 661 manus
1750 608 1810 661 in
1842 588 1892 649 Α
1935 606 2137 671 1190
2172 617 2484 686 ampliatus
2515 616 2741 687 Joseph
2770 616 2945 687 ([ωά,
2989 617 3101 688 22),
3160 640 3180 666 ,.
3217 619 3272 671 et
3299 615 3600 673 Christum

143 697 378 763 saneta,
411 694 573 771 uteo
624 692 834 748 saltem
879 709 1144 762 munere,
1193 694 1386 749 vicem
1416 695 1550 766 ejus
1582 695 1811 750 meritis

134 783 541 855 rependamus
573 781 762 853 (Psal.
789 798 1031 852 cxxxiii,
1055 782 1131 852 2).
1165 783 1301 838 Non
1331 799 1444 857 ego
1462 785 1813 840 ﬂoribustu-

128 872 364 927 mulum
397 870 532 942 ejus
580 886 917 943 aspergam,
953 871 1060 927 sed
1113 873 1386 942 spiritum
1427 875 1561 945 ejus
1592 873 1811 929 Christi

131 961 322 1017 odore
343 960 714 1031 perfundam.
739 959 1034 1033 Spargant
1056 961 1155 1014 alii
1176 960 1370 1031 plenis
1394 962 1513 1016 lilia
1539 962 1808 1031 calathis,

138 1050 325 1106 nobis
343 1049 528 1104 lilium
547 1052 639 1104 est
657 1047 954 1104 Christus.
982 1049 1111 1104 Hoc
1132 1050 1419 1121 reliquias
1438 1049 1573 1123 ejus
1608 1067 1812 1106 sacra-

130 1141 235 1211 bo,
271 1139 386 1194 hoc
414 1136 549 1210 ejus
581 1138 1004 1193 commendabo
1049 1138 1318 1211 gratiam.
1352 1139 1667 1212 Nunquam
1698 1157 1812 1214 ego

135 1228 383 1298 piorum
411 1226 658 1282 fratrum
704 1228 995 1298 separabo
1044 1228 1300 1299 nomina,
1351 1230 1557 1284 merita
1586 1229 1812 1284 discer-

130 1332 294 1371 nam.
330 1315 465 1372 Scio
493 1315 653 1388 quod
682 1315 996 1371 Dominum
1026 1317 1504 1374 commemoratio
1536 1318 1650 1375 ista
1682 1333 1815 1374 con-

133 1405 320 1474 ciliet,
353 1408 411 1459 et
440 1404 650 1475 copula
680 1404 793 1459 ista
825 1404 1099 1461 delectet.

203 1491 299 1547 57.
332 1492 457 1548 Nec
516 1496 681 1564 putet
719 1492 934 1564 aliquis
982 1494 1300 1567 quidquam
1347 1496 1576 1551 meritis
1605 1510 1812 1553 eorum

131 1581 340 1637 obitus
361 1582 660 1638 celeritate
681 1582 1029 1638 detractum.
1058 1585 1284 1654 Raptus
1305 1590 1397 1641 est
1414 1584 1617 1640 Enoch
1635 1585 1810 1656 (Gen.

127 1688 191 1740 v,
215 1670 335 1741 24),
367 1686 442 1726 ne
476 1671 697 1726 malitia
728 1674 985 1728 mutaret
1015 1689 1120 1728 cor
1148 1673 1283 1745 ejus
1314 1674 1477 1746 (Sap.
1503 1691 1581 1745 IV,
1614 1675 1723 1744 11),
1760 1676 1817 1730 et

132 1759 344 1815 Josias
362 1760 589 1815 decimo
608 1763 817 1815 octavo
839 1776 994 1817 anno
1019 1762 1189 1834 regni
1212 1763 1308 1818 sui
1329 1763 1405 1817 ita
1430 1763 1662 1818 Domini
1702 1764 1814 1818 Pa-

132 1848 288 1903 scha
320 1849 662 1919 celebravit,
698 1852 760 1904 ut
777 1856 985 1905 omnes
1007 1854 1163 1906 retro
1186 1851 1488 1923 principes
1506 1852 1817 1908 devotione

133 1942 472 2009 superaret,
494 1954 603 1993 nec
625 1938 847 1994 diutius
870 1953 997 1994 suae
1020 1938 1157 1995 fidei
1178 1941 1406 1995 meritis
1448 1941 1776 2012 supervixit
1801 1960 1813 2006 ;

1928 705 2325 776 signiﬁcabat.

1999 793 2087 848 59.
2115 794 2278 850 Licet
2298 809 2442 867 ergo
2466 798 2521 850 et
2545 794 2686 848 mihi
2721 794 3068 849 charactere
3103 793 3333 849 Domini
3358 794 3603 866 signare

1930 883 2275 937 servulum:
2318 905 2338 932 α
2395 884 2642 938 Juvenis
2691 900 2860 939 meus
2909 884 3201 939 candidus
3251 887 3304 938 et
3351 883 3597 949 rubeus,

1930 970 2156 1025 electus
2188 987 2219 1026 e
2253 972 2459 1027 decem
2509 973 2749 1029 milibus
2797 972 2993 1043 (Cant.
3031 991 3088 1042 ν,
3136 972 3246 1042 10).
3304 996 3325 1021 n
3362 971 3601 1027 Electus

1930 1059 2198 1115 estﬁlius
2220 1076 2411 1130 meus,
2447 1077 2580 1116 cum
2610 1067 2747 1134 post
2795 1066 3044 1118 mortem
3075 1062 3279 1133 patris,
3315 1060 3602 1133 parvulus

1929 1149 2334 1205 ascisceretur
2366 1150 2609 1221 imperio
2644 1150 2776 1221 (66).
2819 1174 2839 1201 π
2876 1149 3061 1222 Caput
3091 1150 3226 1222 ejus
3257 1166 3463 1205 aurum
3502 1147 3623 1206 ee-'

1929 1238 2103 1309 phas,
2125 1238 2281 1293 oculi
2311 1239 2446 1310 ejus
2478 1240 2635 1295 sicut
2667 1239 2959 1295 columbae
2983 1256 3167 1311 super
3186 1238 3604 1294 abundantiam

1930 1342 2217 1397 aquarum
2248 1327 2425 1397 (Ibid.
2462 1327 2570 1397 11).
2629 1350 2650 1378 ι
2700 1357 2768 1368 --
2802 1351 2824 1375 κ
2860 1329 2946 1383 Ibi
2994 1327 3195 1399 (enim)
3243 1327 3511 1382 sedimus
3546 1330 3604 1382 et

1929 1414 2224 1484 ﬂevimus,
2291 1439 2313 1466 ι
2376 1416 2649 1473 dixerunt
2706 1417 2804 1490 qui
2865 1418 2999 1473 inde
3062 1420 3351 1472 venerunt
3410 1414 3599 1487 (Psal.

1933 1520 2175 1574 cxxxvx,
2208 1505 2284 1575 1).
2630 1570 2633 1571 ν
3572 1513 3579 1519 ’

1997 1592 2085 1650 60.
2110 1616 2132 1641 α
2166 1594 2383 1651 Venter
2411 1595 2544 1667 ejus
2576 1596 2749 1668 pyxis
2794 1594 3055 1653 eburnea
3085 1594 3281 1667 (Cant.
3319 1611 3376 1666 v,
3412 1592 3523 1665 1-1),
3567 1616 3588 1644 ιι

1934 1681 2034 1753 qui
2096 1683 2391 1754 reciperet
2448 1684 2685 1739 oracula
2757 1684 3218 1756 Scripturarum,
3277 1688 3339 1739 ut
3397 1684 3607 1755 posset

1935 1771 2166 1826 dicere:
2208 1795 2231 1819 α
2266 1771 2542 1827 Ventrem
2574 1788 2769 1827 meum
2814 1773 2984 1828 doleo
3039 1774 3284 1843 (Jerem.
3318 1789 3395 1840 iv,
3430 1772 3539 1841 19),
3578 1795 3600 1821 »ν

1947 1860 2102 1915 sicut
2130 1859 2276 1914 dixit
2304 1861 2626 1932 prOpheta;
2660 1860 2801 1916 dicit
2830 1860 2987 1916 enim
3016 1860 3167 1931 haec,
3202 1860 3303 1933 qui
3352 1860 3608 1914 imitator

1936 1953 2029 2003 est
2058 1948 2302 2004 Christi.

137 2026 262 2082 imo
284 2026 434 2135 .quia
463 2026 623 2135 plebi
659 2027 884 2135 Judtpae
927 2029 1503 2135 graveni'mr'ninebat
1551 2030 1815 2135 exjtium,
1853 2073 1904 2135 Β
1972 2035 2095 2135 Α61.
2134 2060 2156 2085 τι
2194 2037 2374 2094 Genae
2407 2040 2542 2110 ejus
2575 2040 2730 2094 sicut
2762 2038 2976 2110 phialae
3007 2038 3288 2093 aromatis
3325 2038 3524 2109 (Cant.
3547 2054 3605 2108 v,

132 2131 247 2170 rex
272 2115 483 2187 justus
505 2119 638 2171 ante
673 2117 949 2172 sublatus
981 2122 1073 2171 est
1104 2117 1218 2189 (IV
1241 2119 1387 2191 Reg.
1414 2136 1579 2189 xxm,
1605 2118 1815 2191 21-24).

131 2204 337 2260 Metuo
359 2219 504 2277 ergo
529 2219 603 2260 ne
634 2208 692 2260 et
718 2209 780 2260 tu
810 2205 984 2261 nobis
1013 2206 1209 2278 aliqua
1254 2208 1445 2263 nostri
1479 2207 1815 2264 offensione

137 2294 232 2348 sis
263 2297 493 2365 raptus,
544 2297 605 2349 ut
653 2297 860 2350 octavo
912 2295 1145 2350 decimo
1196 2296 1367 2367 regni
1408 2296 1492 2351 tui
1522 2312 1675 2352 anno
1707 2297 1817 2367 (62)

139 2382 509 2439 imminentis
542 2383 677 2438 mali
709 2383 1109 2455 acerbitatem,
1142 2386 1315 2457 quasi
1341 2384 1567 2457 justus,
1601 2387 1816 2442 evade-

140 2488 266 2528 1‘68.

213 2561 305 2617 58.
348 2561 466 2616 Sed
492 2560 616 2634 jam
672 2563 851 2618 chara
885 2563 1030 2618 mihi
1087 2563 1446 2636 complectar
1475 2564 1728 2635 viscera,
1764 2569 1820 2620 et

139 2650 346 2705 debito
367 2651 616 2706 condam
638 2653 916 2723 sepulcro
941 2668 955 2721 ;
988 2652 1155 2725 prius
1176 2656 1369 2709 tamen
1392 2652 1627 2726 singula
1645 2669 1819 2708 mem-

138 2739 251 2795 bra
311 2740 689 2812 perspiciam.
737 2740 1182 2797 Valentinianus
1240 2758 1431 2813 meus,
1496 2765 1517 2792 α
1572 2742 1818 2815 juvenis

142 2844 341 2900 meus,
384 2833 442 2885 et
464 2830 813 2887 candidatus
837 2836 894 2886 et
925 2831 1149 2887 rubeus
1179 2829 1295 2901 (63)
1323 2832 1521 2901 (Cant.
1561 2849 1618 2902 v,
1644 2830 1752 2904 10),
1791 2856 1811 2881 ιι

140 2917 378 2974 habens
400 2916 460 2974 in
491 2934 558 2974 se
590 2919 907 2992 imaginem
937 2919 1157 2975 Christi
1184 2936 1198 2990 ;
1240 2921 1456 2976 talibus
1489 2922 1645 2976 enim
1674 2937 1817 2993 pro-

146 3008 428 3080 sequitur
456 3007 727 3063 Ecclesia
757 3009 816 3062 in
859 3007 1123 3064 Canticis
1153 3008 1475 3065 Christum.
1509 3010 1633 3065 Nec
1664 3009 1818 3082 inju-

143 3096 299 3151 riam
358 3101 565 3169 putes:
629 3098 969 3154 charactere
1028 3098 1260 3154 Domini
1316 3099 1727 3154 inscribuntur
1763 3102 1820 3154 et

142 3186 531 3257 servuli(64),
557 3190 613 3241 et
634 3186 869 3242 nomine
907 3188 1278 3258 imperatoris
1330 3189 1643 3262 signantur
1671 3189 1818 3242 mili-

139 3279 262 3329 tes.
301 3275 569 3347 Denique
606 3279 664 3331 et
699 3276 828 3348 ipse
861 3276 1147 3332 Dominus
1180 3276 1327 3331 dixit
1356 3291 1367 3332 :
1408 3300 1430 3323 α
1466 3276 1657 3333 Nolite
1688 3280 1818 3332 tan-

140 3379 293 3436 gere
329 3365 590 3420 christos
622 3380 789 3421 meos
820 3364 1009 3435 (Psal.
1036 3380 1151 3434 ριν,
1173 3365 1283 3435 15),
1339 3391 1359 3413 ιι
1385 3369 1443 3421 et
1477 3387 1498 3416 α
1531 3382 1641 3421 vos
1672 3367 1819 3421 estis

141 3454 252 3509 lux
283 3455 485 3509 mundi
515 3454 754 3525 (Matth.
788 3470 843 3518 v,
881 3454 989 3525 14).
1028 3478 1049 3502 η
1078 3453 1150 3508 Et
1169 3454 1353 3509 Jacob
1377 3454 1560 3511 dixit:
1602 3478 1621 3504 ι
1646 3454 1817 3525 Juda,

141 3548 204 3597 te
252 3543 576 3598 laudabunt
618 3543 732 3615 (65)
781 3543 996 3599 fratres
1030 3543 1113 3598 tui
1156 3542 1331 3615 (Gen.
1366 3561 1524 3613 xmx,
1558 3543 1632 3614 8).
1672 3568 1693 3593 ιι
1731 3545 1821 3599 Ad

143 3632 337 3687 ﬁlium
367 3633 742 3706 loquebatur,
775 3638 832 3688 et
864 3632 1182 3688 Dominum
1202 3632 1523 3689 revelebat.
1547 3632 1618 3689 Et
1634 3634 1707 3689 de
1730 3634 1822 3689 Jo-

145 3724 303 3794 seph
336 3723 593 3779 dictum:
640 3723 825 3779 Filius
870 3737 1039 3779 meus
1070 3722 1406 3794 ampliatus,
1461 3722 1618 3778 ﬁlius
1650 3738 1818 3779 meus

221 3867 338 3937 (62)
375 3865 456 3921 lta
490 3866 628 3922 edit.
668 3865 909 3921 Amerb.
944 3869 1001 3922 et
1033 3865 1206 3921 Eras.
1240 3881 1374 3921 cum
1406 3865 1634 3921 cunctis
1666 3882 1816 3921 mss.

143 3940 287 3997 Gill.
338 3943 531 3994 autem
562 3953 631 3993 ac
680 3937 1059 4010 Rom.ﬁedit.,
1118 3961 1138 3985 α
1176 3940 1235 4010 ut
1279 3937 1702 4010 octavoregni
1734 3938 1821 3992 tui

144 4025 326 4066 anno.
349 4010 480 4064 Non
503 4014 682 4076 recte,
709 4014 822 4064 uta
856 4009 1111 4064 Baronio
1133 4008 1206 4063 ad
1223 4024 1441 4063 annum
1470 4007 1575 4063 392
1606 4007 1819 4063 obser-

140 4086 346 4137 vatum
380 4087 511 4150 est;
544 4098 676 4135 cum
706 4080 862 4135 enim
893 4098 931 4134 χ
963 4080 1260 4135 Kalendas
1293 4080 1656 4134 Decembres
1680 4096 1814 4134 ann.

143 4155 253 4209 3³75
307 4152 647 4207 declaratus
681 4153 759 4223 sit
801 4153 1141 4222 imperator,
1203 4155 1567 4223 necatusque
1613 4152 1817 4223 Idibus

143 4225 344 4279 Maiis.
376 4240 511 4278 ann.
542 4224 666 4291 392,
703 4222 838 4277 hinc
870 4223 1169 4295 inducitur
1197 4238 1348 4277 anno
1383 4222 1555 4295 regni
1588 4223 1675 4292 18,
1710 4222 1819 4276 sed

142 4297 353 4369 primo,
372 4299 430 4349 et
469 4296 672 4369 ultimo
722 4310 860 4369 non_
886 4294 1196 4369 completis
1246 4295 1606 4369 exstinctum
1654 4309 1815 4369 esse,

140 4366 309 4440 quod
342 4366 608 4422 instituta
662 4382 795 4421 cum
830 4366 995 4421 Josia
1040 4380 1185 4438 rege
1248 4366 1611 4437 comparatio
1644 4366 1821 4420 etiam

145 4439 484 4494 confirmat.

219 4510 337 4580 (63)
355 4510 484 4564 νει.
512 4508 673 4578 edit.,
704 4532 725 4557 α
754 4508 1041 4564 candidus
1064 4512 1117 4563 et
1138 4508 1320 4564 ruber
1345 4525 1358 4579 ;
1396 4529 1417 4559 ι
1442 4508 1581 4563 edit.
1619 4508 1815 4579 Rom.,

151 4607 173 4632 α
211 4581 507 4638 candidus
536 4585 592 4636 et
622 4581 842 4636 fulvus.
881 4604 902 4628 η

220 4653 338 4721 (64)
364 4654 595 4708 Revera
624 4656 741 4707 tam
792 4655 972 4722 servi,
1007 4667 1184 4723 quam
1227 4650 1444 4723 milites
1479 4649 1618 4704 olim
1663 4651 1819 4705 notis

146 4725 511 4799 quibusdam
536 4725 956 4799 inurebantur:
990 4722 1288 4799 primi,_ne
1317 4722 1547 4799 alienus
1566 4738 1681 4799 eos
1710 4739 1819 4799 pro

148 4793 283 4853 suis
306 4796 662 4863 vindicaret;
697 4797 965 4864 secundi,
989 4793 1060 4850 ne
1088 4796 1348 4850 militiam
1372 4793 1818 4862 deserereipsis

143 4870 376 4924 liceret.
406 4867 558 4921 Hinc
576 4867 742 4921 Pauli
768 4870 951 4922 verba
977 4882 1049 4920 ex
1092 4866 1276 4937 Epist.
1310 4866 1385 4937 ad
1416 4864 1653 4937 Galatas
1686 4881 1816 4936 cap.

147 4958 206 4993 vi
236 4956 248 4993 :
307 4962 329 4984 α
369 4937 497 5010 Ego
529 4939 681 4993 enim
717 4939 991 5011 stigmata
1024 4938 1252 5011 Domini
1295 4936 1447 5011 ,Jesu
1476 4936 1820 5011 in_corpore

146 5026 283 5065 meo
314 5006 506 5079 porto,
546 5034 566 5056 ιι
603 5010 675 5062 ad
725 5006 983 5080 priorem
1034 5009 1485 5079 inscriptionem
1532 5006 1821 5080 Erasmus

144 5078 357 5143 refert.
386 5081 596 5135 eadem
629 5078 770 5135 vero
803 5083 872 5136 ad
907 5078 1308 5151 posteriorum
1338 5084 1510 5135 notas
1557 5078 1821 5151 alludere

149 5158 362 5209 censet
393 5154 655 5207 Grotius.
698 5153 779 5207 De
818 5149 1064 5207 militum
1103 5152 1397 5207 inustione
1429 5151 1526 5205 adi
1556 5149 1823 5221 Lipsium

146 5227 253 5279 lib.
293 5241 330 5291 ι,
368 5224 506 5278 dial.
536 5224 590 5291 9,
638 5223 709 5277 de
754 5240 1066 5279 servorum
1113 5223 1360 5279 consule
1390 5222 1518 5278 Jos.
1556 5220 1823 5277 Lauren-

138 5298 294 5350 tium
319 5296 421 5350 lib.
448 5313 464 5348 ι
489 5295 843 5365 Polymath.,
879 5296 1125 5349 dissert.
1145 5295 1198 5350 9.
1242 5295 1432 5349 Porro
1453 5309 1567 5349 non
1603 5308 1823 5364 possu-

146 5384 286 5422 mus
337 5367 515 5422 nobis
564 5366 659 5419 hic
709 5370 1060 5437 temperare,
1096 5367 1236 5436 quin
1285 5366 1487 5419 Dallaei
1516 5365 1823 5437 adversus

146 5439 541 5493 Ambrosium
573 5437 986 5492 insimulemus
1033 5436 1635 5507 malignitatem.rQua
1668 5436 1824 5490 enim

148 5509 617 5564 sinceritatclib.
652 5510 826 5562 11.1)0
868 5526 973 5563 usu
1015 5506 1280 5571 Patrum,
1316 5506 1534 5562 asserit
1562 5506 1825 5576 Scriptu-

147 5599 279 5636 ram
323 5580 395 5634 ad
433 5580 606 5633 lusus
639 5580 910 5635 adhiberi
959 5580 1031 5633 ab
1067 5580 1405 5643 Ambrosio,
1444 5594 1697 5648 eumque
1729 5577 1824 5631 his

146 5671 286 5725 quae
311 5654 385 5706 de
402 5651 641 5725 Christo
661 5657 716 5705 et
758 5651 1027 5725 Ecclesia
1051 5652 1426 5725 dicunturhin
1449 5651 1640 5725 sacris
1671 5650 1825 5703 Can-

146 5722 308 5788 ticis,
362 5723 643 5777 Gnatiano
678 5726 733 5776 et
782 5723 1187 5777 Valentiniano
1219 5738 1283 5775 ea
1328 5722 1557 5776 licentia
1588 5737 1824 5775 accom-

150 5796 422 5862 modare,
461 5809 574 5864 qua
617 5798 805 5864 poeta:
836 5796 1119 5850 utuntur?
1149 5794 1262 5848 Sed
1295 5794 1430 5864 quis
1461 5809 1576 5846 non
1607 5793 1822 5861 videat,

147 5884 291 5925 eum
311 5867 415 5941 qui
428 5866 843 5938 praetermisso
866 5870 1085 5940 quanta
1106 5866 1376 5922 cautione
1399 5882 1467 5920 ac
1498 5865 1825 5921 veneratio-

1939 2122 2047 2197 13),
2086 2150 2108 2175 ι»
2146 2126 2367 2198 quibus
2395 2127 2618 2183 Christi
2651 2128 2932 2182 influebat
2963 2132 3351 2199 unguentum.

2008 2214 2096 2270 62.
2137 2237 2158 2261 «ι
2199 2215 2381 2270 Labia
2433 2214 2568 2287 ejus
2617 2217 2771 2271 sicut
2815 2215 2935 2270 lilia
2981 2215 3324 2270 distillantia
3370 2215 3612 2286 myrrha

1937 2305 2112 2375 plena
2157 2304 2291 2374 (67).
2349 2306 2558 2361 Manus
2621 2304 2756 2376 ejus
2812 2308 3082 2373 tornatm,
3142 2319 3363 2371 aurem,
3421 2303 3612 2375 plenae

1938 2393 2187 2449 Tharsis
2232 2393 2411 2464 (Ibid,
2446 2394 2534 2462 13,
2571 2393 2681 2464 14),
2743 2417 2765 2442 ιι
2803 2408 2872 2449 eo
2905 2393 3062 2465 quod
3124 2394 3183 2447 in
3212 2391 3416 2447 verbis
3474 2390 3611 2463 ejus

1932 2483 2166 2556 justitia
2202 2483 2552 2556 refulgeret,
2599 2483 2659 2538 in
2707 2481 2880 2538 factis
2927 2487 2981 2537 et
3016 2481 3299 2553 operibus
3332 2481 3615 2537 reniteret

1937 2576 2162 2646 gratia:
2212 2575 2271 2628 in
2317 2588 2433 2645 quo
2481 2576 2537 2627 et
2585 2574 2823 2643 plenum
2869 2572 3105 2626 virtutis
3154 2573 3212 2626 et
3242 2570 3610 2625 auctoritatis

1934 2665 2157 2736 regalis
2188 2666 2351 2720 esset
2381 2661 2720 2735 alloquium,
2758 2676 2868 2716 nec
2898 2660 3115 2716 inflexa
3147 2660 3344 2732 aliquo
3399 2658 3612 2714 mortis

1933 2757 2168 2809 terrore
2224 2752 2573 2821 constantia,
2624 2754 2681 2805 et
2737 2749 3029 2805 factorum
3085 2749 3347 2820 pretiosa
3390 2747 3507 2818 (68)
3557 2751 3614 2801 et

1938 2842 2247 2918 emendata
2293 2840 2609 2911 correctio,
2656 2838 2849 2894 omnis
2893 2839 3049 2894 enim
3077 2837 3273 2893 bonus
3306 2835 3613 2908 operarius

1935 2948 2147 2987 manus
2177 2931 2399 2986 Christi
2421 2932 2533 2985 est.

2006 3020 2096 3076 63.
2148 3042 2169 3067 α
2206 3020 2435 3075 Fauces
2484 3018 2619 3090 ejus
2671 3016 3039 3086 dulcedines,
3085 3021 3141 3072 et
3170 3018 3331 3071 totus
3365 3014 3607 3071 deside-

1937 3109 2090 3179 rium
2139 3108 2252 3180 (69)
2299 3108 2479 3176 (Ibid.
2535 3107 2643 3177 13).
2696 3130 2718 3156 ι
2752 3106 2938 3173 Quam
2970 3105 3163 3161 dulcia
3214 3105 3369 3160 enim
3419 3103 3614 3159 omnia

1932 3198 2156 3270 judicia
2207 3197 2343 3269 ejus
2391 3197 2808 3251 universorum
2858 3194 3133 3250 faucibus
3185 3191 3605 3249 adhaaseruntl

1936 3286 2161 3351 Quanta
2184 3287 2374 3359 gratia
2400 3300 2712 3342 sermones
2732 3284 2923 3355 ipsius
2948 3282 3172 3357 singuli
3190 3279 3609 3337 recensentur!

1936 3374 2463 3444 Quemadmodum,
2513 3374 2615 3442 ﬁli,
2664 3372 3026 3428 desideraris
3073 3388 3104 3426 a
3154 3370 3440 3443 populis?
3469 3368 3613 3424 Mihi

1939 3464 2496 3536 certeimpressisti,
2528 3478 2664 3538 quae
2683 3466 2926 3533 pectore
2957 3461 3069 3532 (70)
3102 3464 3273 3516 teneo
3303 3459 3487 3514 verba
3510 3459 3611 3514 illa

1937 3557 2237 3626 postrema
2268 3554 2486 3625 quibus
2519 3568 2610 3607 me
2642 3551 2851 3606 vadem
2885 3554 3044 3604 tuum
3078 3550 3206 3604 fieri
3236 3548 3607 3620 postulabas.

1939 3642 2258 3715 Reliquisti
2293 3643 2423 3712 ipse
2455 3641 2528 3696 de
2562 3656 2654 3696 me
2676 3639 3078 3695 testimonium
3105 3636 3315 3709 judicii
3337 3636 3610 3709 gloriosi.

1939 3731 2067 3804 Ego
2116 3730 2224 3785 tibi
2265 3729 2440 3786 ﬁdem
2473 3742 2663 3784 meam
2708 3727 2990 3783 exhibere
3035 3741 3151 3782 non
3200 3726 3385 3798 potui,
3437 3740 3612 3796 quam

1937 3888 2009 3952 _ne
2026 3873 2381 3952 virsanctus
2414 3871 2564 3952 hanc
2593 3869 3025 3952 adaptationem
3046 3868 3491 3952 praemollierit,
3527 3867 3611 3922 ita

1937 3946 2231 4016 loquatur,
2267 3948 2545 4016 nontam
2573 3942 2647 3996 ad
2699 3940 3384 4016 veri__inves_tigationem
3438 3955 3615 4016 quam

1943 4011 2192 4088 Patrum
2218 4011 2701 4088 suggillationem
2732 4012 3045 4088 scribere?
3065 4011 3482 4088 Caeterumqui
3520 4026 3614 4088 se-

1936 4087 2085 4142 riem
2135 4082 2425 4142 oratidnis
2473 4086 2756 4140 attentius
2803 4084 2979 4155 paulo
3030 4082 3614 4155 expenderit,_fac'le

1936 4161 2228 4230 agnoscet
2257 4174 2303 4230 ar
2323 4159 2565 4230 doctore
2586 4152 2950 4230 Anostro'hos
2981 4157 3178 4230 textus
3200 4152 3613 4230 _Valentiniano

1936 4226 2213 4301 tanquam
2244 4229 2465 4284 Christi
2499 4228 2773 4301 imitatori
2801 4228 2994 4301 solum
3025 4226 3234 4301 aptari.

2009 4293 2122 4370 (65)
2143 4300 2291 4355 Mss.
2315 4299 2601 4368 nonnulli,
2630 4321 2652 4345 α
2680 4303 2735 4370 te
2759 4293 3127 4365 collauden‘t;
3165 4319 3187 4343 ιι
3215 4296 3351 4362 duo,
3377 4316 3399 4341 «ι
3423 4298 3478 4370 te
3502 4293 3617 4347 eol-

1937 4364 2193 4427 lauda'nt.
2228 4394 2249 4419 η
2275 4371 2392 4426 Sed
2415 4385 2532 4425 non
2565 4364 2738 4423 modo
2771 4373 2978 4423 contra
3010 4364 3318 4422 sacrorum
3341 4364 3614 4419 codicum

1938 4458 2319 4511 consensum,
2356 4456 2575 4511 verum
2613 4443 2671 4511 et
2713 4444 2919 4511 contra
2947 4453 3122 4509 quam
3151 4436 3245 4511 _ab
3281 4434 3612 4511 ‘Ambrosio

1937 4504 2316 4586 ipsoicitatur'
2341 4513 2496 4567 libro
2540 4510 2616 4566 de
2646 4504 3353 4581 benedictfpatriarchq
3389 4520 3519 4577 cap.
3554 4504 3609 4574 4,

1854 4583 1906 4646 D
1938 4583 1996 4640 ιὶ.
2036 4585 2123 4640 16.

2007 4655 2120 4721 (66)
2137 4654 2475 4726 Scriptores
2492 4654 2644 4708 inter
2679 4668 2747 4707 se
2763 4650 3152 4726 consentiunt
3182 4648 3241 4726 id
3273 4645 3608 4726 contigisse

1937 4745 1976 4810 ις
1998 4717 2125 4810 Kal.
2169 4717 2528 4810 Decembres
2559 4738 2714 4778 anno
2756 4722 2884 4790 375,
2918 4736 3037 4793 quo
3084 4722 3306 4774 tantum
3339 4717 3612 4789 illequa-

1937 4800 2166 4853 drimus
2200 4802 2344 4852 erat.
3342 4835 3353 4843 ρ

2008 4870 2120 4939 (0'7)
2149 4871 2315 4924 Rom.
2342 4867 2479 4922 edit.
2512 4870 2569 4921 et
2599 4865 2769 4939 pauci
2802 4879 2974 4939 mssz,
3013 4886 3043 4939 «_
3071 4860 3414 4939 dist‘illantia
3447 4873 3613 4939 myr-

1938 4930 2378 5010 rham'plenam,
2408 4960 2428 4985 ι
2453 4930 2791 5010 ίᾳιιᾲθὶίειηι
2822 4934 3012 5010 modo
3030 4932 3285 5010 habetur
3398 4930 3609 5010 sacris

1937 5001 2212 5081 paginis,
2281 5001 2374 5064 et'
2413 5001 2507 5063 ab'
2564 5007 2820 5077 ipsomet
2884 5003 3206 5081 Ambrosio
3276 5002 3491 5057 citatur
3557 5001 3615 5055 in

1934 5074 2087 5153 ps5].
2152 5074 2366 5153 cxvm;
2428 5074 2836 5153 verumtamen
2871 5080 3008 5153 yet.
3069 5074 3224 5153 edit.
3272 5090 3433 5153 eumn
3457 5087 3607 5129 mss.

1937 5144 2211 5225 pluribus
2244 5144 2692 5225 potioribusque
2742 5148 3060 5225 nobiscum
3111 5145 3355 5225 faciunt.
3392 5144 3613 5199 Omnes

1938 5216 2082 5279 vero
2115 5216 2258 5278 edit.
2302 5238 2370 5277 ac
2410 5237 2559 5276 mss.
2596 5216 2670 5273 'in
2715 5218 3108 5291 sequentibus
3157 5216 3307 5272 satis
3354 5230 3614 5291 consen-

1936 5296 2106 5365 tiunt,
2169 5294 2283 5348 nisi
2332 5293 2490 5365 quod
2551 5292 2753 5362 legunt
2808 5288 3076 5347 nonnulli
3133 5304 3283 5342 mss.
3324 5308 3347 5332 α
3384 5288 3615 5340 tornata

1939 5382 2388 5506 a“(1608.)’Ultimte
2445 5433 2640 5489 Paris.
2679 5432 2846 5501 edit.,
2898 5453 2925 5483 «
2981 5434 3327 5487 sanctorum
3384 5424 3612 5496 pretio-

1942 5513 2399 5661 sangfgﬁiidam
2434 5593 2603 5645 mss.,
2645 5596 2667 5627 ι
2716 5573 3050 5630 dulcedinis
3095 5575 3151 5625 et
3182 5573 3341 5624 totus
3375 5564 3612 5620 deside-

1944 5652 2172 5705 rabilis.
2213 5672 2233 5699 υ

2013 5724 2123 5789 (Ἶο)
2161 5722 2326 5777 Rom.
2363 5721 2499 5776 edit.
2535 5720 2682 5788 sola,
2725 5741 2745 5766 α

1943 5809 2215 5863 corpore.

2802 5719 2960 5772 certe
2992 5717 3046 5768 te
3093 5707 3476 5779 impressisti,
3513 5707 3614 5781 qui
