4060 6178
573 250 731 320 1439

2032 252 2098 315 s.
2155 222 2600 316 AMBRosﬂ.

3778 270 3882 333 1440

571 464 888 538 parabam;
939 463 1060 518 dixi
1104 465 1301 517 tamen
1350 461 1594 531 absens,
1648 462 1707 516 et
1737 459 2030 515 dicentem
2058 472 2150 512 me
2183 456 2249 511 ιι-
2273 443 2350 507 Ι¹
2433 451 2522 508 ϐἻ.
2549 452 2716 509 Unde
2748 458 3012 510 meretur
3052 454 3283 511 audire:
3339 481 3359 507 οι
3392 462 3628 531 Speciosi
3662 466 3771 521 facti
3792 478 3883 527 sunt

573 557 707 611 dem
741 569 847 625 pro
879 556 935 609 te
955 551 1231 607 Christus
1257 551 1496 607 audivit.
1520 550 1779 605 Tenetur
1801 549 1859 603 in
1885 546 2035 604 coelo
2057 559 2241 617 spon-

576 643 667 700 sio
698 659 847 711 mea,
882 642 996 698 etsi
1025 657 1142 697 non
1171 643 1405 697 tenetur
1430 640 1491 695 in
1529 640 1725 695 terris.
1759 637 2068 712 Obligatus
2101 649 2235 692 sum

577 733 721 804 Deo,
754 731 868 787 etsi
899 746 1018 786 non
1045 729 1209 802 potui
1241 728 1583 785 hominibus
1615 725 1893 801 obligari.

647 821 735 879 64.
757 823 1022 897 Locutus
1056 836 1190 877 sum
1219 818 1291 875 de
1341 834 1592 890 corpore
1642 822 1762 887 tuo,
1796 833 1953 871 nunc
1982 813 2251 888 alloquar

577 913 831 967 animam
860 913 1019 966 tuam
1048 910 1290 983 dignam
1318 907 1685 981 prapbeticis
1718 906 2101 962 ornamentis.
2140 905 2249 962 Iis-

574 1002 709 1057 dem
766 1000 947 1073 igitur
1002 1004 1134 1055 utar
1189 998 1491 1055 exordiis:
1559 1020 1581 1045 α
1635 994 1917 1063 Quanam
1973 997 2067 1051 est
2118 995 2248 1052 haec

576 1090 954 1163 prospiciens
1011 1088 1168 1146 sicut
1224 1087 1571 1157 diluculum,
1635 1085 1909 1157 speciosa
1964 1091 2029 1142 ut
2086 1084 2245 1154 luna,

575 1180 761 1236 electa
791 1184 854 1235 ut
884 1178 972 1234 sol
1005 1176 1198 1241 (Cant.
1231 1194 1310 1246 vx,
1344 1175 1444 1246 9)?
1480 1198 1501 1224 ι
1535 1174 1753 1231 Videor
1783 1174 1927 1230 mihi
1957 1178 2012 1231 te
2043 1172 2247 1230 videre

574 1268 922 1342 fulgentem,
982 1266 1192 1322 videor
1241 1264 1447 1320 audire
1507 1260 1855 1320 dicentem:
1913 1262 2249 1319 Diluculum

578 1358 722 1413 mihi
751 1349 864 1428 est,
896 1350 1082 1429 pater.
1147 1377 1170 1404 ι
1220 1355 1354 1410 Nox
1417 1360 1661 1413 terrena
1716 1354 2052 1427 prmeessit,
2117 1353 2248 1410 dies

581 1443 849 1503 caelestis
875 1444 1368 1519 appropinquavit
1398 1443 1588 1511 (Rom.
1609 1462 1735 1516 xm,
1762 1445 1870 1517 tit).
1898 1466 1920 1496 ι
1941 1443 2248 1517 Prospicis

579 1528 689 1593 n63
715 1536 916 1610 igitur,
948 1543 1153 1595 sancta
1203 1541 1378 1613 anim,
1419 1526 1602 1594 1191
1643 1540 1714 1595 de
1747 1537 1879 1595 loco
1915 1537 2246 1609 superiore,

578 1629 855 1699 tanquam
886 1626 1171 1685 inferiora
1223 1630 1578 1702 respiciens.
1630 1628 1818 1685 Existi
1867 1628 1938 1684 de
1983 1624 2248 1684 tenebris

580 1716 755 1772 istius
775 1715 1002 1785 smculi,
1028 1722 1084 1774 et
1104 1722 1166 1774 ut
1187 1715 1322 1775 luna
1342 1716 1718 1791 resplendes,
1740 1722 1802 1773 ut
1827 1716 1916 1773 sol
1956 1715 2245 1788 refulges.

2361 556 2616 616 gressus
2638 542 2717 597 tui
2744 542 2802 597 in
2833 540 3266 615 calceamentis,
3300 547 3409 601 tilia
3441 550 3731 623 Aminadab,
3763 582 3779 605 -
3809 557 3881 616 hoc

2362 640 2474 705 est,
2501 633 2620 689 tilia
2658 631 2947 704 principis
2973 647 2989 703 ;
3038 634 3343 703 speciosos
3374 639 3516 693 cnim
3542 657 3800 711 processus
3821 650 3883 705 ha-

2363 723 2540 780 buisti
2565 723 2625 778 in
2648 736 2895 810 corpore
2914 719 3046 790 (’72),
3087 725 3356 795 tanquam
3378 726 3717 788 calceamento
3733 749 3784 791 eo
3798 753 3884 810 usa,

2363 828 2479 869 non
2501 814 2563 867 ut
2584 809 2894 865 involucro
2918 824 2932 879 ;
2963 812 3027 864 ut
3055 813 3224 881 quasi
3257 816 3517 885 superior
3535 823 3585 873 et
3617 822 3883 894 eminentior,

2362 918 2479 975 quo
2511 902 2700 957 velles
2731 905 2895 955 tuum
2939 901 3353 959 circumferres
3381 906 3502 960 sine
3528 905 3631 962 ulla
3655 909 3885 971 offensione

2362 991 2680 1065 vestigium
2708 1009 2721 1048 :
2754 994 2846 1050 vel
2880 999 3038 1052 certe
3070 996 3222 1051 sicut
3253 996 3672 1052 calceamentum
3695 998 3797 1055 illud
3819 1019 3884 1057 cx-

2366 1078 2636 1135 solvercs
2668 1082 2801 1154 (73),
2835 1085 2988 1139 sicut
3032 1084 3272 1156 Moyses
3322 1085 3472 1154 fecit,
3504 1086 3589 1140 cui
3615 1085 3784 1142 dictum
3804 1095 3882 1146 est:

2368 1199 2390 1223 ι
2424 1171 2601 1229 Solve
2643 1172 3102 1231 calceamentum
3151 1175 3362 1246 pedum
3408 1178 3617 1229 tuorum
3655 1173 3813 1241 (Exod.
3835 1197 3883 1250 ιιι,

2364 1264 2441 1327 5).
2479 1287 2500 1312 ιι

2436 1352 2526 1407 68.
2578 1350 2730 1407 Dicit
2759 1352 2941 1425 igitur
2970 1352 3073 1407 tibi
3119 1368 3276 1408 nunc
3323 1356 3479 1424 pater
3522 1354 3799 1423 Aminadab,
3829 1358 3885 1412 ille

2363 1441 2562 1512 populi
2606 1442 2925 1513 princeps:
2984 1465 3005 1489 α
3055 1443 3226 1511 Audi,
3283 1442 3417 1511 tilia,
3464 1446 3517 1497 et
3553 1441 3667 1497 vide
3704 1444 3887 1516 quoniam

2363 1531 2700 1601 concupivit
2722 1547 2829 1586 rex
2869 1531 3131 1604 speciem
3171 1535 3330 1587 tuam
3364 1530 3540 1595 (Psal.
3563 1532 3827 1602 xmv,ti).-
3849 1563 3889 1575 -

2367 1639 2388 1667 ι
2423 1617 2690 1689 Speciosi
2741 1633 2888 1692 ergo
2936 1618 3070 1673 facti
3122 1624 3261 1674 sunt
3293 1636 3537 1692 gressus
3564 1620 3636 1674 tui
3668 1620 3715 1675 in
3739 1622 3889 1676 calcea-

2360 1708 2598 1778 mentis,
2634 1707 2751 1761 ﬁlia
2799 1707 3144 1763 Aminadab.
3196 1707 3413 1763 Moduli
3454 1707 3708 1764 femorum
3729 1710 3890 1765 'tuorum

579 1802 651 1859 Et
670 1804 822 1859 bene
854 1807 915 1860 ut
952 1804 1106 1870 luna,
1138 1806 1274 1878 quia
1314 1810 1369 1862 et
1403 1809 1536 1863 ante
1569 1806 1626 1861 in
1659 1806 1870 1862 umbra
1906 1804 2247 1862 liceListius
2283 1818 2334 1883 Β
2363 1794 2589 1852 similes
2620 1796 2934 1868 torquibus
2969 1795 3167 1865 (Cant.
3202 1814 3304 1870 vn,
3338 1797 3412 1868 1),
3458 1822 3477 1843 ι
3511 1797 3611 1852 hoc
3638 1802 3728 1866 est.
3750 1813 3891 1853 conso-

582 1891 855 1964 corporis
892 1893 1237 1967 refulgebas
1272 1910 1304 1951 a
1334 1896 1462 1951 sole
1490 1894 1741 1967 jnstitlas
1773 1897 1987 1949 mutata
2022 1894 2247 1949 clarum

580 1980 736 2037 diem
783 1981 976 2037 ducis.
1010 1982 1226 2039 Videre
1275 1984 1456 2057 igitur
1500 1984 1708 2040 videor
1756 1987 1811 2039 te
1858 1985 2135 2055 tanquam
2177 1982 2249 2038 de

582 2086 834 2142 corpore
889 2071 1282 2143 recedentem,
1343 2078 1399 2128 et
1460 2072 1698 2144 repulsa
1756 2074 1947 2128 noctis
1996 2071 2249 2143 caligine

582 2160 929 2235 surgentem
957 2158 1217 2216 diluculo
1250 2161 1411 2217 sicut
1438 2160 1625 2217 solem
1681 2161 2248 2234 appropinquantem

580 2248 724 2317 Deo,
759 2249 816 2302 et
845 2248 1049 2319 rapido
1081 2249 1277 2305 volatu
1326 2247 1480 2306 sicut
1521 2250 1796 2322 aquilam,
1845 2265 1979 2322 quae
2008 2255 2247 2307 terrena

582 2338 739 2407 sunt,
773 2328 1221 2409 relinquentem.

651 2423 741 2481 65.
821 2446 844 2477 ι
915 2424 1296 2497 Convertere,
1365 2426 1687 2496 Solamitis,
1751 2432 2120 2497 convertere,
2191 2434 2248 2485 et

581 2510 916 2573 videbimus
968 2520 1030 2571 te
1072 2514 1266 2584 (Cant.
1300 2533 1381 2588 vr,
1418 2514 1527 2586 12).
1567 2540 1587 2565 ο
1642 2515 2001 2572 Convertere
2024 2516 2096 2572 ad
2129 2533 2239 2590 nos

580 2603 846 2676 paciﬁca,
872 2605 934 2659 ut
954 2602 1200 2677 gloriam
1231 2607 1387 2661 tuam
1422 2605 1737 2661 sororibus
1770 2605 1887 2661 tuis
1920 2609 2241 2677 monstres,

506 2686 515 2692 ’
580 2696 639 2749 et
666 2692 946 2767 incipiant
975 2708 1042 2749 se
1074 2698 1189 2763 tuae
1220 2693 1437 2765 quietis
1471 2697 1526 2750 et
1559 2694 1765 2767 gratiae
1797 2695 2116 2751 securitate
2140 2710 2244 2752 so-
2275 2702 2279 2706 ’

580 2766 712 2838 lari.
744 2780 940 2838 Semel
968 2784 1191 2837 tantum
1221 2781 1294 2838 ad
1325 2798 1436 2839 nos
1470 2788 1837 2853 convertere,
1871 2786 1934 2839 ut
1961 2786 2015 2840 te
2047 2784 2243 2841 videa-

582 2886 738 2941 mus,
788 2875 845 2926 et
894 2886 1109 2926 rursus
1154 2876 1522 2941 convertere,
1573 2875 1745 2946 atque
1790 2873 1863 2928 ad
1913 2872 2246 2930 Jerusalem

582 2959 744 3015 illam
766 2959 1060 3017 civitatem
1092 2964 1433 3018 sanctorum
1473 2963 1593 3017 tota
1634 2963 1955 3019 intentione
2006 2962 2242 3021 festina.

581 3052 698 3106 Aut
716 3050 875 3106 certe
893 3049 1031 3122 quia
1069 3049 1141 3105 ad
1177 3050 1429 3106 animam
1452 3051 1607 3124 piam
1637 3051 1911 3108 Christus
1948 3051 2060 3109 hoc
2083 3052 2245 3125 dicit,

572 3139 746 3211 jubet
767 3139 926 3195 illam
956 3138 1261 3212 paulisper
1292 3141 1577 3210 converti,
1604 3145 1665 3196 ut
1693 3140 1868 3197 nobis
1899 3141 2089 3214 gloria
2113 3142 2247 3214 ejus

580 3232 876 3299 appareat,
902 3233 959 3284 et
980 3230 1222 3303 requies
1261 3230 1459 3287 futura
1500 3246 1634 3286 cum
1665 3231 1923 3287 sanctis:
1958 3236 2014 3286 et
2044 3235 2247 3302 postea

580 3316 848 3390 praecipit
879 3333 1007 3375 eam
1040 3318 1113 3374 ad
1143 3318 1287 3376 illud
1336 3332 1657 3391 supernum
1702 3324 2044 3377 sanctorum
2076 3319 2248 3377 festi-

580 3421 726 3463 nare
756 3408 1144 3465 consortium.
2226 3460 2241 3465 _

651 3494 739 3552 66.
778 3515 800 3544 η
834 3495 985 3562 Quid
1033 3497 1333 3569 videbitis,
1366 3499 1574 3573 inquit,
1607 3501 1667 3556 in
1696 3498 2063 3569 Solamitide,
2112 3513 2247 3573 quin

579 3584 741 3642 venit
770 3585 924 3641 sicut
971 3586 1138 3644 chori
1171 3590 1503 3646 castrorum
1551 3586 1751 3660 (Cant.
1801 3605 1901 3660 vn,
1938 3588 2041 3661 t)?
2076 3610 2098 3639 ι
2134 3590 2249 3646 hoc

579 3678 691 3745 est,
729 3674 787 3730 in
836 3690 904 3732 ea
944 3692 1084 3750 quas
1131 3678 1377 3735 multum
1428 3681 1485 3735 et
1528 3679 1820 3736 adversus
1869 3679 2156 3752 plurimos
2187 3679 2249 3735 in

580 3778 832 3837 corpore
878 3765 1142 3838 prailiata
1179 3771 1291 3823 est.
1343 3767 1575 3826 Etenim
1622 3768 1908 3843 pugnavit
1954 3767 2247 3824 adversus

579 3856 897 3910 extraneos
916 3854 1144 3924 hostes,
1159 3857 1750 3929 pugnavitadversus
1762 3858 2026 3914 lubricas
2040 3856 2247 3914 seaculi

580 3942 954 4015 mutationes,
977 3945 1263 4017 pugnavit
1279 3946 1571 4003 adversus
1588 3947 1860 4019 corporis
1874 3946 2243 4019 fragilitates,

580 4029 875 4087 adversus
897 4031 1253 4104 multiplices
1271 4033 1610 4105 passiones.
1633 4035 1873 4092 Audivit
1901 4052 1934 4091 a
1958 4035 2204 4091 Domino
2231 4048 2245 4091 :

585 4135 609 4172 α
643 4117 1025 4192 Convertere,
1058 4121 1359 4179 Solamitis
1389 4123 1588 4192 (Cant.
1621 4141 1700 4195 vi,
1736 4123 1844 4195 t2).
1887 4145 1908 4174 ι
1944 4123 2248 4181 Conversa

580 4208 674 4264 est
691 4208 762 4264 ad
783 4224 988 4280 pacem
1020 4209 1205 4266 semel
1236 4210 1296 4267 in
1325 4211 1571 4281 saiculo,
1598 4227 1890 4269 conversa
1920 4215 2013 4268 est
2044 4212 2248 4268 iterata

580 4296 989 4354 communione
1023 4298 1135 4369 ('74)
1166 4299 1237 4356 ad
1288 4300 1537 4373 gratiam
1563 4300 1786 4359 Christi
1813 4317 1827 4371 ;
1860 4305 1915 4356 et
1945 4300 2077 4356 ideo
2107 4300 2241 4373 pul-

579 4387 723 4444 chra
753 4388 1070 4445 conversio
1117 4388 1252 4461 ejus
1286 4389 1346 4446 in
1402 4390 1648 4462 saeculo,
1682 4390 2117 4462 pulcherrimus
2149 4392 2240 4447 in-

577 4490 798 4535 cessus
827 4476 966 4550 ejus
993 4480 1053 4535 et
1080 4478 1315 4535 volatus
1349 4479 1408 4535 in
1436 4481 1675 4537 castum.

649 4620 863 4695 ('11)_lta
883 4624 999 4695 vet.
1024 4622 1163 4679 edit.
1203 4638 1275 4695 ae
1303 4638 1475 4695 mss.,
1512 4622 1627 4678 nisi
1660 4623 1819 4695 quod
1849 4638 1957 4694 pro
1989 4640 2245 4680 commn-

579 4694 763 4766 ιιξρηθΔ
776 4693 996 4766 legitur
1017 4694 1076 4766 in
1098 4693 1453 4766 quibusdam
1476 4693 1965 4766 commonitione:
1991 4698 2049 4750 at
2072 4695 2243 4752 Rom.

579 4763 947 4836 edi_t.iloc'um
978 4764 1068 4836 sic
1098 4763 1298 4822 eﬂ’ert:
1338 4790 1359 4814 ι
1392 4765 1751 4822 Convertere
1781 4765 1856 4821 ad
1885 4781 2113 4836 pacem.
2133 4766 2244 4823 Se-

577 4834 694 4889 mel
724 4835 784 4889 in
814 4835 1039 4892 saeculo
1071 4852 1365 4892 conversa
1413 4840 1526 4907 est,
1578 4851 1872 4893 conversa
1892 4834 2008 4892 'est
2038 4836 2245 4894 iterata

581 4919 1013 4961 communione.
1054 4931 1077 4955 η

652 4973 764 5051 ('13)
792 4975 1011 5051 Omnes
1042 4977 1205 5045 edit.,
1254 5001 1275 5029 ι
1314 4978 1587 5049 speciosa
1619 4983 1711 5034 est
1739 4980 1896 5035 enim
1926 4994 2240 5051 processu,

581 5044 860 5121 habitasti
892 5047 952 5121 in
983 5062 1258 5121 corpore,
1289 5044 1438 5119 etc.;
1474 5070 1496 5098 ι
1533 5065 1741 5106 omnes
1773 5044 1987 5106 mssfe
2017 5044 2244 5106 contra?

578 5118 669 5173 rio
699 5119 762 5172 ut
790 5133 900 5173 nos
928 5118 989 5173 in
1016 5118 1200 5175 testu.

651 5188 768 5259 ('18)
798 5188 945 5264 Vet._
978 5190 1116 5245 edit.
1171 5207 1304 5264 cum
1332 5208 1481 5248 mss.
1516 5192 1758 5264 aliquot,
1795 5214 1817 5239 κ
1854 5192 1998 5264 illud
2047 5192 2244 5248 exsol-

578 5275 762 5329 vere;
827 5284 848 5310 ι
909 5260 1080 5317 Rom.
1139 5263 1276 5318 edit.
1335 5279 1469 5320 cum
1525 5260 1658 5319 aliis
1725 5260 2025 5319 nonnullis
2089 5280 2238 5319 mss.

586 5355 608 5379 α
645 5331 789 5406 illud
835 5333 1125 5404 exsolve;
1181 5354 1202 5384 ι
1239 5333 1451 5391 melius
1492 5334 1693 5392 caeteri
1725 5333 1879 5406 cod.,
1919 5358 1940 5385 α
1976 5333 2120 5391 illud
2142 5350 2242 5391 ex-

580 5403 873 5459 solveres.
911 5421 935 5454 »

650 5474 764 5545 (Ἠ)
795 5475 959 5549 ΙιιιςθιιΔ
980 5476 1222 5549 praemia
1253 5477 1472 5549 quibus
1519 5477 1778 5535 victores
1807 5477 2024 5534 milites
2055 5476 2242 5533 dona-

578 5547 818 5620 bantur,
852 5546 1071 5620 fuisse
1115 5546 1291 5620 etiam
1347 5552 1593 5620 torques
1639 5549 1933 5620 proditum
1979 5549 2244 5619 reperies

579 5617 733 5690 apud
764 5618 818 5673 J.
852 5616 1119 5689 Lipsium
1148 5618 1248 5674 lib.
1281 5636 1319 5673 v
1346 5619 1435 5676 De
1462 5616 1860 5690 ὶηίΙίιῘΡοιιλ,
1895 5616 2152 5678 (ὶὶιιΙᾙΠ.

2361 1901 2509 1941 nans
2528 1885 2645 1940 sibi
2679 1886 2738 1940 in
2775 1886 3049 1941 omnibus
3090 1886 3265 1941 factis
3283 1886 3399 1941 tuis
3422 1886 3594 1959 gratia
3614 1890 3751 1959 atque
3767 1888 3891 1941 mode-

2362 1976 2530 2046 ratio,
2564 1990 2916 2046 magnorum
2964 1977 3219 2047 aequavit
3267 1974 3519 2048 insignia
3559 1974 3890 2046 triumphorum.

2362 2061 2630 2136 Denique
2662 2064 3062 2120 moderatione
3091 2067 3189 2118 tua
3234 2069 3293 2120 et
3336 2063 3711 2136 tranquillitate
3734 2063 3893 2135 paciﬁca

2362 2168 2472 2207 nec
2501 2151 2684 2209 Gallia
2716 2152 2947 2208 hostem
2985 2153 3197 2221 sensit,
3230 2156 3288 2207 et
3320 2151 3478 2207 Italia
3517 2152 3717 2207 hostem
3739 2152 3892 2223 repulit,

2360 2241 2461 2313 qui
2482 2238 2616 2313 ejus
2640 2239 2857 2295 finibus
2880 2240 3235 2297 imminebat.
3260 2240 3524 2313 Torques
3544 2243 3708 2295 autem
3725 2240 3894 2312 insignia

2360 2344 2499 2385 esse
2538 2329 2803 2386 victoriis
2836 2328 3091 2385 dubitari
3138 2345 3257 2385 non
3288 2332 3480 2400 potest
3519 2327 3637 2399 (Ἡ),
3667 2342 3767 2382 cum
3790 2329 3813 2381 ii
3834 2330 3894 2399 qui

2359 2420 2419 2474 in
2449 2418 2606 2474 bello
2642 2411 2674 2473 1
2695 2410 2836 2475 192
2869 2418 3098 2474 fortiter
3144 2417 3416 2488 fecerint,
3467 2417 3743 2490 torquibus
3775 2416 3895 2470 hono-

2358 2512 2584 2566 rentur.

2428 2596 2518 2652 69.
2549 2620 2571 2644 α
2615 2595 2943 2652 Umbilicus
2983 2602 3120 2652 tuus
3162 2599 3358 2653 crater
3385 2596 3672 2664 tornatilis,
3699 2609 3785 2649 non
3804 2593 3896 2648 deﬁ-

2360 2684 2525 2741 ciens
2549 2685 2721 2740 misto
2758 2686 2889 2756 ('75).
2926 2685 3141 2741 Venter
3162 2690 3303 2741 tuus
3334 2701 3578 2740 acervus
3604 2683 3749 2739 tritici
3768 2682 3898 2737 muniti

2359 2776 2514 2832 inter
2540 2772 2683 2830 lilia.
2727 2775 2945 2829 nervi:
2976 2779 3071 2829 tua
3115 2774 3272 2829 sicut
3321 2775 3505 2830 turris
3545 2772 3772 2828 eburnea.
3794 2770 3895 2825 Oculi

2359 2866 2444 2920 tui
2475 2863 2631 2919 sicut
2689 2866 2899 2936 stagna
2931 2863 2985 2917 in
3036 2863 3278 2919 Esebon
3338 2863 3515 2934 (Ibid.
3553 2863 3676 2933 2-4).
3706 2885 3723 2911 ι
3770 2860 3895 2916 Bonus

2361 2952 2679 3009 umbilicus
2710 2952 2943 3021 animai,
2993 2952 3277 3008 virtutum
3326 2952 3580 3009 omnium
3619 2967 3782 3022 capax,
3805 2951 3896 3003 sicut

2362 3046 2557 3098 crater
2586 3041 2659 3097 ab
2679 3042 2807 3113 ipso
2835 3041 2972 3097 fidei
2993 3046 3231 3096 auctore
3256 3037 3897 3113 tornatus.Sapientiaenin

2362 3131 2421 3187 in
2461 3134 2687 3187 cratere
2716 3131 2953 3186 miscuit
2984 3131 3186 3186 vinum
3215 3147 3412 3196 suum,
3464 3131 3682 3187 dicens:
3710 3153 3728 3176 ιι
3755 3127 3895 3191 Venite,

2363 3221 2515 3277 edite
2564 3236 2746 3291 panos
2777 3236 2964 3288 meos,
3016 3223 3070 3275 et
3112 3219 3298 3275 bibite
3357 3220 3554 3274 vinum
3596 3217 3728 3291 quod
3766 3212 3897 3270 miscui

2360 3309 2534 3366 vobis
2587 3308 2799 3380 (Prov.
2833 3326 2913 3379 ix,
2948 3312 3024 3381 5).
3078 3331 3098 3358 ι
3138 3308 3472 3365 Umbilicus
3506 3322 3639 3382 ergo
3663 3307 3754 3362 iste
3775 3311 3898 3359 torna-

2361 3403 2458 3456 tus
2491 3398 2599 3470 ('76)
2631 3398 2789 3454 omni
2835 3399 3049 3455 decore
3092 3399 3379 3454 virtutum
3424 3413 3536 3454 non
3580 3396 3745 3452 deﬁcit
3776 3392 3898 3447 misto.

2360 3488 2580 3545 Venter
2636 3501 2872 3560 quoque
2929 3486 3063 3561 ejus
3122 3502 3240 3544 non
3297 3488 3492 3544 solum
3548 3485 3759 3560 justitiie
3804 3481 3901 3535 velut

2363 3577 2745 3634 frumentario
2804 3576 2937 3633 cibo
2996 3577 3368 3649 replebatur,
3427 3576 3531 3633 sed
3592 3575 3737 3631 etiam
3785 3568 3901 3642 gratia

2338 3667 2770 3738 ‘suavitateque
2829 3666 3075 3722 ﬂorebat
3133 3665 3246 3737 (Π)
3316 3667 3473 3722 sicut
3533 3664 3715 3721 lilium.
3765 3657 3903 3715 Cervix

2361 3770 2598 3829 quoque
2629 3754 2765 3828 ejus
2796 3755 3042 3811 candida
3072 3759 3129 3812 et
3159 3771 3328 3827 pura,
3368 3754 3519 3828 jugo
3548 3751 3735 3810 Christi
3770 3751 3902 3819 sponte

2362 3845 2655 3918 subjecta,
2689 3845 3078 3918 cogitationes
3109 3844 3515 3911 rationabiles,
3548 3842 3670 3898 ﬁdei
3695 3839 3818 3903 odor,
3840 3835 3904 3889 cir-

2362 3934 2747 3990 cumcisionis
2805 3933 3064 4003 attentio,
3126 3937 3378 3990 ornatus
3424 3931 3623 4005 capitis
3665 3928 3904 4003 gloriosus;

2362 4024 2518 4096 quod
2546 4040 2661 4080 non
2692 4022 2913 4095 regalia
2943 4021 3289 4092 diademata,
3326 4022 3435 4078 sed
3467 4016 3723 4077 Dominici
3751 4009 3905 4085 sangui-

2361 4113 2456 4168 nis
2487 4112 2745 4185 insiguia
2778 4115 3148 4168 coronarent.

2429 4200 2517 4257 70.
2542 4201 2750 4257 Merito
2770 4204 3046 4273 tanquam
3068 4215 3174 4256 rex
3208 4201 3434 4272 peccati
3468 4199 3663 4267 victor,
3683 4197 3731 4252 et
3756 4190 3904 4248 colest!

2360 4303 2579 4345 corona
2601 4290 2908 4345 redimitus
2939 4290 3224 4359 ascendit,
3251 4289 3432 4362 cujus
3465 4289 3661 4343 animae
3684 4279 3905 4361 dicitDefls

2359 4379 2639 4435 verbum:
2677 4403 2699 4426 σι
2736 4379 2922 4445 Quam
2954 4379 3205 4450 pulchra
3236 4385 3294 4435 et
3324 4379 3531 4433 suavis
3562 4377 3696 4432 facta
3719 4374 3806 4437 est,
3821 4365 3905 4418 cha-

2357 4468 2525 4540 ritas,
2560 4470 2619 4524 in
2648 4469 2860 4525 delicis
2909 4470 3028 4525 tuis
3059 4469 3255 4540 (Cant.
3300 4485 3403 4540 vn,
3435 4467 3528 4536 6)!
3578 4490 3599 4516 ο
3632 4461 3825 4536 pulchra
3843 4468 3906 4524 Ρετ

2429 4612 2541 4684 (Ἷ5)
2590 4611 2738 4684 Mss.
2790 4611 3032 4684 aliquot,
3067 4611 3165 4667 hic
3193 4614 3252 4669 et
3296 4611 3471 4684 infra,
3508 4632 3530 4657 α
3580 4622 3684 4664 non
3712 4598 3907 4684 (tendens

2356 4671 2551 4740 musto
2570 4698 2584 4754 ς
2604 4683 2815 4739 melius
2834 4671 3048 4756 reliqui
3062 4686 3119 4739 et
3136 4687 3367 4739 cunctae
3380 4671 3539 4751 edit.,
3557 4704 3577 4727 υ
3595 4693 3699 4736 non
3711 4671 3905 4759 deﬁgi“?

2361 4752 2592 4840 musto:
2664 4788 2685 4813 -
2756 4752 3050 4840 [ΔίΧάξὴ
3095 4761 3451 4837 iamiam
3492 4764 3672 4840 virs:
3707 4752 3905 4840 0095‘?“

2359 4836 2532 4890 etiam
2563 4824 2716 4906 post,
2750 4824 3050 4891 nonnullis
3079 4824 3229 4906 mss:
3276 4824 3383 4906 p'ro
3432 4824 3633 4906 muniti
3658 4824 3818 4897 legunt
3836 4832 3904 4871 nu-

2363 4908 2507 4971 nuti,
2541 4904 2650 4962 sed
2672 4906 2797 4975 jam
2828 4906 3050 4961 dictum
3079 4910 3171 4960 est
3200 4904 3417 4961 de'hac
3448 4904 3699 4975 lectione.

2429 4965 2543 5046 ('76)
2572 4965 2771 5034 Codex
2801 4978 3057 5049 Remig.,
3093 4997 3116 5027 ι
3152 4976 3315 5049 Ergo
3344 4974 3650 5032 umbilicus
3675 4969 3721 5024 si
3746 4965 3903 5019 stetur-

2342 5052 2553 5117 .natus,
2586 5053 2702 5104 etc.
2733 5065 2766 5117 ῃ

2428 5105 2552 5188 (Ἳ7)’
2573 5120 2652 5174 Ita
2684 5105 2832 5175 mss.
2885 5118 2959 5175 ad
2990 5136 3190 5186 unum,
3223 5118 3337 5184 nisi
3386 5117 3537 5188 quod
3569 5116 3706 5168 sicut
3738 5107 3902 5189 ῃτειςζ·

2357 5182 2603 5266 mittitur
2630 5192 2689 5246 in
2720 5192 2870 5266 bene
2903 5191 3104 5266 multis
3131 5182 3329 5245 :‘edit.
3349 5182 3559 5266 autem,
3594 5182 3903 5266 ιβιέίὶἓξᾞ

2357 5241 2752 5336 EtEt—{ridae
2766 5241 3142 5336 ﬁgi-a533,".
3184 5241 3676 5336 natanata;
3704 5241 3906 5336 adiuuit:

2357 5313 2736 5405 senioris;
2758 5313 3182 5405 signaretur
3228 5313 3417 5405 sane
3448 5328 3594 5383 infra
3637 5313 3907 5405 inomni???

2355 5384 2504 5461 ὲὶιῖῐξ
2519 5384 2609 5459 ἀἱ
2621 5384 2781 5459 ags;
2806 5384 3077 5475 sirena;
3094 5384 3566 5475 ‘I'cagnsaones
3602 5384 3910 5475 rationatiilff;

2355 5479 2491 5552 etc_.,
2532 5496 2552 5526 ι
2583 5491 2706 5552 non
2737 5462 3089 5552 pauci-mss.
3125 5475 3203 5552 ita
3233 5462 3528 5552 e‘ihibcnt,
3551 5490 3584 5552 ,ι
3616 5462 3913 5552 εοξί-ῑξιμξρξξξ

2353 5533 2922 5615 rationabiles-fidei,
2956 5546 3105 5601 odor
3132 5533 3616 5615 circumcisionis,
3645 5533 3837 5589 attentio
3851 5535 3913 5576 or-

2354 5622 2549 5687 natus,
2581 5620 2753 5689 caput
2787 5608 3133 5689 gloriosum.
3172 5638 3193 5665 »
3231 5616 3424 5671 Minus
3456 5608 3731 5667 concinne.
