4060 6178
99 421 257 486 1441

992 416 1102 482 ΒΕ
1148 417 1408 486 OBITU
1454 415 2066 485 VALENTINIANI
2113 412 2671 486 CONSOLATIO.

3405 420 3572 487 1442

107 625 355 678 virtutis
389 623 687 691 decorem,
723 623 928 677 suavis
960 639 1069 694 per
1100 624 1350 695 gratiam
1385 641 1396 676 :
1430 637 1680 694 procera
1711 624 1788 676 si-
1821 603 1878 665 Α
1904 622 2003 694 qui
2036 625 2254 692 praeter
2283 623 2628 695 eonjugium
2686 625 2969 680 nescierit
3028 626 3262 680 feminm
3322 624 3566 680 alterius

108 718 213 767 cut
245 713 460 782 palma,
497 727 630 782 qua;
663 711 955 765 vincentis
989 715 1080 766 est
1111 715 1438 783 praemium.

181 803 278 870 ᾘ.
318 801 468 854 Huic
499 801 842 855 ascendenti
873 803 1087 857 animis
1118 803 1437 861 Gratianus
1474 808 1656 864 frater
1686 826 1790 864 oc-

109 892 323 960 currit,
357 893 414 944 et
446 889 793 960 complexus
827 906 956 945 eam
989 890 1127 948 dicit
1161 909 1172 948 :
1214 917 1234 938 ιι
1273 894 1402 968 Ego
1435 896 1603 952 fratri
1635 915 1785 967 meo,

106 984 168 1033 et
204 995 389 1050 super
420 994 510 1032 me
545 978 861 1033 conversio
895 978 1030 1050 ejus
1062 980 1239 1048 (Ibid.
1275 983 1364 1053 10)
1394 1000 1407 1053 ;
1447 1009 1467 1032 ιι
1504 985 1596 1040 vel
1630 987 1788 1058 quod

105 1068 231 1122 sibi
263 1083 398 1122 eum
431 1068 624 1137 cupiat
647 1067 1083 1136 inhaerere,'vel
1105 1071 1261 1143 quod
1282 1073 1494 1142 pietate
1529 1074 1788 1130 fraterna

105 1157 288 1228 quasi
323 1156 645 1210 advocatus
665 1156 930 1226 assistat,
952 1157 1158 1212 dicens
1178 1162 1632 1218 conversionem
1649 1163 1782 1234 ejus

107 1247 293 1300 etiam
325 1260 451 1299 suae
483 1245 688 1316 gratia:
721 1244 1175 1315 praeferendam.

178 1333 272 1387 '72.
299 1356 320 1378 ιι
347 1332 514 1402 Veni,
535 1333 742 1404 inquit,
766 1333 948 1390 frater
968 1351 1449 1404 meus,exeamus
1466 1340 1524 1394 in
1547 1356 1782 1413 agrum,

105 1421 566 1493 requiescamus
610 1421 670 1476 in
718 1421 1003 1492 castellis,
1051 1424 1312 1481 diluculo
1357 1443 1680 1500 surgamus
1728 1431 1788 1484 in

108 1511 326 1566 vineas
357 1509 534 1580 (Ibid.
573 1509 658 1581 tt,
693 1509 802 1580 12),
842 1536 862 1559 ιι
903 1511 1016 1566 hoc
1057 1517 1170 1583 est,
1222 1515 1444 1570 venisti
1473 1533 1544 1572 eo
1577 1519 1676 1575 ubi
1709 1519 1790 1573 di-

109 1615 430 1654 versarum
458 1599 740 1654 virtutum
764 1599 998 1654 fructus
1030 1617 1135 1672 pro
1159 1603 1530 1675 singulorum
1560 1607 1787 1661 meritis

109 1688 485 1757 deferuntur,
515 1688 614 1743 ubi
635 1687 933 1743 abundant
955 1691 1297 1746 meritorum
1321 1695 1582 1764 praemia.
1609 1693 1790 1750 Exea-

111 1793 252 1831 mus
285 1792 434 1849 ergo
466 1777 523 1830 in
557 1793 787 1848 agrum,
824 1778 884 1833 in
914 1795 1028 1850 quo
1063 1795 1176 1834 non
1200 1797 1426 1837 vacuus
1457 1782 1645 1851 labor,
1682 1786 1787 1838 sed

113 1865 411 1921 fecundus
447 1868 774 1937 proventus
806 1871 900 1921 est
933 1868 1275 1939 gratiarum.
1327 1869 1491 1935 Quod
1526 1871 1580 1925 in
1612 1873 1788 1927 terris

111 1953 448 2023 seminasti,
485 1953 581 2008 hic
605 1958 756 2008 mete
781 1970 792 2008 :
818 1954 973 2026 quod
1005 1955 1086 2009 ibi
1106 1958 1403 2027 sparsisti,
1431 1959 1527 2013 hic
1547 1961 1783 2034 collige.

1908 711 2420 766 consuetudinem.

1977 801 2066 854 '75.
2103 800 2237 855 Ideo
2269 801 2329 854 in
2363 801 2590 855 foribus
2624 802 2786 857 sedis
2818 819 2945 857 SUEB
2992 803 3169 858 habet
3195 804 3440 876 jfructus
3472 819 3572 874 pa-

1905 893 2090 959 ratos,
2128 904 2235 944 nec
2268 889 2444 962 longe
2477 891 2782 960 petendos.
2835 890 3015 946 Offert
3064 908 3196 964 quae
3243 893 3573 947 servaverit

1908 977 2072 1032 fratri
2104 994 2256 1032 nova
2290 983 2344 1032 et
2377 984 2600 1048 vetera,
2645 979 2757 1034 hoc
2787 983 2896 1046 est,
2932 985 2986 1034 et
3011 981 3372 1035 Testamenti
3395 981 3571 1036 Vete-

1905 1067 2013 1136 ris,
2036 1071 2091 1121 et
2123 1066 2432 1138 Evangelii
2466 1071 2856 1136 sacramenta,
2892 1074 2947 1122 et
2977 1069 3154 1125 dicit:
3181 1093 3201 1116 ιι
3237 1069 3382 1134 Quis
3412 1069 3572 1124 dabit

1909 1159 1985 1223 te,
2026 1155 2230 1223 frater,
2285 1157 2526 1210 fratrem
2575 1157 2717 1212 mihi
2775 1157 3087 1212 lactentem
3134 1158 3318 1212 ubera
3367 1159 3570 1213 matris

1906 1245 2095 1298 meae?
2131 1268 2152 1292 -
2191 1245 2300 1298 hoc
2334 1247 2445 1313 est,
2481 1261 2594 1299 non
2636 1246 2972 1318 quicunque
3003 1249 3078 1314 te,
3135 1247 3240 1301 sed
3272 1247 3568 1314 Christus,

1903 1333 2254 1387 illuminavit
2285 1334 2472 1405 gratia
2505 1334 2776 1404 spiritali.
2815 1335 2915 1390 Ille
2955 1339 3010 1390 te
3059 1336 3391 1406 baptizavit,
3436 1337 3574 1406 quia

1904 1421 2157 1475 humana
2176 1421 2284 1475 tibi
2306 1422 2501 1476 officia
2526 1423 2858 1478 defuerunt.
2892 1424 3035 1478 Plus
3055 1424 3304 1495 adeptus
3338 1427 3450 1493 est,
3472 1425 3574 1494 qui

1906 1511 2134 1565 minora
2159 1514 2215 1564 te
2255 1511 2536 1566 amisisse
2569 1513 2878 1567 credebas.
2912 1512 3054 1578 Quae
3089 1517 3228 1568 sunt
3258 1514 3438 1568 ubera
3471 1511 3574 1567 Ec-

1906 1599 2130 1665 clesiae,
2165 1599 2280 1653 nisi
2313 1605 2687 1654 sacramenta
2717 1600 3088 1672 baptismatis
3111 1603 3138 1656 ?
3176 1601 3244 1656 Et
3288 1602 3439 1658 bene
3471 1603 3568 1670 ait,

1906 1686 2246 1756 lactentem,
2281 1689 2451 1758 quasi
2481 1704 2616 1742 eum
2664 1689 2766 1760 qui
2817 1689 3146 1759 baptizatus
3195 1691 3364 1745 lactis
3416 1691 3574 1746 nivei

1905 1792 2155 1830 succum
2187 1777 2466 1847 requirat.
2505 1799 2526 1822 ιι
2563 1776 2897 1846 lnveniens,
2930 1778 3138 1848 inquit,
3173 1783 3228 1833 te
3262 1779 3431 1848 foris,
3468 1795 3572 1834 os-

1905 1863 2153 1918 culabor
2185 1867 2259 1932 te,
2301 1888 2322 1912 ιι
2362 1863 2474 1918 lioc
2504 1867 2617 1932 est,
2671 1868 2836 1918 extra
2885 1881 3105 1935 corpus
3150 1869 3204 1920 te
3243 1868 3571 1937 reperiens,

1904 1953 2112 2008 osculo
2134 1953 2400 2023 mysticae
2424 1953 2589 2024 pacis
2623 1954 2961 2024 amplectar.
3002 1953 3188 2009 Nemo
3221 1959 3276 2008 te
3307 1961 3571 2025 spernet,

112 2045 231 2096 Aut
262 2046 425 2098 certe
457 2041 591 2096 veni
625 2042 683 2096 in
717 2023 879 2097 illum
911 2023 1264 2116 agrum,—qui
1288 2023 1550 2102 est-odor
1580 2023 1784 2114 Jacob,
1819 2023 1872 2086 Β
1904 2041 2102 2096 nullus
2132 2023 2437 2110 excludet,
2462 2042 2519 2094 in
2553 2023 2870 2112 penetralia
2889 2046 2944 2096 te
2965 2045 3019 2095 et
3039 2059 3252 2098 arcana
3283 2023 3573 2100 Ecclesite

112 2131 228 2187 hoc
261 2135 373 2198 est,
409 2131 542 2185 veni
576 2131 634 2184 in
666 2131 958 2202 gremium
991 2131 1197 2203 Jacob,
1232 2140 1298 2188 ut
1331 2135 1489 2189 sicut
1530 2136 1789 2192 Lazarus

110 2236 341 2290 pauper
368 2220 428 2274 in
458 2219 715 2274 Abrahae
750 2220 883 2274 sinu
914 2219 1075 2289 (Luc.
1109 2239 1232 2292 xw,
1266 2222 1379 2293 2‘2),
1415 2224 1491 2278 ita
1525 2226 1698 2280 etiam
1728 2229 1788 2280 tu

111 2309 170 2361 in
204 2308 394 2362 Jacob
427 2307 782 2378 patriarchae
835 2309 1252 2380 tranquillitate
1301 2313 1620 2382 quiescas;
1653 2313 1788 2368 sinu

111 2398 271 2450 enim
307 2396 779 2467 patriarcharum
819 2412 1104 2452 recessus
1138 2399 1376 2471 quidam
1425 2406 1516 2455 est
1571 2403 1788 2474 quietis

111 2491 378 2540 aeternae.
415 2485 621 2540 Merito
662 2501 808 2558 ergo
855 2486 1039 2541 Jacob
1083 2503 1227 2560 ager
1279 2493 1370 2544 est
1417 2489 1786 2562 fructuosus,

111 2576 272 2628 sicut
304 2575 468 2629 lsaac
501 2575 832 2645 patriarcha
862 2577 1116 2630 testatus
1157 2581 1250 2631 est
1281 2577 1488 2633 dicens
1525 2595 1536 2634 :
1575 2603 1597 2627 ιι
1635 2579 1790 2636 Ecce

111 2665 266 2718 odor
298 2663 400 2718 filii
430 2664 545 2718 mei
577 2669 854 2735 tanquam
902 2665 1048 2719 odor
1091 2667 1220 2737 agri
1265 2668 1444 2739 pleni,
1476 2684 1651 2740 quem
1682 2670 1790 2724 be-

112 2752 341 2808 nedixit
372 2752 656 2807 Dominus
688 2751 862 2822 (Gen.
885 2770 1068 2820 xxvu,
1102 2754 1190 2808 ‘27.
1232 2779 1253 2801 ιι

182 2841 275 2895 '73.
318 2864 338 2890 ι
386 2842 881 2913 ιίθίιυὶθεοεωιιε,
933 2843 1140 2914 inquit,
1175 2843 1233 2897 in
1279 2845 1543 2901 castellis
1591 2847 1785 2916 (Cant.

110 2949 193 2986 vu
215 2974 229 3000 ,
277 2930 366 3000 11)
393 2971 406 2999 ,
455 2954 476 2977 ιι
521 2930 842 2984 ostendens
873 2929 991 2985 illic
1024 2947 1162 2987 esse
1195 2934 1461 3005 requiem
1495 2937 1785 3007 tutiorem,

109 3037 270 3094 quis,
316 3024 484 3089 septo
525 3019 789 3073 ewlestis
831 3019 1048 3090 refugii
1079 3022 1297 3076 munita
1331 3027 1504 3095 atque
1544 3025 1782 3095 vallata,

110 3127 235 3166 non
275 3110 618 3181 exagitetur
646 3108 1025 3164 saecularium
1059 3111 1403 3167 incursibus
1434 3113 1783 3170 bestiarum.

182 3199 275 3254 Ἠ.
318 3221 338 3245 ιι
377 3197 438 3252 ln
469 3197 724 3268 foribus,
759 3198 980 3298 inquit,-
1000 3201 1227 3254 nostris
1260 3216 1468 3257 omnes
1501 3203 1660 3258 fetus
1695 3221 1785 3257 ar-
1821 3237 1871 3298 Ο

107 3289 330 3343 borum
363 3304 374 3342 :
412 3302 563 3341 nova
592 3291 644 3341 et
678 3291 898 3356 vetera,
954 3287 1140 3342 frater
1184 3305 1374 3359 meus,
1413 3293 1652 3346 servavi
1685 3292 1787 3347 tibi

106 3376 295 3447 (Ibid.
331 3376 438 3444 13).
479 3399 502 3423 ιι
536 3374 682 3439 Quis
705 3375 866 3430 dabit
885 3380 959 3445 te,
995 3376 1178 3432 frater
1196 3377 1329 3449 ('78),
1357 3379 1598 3434 fratrem
1622 3380 1783 3446 mihi,

107 3467 427 3520 lactentem
459 3463 644 3519 ubera
677 3465 884 3518 matris
916 3481 1063 3519 meai
1085 3467 1113 3519 ?
1147 3467 1462 3522 lnveniens
1509 3472 1565 3524 te
1615 3470 1786 3539 foris,

107 3554 440 3609 osculabor
470 3558 560 3622 te;
597 3553 790 3617 1193
819 3558 874 3609 et
905 3554 1140 3626 quidem
1185 3572 1300 3611 non
1332 3563 1614 3628 spernent
1647 3575 1738 3613 me
1772 3575 1784 3614 :

105 3659 420 3698 assumam
451 3647 526 3712 te,
561 3646 617 3698 et
647 3643 921 3696 inducam
950 3647 1005 3697 te
1036 3643 1096 3697 in
1127 3644 1364 3699 domum
1387 3647 1592 3701 matris
1615 3663 1785 3718 meas,

107 3738 168 3788 et
201 3733 260 3786 in
292 3735 592 3801 secretum
624 3730 759 3802 ejus
789 3747 922 3802 quis
955 3734 1224 3802 concepit
1245 3749 1356 3788 me.
1397 3734 1602 3790 Potum
1635 3737 1788 3791 dabo

107 3821 218 3876 tibi
249 3838 283 3876 a
315 3821 452 3876 vino
483 3821 1051 3893 operosiunguenti,
1077 3838 1109 3875 a
1132 3822 1294 3878 tluxu
1326 3823 1614 3878 malorum
1645 3841 1783 3896 gra-

108 3917 388 3967 natorum
419 3925 702 3965 meorum.
740 3909 916 3965 Laeva
949 3909 1084 3983 ejus
1115 3911 1229 3966 sub
1275 3916 1449 3984 caput
1480 3928 1695 3984 meum,
1732 3917 1789 3968 et

105 4002 358 4056 dextera
374 3997 509 4071 ejus
543 3999 968 4069 complectetur
1011 4015 1104 4055 me
1153 4000 1349 4070 (Cant.
1382 4017 1484 4071 vu,
1518 3999 1619 4073 l3;
1653 4018 1784 4070 vui,

107 4089 246 4160 1-8).
289 4111 312 4135 ι
333 4087 627 4143 Promittit
655 4085 825 4141 fratri
857 4091 1129 4162 augustae
1149 4090 1450 4146 memoriis
1468 4089 1786 4146 Gratianus

106 4180 340 4250 praesto
372 4175 489 4231 sibi
520 4175 752 4231 fructus
782 4175 1154 4231 diversarum
1173 4193 1312 4234 esse
1331 4179 1610 4234 virtutum
1639 4194 1653 4248 ;
1679 4177 1787 4236 fuit

106 4267 272 4322 enim
305 4269 361 4320 et
407 4264 537 4336 ipse
579 4263 772 4319 fidelis
823 4265 882 4318 in
929 4264 1178 4321 Domino
1226 4265 1360 4338 ('79),
1420 4268 1555 4338 pius
1611 4273 1786 4339 atque

105 4358 489 4424 mansuetus,
521 4369 671 4425 puro
701 4353 903 4408 corde.
937 4351 1069 4408 Fuit
1098 4356 1272 4410 etiam
1302 4361 1506 4412 castus
1540 4372 1787 4428 corpore

178 4515 304 4585 ('78)
339 4515 508 4570 Rom.
541 4513 680 4569 edit.
715 4514 843 4570 sola
876 4514 972 4569 hic
1001 4517 1059 4569 et
1089 4514 1242 4570 infra
1277 4531 1289 4570 :
1329 4540 1350 4562 -
1385 4514 1533 4580 Quis
1555 4516 1717 4572 dabit
1733 4520 1789 4572 te

98 4586 401 4642 fratrem?
436 4609 458 4633 ιι
497 4586 684 4640 Biblia
717 4591 922 4640 sancta
956 4585 1211 4641 fratrem
1250 4588 1540 4657 omittunt.

171 4631 460 4726 aesaes
493 4631 1604 4714 ιῖιὶῖιῖλῖῖῶῖιῖεἷιὶξξίῖυἰῖιιῖςέὅῖ-Ξὶἶᾘηί
1637 4659 1785 4714 cele-
1820 4631 1874 4692 Ι)

102 4729 278 4794 brat;
318 4744 509 4800 neque
541 4729 696 4782 enim
728 4729 801 4782 de
832 4728 994 4800 ipsis
1014 4729 1242 4782 minora
1259 4745 1435 4800 quam
1465 4730 1561 4784 ille
1595 4731 1789 4800 prodi-

103 4802 330 4855 derunt
390 4798 644 4854 Rufinus
695 4799 795 4853 lib.
831 4816 868 4852 ιι
916 4798 1118 4867 Hist.,
1169 4798 1298 4870 cap.
1355 4801 1458 4864 13;
1509 4798 1789 4856 Paulinus

105 4871 524 4953 Aquileiensis
555 4870 661 4953 lib.
682 4887 766 4924 xu
795 4870 979 4953 Hist.,
1003 4874 1060 4924 et
1077 4871 1457 4953 Ausoniusin
1478 4871 1786 4953 Paneqyr.

177 4941 299 5013 (80)
332 4943 481 4996 Mss.
515 4941 808 5012 plerique,
847 4962 868 4990 ι
903 4945 960 4996 et
993 4942 1131 5014 quia
1152 4957 1263 5012 pro
1295 4942 1513 4997 ofticio.
1550 4941 1788 4998 Minime
1828 4974 1833 4978 -

112 5014 303 5156 ωῗὲῗᾷ
339 5083 449 5139 Hic
481 5083 693 5156 allusio
725 5082 1038 5156 manifesta
1069 5088 1160 5139 cst
1189 5083 1261 5138 ad
1307 5085 1440 5140 illos
1473 5084 1622 5139 duos
1656 5083 1790 5138 Vir-

107 5155 244 5230 gilii
279 5155 499 5210 versus
531 5171 562 5210 e
593 5155 696 5226 lib,
732 5171 788 5208 vx
821 5155 1057 5210 Eneid
1087 5175 1104 5208 .-

203 5261 486 5312 F'ortunati
518 5262 670 5310 ambo
700 5259 711 5309 !
746 5261 790 5309 si
824 5261 951 5323 quid
987 5275 1099 5310 mea
1136 5261 1366 5312 carmina
1393 5268 1634 5323 possunt,

206 5325 370 5373 Nulla
394 5325 508 5372 dies
539 5338 772 5386 unquam
804 5325 1019 5373 memori
1050 5338 1146 5372 vos
1170 5325 1361 5373 eximet
1383 5339 1516 5376 aevo.

180 5424 299 5498 (82)
332 5423 619 5498 Nonnulli
651 5439 824 5493 mss.,
864 5446 914 5498 «ειΔ
939 5422 1100 5498 nulla
1129 5439 1261 5498 _vox
1293 5439 1303 5476 :
1345 5448 1366 5469 »
1410 5423 1624 5498 melius
1670 5421 1789 5498 alii,

103 5499 166 5554 et
192 5493 346 5552 'edit.
388 5517 411 5541 ιι
439 5494 600 5550 nulla
631 5509 784 5565 nox;
824 5518 844 5542 ν
902 5493 998 5548 hic
1046 5495 1202 5550 enim
1253 5493 1503 5563 spondet
1548 5497 1794 5547 sanctus

105 5567 350 5639 praesul
408 5582 548 5639 non,
583 5567 779 5639 solum
808 5565 1084 5636 interdiu,
1139 5581 1344 5639 verum
1397 5565 1571 5618 etiam
1618 5566 1795 5639 noctu

100 5631 217 5710 pro
249 5637 655 5710 Valentiniani
684 5637 880 5710 quiete
914 5631 1270 5710 oraturum._
1294 5631 1440 5710 Cum
1501 5649 1697 5710 porro_
1712 5637 1796 5686 tot

103 5704 233 5766 sint
267 5709 387 5765 loci
421 5713 479 5763 et
505 5709 564 5763 in
596 5704 767 5778 libris
799 5707 887 5764 De
921 5722 1176 5778 excessu
1224 5706 1456 5778 Satyri,
1509 5711 1563 5759 et
1596 5705 1653 5758 in
1685 5704 1796 5778 hac

102 5779 513 5862 sequentique
587 5777 882 5854 Oratione,
914 5777 1133 5855 quibus
1176 5774 1420 5856 precum
1442 5774 1529 5833 ac
1561 5774 1797 5834 sacriﬁ-

1905 2129 2115 2183 matris
2148 2129 2442 2198 inducam,
2475 2133 2531 2184 et
2563 2129 2621 2183 in
2654 2130 2845 2184 omnia
2877 2134 3110 2185 secreta
3161 2131 3422 2201 mysterii
3449 2147 3464 2202 ;
3511 2137 3574 2188 ut

1907 2219 2078 2273 bibas
2110 2219 2386 2290 poculum
2419 2218 2625 2289 gratiae
2657 2218 2962 2288 spiritalis.
3301 2287 3306 2296 ﬁ

1975 2306 2065 2360 ’76.
2123 2307 2508 2376 Amplexatus
2551 2306 2733 2378 igitur
2789 2307 3050 2375 fratrem,
3103 2308 3395 2364 deducere
3440 2325 3576 2365 eum

1908 2395 2086 2466 coepit
2117 2396 2185 2449 ad
2219 2396 2517 2466 propriam
2548 2394 2916 2449 mansionem
2951 2410 2962 2450 :
2997 2399 3053 2450 et
3083 2397 3219 2468 quia
3248 2398 3344 2468 pio
3376 2399 3572 2455 officio

1908 2485 2018 2554 (80)
2078 2483 2151 2538 ad
2198 2483 2477 2539 ulteriora
2530 2486 2931 2554 processerat,
2985 2501 3118 2539 cum
3167 2487 3348 2542 fratre
3399 2487 3576 2559 cmpit

1905 2573 2254 2640 ascendere,
2287 2574 2496 2643 petens
2559 2575 2618 2626 ut
2649 2572 2765 2626 sibi
2795 2577 2851 2626 et
2883 2573 3046 2628 fratri
3072 2574 3261 2646 major
3281 2574 3403 2630 illic
3434 2577 3571 2631 cha-

1904 2661 2050 2716 ritas
2081 2666 2403 2734 augeatur;
2436 2676 2505 2714 eo
2538 2660 2695 2731 quod
2741 2661 2878 2714 vitia
2911 2661 3163 2717 humana
3211 2664 3569 2735 defecerant,

1904 2750 2122 2805 invidia
2180 2754 2353 2821 atque
2392 2748 2696 2820 jactantia,
2744 2765 2876 2821 quae
2918 2752 2976 2805 in
3026 2753 3328 2824 plerisque
3379 2753 3574 2809 solent

1905 2840 2180 2894 fraternae
2201 2839 2444 2910 pietatis
2473 2837 2608 2909 jura
2639 2855 2912 2894 vacuare.

1972 2929 2060 2983 7'7.
2095 2928 2377 2983 Videntes
2409 2943 2515 2983 eos
2546 2928 2638 2983 vel
2665 2929 2880 3000 angeli,
2902 2930 2994 2984 vel
3014 2929 3388 3000 aliaaanimaa,
3414 2948 3572 3004 quae-

1903 3022 2037 3072 runt
2067 3017 2139 3072 ab
2171 3017 2266 3087 iis,
2303 3033 2435 3088 quae
2458 3017 2638 3072 veluti
2672 3018 2947 3074 comitatu
2981 3035 3090 3074 suo
3123 3019 3338 3076 fratres
3371 3021 3482 3076 hos
3517 3027 3572 3078 et

1903 3107 2100 3162 ofﬁcio
2155 3106 2543 3174 deducebant,
2594 3107 2860 3161 dicentes
2909 3123 2920 3160 :
2981 3107 3177 3171 1194
3229 3132 3249 3158 ιι
3300 3108 3443 3175 Qum
3478 3118 3568 3167 est

1902 3195 2032 3250 haec
2065 3212 2199 3266 qua:
2232 3195 2499 3250 ascendit
2521 3195 2790 3265 candida,
2832 3197 3095 3251 innitens
3127 3213 3310 3267 super
3337 3199 3577 3255 fratrem

1903 3299 2080 3338 suum
2119 3283 2317 3353 (Cant.
2344 3300 2467 3352 vui,
2509 3285 2614 3352 5)?
2641 3308 2662 3331 ιι
2686 3284 2810 3338 Nec
2833 3300 2942 3338 nos
2973 3285 3211 3356 quidem
3233 3285 3571 3343 dubitemus

1903 3371 1975 3426 de
2008 3372 2235 3426 meritis
2269 3371 2680 3441 Valentiniani,
2714 3372 2821 3427 sed
2846 3371 2969 3443 jam
2993 3374 3308 3429 credamus
3328 3375 3421 3429 vel
3453 3378 3572 3430 tes-

1903 3461 2163 3516 timoniis
2185 3461 2555 3534 angelorum,
2575 3477 2691 3533 quo
2723 3461 2958 3516 detersa
2976 3462 3106 3517 labe
3128 3464 3375 3534 peccati,
3397 3464 3571 3520 ablu-

1905 3554 2001 3606 tus
2035 3552 2318 3620 ascensit,
2352 3567 2527 3622 quem
2577 3567 2684 3604 sua
2729 3551 2878 3606 fides
2907 3550 3074 3621 lavit,
3105 3555 3161 3606 et
3191 3553 3391 3622 petitio
3424 3569 3571 3609 con-

1907 3639 2184 3694 secravit.
2227 3638 2551 3694 Credamus
2583 3643 2639 3694 et
2670 3640 2824 3693 sicut
2853 3639 2952 3693 alii
2983 3639 3220 3710 habent,
3254 3643 3392 3712 quia
3428 3664 3448 3691 ιι
3478 3658 3571 3696 as-

1907 3728 2104 3784 cendit
2125 3745 2158 3781 a
2190 3727 2428 3782 deserto
2461 3726 2686 3797 (Ibid.),
2724 3751 2746 3776 ιι
2782 3727 2896 3782 hoc
2927 3732 3038 3798 est,
3072 3745 3148 3782 ex
3181 3729 3292 3784 hoc
3323 3731 3488 3786 arido
3517 3735 3576 3785 et

1907 3816 2127 3872 inculto
2159 3815 2292 3871 loco
2324 3815 2395 3869 ad
2429 3815 2561 3869 illas
2597 3815 2942 3871 ﬂorulentas
2986 3816 3432 3888 delectationes,
3465 3819 3569 3874 ubi

1907 3922 2039 3968 cum
2071 3905 2251 3960 fratre
2283 3903 2640 3976 conjunctus
2672 3907 2908 3961 aeterne
2940 3906 3076 3962 vita:
3109 3906 3326 3962 fruitur
3358 3907 3575 3979 volup-

1905 3998 2042 4051 tate.

1973 4082 2062 4139 78.
2098 4083 2264 4138 Beati
2291 4083 2486 4154 ambo,
2522 4083 2576 4138 si
2605 4083 2746 4156 quid
2781 4099 2926 4141 mea:
2959 4085 3260 4142 orationes
3290 4085 3573 4144 valebunt

1903 4169 2054 4242 (81);
2091 4172 2246 4226 nulla
2280 4172 2408 4228 dies
2441 4188 2549 4228 vos
2582 4173 2816 4230 silentio
2848 4173 3190 4245 praeteribit,
3216 4175 3372 4229 nulla
3407 4174 3574 4230 inho-

1903 4266 2146 4315 noratos
2179 4275 2289 4316 vos
2320 4276 2450 4315 mea
2480 4261 2975 4330 transibitoratio,
2997 4262 3155 4318 nulla
3187 4263 3436 4334 nox(82)
3457 4280 3573 4318 non

1903 4348 2153 4404 donatos
2183 4348 2376 4420 aliqua
2407 4363 2650 4420 precum
2682 4365 2948 4406 mearum
2977 4352 3351 4406 contextione
3369 4353 3569 4405 trans-

1904 4510 2132 4564 ciorum
2162 4523 2270 4578 pro
2301 4505 2672 4578 vitafunctis
2693 4506 3092 4563 institutorum
3140 4524 3292 4563 usus
3329 4523 3574 4564 assera-

1904 4586 2018 4646 tur,
2051 4583 2113 4633 ut
2143 4577 2336 4632 tamen
2368 4577 2463 4631 alii
2493 4579 2794 4644 abessent,
2831 4579 2924 4632 hic
2954 4595 3110 4632 unus
3143 4579 3448 4634 sufﬁceret
3478 4595 3568 4634 as-

1905 4651 2174 4706 truendae
2206 4649 2396 4703 eidem
2429 4649 2684 4702 veritati.
2717 4649 2833 4703 Sed
2866 4663 2982 4702 non
3012 4650 3182 4703 solus
3214 4649 3572 4705 Ambrosius

1907 4723 2065 4776 illam
2099 4724 2390 4788 testatur;
2436 4719 2532 4774 alii
2575 4734 2811 4789 quoque
2850 4721 3056 4774 Patres
3097 4735 3169 4774 eo
3213 4725 3576 4776 concurrunt

1905 4797 2062 4847 tanta
2095 4791 2446 4862 frequentia,
2475 4794 2535 4844 ut
2566 4790 3384 4862 heterodoxiantiquitatatem
3407 4790 3570 4862 ejus-

1905 4865 2039 4918 dem
2071 4860 2222 4916 usus
2253 4875 2583 4932 agnoscere
2615 4861 2822 4926 coacti,
2869 4862 3268 4932 tantummodo
3301 4860 3575 4917 effectum

1907 4951 1976 4989 ac
2008 4937 2182 4988 tinem
2213 4931 3076 5014 ipsius‘obrscurare‘variisquc
3101 4933 3573 5014 strophisimp-li-

1908 5020 2046 5060 care
2079 5004 2271 5058 conati
2314 5004 2451 5074 sint.
2501 5002 2962 5072 Respondebant
2985 5002 3096 5057 his
3149 5002 3386 5074 quidem
3434 5002 3574 5059 olim

1909 5076 2206 5132 communi
2237 5090 2303 5128 ac
2335 5073 3004 5157 sui-temporilepinioni.
3034 5073 3240 5157 Patres
3273 5075 3573 5157 cessisse;

1908 5162 2116 5202 verum
2148 5160 2280 5200 cum
2313 5161 2344 5198 a
2375 5145 2488 5216 fide
2520 5145 2820 5216 videretur
2849 5145 3086 5216 omnino
3119 5145 3393 5216 alienum,
3419 5145 3573 5202 utilli

1908 5219 2024 5272 viri
2054 5222 2169 5271 tam
2201 5216 2382 5270 claris
2412 5215 2775 5287 Christiana3_
2809 5215 3120 5287 religionis
3151 5215 3471 5272 luminibus
3501 5217 3574 5270 il-

1911 5288 2164 5356 lustrati,
2197 5287 2678 5357 tantoquerillius
2729 5285 2801 5340 ab
2853 5285 3010 5342 omni
3052 5287 3182 5342 labe
3232 5306 3298 5342 ac
3347 5287 3573 5341 macula

1911 5359 2282 5414 vindicanda
2335 5356 2633 5411 desiderio
2679 5357 3037 5428 inﬂammati,
3081 5360 3234 5413 hunc
3285 5373 3568 5424 errorem,

1913 5433 1966 5486 si
2014 5429 2252 5501 quidem
2296 5443 2467 5483 error
2500 5428 2593 5501 hic
2625 5433 2809 5494 esset,
2853 5445 2970 5484 non
3017 5429 3572 5501 deprehendissent,

1913 5507 2010 5558 aut
2033 5498 2478 5571 deprehensum
2522 5500 2738 5571 ignava
2785 5504 2842 5554 et
2891 5501 3045 5570 turpi
3086 5498 3574 5571 pi-mvaricatione
3649 5566 3651 5568 η

1914 5589 2029 5629 non
2063 5570 2176 5627 tam
2208 5570 2730 5642 dissimulassent,
2787 5586 2962 5641 quam
3010 5570 3505 5642 conﬁrmassent;
3540 5583 3574 5622 a

1915 5642 2352 5699 recentioribus
2385 5641 2620 5696 deserta
2652 5639 2758 5696 fuit
2779 5639 2847 5696 ea
2870 5641 3200 5710 responsio.
3234 5639 3432 5710 Itaque
3450 5641 3576 5692 An-

1913 5714 1996 5787 gli
2027 5715 2287 5791 editores
2317 5711 2573 5791 Operum
2600 5711 2916 5791 Cypriani,
2945 5708 3008 5764 ut
3037 5708 3218 5791 hujus
3252 5708 3439 5791 sancti
3468 5725 3578 5765 an-

1915 5777 2244 5847 Etoritatem
2273 5777 2387 5843 haé
2415 5784 2475 5844 in
2505 5799 2568 5842 re
2619 5777 2941 5853 eluderent,
2975 5777 3220 5838 multum
3250 5779 3357 5838 sed
3387 5780 3444 5842 in
3474 5797 3578 5847 va.
