4162 6192
541 250 700 321 1443

1913 252 1978 313 s.
2011 235 2464 314 AMBROSII.

3856 244 4005 310 1444

543 456 745 512 curret
794 471 806 509 :
855 444 1132 509 omnibus
1185 463 1297 508 vos
1358 446 1757 509 oblationibus
1803 451 2215 524 frequentabo.
2245 431 2305 494 Α
2336 450 2396 506 ni
2426 450 2643 523 sagitta
2672 465 2793 506 non
2836 451 2930 505 est
2974 458 3218 504 reversa
3266 449 3460 518 retro,
3511 452 3569 504 et
3610 446 4002 502 Valentiniani

541 545 688 610 Quis
719 541 1058 614 prohibebit
1096 542 1373 597 innoxios
1411 542 1763 597 nominare?
1810 540 1958 606 Quis
2000 540 2221 595 vetabit

546 632 1077 690 commendationis
1109 632 1531 702 prosecutiono
1564 630 1914 701 complecti?
1938 652 1959 680 ι
1981 630 2042 684 Si
2074 629 2221 684 obli-

543 726 641 779 tus
672 722 842 778 fuero
872 724 951 791 te,
987 723 1190 776 sancta
1224 721 1579 789 Jerusalem,
1636 741 1657 768 ι
1709 718 1820 774 hoc
1870 722 1981 787 est,
2017 721 2221 772 sancta

544 811 759 882 anima,
792 811 888 883 pia
935 813 992 866 et
1033 810 1281 882 paciﬁca
1330 808 1710 883 germanitas,
1762 831 1784 856 α
1837 807 2223 863 obliviscatur

544 918 639 958 me
671 902 917 957 dextera
960 916 1091 955 mea
1124 915 1137 955 :
1172 900 1472 955 adhaereat
1520 898 1722 970 lingua
1766 913 1895 952 mea
1945 895 2221 950 faucibus

547 991 719 1060 meis,
754 990 809 1046 si
836 1006 953 1045 non
984 989 1308 1044 meminero
1340 987 1443 1057 tui,
1478 987 1531 1042 si
1564 1002 1682 1042 non
1701 986 2025 1041 meminero
2045 985 2222 1040 Jeru-

548 1080 734 1136 salem
765 1079 824 1132 in
851 1077 1142 1148 principio
1156 1092 1304 1132 meae
1335 1075 1553 1131 laetitiae
1571 1073 1760 1145 (Psal.
1796 1090 2035 1139 cxxxw,
2055 1074 2110 1141 5,
2142 1069 2219 1143 6).

548 1170 684 1241 Ipse
712 1183 805 1223 me
836 1166 1033 1237 citius,
1066 1182 1240 1239 quam
1270 1181 1381 1220 vos
1400 1164 1725 1219 obliviscar
1757 1178 1770 1219 :
1805 1166 1862 1218 et
1892 1163 1945 1217 si
1964 1177 2223 1233 unquam

552 1273 751 1314 sermo
781 1256 1018 1325 tacebit,
1050 1256 1325 1326 loquetur
1354 1252 1629 1309 allectus:
1652 1257 1707 1308 et
1740 1253 1791 1307 si
1826 1266 1944 1307 vox
1967 1250 2220 1320 deﬁciet,

550 1363 668 1403 non
697 1346 931 1401 deﬁciet
961 1345 1168 1417 gratia,
1203 1360 1336 1416 quae
1382 1344 1531 1398 meis
1584 1346 1675 1397 est
1722 1341 1904 1396 inﬁxa
1948 1355 2214 1413 praecor-

556 1436 693 1491 diis.

620 1524 711 1580 79.
772 1522 1079 1590 Quomodo
1143 1523 1487 1579 ceciderunt
1540 1521 1865 1592 potentes?
1921 1517 2225 1584 Quomodo

552 1616 802 1686 uterque
833 1628 1017 1683 super
1054 1611 1153 1667 illa
1183 1610 1506 1682 Babylonis
1553 1608 1895 1664 ceciderunt
1940 1607 2223 1661 ﬁumina?

551 1703 857 1769 Quomodo
885 1701 1181 1772 rapidiore
1213 1700 1522 1770 utriusque
1554 1698 1689 1752 vitaa
1725 1697 1889 1753 fuere
1922 1694 2227 1751 curricula

555 1792 688 1862 (85),
738 1807 912 1862 quam
955 1789 1148 1860 ipsius
1195 1787 1467 1843 Rhodani
1501 1790 1641 1841 sunt
1685 1786 1946 1840 ﬂuenta?
1977 1784 2023 1840 Ο
2082 1783 2229 1838 mihi
2256 1781 2307 1843 Β

554 1879 832 1935 Gratiane
874 1881 932 1933 et
980 1876 1387 1932 Valentiniano
1437 1874 1701 1946 speciosi
1743 1877 1800 1929 et
1846 1873 2224 1942 charissimi,

553 1984 732 2041 quam
760 1968 1015 2039 augusto
1048 1965 1221 2021 vitam
1255 1965 1370 2020 ﬁne
1406 1964 1708 2019 clausistis
1730 1962 1743 2020 l
1765 1978 1940 2035 quam
1961 1962 2229 2034 proxima

554 2057 731 2114 vobis
760 2056 968 2112 mortis
998 2056 1165 2111 fuere
1197 2051 1669 2125 conﬁnialquam
1694 2052 1973 2124 sepulcra
1992 2051 2185 2106 vicina
2211 2048 2224 2105 l

554 2146 851 2216 Gratiane,
882 2145 1143 2218 inquam,
1178 2146 1235 2199 et
1262 2142 1687 2210 Valentiniane,
1706 2141 1761 2197 in
1778 2141 1998 2196 vestris
2031 2139 2226 2195 nomi-

555 2236 735 2292 nibus
762 2232 1272 2306 adhwrerejuvat,
1304 2235 1477 2304 atque
1500 2230 1751 2286 delectat
1781 2230 1841 2286 in
1871 2230 2055 2285 vestri
2076 2245 2227 2284 com-

556 2324 978 2381 memoratione
1008 2321 1411 2394 requiescere.
1463 2319 1510 2375 Ο
1555 2319 1832 2374 omnibus
1859 2318 2136 2373 Gratiane
2172 2321 2229 2373 et

557 2412 965 2469 Valentiniano
997 2410 1329 2483 speciosiﬁet
1351 2407 1692 2464 charissimi
1719 2406 1734 2462 l
1789 2406 2227 2478 lnseparabiles

558 2502 620 2558 in
650 2502 790 2573 vita,
822 2504 881 2557 et
910 2501 970 2556 in
1008 2502 1195 2555 morte
1225 2514 1344 2554 non
1388 2498 1539 2554 estis
1587 2496 1845 2568 separati
1889 2496 1978 2566 (II
2004 2496 2151 2568 Reg.
2186 2512 2225 2566 ι,

558 2590 670 2662 23).
703 2590 837 2646 Non
865 2605 978 2644 vos
1008 2588 1294 2644 discrevit
1323 2585 1608 2656 tumulus,
1651 2600 1805 2657 quos
1851 2600 1969 2642 non
2001 2584 2227 2639 discer-

559 2679 737 2736 nebat
765 2677 1015 2734 aﬁ'ectus
1053 2679 1083 2741 1
1103 2677 1245 2741 195
1278 2676 1410 2731 Non
1442 2691 1623 2730 causa
1668 2674 1875 2730 mortis
1908 2675 2226 2757 separavit,

560 2783 713 2840 quos
735 2767 925 2838 pietas
957 2782 1071 2822 una
1111 2764 1426 2838 jungebat.
1474 2765 1607 2820 Non
1639 2764 1917 2819 virtutum
1949 2763 2232 2821 distantia

562 2858 836 2929 dispares
850 2855 1169 2927 fecit,quos
1185 2854 1398 2927 religio
1412 2870 1525 2910 una
1540 2852 1794 2909 fovebat.
1810 2852 2004 2925 Super
2016 2852 2232 2907 colum-

560 2946 672 3002 bas
686 2944 1295 3016 simpliciores,super
1307 2942 1538 3015 aquilas
1556 2942 2025 3013 leviores,super
2041 2957 2232 3014 agnos

2330 540 2562 611 justitia
2595 555 2713 594 non
2733 538 2843 593 fuit
2870 554 3078 607 vacua,
3113 552 3223 593 nec
3253 537 3448 590 inanis
3477 537 3830 590 auctoritas.
3866 535 4012 601 Quo-

2336 628 2510 684 modo
2544 628 2674 681 sine
2707 644 2907 700 pugna
2940 627 3285 682 ceciderunt
3314 629 3586 697 potentes
3608 628 3637 679 ?

2409 717 2498 772 80.
2535 716 2717 772 Doleo
2751 717 2809 770 in
2838 720 2913 786 te,
2958 715 3040 770 ﬁli
3069 716 3364 784 Gratiane,
3398 715 3606 770 suavis
3639 714 3788 771 mihi
3819 714 4004 769 valde.

2336 806 2599 861 Plurima
2630 805 2844 861 dedisti
2860 808 2978 859 tuae
3009 804 3243 875 pietatis
3276 803 3558 876 insignia.
3590 803 3681 858 Tu
3714 819 3811 858 me
3861 805 4006 858 inter

2336 899 2435 950 tua
2465 894 2729 966 pericula
2751 885 3125 966 requirebas,
3148 897 3210 948 tu
3240 892 3299 947 in
3330 893 3448 948 tuis
3474 893 3765 947 extremis
3797 908 3893 947 me
3922 910 4009 964 ap-

2336 984 2623 1054 pellabas,
2660 998 2856 1038 meum
2886 982 2957 1037 de
2980 986 3036 1037 te
3059 981 3193 1053 plus
3224 981 3469 1037 dolebas
3502 981 3794 1037 dolorem.
3833 981 4008 1036 Doleo

2338 1073 2513 1128 etiam
2545 1074 2604 1126 in
2635 1074 2712 1143 te,
2748 1071 2830 1126 ﬁli
2852 1071 3280 1142 Valentiniane,
3305 1072 3622 1143 speciosus
3652 1070 3803 1125 mihi
3825 1069 4006 1124 valde.

2339 1161 2650 1217 Deciderat
2670 1177 2837 1217 amor
2865 1162 3004 1216 tuus
3039 1160 3097 1214 in
3146 1176 3261 1231 me,
3305 1160 3459 1215 sicut
3509 1176 3680 1215 amor
3720 1159 4003 1232 pignoris.

2339 1251 2426 1305 Tu
2455 1266 2562 1322 per
2592 1267 2682 1306 me
2714 1250 2966 1322 putabas
2998 1250 3145 1321 eripi
3179 1253 3231 1304 te
3275 1248 3561 1320 periculis
3596 1266 3609 1303 :
3645 1252 3710 1304 tu
3759 1265 3855 1303 me
3902 1266 4006 1304 non

2342 1341 2533 1395 solum
2566 1343 2627 1395 ut
2656 1344 2960 1411 parentem
2989 1339 3305 1411 diligebas,
3341 1338 3449 1394 sed
3479 1342 3542 1393 ut
3574 1339 4007 1409 redemptorem

2339 1430 2420 1483 tui
2455 1434 2510 1483 et
2531 1428 2909 1484 liberatorem
2939 1428 3249 1499 sperabas.
3272 1428 3359 1483 Tu
3387 1427 3633 1484 dicebas
3668 1444 3682 1482 :
3725 1427 4008 1495 Putasne,

2346 1520 2378 1581 1
2398 1516 2537 1582 196
2573 1521 2786 1577 videbo
2815 1521 3040 1590 patrem
3070 1533 3265 1572 meum
3285 1516 3314 1571 ε)
3341 1514 3627 1587 Speciosa
3657 1516 3736 1571 de
3769 1532 3866 1571 me
3899 1533 4000 1569 vo.

2342 1618 2534 1671 luntas
2565 1619 2683 1683 tua,
2717 1609 2824 1666 sed
2874 1624 2990 1664 non
3021 1605 3237 1661 efﬁcax
3266 1605 3677 1677 praesumptio.
3719 1604 3834 1660 Hei
3881 1606 4008 1659 mihi

2340 1721 2491 1759 vana
2522 1717 2665 1774 spes
2697 1702 2756 1754 in
2791 1694 3061 1754 homine!
3097 1695 3202 1750 sed
3250 1697 3311 1749 tu
3360 1694 3419 1748 in
3467 1694 3791 1749 sacerdote
3825 1695 4008 1750 Domi-

2342 1811 2483 1850 num
2515 1787 2889 1863 requirebas.
2926 1785 3036 1841 Hei
3069 1783 3211 1839 mihi
3241 1781 3397 1856 quod
3444 1783 3817 1839 voluntatem
3858 1790 4001 1838 tuam

2344 1900 2461 1940 non
2492 1886 2624 1937 ante
2667 1875 2921 1950 cognovi
2956 1872 2969 1929 l
3005 1872 3116 1928 Hei
3173 1872 3313 1927 mihi
3362 1873 3520 1945 quod
3568 1889 3692 1929 non
3747 1871 4007 1927 clanculo

2344 1975 2479 2028 ante
2525 1968 2744 2026 misisti
2792 1964 2804 2022 l
2866 1963 2978 2020 Hei
3008 1961 3152 2017 mihi
3200 1961 3395 2034 qualia
3463 1962 3636 2017 amisi
3698 1962 3953 2034 pignora
3998 1960 4008 2015 ἲ

2350 2085 2371 2109 α
2406 2058 2710 2128 Quomodo
2743 2054 3084 2112 ceciderunt
3114 2056 3409 2124 potentes,
3443 2056 3500 2107 et
3521 2051 3843 2124 perierunt
3861 2067 4010 2106 arma

2345 2145 2821 2221 concupiscenda
2850 2141 2938 2214 (II
2953 2141 3101 2215 Reg.
3128 2158 3167 2211 ι,
3187 2139 3276 2201 27)
3307 2142 3335 2195 ?

2414 2238 2503 2294 81.
2538 2236 2806 2305 Domine,
2838 2232 2979 2305 quia
2995 2246 3169 2287 nemo
3206 2229 3383 2285 habet
3410 2227 3523 2301 (84)
3555 2227 3725 2301 quod
3756 2228 3855 2285 alii
3886 2230 4008 2300 plus

2344 2327 2589 2396 deferat,
2624 2340 2801 2398 quam
2831 2321 2989 2395 quod
3018 2320 3135 2376 sibi
3155 2324 3345 2391 optat;
3367 2335 3483 2374 non
3506 2335 3599 2375 me
3622 2318 3700 2373 ab
3741 2318 3867 2373 illis
3896 2324 4015 2389 post

2343 2420 2590 2474 mortem
2603 2426 2875 2486 separes,
2896 2425 3047 2482 quos
3070 2409 3129 2463 in
3147 2408 3257 2464 hac
3274 2409 3391 2463 vita
3405 2407 3814 2465 charissimos
3836 2408 4010 2462 sensi.

2349 2530 2371 2557 ι
2411 2505 2679 2575 Domine,
2709 2505 2845 2575 peto
2874 2499 2977 2556 ubi
3005 2515 3117 2571 ego
3150 2497 3340 2567 fuero,
3388 2495 3508 2552 sint
3550 2502 3610 2552 et
3656 2495 3749 2552 illi
3796 2514 4012 2553 mecum

2346 2596 2535 2668 (Joan.
2560 2610 2700 2663 xvii,
2733 2592 2801 2646 24
2836 2606 2849 2647 :
2885 2592 2947 2644 ut
2976 2589 3067 2644 vel
3099 2588 3218 2642 illic
3251 2603 3456 2642 eorum
3487 2590 3785 2658 perpetua
3817 2586 4012 2658 c0pula

2347 2685 2530 2755 fruar,
2563 2683 2703 2755 quia
2733 2680 2829 2736 hic
2862 2679 2942 2735 uti
2974 2693 3180 2734 eorum
3210 2675 3575 2731 diuturniore
3595 2675 4013 2748 conjunctione

2346 2791 2464 2830 non
2494 2772 2677 2845 potui.
2708 2770 2790 2826 Te
2822 2783 3051 2841 quaeso,
3076 2781 3305 2823 summe
3331 2765 3511 2835 Deus,
3538 2768 3601 2821 ut
3625 2764 4011 2821 charissimos

2342 2863 2600 2936 juvenes
2627 2864 2853 2915 matura
2881 2856 3317 2914 resurrectione
3348 2854 3611 2910 suscites
3644 2859 3707 2909 et
3739 2856 4001 2911 resusci-

2346 2957 2437 3009 tes
2469 2951 2622 3023 (85);
2654 2953 2717 3005 ut
2746 2949 3122 3003 immaturum
3169 2944 3325 3000 hunc
3370 2945 3507 3000 vitea
3555 2943 3745 2999 istius
3780 2960 4006 3000 cursum

564 3035 1002 3105 clementiores,
1037 3047 1221 3103 super
1249 3031 1465 3087 vitulas
1495 3030 1962 3087 innocentiores.
1994 3029 2232 3087 Gratia-
2267 3080 2317 3135 Ρ
2347 3040 2662 3098 maturiore
2692 3036 3078 3094 ευερίιαιίοηθ
3103 3049 3477 3106 compenses,
3514 3037 3731 3090 Amen,

2285 3115 2318 3135 λ

2285 3115 2318 3142 J

565 3194 706 3257 num
738 3177 1182 3257 laboraverunt.
1217 3175 1413 3257 Locus
1447 3190 1522 3230 ex
1555 3174 1731 3257 epist.
1765 3171 1791 3228 1
1824 3173 2058 3257 illorum
2090 3173 2230 3256 edit.

563 3252 666 3306 ubi
696 3251 790 3303 vir
819 3251 1063 3303 sanctus
1108 3248 1222 3302 hoc
1272 3245 1445 3301 modo
1493 3245 1747 3300 scribit:
1787 3268 1809 3291 «ε
1853 3245 2020 3310 Quod
2070 3245 2233 3314 epis-

565 3322 700 3392 c0pi
729 3323 1150 3392 antecessores
1180 3318 1782 3392 nostri_censueruut,
1805 3332 1878 3392 ne
1898 3318 2033 3392 quis
2056 3315 2237 3392 frater

564 3386 927 3448 ad'tutelam
951 3391 1045 3445 vel
1092 3405 1295 3445 curam
1345 3388 1627 3444 clericum
1675 3386 2001 3442 nominaret
2036 3404 2047 3442 :
2082 3403 2150 3442 ac
2180 3387 2234 3442 si

566 3463 704 3536 quis
736 3463 849 3536 hoc
885 3461 1153 3536 fecisset,
1185 3476 1303 3536 non
1346 3457 1660 3536 offerretur
1683 3474 1813 3536 _p_ro
1854 3473 1945 3536 eo,
1998 3474 2106 3513 nec
2141 3474 2236 3536 sa-

566 3526 856 3593 criﬁcium
888 3548 995 3604 pro
1028 3526 1378 3604 dormitione
1423 3529 1559 3601 ejus
1611 3526 2036 3604 celebraretur,
2076 3549 2098 3578 ι
2147 3526 2235 3583 Ex

566 3606 664 3662 his
693 3599 1124 3661 autem—verbis
1155 3601 1380 3658 clarum
1424 3599 1518 3665 eet
1564 3617 1596 3655 a
1645 3600 1937 3671 Cypriane
1981 3599 2236 3671 ejusque

564 3676 993 3734 decessoribus
1023 3675 1219 3730 locum
1249 3673 1528 3745 aliquem,
1561 3672 1619 3745 in
1665 3686 1783 3743 quo
1812 3671 2026 3745 anima;
2059 3672 2233 3745 vivo-3

566 3765 702 3819 rum
730 3746 1013 3819 precibus
1036 3742 1414 3819 juvarentu‘r,
1446 3742 1777 3819 admissum
1800 3759 1959 3819 esse.
1992 3742 2235 3819 Quidad

567 3818 683 3875 hoc
714 3812 1409 3874 editoresTConccdunt
1450 3813 1685 3885 quidem
1732 3814 2030 3869 orationes
2076 3812 2237 3868 oblao

567 3892 881 3961 tionesque
913 3889 973 3943 in
1005 3888 1160 3961 ﬁdei,
1200 3887 1330 3961 spei
1360 3889 1417 3940 et
1447 3885 1751 3961 charitatis
1773 3889 2062 3961 tesseram
2080 3900 2237 3961 mor-

569 3955 807 4015 tuorum
840 3975 984 4030 ergo
1014 3955 1153 4030 ﬁeri
1178 3955 1410 4030 solitas,
1457 3960 1677 4030 negant
1715 3972 1858 4011 vero
1905 3956 2146 4030 easdem
2175 3955 2237 4030 in

568 4031 804 4087 illorum
817 4026 1174 4096 subsidium,
1194 4028 1378 4083 autab
1395 4026 1711 4098 ardoribus
1729 4026 2055 4098 purgatorii
2074 4028 2235 4098 ignis

568 4101 948 4173 refrigerium
978 4100 1169 4155 fuisse
1193 4098 1515 4173 institutas.
1549 4097 1774 4173 yerum
1808 4097 1872 4173 ut
1901 4097 2234 4173 eorum’re-

571 4167 960 4245 sponsionem
976 4174 1169 4225 mente
1187 4171 1529 4223 sanctorum
1541 4167 1989 4245 _Pat_rum_plane
2014 4168 2234 4245 abhor-

570 4237 703 4300 rere
735 4243 1299 4309 demonstraremus,
1320 4238 1593 4310 quamvis
1615 4237 1847 4294 abunde
1865 4243 2027 4294 esset
2045 4238 2097 4293 si
2118 4239 2235 4295 lec-

568 4319 735 4371 tores
795 4328 985 4368 vacuo
1041 4313 1258 4381 animo,
1307 4315 1366 4365 et
1411 4310 1484 4365 ab
1533 4310 1811 4382 omnibus
1867 4310 2235 4382 praejudiciis

571 4387 849 4458 expedito
882 4384 1189 4458 indicatos
1201 4382 1507 4458 Ambrosii
1537 4381 1705 4437 locos
1736 4381 2083 4458 expendere
2104 4386 2238 4458 tan-

570 4453 694 4513 tum
723 4457 1102 4524 juberemus,
1137 4454 1521 4509 nihilominus
1561 4458 1755 4509 tamen
1803 4453 1953 4507 duos
1983 4468 2017 4508 e
2044 4453 2240 4524 Patri-

572 4529 690 4585 bus
720 4522 948 4585 Grece
981 4522 1326 4597 Latinaeque
1368 4524 1673 4597 Ecclesiae
1715 4525 2011 4579 adducere
2048 4522 2237 4595 juvat,

571 4616 825 4673 quorum
849 4598 1200 4654 sententiam
1219 4596 1484 4667 opinioni
1501 4596 1828 4667 Anglorum
1850 4611 2237 4719 ogponamus.

574 4673 817 4719 Primus
873 4671 984 4719 erit
1044 4668 1430 4719 Eninhanius.
1489 4667 1592 4719 aui
1648 4667 1808 4719 “831'.
1856 4666 1887 4718 7
1930 4708 1945 4719 .
1994 4682 2153 4719 num.
2184 4664 2237 4719 3.

574 4664 817 4727 Primus
873 4671 984 4726 erit
1044 4664 1459 4739 Epiphanius,
1489 4664 1623 4739 qui'
1648 4667 1808 4739 Hier.
1856 4664 1945 4739 75,
1994 4682 2153 4739 num.
2184 4664 2239 4739 3,

570 4743 735 4799 Aerii
765 4756 1005 4797 errores
1037 4737 1414 4806 enumerans,
1450 4737 1633 4807 hujus
1665 4737 1926 4791 haeretici
1952 4737 2133 4791 verba
2152 4738 2241 4791 sic

570 4814 756 4869 refert
788 4829 801 4868 :
845 4836 866 4860 α
901 4812 1106 4883 Pergit
1137 4810 1349 4865 deinde
1375 4825 1390 4878 ς
1422 4812 1480 4863 et
1509 4824 1642 4883 qua)
1672 4808 1821 4863 ratio
1854 4811 1964 4883 est,
2025 4809 2234 4883 inquit,

572 4889 710 4955 post
756 4884 982 4939 obitum
1028 4879 1392 4955 mortuorum
1428 4879 1724 4955 appellare
1773 4880 2052 4955 nomina?
2094 4880 2245 4955 Nam

573 4950 638 5010 ut
669 4955 845 5009 vivus
877 4957 1024 5021 oret,
1057 4957 1156 5007 aut
1183 4954 1245 5007 in
1274 4966 1568 5022 pauperes
1600 4951 1755 5005 bona
1787 4966 1897 5004 sua
1913 4950 2240 5022 dispenset,

574 5025 820 5098 quidex
852 5025 966 5080 hoc
998 5024 1233 5080 tandem
1264 5024 1338 5098 ad
1368 5021 1663 5098 mortuum
1694 5022 1894 5077 redit?
1944 5026 2056 5098 etc.
2098 5046 2120 5070 ιι
2156 5021 2244 5098 En

572 5091 913 5166 6pinionem
946 5095 1395 5166 protestantium
1426 5094 1578 5148 inter
1602 5094 1872 5166 haereses
1894 5091 2140 5166 relatam
2169 5092 2243 5147 ab

627 5164 926 5240 piphanio.
948 5164 1070 5223 Sed
1104 5182 1311 5238 parum
1343 5169 1541 5240 esset,
1562 5165 1679 5218 nisi
1716 5164 2065 5219 catholicam
2098 5179 2243 5240 sen-

572 5234 815 5297 tentiam
848 5234 1267 5313 constitueret;
1303 5238 1457 5313 unde
1484 5239 1825 5313 utprecun}
1856 5250 1962 5306 pro
1994 5234 2243 5313 mortuis

575 5313 809 5368 fructus
842 5310 1124 5379 declaret,
1156 5308 1256 5362 illa
1286 5305 1601 5379 subjungit
1634 5322 1648 5376 ;
1687 5329 1708 5379 ᾳ
1765 5305 2244 5379 Nam_etjusto-

577 5394 707 5440 rum
737 5382 960 5453 pariter
1001 5384 1079 5453 et,
1104 5376 1483 5453 peccatorum
1522 5376 1880 5453 mentionem
1923 5376 2175 5453 facimus
2227 5392 2240 5433 :

616 5448 954 5510 eccatorum
981 5448 1242 5523 quidem,
1280 5453 1343 5523 ut
1385 5450 1462 5507 iis
1509 5464 1543 5503 ι
1600 5448 1849 5508 Domino
1904 5449 2244 5523 misericor-

616 5471 954 5510 eccamrum
981 5471 1242 5523 quidem,
1281 5471 1343 5505 ιιι
1385 5471 1462 5507 ιιε
1509 5471 1543 5503 ιι
1600 5471 1849 5508 υοιῐιιιω
1905 5471 2241 5505 ιιιιδῦτιοοιν-

573 5471 731 5591 ginta
779 5524 1167 5601 inploremus
1227 5537 1239 5580 :
1287 5519 1591 5598 justorum
1629 5523 1893 5581 autem...
1945 5523 2009 5579 ut
2066 5519 2134 5580 D.
2187 5519 2241 5581 τι.

2347 3182 2649 3239 Christum
2680 3178 2980 3252 singulari
3000 3175 3511 3252 quodamhonore
3553 3178 4004 3249 prosequentes,

2348 3257 2421 3311 ab
2453 3248 2809 3309 caeteroruni
2828 3248 3129 3305 hominum
3147 3248 3352 3303 ordine
3374 3248 3810 3320 segregemus,
3867 3254 3975 3303 etc.
3994 3269 4009 3295 l

2352 3326 2597 3382 Habetis
2630 3324 2957 3379 doctrinam
2997 3320 3388 3392 orthodoxam
3418 3320 3797 3392 clareatque
3828 3320 4013 3374 distin-

2352 3403 2443 3453 cte
2489 3396 2844 3467 expositam.
2890 3390 3887 3467 Attamenadhucapertiusillam
3927 3395 4016 3467 Αρτ

2354 3461 2634 3543 gustinus
2665 3464 2919 3543 explicat
2938 3478 3074 3543 cap°
3119 3461 3230 3543 HQ
3252 3462 3530 3529 Enchir.,
3574 3478 3752 3543 num:
3802 3461 3897 3543 ξε),
3939 3462 4015 3543 nbi

2352 3532 2663 3612 postquam
2694 3532 2968 3612 asserint
3000 3532 3337 3605 negandum
3367 3548 3483 3612 non
3501 3549 3642 3612 esse
3664 3554 3687 3578 ι
3714 3532 4011 3612 defuncte.

2353 3604 2484 3666 rum
2507 3604 2750 3664 "animas
2796 3608 3010 3677 pietate
3068 3604 3316 3677 suorum
3343 3604 3709 3677 viventium“
3750 3604 4013 3677 talenti.

2354 3699 2488 3739 cum
2518 3696 2626 3751 pro
2658 3673 3579 3751 illis—sacrificium_Mediatoris_
3617 3673 3906 3751 offertur,
3943 3675 4017 3751 vel

2353 3746 2751 3823 eleemosynas
2782 3750 2841 3823 in
2874 3747 3355 3823 Ecclesia_ﬁunt,
3412 3771 3434 3823 ιε
3483 3746 3731 3823 quinam
3789 3746 3880 3823 illi
3923 3748 4017 3823 sint
4113 3772 4115 3795 ‹

2353 3824 2572 3896 quibus
2604 3816 2672 3878 ea
2702 3816 3375 3896 pr_ofutura_credan_tur,
3403 3816 3595 3873 docet.
3633 3816 3904 3896 Mortuis
3922 3818 4015 3896 igif

2352 3889 2449 3951 tur
2476 3895 2534 3948 in
2563 3889 2963 3948 tres—classes
3008 3889 3307 3944 distinctis
3335 3930 3349 3957 ,
3390 3904 3645 3960 quarum
3694 3890 3902 3958 prima
3944 3893 4015 3943 est
4114 3908 4115 3959 j

2353 3966 2523 4021 valde
2545 3966 2857 4031 bonorum,
2872 3962 3076 4017 ultima
3098 3960 3270 4015 valde
3282 3960 3592 4027 malorum,
3609 3960 3853 4030 quibus
3874 3960 4018 4015 utris
4114 3962 4115 4019 1

2353 4053 2469 4099 aue
2497 4051 2712 4099 preces
2742 4038 2799 4090 et
2829 4034 3130 4089 orationes
3157 4031 3450 4099 prodesse
3480 4034 3682 4099 negat,
3727 4032 3900 4086 addit
3920 4046 4014 4085 me-
4114 4030 4115 4059 ξ

2396 4053 2469 4093 ue
2497 4051 2712 4107 preces
2742 4038 2799 4107 et
2829 4034 3130 4107 orationes
3157 4031 3450 4101 prodesse
3480 4046 3554 4086 ne

2396 4053 2469 4093 ue
2497 4053 2712 4107 preces
2742 4053 2799 4090 et
2829 4053 3130 4089 orationes
3158 4053 3450 4101 prouesse
3480 4053 3554 4086 ne
3641 4053 3682 4099 ι,
3727 4053 3900 4086 nun“
3920 4053 4013 4085 um-

2352 4053 2514 4165 gium
2558 4104 3166 4180 quemdamordinem
3196 4118 3334 4158 esse
3366 4118 3475 4180 nec
3505 4053 3679 4180 vagae
3712 4102 4013 4180 bonorum,

2268 4189 2322 4252 D
2353 4195 2546 4252 neque
2568 4173 2781 4252 rursus
2806 4175 2974 4252 valde
2988 4173 3294 4252 malorum,
3311 4174 3528 4252 quibus
3542 4174 3835 4228 vivorum
3856 4176 4014 4245 pietas

2353 4245 2641 4323 pro'dest:
2685 4248 3015 4323 oblationes
3043 4245 3247 4323 igitur
3290 4245 3829 4323 et_eleemosynas
3876 4268 3899 4291 ι
3934 4259 4012 4323 pro

2354 4316 2526 4379 valde
2558 4321 2734 4376 bonis
2765 4334 2905 4374 esse
2926 4316 3250 4389 gratiarum
3265 4317 3556 4389 actiones,
3577 4331 3857 4389 pro_non
3873 4316 4011 4370 valde

2357 4394 2529 4448 malis
2557 4387 3022 4463 propitiationes,
3056 4404 3165 4459 pro
3194 4388 3366 4463 valde
3383 4387 3554 4463 malis
3575 4387 4012 4463 qualescunque

2357 4458 2630 4520 vivorifm
2662 4458 3124 4518 consolationes.
3174 4483 3199 4508 ι»
3234 4459 3443 4529 Neque
3490 4458 3725 4529 dixeris
3786 4460 4014 4514 Ambrc~

2360 4537 2516 4591 sium
2545 4537 2816 4590 nostrum
2844 4533 2915 4587 de
2951 4528 3363 4585 Valentiniano
3392 4535 3674 4599 tanquam
3698 4528 3845 4599 jam
3874 4531 4013 4599 beato

2360 4608 2456 4662 hic
2488 4607 2716 4676 passim
2745 4604 2941 4676 loqui;
2993 4618 3110 4676 non
3153 4603 3318 4676 enim
3345 4605 3443 4676 aut
3472 4598 3544 4655 de
3586 4598 3812 4676 hujus,
3844 4606 3933 4676 aut
3959 4598 4013 4650 de

2359 4672 2554 4748 Salv—ri
2584 4672 2981 4748 Theodosiive
3011 4674 3286 4748 beatitate
3308 4674 3478 4728 aliter
3508 4672 3682 4748 venit
3703 4673 4014 4748 intelliges

2360 4742 2495 4816 dus',
2530 4749 2646 4802 nisi
2677 4747 2848 4818 quasi
2878 4744 2978 4816 qui
3007 4745 3105 4814 pia
3136 4745 3392 4818 quadam
3436 4742 3797 4797 credulitate
3829 4744 4013 4818 ductus

2360 4812 2662 4891 loquatur;
2694 4812 2792 4891 cui
2821 4840 2844 4865 κ
2881 4812 3417 4891 remunerationem
3438 4830 3774 4891 praesumo,
3804 4839 3828 4862 ι-
3856 4812 4011 4891 inquit

2360 4885 2522 4947 num.
2571 4885 2659 4945 5’7.
2718 4889 2861 4954 Quae
2915 4887 3153 4958 quidem
3196 4888 3292 4958 pia
3335 4885 3651 4956 persuasio
3714 4887 4015 4955 quominus

2362 4964 2537 5018 etiam
2569 4977 2723 5016 nunc
2754 4977 2859 5030 pro
2891 4957 3042 5013 bene
3087 4957 3290 5011 multis
3341 4958 3799 5012 demortuorum
3831 4969 4016 5027 preces

2362 5033 2705 5103 offeramus,
2736 5029 2882 5103 nihil
2912 5029 3208 5100 prohibet.

2433 5105 2543 5231 (1839)
2578 5097 2856 5159 Nonnulli
2888 5097 3037 5157 mss.
3086 5123 3109 5147 α
3149 5102 3417 5173 utrisque
3460 5098 3608 5155 viris
3641 5098 3820 5155 fuere
3853 5097 4016 5155 curri-

2433 5193 2529 5231 .a.
2574 5195 2596 5225 »

2362 5178 2539 5231 cula?
2574 5195 2596 5225 »

2432 5247 2546 5319 (84)
2575 5247 2793 5302 Omnes
2825 5244 3261 5319 edit._acgpauci
3282 5259 3455 5319 mss,
3482 5264 3501 5319 ξ
3526 5240 3596 5296 Et
3613 5240 3758 5319 quia
3792 5255 4013 5297 nemoz'

2360 5315 2737 5390 pluresvero
2771 5321 2827 5372 et
2855 5316 3247 5390 probatiores,
3276 5336 3300 5367 ii
3335 5315 3601 5390 Domine,
3635 5317 3754 5390 etc.
3795 5337 3818 5360 ι-

2432 5391 2543 5459 (85)
2576 5388 2657 5443 lta
2687 5384 3055 5460 mssfprope
3096 5387 3168 5441 ad
3212 5384 3393 5441 unum
3428 5403 3440 5440 :
3476 5384 3615 5460 edit.
3656 5388 3882 5451 autem,
3924 5406 3943 5430 α
3976 5386 4020 5434 et

2361 5456 2755 5518 immaturum.
2782 5503 2792 5516 .
2822 5502 2835 5516 .
2862 5456 2916 5516 ,⁷.
2944 5501 2955 5515 .
2983 5456 3221 5515 matura
3268 5456 3709 5514 resurrectione
3758 5467 4018 5526 compca.
