4060 6178
235 337 408 404 1445
737 414 744 420 .
1004 329 1325 404 ORATIO
1370 330 1482 403 DE
1528 331 1791 406 OBITU
1836 335 2315 408 THEODOSII.
2365 379 2442 394 —
2483 342 2969 414 ADMONITIO
3579 345 3738 418 1446

231 516 520 530 __

787 542 3712 570 ___.____._.____._.____________________

622 710 739 773 ΙΝ
782 710 966 792 ORA
990 709 1372 774 TIONEM
1407 710 1543 773 DE
1588 708 1896 772 OBITU
1942 707 2470 773 THEODOSII
2507 710 2711 773 IMP.
2761 713 3351 780 ADMONITIO.

309 1009 635 1078 Postquam
667 1005 1046 1061 Theodosius
1081 1005 1336 1078 Magnus
1370 1006 1524 1060 diem
1555 1005 1698 1060 obiit
1729 1003 2062 1071 Mediolani,
2098 1003 2405 1061 Honorius
2437 1005 2570 1077 ejus
2604 1007 2784 1078 illius,
2831 1025 3006 1080 quem
3053 1011 3256 1066 ultimo
3303 1013 3529 1070 aﬂ‘ects
3582 1033 3744 1071 mor-

226 1097 314 1152 bo
346 1113 421 1153 ex
447 1096 685 1151 Oriente
717 1095 789 1149 ad
821 1111 888 1149 se
920 1095 1234 1163 acciverat,
1270 1110 1488 1164 corpus
1519 1095 1678 1148 illius
1712 1093 2278 1164 Constantinopolim
2314 1095 2524 1151 referri
2559 1099 2882 1166 constituit,
2927 1103 2988 1153 ut
3032 1100 3089 1154 in
3139 1103 3412 1172 sepulcro
3465 1108 3732 1176 superio-

228 1204 373 1242 rum
405 1187 822 1256 imperatorum
853 1183 1073 1239 ibidem
1107 1185 1480 1239 conderetur.
1513 1182 1907 1249 Quamobrem
1938 1185 1999 1238 ut
2029 1185 2330 1264 memoriae
2360 1188 2640 1255 paternae,
2677 1188 3026 1260 priusquam
3058 1190 3192 1244 inde
3227 1208 3444 1263 corpus
3489 1211 3729 1251 amove-

220 1280 420 1344 retur,
446 1273 609 1346 justa
638 1275 1027 1344 persolveret,
1063 1273 1527 1345 quadragesimo
1563 1272 1656 1326 die
1689 1287 1721 1325 a
1750 1271 2010 1326 Caesaris
2042 1273 2204 1327 obitu
2235 1271 2372 1344 ejus
2403 1277 2726 1344 parentalia
2771 1292 2936 1332 more
2987 1280 3238 1336 solemni
3291 1285 3520 1338 curavit
3570 1285 3728 1340 cele-

218 1365 474 1420 branda.
509 1365 659 1418 Dum
692 1364 872 1434 igitur
902 1363 984 1416 illi
1016 1362 1268 1432 principi
1297 1362 1561 1430 supremi
1594 1361 1853 1415 honores
1904 1361 2352 1430 exhiberentur,
2399 1364 2777 1433 Ambrosius,
2831 1374 3128 1436 praesente
3180 1373 3386 1425 eodem
3439 1373 3725 1444 Honorio,

218 1471 408 1526 quem
437 1452 771 1508 Occidentis
800 1452 1214 1520 imperatorem
1245 1453 1409 1520 pater
1439 1450 1792 1516 instituerat,
1829 1450 1937 1503 hac
1970 1450 2234 1504 oratione
2267 1451 2558 1506 demortui
2595 1455 2846 1508 virtutes
2881 1459 3331 1514 commendavit.

304 1544 493 1598 Ducto
524 1541 770 1596 exordio
803 1557 834 1594 a
863 1540 1158 1611 prodigiis
1192 1555 1324 1610 quae
1357 1539 1707 1594 videbantur
1735 1538 2055 1593 Theodosii
2087 1544 2335 1594 mortem
2369 1543 2826 1613 praenuntiasse,
2863 1545 3024 1601 illum
3056 1564 3171 1601 non
3201 1565 3386 1621 regno
3407 1552 3723 1621 excidisse,

221 1633 340 1688 sed
374 1633 590 1688 terreni
622 1631 752 1686 loco
785 1630 1029 1684 caeleste
1061 1630 1369 1698 accepisse
1402 1629 1658 1682 affirmat
1687 1630 1868 1698 (num.
1903 1627 1979 1697 1).
2011 1628 2221 1683 Subdit
2255 1630 2437 1697 (num.
2471 1631 2526 1698 2)
2557 1631 2814 1686 filiorum
2845 1635 3038 1702 ipsius
3071 1636 3387 1708 lugendam
3420 1657 3536 1696 non
3588 1659 3726 1698 esse

222 1722 564 1789 orbitatem,
596 1735 729 1773 cum
762 1717 1044 1773 virtutum
1096 1733 1337 1772 suarum
1385 1715 1808 1783 hereditatem,
1861 1717 2108 1788 gratiam
2161 1718 2380 1772 Christi
2428 1723 2483 1774 et
2528 1721 2776 1774 militum
2822 1723 2995 1778 ﬁdem
3043 1725 3160 1778 illis
3212 1728 3533 1798 reliquerit.
3588 1731 3726 1786 Mox

220 1826 440 1882 pompa
470 1809 567 1863 illa
597 1808 858 1876 funebri,
891 1824 1005 1878 qua
1038 1811 1261 1877 patrem
1293 1806 1386 1860 die
1419 1804 1880 1877 quadragesimo
1912 1806 2387 1875 prosequebatur
2419 1807 2760 1876 Honorius,
2815 1826 2948 1864 cum
3002 1811 3330 1867 honoribus
3378 1834 3409 1869 a
3459 1818 3724 1887 Joscpho

222 1898 503 1954 cadaveri
553 1902 796 1969 paterno
849 1896 1130 1950 exhibitis
1176 1899 1510 1966 comparata
1559 1896 1741 1963 (num.
1793 1892 1825 1948 3
1873 1896 2058 1965 seq.);
2105 1895 2430 1950 feliciorem
2479 1895 2702 1950 Jacobo
2752 1899 3012 1953 ostendit
3060 1900 3250 1956 fuisse
3301 1904 3720 1976 Theodosium,

221 1989 446 2060 quippe
476 1987 573 2058 qui
609 1993 896 2057 tyrannos
928 1991 1102 2056 atque
1133 1983 1520 2039 idololatriam
1549 1983 1998 2053 prostravisset.
2047 1983 2186 2037 Inde
2233 1985 2415 2053 (num.
2449 1986 2502 2052 5,
2536 1985 2590 2053 6)
2637 1985 2708 2039 ad
2756 1988 3042 2058 principis
3093 1991 3340 2046 veniens
3393 1996 3717 2050 testamen-

219 2082 373 2146 tum,
407 2093 522 2148 quo
556 2076 652 2131 ille
684 2081 740 2130 et
769 2075 1026 2129 subditis
1059 2074 1416 2129 tributorum
1447 2073 1890 2140 relaxationem,
1923 2075 1979 2126 et
2010 2072 2128 2127 illis
2160 2073 2259 2144 qui
2290 2089 2394 2143 pro
2424 2072 2691 2144 Eugenio
2721 2091 2886 2132 arma
2917 2078 3191 2150 tulerant,
3231 2083 3464 2138 veniam
3495 2099 3717 2140 conce-

219 2167 420 2233 debat,
457 2182 534 2221 ex
563 2165 676 2220 hd'e
708 2163 936 2236 colligit
965 2164 1038 2217 ab
1072 2162 1191 2216 illis
1223 2163 1501 2218 omnibus
1531 2161 1906 2232 imperatoris
1939 2160 2034 2214 sui
2064 2159 2352 2215 beneficia
2382 2161 2441 2215 in
2475 2161 2614 2215 ﬁliis
2645 2161 2779 2234 ejus
2813 2166 3191 2221 remetienda.
3239 2168 3361 2223 Sub
3408 2186 3541 2241 quae
3584 2187 3725 2228 con-

217 2271 445 2310 versus
479 2255 550 2309 ad
582 2254 820 2322 milites,
853 2257 916 2307 ut
946 2251 1440 2324 quemadmodum
1469 2267 1575 2306 eos
1606 2251 1755 2305 ﬁdes
1785 2249 2107 2304 Theodosii
2139 2248 2500 2316 defenderat,
2551 2250 2628 2304 ita
2679 2255 2734 2305 et
2783 2251 2899 2322 ipsi
2949 2253 3062 2308 {ide
3110 2271 3220 2310 sua
3269 2257 3528 2314 filiorum
3573 2260 3711 2331 ejus

218 2343 686 2399 adolescentiam
719 2342 1054 2409 defendant,
1091 2341 1434 2396 exhortatur
1461 2341 1646 2409 (num.
1669 2340 1712 2394 Ἴ
1745 2339 1918 2410 seq.),
1953 2337 2196 2393 eosdem
2229 2353 2363 2392 cum
2394 2338 2662 2394 victoriae
2713 2355 2783 2394 ex
2836 2340 3103 2413 Eugenio
3157 2343 3440 2400 divinitus
3490 2348 3714 2418 relatas,

213 2437 347 2488 tum
381 2433 678 2487 variarum
709 2431 850 2485 tanti
881 2430 1168 2502 principis
1200 2430 1481 2484 virtutum
1513 2428 1794 2483 memoria
1825 2427 2120 2499 instigans
2149 2427 2332 2496 (num.
2366 2424 2432 2482 12
2463 2431 2640 2499 seq.).
2676 2428 2965 2501 Adjungit
3006 2435 3201 2487 autem
3251 2433 3436 2504 (num.
3487 2435 3574 2504 i5,
3627 2437 3718 2507 16)

214 2523 542 2578 Arcadium
574 2525 746 2593 atque
781 2519 1106 2575 Honorium
1138 2535 1254 2574 non
1285 2517 1533 2572 minoris
1564 2517 1754 2572 aetatis
1785 2532 1944 2585 esse,
1995 2532 2172 2588 quam
2213 2515 2414 2570 Josias
2461 2519 2518 2571 et
2567 2518 2709 2586 Asa,
2763 2519 2996 2590 quando
3047 2521 3314 2593 regimen
3362 2525 3716 2594 p0pulorum

215 2610 708 2681 capessiverunt;
743 2607 1005 2663 futurum
1035 2621 1181 2662 vero
1212 2610 1274 2661 ut
1304 2605 1423 2660 illis
1454 2608 1616 2660 tanto
1647 2605 1893 2660 uberius
1924 2605 2269 2676 prmsidium
2310 2605 2581 2675 impetret
2624 2624 2657 2662 a
2708 2607 2828 2663 Deo
2876 2608 3274 2680 Theodosius,
3321 2618 3538 2684 quanto
3590 2632 3714 2686 prae

214 2699 436 2755 horum
466 2699 811 2770 parentibus
841 2697 1053 2769 majori
1084 2697 1299 2767 pietate
1329 2695 1707 2750 excelluerat.
1740 2695 1889 2748 Tum
1919 2694 2184 2750 instituta
2215 2696 2427 2766 psalmi
2461 2712 2599 2750 cxiv
2632 2697 3001 2768 expositione
3049 2699 3233 2768 (num.
3291 2701 3354 2756 i7
3405 2704 3580 2775 seq.),
3640 2703 3714 2758 il-

212 2787 343 2842 lum
373 2788 444 2842 ad
477 2787 859 2842 illustrandas
891 2785 1162 2857 ejusdem
1197 2783 1570 2855 imperatoris
1603 2783 1852 2838 virtutes
1885 2783 2125 2838 adhibet
2169 2785 2352 2864 (num.
2400 2786 2468 2840 25
2518 2787 2692 2857 seq.),
2747 2787 3020 2843 nimirum
3063 2789 3335 2860 pietatem
3385 2791 3542 2862 ejus,
3591 2793 3714 2848 cle-

210 2878 516 2947 mentiam,
544 2877 834 2949 justitiam
866 2880 922 2931 et
952 2891 1243 2930 summam
1275 2875 1333 2928 in
1363 2873 1673 2929 subeundo
1705 2872 1957 2942 publicae
1990 2875 2350 2943 pcenitcntiae
2375 2873 2524 2946 jugo
2556 2874 2938 2930 humilitatem
2973 2892 2986 2931 :
3021 2879 3239 2948 quibus
3273 2883 3330 2934 et
3359 2880 3504 2936 alias
3536 2898 3713 2954 quas-

218 2967 358 3020 dam
391 2983 522 3038 quae
553 2982 724 3020 suam
757 2964 814 3018 in
847 2967 1042 3036 ipsum
1073 2963 1546 3018 benevolentiam
1578 2962 2038 3032 charitatemque
2071 2962 2433 3032 pellexerant
2463 2965 2647 3032 (num.
2681 2964 2749 3018 33
2783 2968 2967 3037 seq.);
3022 2967 3120 3021 ubi
3170 2968 3500 3040 subjunxit,
3550 2988 3713 3025 com-

220 3071 461 3111 munem
494 3071 600 3126 pro
634 3055 734 3110 illo
765 3055 1164 3125 precationem
1196 3069 1227 3107 e
1260 3053 1566 3108 memorati
1600 3051 1811 3122 psalmi
1841 3051 2120 3106 versibus
2151 3052 2558 3107 concinnatam
2591 3057 2926 3124 pronuntiat
2958 3057 3140 3126 (num.
3174 3057 3244 3112 36
3262 3062 3437 3130 scq.),
3476 3061 3708 3115 etiamsi

212 3145 446 3216 passim
493 3148 744 3199 testetur
787 3143 1058 3198 eumdem
1110 3142 1390 3197 virtutum
1440 3156 1685 3195 suarum
1734 3140 1997 3210 prtemiis
2043 3141 2102 3194 in
2132 3141 2282 3196 caelo
2316 3142 2450 3197 frui.
2491 3143 2730 3197 Beatum
2761 3145 2878 3198 illic
2909 3161 3041 3199 eum
3075 3161 3212 3201 esse
3244 3148 3517 3216 afﬁrmat,
3553 3151 3712 3222 quod

209 3235 474 3290 Gratiani
507 3234 876 3304 aliorumque
908 3233 1232 3287 liberorum
1264 3235 1320 3284 et
1351 3231 1553 3284 uxoris
1587 3229 1882 3284 Flaccillae
1913 3233 2214 3285 consortio
2235 3230 2362 3301 jam
2396 3232 2651 3304 potiatur
2683 3233 2836 3286 sicut
2866 3234 3040 3287 etiam
3082 3234 3450 3290 Constantini
3494 3236 3711 3291 Chris-

206 3323 504 3377 tianorum
539 3323 956 3392 imperatorum
987 3321 1178 3392 primi,
1211 3336 1327 3391 quo
1359 3319 1472 3373 sub
1513 3319 1776 3389 principe
1807 3335 1836 3372 a
1872 3322 2075 3374 sancta
2128 3319 2349 3374 Helena
2390 3319 2522 3390 ejus
2566 3324 2806 3390 parente
2858 3322 3180 3378 Dominicm
3233 3324 3431 3380 crucis
3482 3324 3710 3396 lignum

206 3409 508 3467 detectum
540 3415 632 3466 est
662 3412 846 3478 (num.
879 3408 948 3464 39
981 3411 1156 3480 seq.).
1192 3408 1460 3480 llujusce
1513 3407 1659 3479 ligni
1702 3409 1982 3478 praesidio
2015 3408 2260 3462 fractam
2309 3425 2447 3465 esse
2494 3413 2878 3482 tyrannorum
2927 3410 3320 3482 insolentiam,
3374 3414 3708 3468 conforma-

207 3506 451 3571 tamque
481 3499 950 3554 Christianorum
983 3499 1288 3553 Cmsarum
1321 3497 1495 3552 fidem
1527 3513 1595 3552 ac
1626 3498 1900 3567 pietatem
1929 3498 2097 3564 dicit;
2133 3498 2191 3552 in
2222 3499 2431 3570 primis
2466 3515 2606 3554 vero
2651 3499 2910 3556 Gratiani
2960 3505 3015 3555 et
3062 3501 3404 3573 Theodosii,
3456 3519 3708 3574 quorum

207 3590 468 3662 gloriam
499 3589 553 3644 ei
582 3605 696 3660 qua
727 3588 848 3642 vivi
876 3589 1220 3655 ﬂoruerant,
1252 3587 1428 3658 longe
1459 3590 1749 3656 priestare
1780 3590 2092 3642 asseverat
2121 3587 2303 3656 (num.
2337 3588 2449 3657 52).
2486 3588 2752 3660 Denique
2784 3604 2942 3642 num.
2993 3589 3085 3658 53)
3130 3589 3229 3643 ubi
3279 3589 3708 3646 demonstravit

205 3678 612 3734 Theodosium
647 3667 816 3750 gravi
844 3677 993 3749 jugo
1023 3693 1301 3747 pressum
1334 3676 1546 3745 fuisse,
1578 3676 1766 3747 primo
1799 3691 1933 3730 cum
1961 3679 2125 3744 pater
2155 3675 2290 3746 ejus
2321 3676 2548 3731 crudeli
2597 3679 2787 3732 morte
2831 3676 3078 3733 affectus
3131 3677 3258 3747 fuit,
3312 3681 3524 3735 iterum
3573 3695 3707 3734 cum

204 3768 446 3838 imperii
476 3768 712 3838 pondus
743 3768 802 3822 in
836 3783 901 3821 se
935 3767 1224 3836 suscepit,
1258 3769 1559 3837 postremo
1593 3781 1728 3819 enm
1758 3764 2078 3819 Maximum
2110 3778 2178 3817 ac
2213 3763 2541 3836 Eugenium
2569 3764 2724 3820 bello
2756 3765 3002 3820 adortus
3034 3770 3146 3834 est,
3194 3767 3518 3822 Honorium
3567 3784 3705 3839 pos-

207 3861 308 3911 tea
343 3855 687 3911 consolatur
718 3855 901 3926 (num.
935 3855 1045 3925 5i),
1081 3855 1238 3926 quod
1269 3853 1384 3925 ipsi
1415 3867 1522 3925 per
1550 3853 1845 3925 publicam
1876 3868 1993 3907 non
2023 3853 2194 3908 liceat
2241 3854 2545 3908 utilitatem
2591 3857 2900 3925 paternum
2949 3871 3167 3926 corpus
3215 3857 3500 3929 prosequi
3547 3858 3705 3913 Con-

200 3944 672 4016 stantinopolim,
707 3944 864 4016 quod
895 3944 1040 3998 illud
1074 3942 1449 3999 nobilissima
1479 3959 1689 4014 pompa
1721 3942 2096 3998 referendum
2127 3959 2286 4014 esse,
2321 3959 2388 3998 ac
2434 3959 2563 3999 eam
2612 3943 2822 4000 urbem
2866 3943 3100 4000 felicem
3144 3948 3262 4002 tam
3313 3951 3570 4018 augusto
3622 3949 3704 4018 pi-

202 4049 399 4106 gnore
433 4035 688 4089 futuram
718 4034 1002 4104 praedicat
1029 4034 1210 4101 (num.
1242 4031 1359 4102 55).

280 4123 432 4178 Huic
465 4124 712 4179 orationi
747 4122 1082 4194 praeﬂgitur
1111 4122 1171 4175 in
1203 4121 1512 4176 codicibus
1543 4121 1899 4192 quibusdam
1932 4122 2062 4177 hac
2107 4122 2454 4194 epigraphe,
2507 4121 2783 4177 Psalmus
2825 4138 2982 4192 cxiv,
3037 4125 3098 4177 in
3154 4122 3332 4179 Obitu
3392 4123 3705 4181 Theodosii

194 4210 371 4282 imp.,
405 4210 560 4266 haud
593 4209 768 4266 dubie
801 4214 1043 4280 propter
1074 4209 1507 4280 expositionem
1539 4208 1811 4279 ejusdem
1845 4210 2055 4281 psalmi
2087 4211 2206 4265 illic
2237 4211 2540 4280 insertam,
2575 4212 2681 4266 sed
2725 4212 2978 4268 aliorum
3029 4212 3297 4268 codicum
3351 4217 3467 4268 tam
3517 4216 3705 4284 scrip-

193 4305 402 4356 torum
432 4315 608 4371 quam
637 4299 930 4354 editorum
961 4299 1154 4368 potior
1184 4299 1492 4368 inscriptio
1524 4303 1634 4353 est.
1672 4298 1857 4354 Porro
1890 4316 2020 4354 cum
2053 4299 2319 4354 eamdem
2352 4300 2675 4354 orationem
2726 4301 2819 4354 die
2870 4318 2901 4354 a
2951 4306 3136 4356 morte
3186 4302 3508 4357 Theodosii
3557 4317 3705 4372 qua-

201 4389 557 4460 dragesimo
586 4388 845 4442 habitam
877 4390 1127 4455 constet,
1165 4387 1438 4459 huncque
1481 4387 1804 4458 principem
1853 4406 1953 4443 xvx
2002 4388 2130 4442 Kal.
2181 4389 2495 4442 Januarias
2540 4389 2675 4442 anni
2728 4389 2938 4444 salutis
2985 4390 3091 4444 295
3133 4391 3481 4460 exspirasse
3533 4405 3702 4461 aeque

189 4482 430 4533 certum
462 4478 558 4544 sit,
593 4478 858 4532 eamdem
888 4490 947 4530 γι
980 4475 1106 4530 Kal.
1141 4476 1314 4531 Febr.
1350 4477 1564 4531 dictam
1597 4477 1788 4530 fuisse
1823 4477 2227 4547 intelligimus.
2280 4476 2486 4546 Neque
2533 4480 2728 4530 tamen
2779 4477 3276 4531 dissimulandum
3330 4475 3697 4549 Magdebur-

185 4583 426 4640 genses
459 4568 734 4637 (Centur.
767 4582 845 4632 IV,
881 4583 1007 4636 cap.
1039 4567 1072 4620 4
1105 4569 1160 4619 et
1194 4564 1300 4635 i3),
1335 4565 1603 4637 aliosque
1637 4568 1954 4622 nonnullos
1988 4583 2060 4620 an
2096 4566 2205 4620 hoc
2238 4565 2568 4635 epicedium
2601 4565 2918 4619 Ambrosio
2950 4566 3324 4619 tribuendum
3355 4571 3453 4632 snt,
3494 4565 3550 4618 in
3585 4565 3696 4618 du-

191 4657 370 4711 bium
415 4672 759 4712 revocasse.
797 4655 1014 4709 Verum
1063 4671 1173 4709 nec
1225 4655 1520 4709 minimam
1569 4656 1732 4710 dubii
1781 4656 1876 4709 sui
1921 4655 2203 4710 rationem
2253 4653 2520 4720 reddunt,
2571 4655 2627 4706 et
2658 4657 2861 4707 contra
2895 4653 3059 4722 ipsos
3093 4651 3310 4706 intexta
3344 4653 3698 4708 historicum

192 4749 521 4801 eventuum
554 4744 767 4813 series,
805 4743 995 4815 stylus
1029 4743 1248 4814 operis,
1284 4745 1340 4797 et
1367 4743 1688 4812 Scriptura;
1721 4744 2174 4813 interpretandae
2224 4746 2281 4798 et
2328 4745 2674 4815 argumento
2723 4740 3237 4796 accommodandae
3282 4742 3427 4798 ratio
3480 4742 3693 4797 invicte

191 4837 490 4906 pugnant.
