4060 6178
494 377 653 437 1447

1982 370 2047 431 S.
2095 360 2540 433 AMBROSII.

3630 374 3862 444 ’1448

1114 556 3325 867 Magi

1668 951 2362 1018 MEDIOLANENSIS
2405 950 2796 1017 EPISCOPI

709 1137 946 1291 DE
1056 1131 1638 1295 OBITU
1748 1128 2777 1308 THEODOSII
2829 1092 3709 1326 'oiiA'rIo

580 1496 775 1561 1197
811 1503 863 1558 1.
898 1503 1027 1559 Hoc
1057 1503 1233 1559 nobis
1262 1505 1458 1558 motus
1490 1505 1782 1558 terrarum
1809 1515 2029 1574 graves
2070 1499 2170 1572 (2),
2199 1484 2261 1547 Α
2359 1500 2414 1555 3.
2456 1498 2606 1572 Ejus
2638 1516 2783 1574 ergo
2815 1501 3105 1575 principis
3149 1506 3207 1559 et
3250 1503 3516 1576 proxime
3564 1505 3865 1561 conclamavi-

496 1593 609 1649 hoc
631 1592 819 1665 juges
848 1592 1069 1663 pluvim
1102 1591 1495 1661 minabantur,
1530 1594 1587 1646 et
1613 1590 1768 1646 ultra
1800 1589 2040 1646 solitum
2071 1604 2173 1644 ca-

493 1681 618 1755 ligo
649 1681 1027 1738 tenebrosior
1048 1680 1449 1749 denuntiabat,
1485 1679 1645 1751 quod
1668 1677 2174 1737 clementissimus

496 1771 825 1843 imperator
852 1769 1228 1825 Theodosius
1258 1783 1627 1825 excessurus
1677 1772 1841 1826 esset
1889 1782 1921 1823 e
1951 1767 2170 1839 ,terris.

499 1858 638 1930 Ipsa
685 1859 873 1931 igitur
920 1873 1238 1915 excessum
1286 1857 1423 1929 ejus
1478 1856 1769 1914 elementa
1824 1856 2170 1912 maerebant.

495 1946 720 2006 Caelum
770 1946 1034 2002 tenebris
1085 1945 1425 2015 obductum,
1477 1961 1581 2001 aer
1627 1946 1860 2017 perpeti
1917 1943 2172 2001 horrens

404 2097 417 2107 ,
498 2036 777 2109 caligine,
837 2040 996 2091 terra
1056 2034 1430 2107 quatiebatur
1480 2034 1773 2105 motibus,
1834 2032 2176 2106 replebatur

496 2140 782 2196 aquarum
814 2122 1236 2180 alluvionibus.
1267 2122 1483 2189 Quidni
1510 2123 1768 2179 mundus
1818 2123 1949 2193 ipse
1997 2122 2174 2177 deﬂe¢

497 2217 589 2270 ret
617 2228 751 2269 eum
781 2213 1131 2285 principiem
1162 2212 1440 2268 continuo
1471 2227 1610 2267 esse
1642 2211 2010 2283 rapiendum,
2064 2226 2173 2282 per

498 2318 675 2374 quem
703 2302 848 2358 dura
888 2301 1091 2356 mundi
1122 2300 1301 2355 istius
1343 2301 1661 2371 temperari
1710 2300 1994 2369 solerent,
2042 2315 2176 2355 cum

499 2391 809 2447 criminum
840 2406 1048 2462 pmnas
1082 2388 1449 2462 indulgentia
1479 2390 1874 2461 praeveniret?

568 2498 621 2553 2.
666 2496 737 2552 Et
782 2496 882 2552 ille
931 2495 1170 2568 quidem
1222 2496 1366 2551 abiit
1414 2497 1686 2566 accipere
1736 2495 1853 2551 sibi
1899 2511 2172 2568 regnum,

498 2586 654 2659 quod
685 2585 764 2657 (3)
796 2602 913 2641 non
945 2586 1241 2656 deposuit,
1276 2585 1385 2640 sed
1415 2586 1661 2640 mutavit
1693 2585 1753 2639 in
1795 2584 2175 2640 tabernacula

496 2673 719 2730 Christi
765 2672 902 2746 jure
947 2673 1181 2744 pietatis
1231 2674 1480 2743 ascitus,
1530 2675 1588 2729 in
1635 2674 1795 2728 illam
1837 2673 2175 2730 Jerusalem

500 2778 841 2834 supernam,
876 2762 976 2817 ubi
1008 2776 1164 2816 nunc
1193 2762 1426 2832 positus
1461 2762 1600 2816 dicit
1638 2778 1651 2816 :
1689 2786 1710 2810 ι
1746 2762 1910 2818 Sicut
1940 2757 2174 2817 audivi-

503 2867 660 2922 mus,
693 2851 772 2905 ita
802 2855 858 2905 et
890 2849 1150 2905 vidimus
1183 2851 1243 2905 in
1274 2850 1509 2906 civitate
1532 2850 1763 2907 Domini
1789 2851 2089 2923 virtutum,
2115 2853 2175 2907 iii

501 2940 741 2997 civitate
773 2939 879 2995 Dei
907 2938 1118 3007 nostri,
1154 2952 1330 3011 quam
1350 2939 1508 2995 Deus
1527 2940 1795 2995 fundavit
1814 2941 1872 2995 in
1889 2944 2174 2997 aeternum

499 3027 690 3100 (Psal.
724 3044 899 3098 xnvu,
931 3026 1006 3097 9).
1044 3047 1066 3077 ι
1100 3027 1217 3083 Sed
1268 3028 1554 3099 plurimos
1605 3034 1883 3102 tanquam
1929 3032 2171 3102 paterno

500 3118 814 3174 destitutos
846 3114 1128 3187 praesidio
1150 3115 1483 3190 dereliquit,
1504 3134 1571 3174 ac
1595 3119 1972 3190 potissimum
1992 3118 2169 3174 ﬁlios.

499 3206 617 3263 Sed
663 3223 780 3262 non
830 3207 968 3260 sunt
1015 3204 1298 3273 destituti,
1351 3223 1468 3279 quo
1514 3208 1748 3279 pietatis
1778 3224 1906 3263 suae
1937 3207 2175 3279 reliquit

498 3295 775 3353 hmredes
809 3311 821 3352 :
857 3310 976 3353 non
1026 3298 1165 3350 sunt
1207 3296 1493 3367 destituti,
1546 3296 1764 3367 quibus
1810 3296 2030 3351 Christi
2080 3313 2175 3351 ac-

501 3386 748 3460 quisivit
780 3387 1050 3460 gratiam,
1085 3390 1141 3444 et
1171 3384 1475 3443 exercitus
1505 3385 1682 3440 fidem
1711 3386 1821 3457 (4);
1871 3385 1967 3441 cui
1996 3386 2177 3441 docu-

497 3478 694 3532 mento
724 3475 835 3531 fuit
863 3476 1050 3533 Deum
1080 3477 1287 3532 favere
1343 3474 1564 3546 pietati,
1619 3475 1989 3547 ultoremque
2037 3490 2176 3531 esse

506 3564 793 3637 perﬁdiae.

573 3707 655 3780 (t)
692 3706 925 3780 Scripta
957 3721 1112 3780 anno
1141 3707 1266 3780 37b.

569 3777 648 3851 (2)
689 3777 1069 3835 Marcellinus
1099 3779 1161 3834 in
1191 3777 1485 3852 Chronico
1508 3781 1714 3852 auctor
1730 3780 1842 3848 est,
1867 3777 2179 3852 proﬂigato

506 3847 799 3921 Eugenio,
830 3854 1052 3921 terram
1102 3850 1396 3921 continuis
1447 3850 1705 3905 motibus
1753 3866 1785 3905 a
1827 3847 2180 3921 niense'Se-

505 3919 760 3991 pteinbri
786 3919 866 3994 ad
896 3920 1298 3994 Novembrem
1329 3936 1523 3994 usque
1545 3921 1610 3994 in
1659 3920 2014 3994 quibusdam
2064 3919 2178 3978 Eu-

503 4006 666 4063 ropis
699 3991 1049 4063 regionibus
1081 3991 1440 4063 quassatam
1473 3991 1966 4063 fuisse'Arcadio
2012 4009 2075 4048 iii
2124 3995 2181 4051 et

503 4060 840 4117 Honorio'ii
869 4060 1204 4134 coss.,hoc
1236 4066 1349 4133 est,
1377 4076 1531 4119 anno
1559 4060 1686 4131 894,
1720 4063 1821 4134 qui
1853 4062 2180 4121 Theodosii

502 4135 755 4188 mortem
784 4133 1131 4189 antecessit.

574 4202 654 4273 (8)
694 4203 825 4278 vet.
873 4203 1036 4273 edit.,
1093 4226 1115 4250 ι
1169 4202 1311 4278 abiit
1362 4203 1482 4278 sibi
1526 4203 1585 4278 in
1610 4219 1886 4278 regnum,
1921 4204 2113 4277 quod;
2152 4230 2173 4255 ιι

506 4273 682 4346 Rom,
715 4274 853 4348 edit.
889 4289 959 4328 ac
979 4290 1136 4348 gmss.
1170 4274 1412 4348 aliquot,
1451 4297 1473 4323 ιι
1527 4275 1672 4348 abiit
1693 4273 2181 4348 'sjbi,régnuin-

506 4360 623 4418 que
644 4363 660 4413 ;
698 4345 854 4418 {alii
888 4345 1020 4418 cod.
1057 4348 1120 4401 ut
1133 4345 1347 4418 posin
1385 4349 1573 4418 textu,
1625 4346 1678 4401 si
1726 4345 2179 4403 Beivacfexci-

500 4415 796 4490 pias,gubi
825 4416 1037 4489 habes,
1073 4438 1097 4465 ιι
1132 4415 1205 4472 Et
1232 4416 1332 4472 ille
1361 4415 1600 4489 quidem
1630 4432 1882 4490 regnum
1910 4432 2029 4475 non
2071 4419 2179 4475 de-

587 4488 727 4544 suit.
760 4493 873 4544 etc.
905 4506 929 4539 ι

503 4503 709 4559 posuit
760 4503 873 4544 etc.
905 4506 929 4539 ι

575 4559 655 4629 (4)
694 4529 1073 4631 'i‘heodosius
1103 4573 1237 4614 cum
1261 4558 1344 4631 iis
1374 4558 1729 4631 ignovisset,
1778 4559 1881 4631 qui
1927 4558 2178 4631 Eugenii

544 4633 704 4702 artes
733 4629 984 4702 amplexi
1017 4634 1206 4702 erant,
1237 4630 1374 4702 illos
1402 4629 1459 4685 et
1489 4629 1836 4701 perpetuum
1870 4635 1931 4702 et
1958 4629 2075 4686 sibi
2123 4634 2180 4686 et

544 4645 704 4685 artes
733 4645 984 4702 amplexi
1017 4645 1183 4685 erant
1237 4645 1374 4685 iiios
1402 4645 1459 4685 ei
1489 4645 1836 4701 perpetuum
1870 4645 1927 4685 et
1958 4645 2075 4686 sini
2123 4645 2177 4686 et

503 4645 643 4755 ﬁliis
675 4702 804 4755 suis
839 4701 1121 4758 devinxit.
1160 4671 1288 4757 Hoc
1318 4701 1488 4755 fateri
1512 4703 1755 4756 coactus
1777 4702 1886 4755 t‘uit
1903 4701 2177 4757 Zosimus

502 4769 605 4854 lib.
639 4787 700 4852 iv
728 4772 981 4854 Hist._.et
1009 4772 1393 4854 Claudianus,
1429 4787 1602 4854 quem
1649 4771 1951 4854 ethnicum
2003 4773 2179 4828 etiam

504 4839 755 4916 Orosius
786 4842 949 4912 facit,
985 4844 1254 4916 eamdem
1286 4839 1414 4898 rem
1442 4839 1502 4897 in
1533 4842 1949 4916 Pa_negyr.__de
1970 4860 2029 4897 iv
2051 4860 2180 4916 conf

506 4910 873 4997 sulxiillonor.
907 4910 1256 4997 testificatur
1286 4916 1347 4968 in
1391 4929 1460 4968 ea
1508 4910 1725 4997 verba,
1746 4910 1982 4997 quibus
2032 4914 2177 4997 nihil

505 4985 704 5108 litiumst
735 4999 874 5039 esse
907 4986 1334 5057 congruentius
1367 5000 1497 5040 cum
1519 4984 1837 5041 Ambrosio
1864 5001 1875 5041 :
1902 4987 1991 5041 sic
2022 4986 2178 5041 enim

506 5069 522 5107 i
573 5068 605 5109 e
632 5068 645 5108 :

506 5068 605 5108 ΙΙΙΘ
632 5068 645 5108 Σ

599 5141 736 5191 Hinc
760 5155 923 5203 amor,
951 5141 1074 5192 liinc
1096 5142 1346 5204 validum,
1375 5143 1581 5193 devotio
1604 5144 1783 5204 milite,
1806 5144 1967 5194 robur
1991 5161 2000 5193 :

601 5204 736 5254 Hinc
764 5204 901 5253 natis
924 5218 1171 5254 mansura
1193 5206 1342 5265 ﬁdes,
1370 5212 1466 5256 etc.

576 5303 656 5375 (5)
696 5303 868 5359 Rom.
904 5302 1041 5359 edit.
1075 5302 1224 5370 sola,
1265 5326 1286 5353 ι
1322 5303 1419 5359 alii
1448 5305 1685 5360 tertium
1717 5304 1895 5372 diem,
1945 5304 2041 5359 alii
2082 5306 2178 5361 tri-

507 5377 819 5447 cesimum,
852 5375 948 5430 alii
984 5375 1322 5447 septimum,
1356 5379 1413 5447 et
1440 5376 1541 5430 alii
1567 5376 2109 5447 quadragesimum.
2149 5397 2172 5428 ι

507 5447 623 5503 Sed
656 5445 800 5501 nihil
830 5450 922 5503 est
965 5445 1308 5518 mutandum
1355 5446 1413 5500 in
1463 5445 1758 5502 com—muni
1801 5445 2071 5518 lectione,
2124 5449 2177 5502 si

505 5518 681 5574 modo
711 5518 771 5572 in
800 5517 980 5588 priori
1014 5516 1303 5584 membro,
1360 5537 1382 5567 ι
1419 5517 1653 5572 tertium
1684 5518 1837 5571 diem
1870 5524 1927 5573 et
1955 5516 2179 5574 tricesi-

505 5605 700 5663 mum;
738 5608 761 5640 ι
796 5588 1727 5663 et_in_post_eriori,_-_septimum
1757 5592 1813 5663 et
1841 5589 2177 5663 quadrage-

507 5660 747 5732 simum,
786 5657 1188 5732 ngdisjunctim
1216 5657 1499 5732 accipias.
1531 5657 1727 5732 Tertii
1745 5657 1886 5732 diei—,7
1931 5662 2007 5732 et,
2027 5657 2177 5732 qua-

507 5729 831 5803 dragesimi
863 5726 1219 5803 mentionem
1252 5726 1392 5803 facit
1423 5731 1645 5803 auctor
1680 5726 1933 5803 Constit.
1962 5726 2173 5803 ᾼροεε.

504 5796 766 5874 ιὶὶ).”νιιι,
800 5814 926 5877 cap.
961 5797 1029 5859 42
1048 5818 1063 5871 ;
1099 5799 1207 5860 sed
1238 5800 1310 5858 ab
1343 5815 1411 5861 eo
1444 5798 1598 5878 quod
1631 5796 1807 5859 habet
1839 5800 1910 5862 de
1944 5796 2037 5860 die
2067 5816 2178 5863 no-

2207 2656 2260 2720 Β

2211 3959 2263 4024 C

2205 5096 2261 5160 D

2291 1605 2426 1644 mus
2462 1589 2658 1655 1198
2685 1590 2930 1659 obitum,
2981 1595 3039 1648 et
3086 1609 3243 1650 nunc
3290 1592 3764 1666 quadragesimum
3797 1611 3865 1652 ωε

2290 1678 2614 1749 lebramus,
2645 1679 2969 1737 assistente
2997 1683 3190 1739 sacris
3216 1682 3502 1739 altaribus
3523 1683 3746 1744 Honorio
3760 1687 3865 1757 prino

2290 1768 2452 1839 cipe;
2503 1769 2640 1841 quia
2685 1769 2842 1826 sicut
2889 1774 3135 1827 sanctus
3184 1771 3410 1844 Joseph
3452 1773 3598 1844 patri
3623 1789 3714 1831 suo
3736 1773 3863 1831 iacob

2291 1856 2682 1930 quadraginta
2714 1856 2929 1915 diebus
2960 1858 3319 1917 humationis
3369 1861 3560 1918 ofﬁcia
3602 1861 3781 1935 detulit,
3813 1864 3864 1917 ita

2290 1948 2348 2000 et
2377 1945 2473 2000 hic
2502 1945 2842 2002 Theodosio
2873 1947 3023 2019 patri
3050 1946 3219 2019 justa
3248 1950 3554 2022 persolvit.
3586 1949 3649 2005 Et
3670 1952 3776 2023 quia
3800 1952 3864 2007 alii

2289 2033 2526 2089 tertium
2558 2033 2714 2090 diem
2747 2039 2803 2090 et
2830 2034 3221 2108 tricesimum,
3253 2036 3356 2092 alii
3378 2040 3689 2109 septimum,
3713 2042 3864 2111 etqui-

2291 2122 2699 2195 dragesimum
2728 2124 2814 2195 (5)
2845 2124 3173 2181 observare
3205 2132 3650 2197 consueverunt,
3675 2127 3782 2198 quid
3801 2126 3867 2183 do-

2292 2215 2420 2267 ceat
2448 2211 2642 2281 lectio,
2677 2212 3150 2270 consideremus.
3198 2214 3490 2271 Defuncto
3520 2216 3694 2288 itaque
3718 2215 3863 2286 iaculi,

2290 2300 2592 2372 praecepit,
2637 2299 2848 2373 inquit,
2900 2301 3127 2373 Ioseph
3173 2303 3381 2374 pueris
3428 2303 3792 2375 sepultoribus,
3825 2310 3865 2359 ut

2293 2388 2617 2460 sepelirent
2644 2404 2799 2444 eum.
2835 2389 2907 2445 Et
2961 2391 3325 2461 sepelierunt
3375 2392 3686 2464 sepultores
3722 2392 3863 2461 Israel,

2290 2482 2350 2533 et
2379 2476 2592 2548 repleti
2621 2481 2761 2533 sunt
2790 2477 2844 2533 ei
2875 2479 3268 2552 quadraginta
3297 2480 3463 2552 dies;
3489 2482 3576 2537 sic
3603 2481 3732 2536 enim
3752 2481 3865 2536 dinuo

2289 2568 2591 2622 merentur
2618 2566 2750 2621 dies
2782 2568 3128 2637 sepultum.
3174 2568 3247 2623 Et
3293 2569 3449 2625 luxit
3495 2586 3620 2626 eum
3644 2570 3865 2642 Egyptus

2292 2656 2669 2727 septuaginta
2700 2656 2915 2711 diebus
2947 2656 3025 2728 (6)
3055 2656 3232 2730 (Gen.
3264 2675 3321 2729 i.,
3352 2660 3407 2727 2,
3438 2659 3514 2729 8).
3550 2684 3572 2709 ι
3621 2659 3738 2714 Haac
3767 2673 3866 2730 ergo

2288 2744 2596 2816 sequenda
2628 2745 2997 2817 solemnitas,
3031 2762 3207 2818 quam
3234 2748 3570 2818 praescribit
3594 2748 3753 2803 lectio.
3790 2746 3866 2800 Sed

2289 2835 2466 2888 etiam
2499 2835 2559 2888 in
2593 2834 3051 2890 Deuteronomio
3084 2835 3377 2906 scriptum
3396 2840 3488 2892 est
3519 2854 3531 2891 :
3566 2859 3586 2884 ιι
3618 2835 3739 2902 Quia
3758 2834 3867 2905 piam

2288 2928 2504 2979 xerunt
2534 2923 2636 2977 filii
2665 2923 2848 2979 lsi-aet
2880 2924 3126 2995 Moysen
3157 2924 3373 2980 diebus
3413 2925 3655 2997 triginta,
3698 2929 3742 2979 et
3776 2938 3865 2977 con-

2291 3014 2569 3068 summati
2598 3016 2736 3067 sunt
2765 3012 2895 3068 dies
2927 3013 3123 3068 luctus
3153 3013 3353 3083 (Deut.
3387 3030 3583 3083 xxxw,
3613 3013 3677 3082 8).
3709 3036 3726 3059 -
3753 3010 3866 3066 Utra-

2291 3117 2405 3174 que
2435 3117 2580 3174 ergo
2614 3101 2952 3157 observatio
2982 3102 3159 3157 habet
3186 3103 3609 3173 auctoritatem,
3652 3102 3765 3173 quia
3799 3115 3865 3154 ne-

2294 3192 2621 3246 cessarium
2654 3191 2889 3262 pietatis
2919 3190 3195 3263 impletur
3222 3191 3508 3247 ofﬁcium.
3560 3248 3565 3253 _

2365 3298 2417 3353 4.
2460 3298 2665 3371 Bo_nus
2697 3297 2895 3369 itaque
2925 3297 3173 3369 Joseph,
3206 3298 3309 3371 qui
3340 3298 3584 3354 formam
3609 3298 3693 3370 pio
3708 3282 3867 3352 muneri

2294 3386 2473 3455 dedit,
2508 3402 2683 3458 quem
2715 3387 2947 3441 amabat
2974 3391 3162 3458 pater,
3196 3385 3416 3460 cuique
3446 3387 3584 3442 dixit
3606 3401 3620 3442 :
3639 3410 3661 3434 ιι
3687 3384 3867 3455 Adjqu

2295 3480 2354 3531 te
2385 3475 2545 3530 Deus
2576 3489 2767 3543 meus,
2800 3478 2858 3530 et
2886 3475 3199 3531 benedicat
3226 3479 3283 3530 te
3333 3475 3717 3532 benedictione
3752 3477 3868 3528 term

2296 3564 2568 3620 habentis
2608 3564 2825 3633 omnia,
2875 3568 3119 3637 propter
3165 3565 3629 3621 benedictionem
3668 3560 3868 3619 mamilli-

2296 3713 2395 3779 no;
2429 3707 2774 3780 discrepare
2804 3707 3039 3763 videtur
3065 3708 3469 3781 Augustinus,
3517 3712 3689 3780 quaast
3729 3703 3805 3760 172
3830 3704 3868 3782 in

2302 3779 2473 3836 Gen..
2503 3779 2607 3834 ubi
2637 3783 2815 3836 negat
2847 3783 3212 3835 mortuorum
3257 3779 3483 3835 luctum
3528 3796 3559 3834 a
3602 3776 3868 3836 Christianis

2302 3795 2473 3848 uen.,
2503 3795 2607 3834 uni
2637 3795 2815 3851 negat
2847 3795 3212 3835 mortuorum
3257 3795 3483 3835 iuctum
3528 3796 3559 3834 a
3602 3795 3866 3836 unnsuams

2296 3867 2405 3934 per
2425 3850 2562 3934 dies
2593 3866 2804 3934 novem
2818 3854 3075 3934 ‘propter
3103 3866 3471 3934 paganorum
3494 3848 3866 3934 novendialem}

2297 3920 2766 4006 celebrandum:
2803 3920 2958 4004 diem
3003 3920 3151 3977 vero
3185 3920 3517 4006 septimum
3557 3938 3589 3979 e

2297 3994 2514 4050 divmis
2545 3995 2867 4076 constituit.
2898 3994 2974 4048 At
3004 3992 3323 4076 Menardus
3346 4009 3409 4076 ul
3442 3990 3705 4076 ροῃοοζά.
3764 3984 3867 4076 eff].

2297 4079 2511 4122 novem
2542 4064 2791 4133 dierum,
2835 4079 2954 4120 non
3002 4068 3196 4118 autem
3242 4065 3383 4120 noni
3432 4064 3544 4120 diei
3588 4062 3868 4133 observatio:

2294 4151 2430 4192 nem
2461 4135 2534 4190 ab
2568 4126 2905 4207 Augustino
2929 4133 3317 4205 improbatam
3350 4150 3489 4191 esse
3510 4135 3766 4190 observat.
3790 4126 3870 4182 Pil-

2297 4206 2490 4262 ladius
2518 4207 2579 4260 in
2610 4205 2896 4260 Lausiaca
2930 4221 3058 4267 cap.
3089 4205 3178 4267 26.
3231 4205 3349 4260 diei
3398 4200 3802 4267 quadragesimi,
3833 4200 3869 4251 et

2298 4219 2490 4262 iadius
2518 4223 2579 4260 in
2610 4219 2896 4260 Lausmca
2930 4221 3058 4267 cap.
3089 4219 3178 4274 xu,
3231 4219 3349 4260 diei
3398 4219 3802 4279 quaaragesnni,
3833 4219 3869 4278 ei

2298 4277 2629 4332 secundum
2659 4275 2899 4332 codices
2929 4277 3163 4347 aliquos
3203 4276 3379 4332 etiam
3429 4276 3581 4332 tertii
3618 4285 3869 4347 commem-

2294 4348 2403 4403 nit.
2432 4348 2518 4404 De
2546 4347 2722 4419 tertio
2753 4362 3010 4419 quoque,
3028 4345 3222 4419 fsimul
3251 4352 3309 4402 et
3344 4348 3437 4419 de
3467 4348 3715 4419 septimo,
3748 4345 3868 4419 atquo

2294 4419 2598 4499 tricesimo
2625 4408 2957 4499 Gregorius
2979 4408 3242 4499 _l'_ttagnus
3271 4419 3396 4491 agit
3425 4418 3484 4499 in
3515 4408 3766 4499 sacrata,

2294 4490 2368 4564 de
2399 4490 2596 4564 miss_a_
2615 4504 2722 4564 pro
2753 4488 3052 4564 defunctis
3083 4488 3243 4564 {nec
3271 4488 3390 4544 non
3439 4488 3510 4564 de
3536 4488 3805 4564 tricesimo
3829 4488 3865 4533 in

2292 4560 2396 4640 lib,
2429 4576 2488 4616 iv
2518 4552 2749 4640 Dialog.
2769 4574 2913 4640 cap,
2945 4560 3034 4640 δε).
3085 4558 3382 4640 generum
3423 4559 3495 4615 de
3536 4559 3687 4640 hisce

2293 4632 2610 4708 diligenter
2645 4624 3023 4708 pertractant
3057 4630 3271 4708 citatus
3296 4630 3627 4708 ‘Menardus
3673 4629 3721 4708 in

2293 4694 2467 4784 Rei;
2499 4694 2850 4784 Gotelerius,
2883 4702 2943 4758 in
2976 4702 3232 4757 Constit.
3262 4703 3471 4776 Apost.
3503 4702 3625 4757 loco
3651 4700 3802 4761 citato,
3829 4694 3865 4744 et

2292 4774 2497 4845 plures
2528 4774 2645 4828 alii.
3318 4774 3331 4776 ἡ

2310 4915 2321 4917 _
2363 4845 2442 4917 (6)
2479 4843 3007 4917 Gratianus_legit,
3062 4867 3085 4892 α
3138 4842 3322 4917 Israel
3371 4847 3589 4915 septem
3615 4840 3862 4917 diebus.)

2291 4908 2477 4981 Quam
2527 4915 2761 4986 quidem
2810 4908 3123 4970 lectionem
3169 4915 3306 4971 licet
3351 4908 3465 4970 non
3511 4913 3667 4969 modo
3699 4908 3864 4986 cunctis

2295 4986 2465 5041 codd.
2502 4984 2934 5055 A‘mbrosianis,
2969 5001 3176 5041 verum
3206 4991 3262 5040 et
3290 4986 3450 5041 LXX
3478 4986 3702 5054 lnterpr.
3742 4984 3863 5047 atque
3982 5014 3983 5023 η

2297 5057 2470 5130 Vulg.
2504 5056 2858 5130 contrariam
2889 5072 3027 5112 esse
3072 5056 3306 5112 Decreti
3355 5060 3698 5130 correctores
3736 5060 3863 5130 agno:

2294 5113 2485 5198 scunt,
2518 5128 2754 5183 defendi
2783 5130 2979 5182 tamen
3006 5142 3189 5198 posse
3218 5128 3587 5196 contendunt,
3628 5130 3729 5180 tum
3753 5113 3862 5198 quod

2293 5201 2353 5255 in
2402 5193 2679 5255 omnibus
2725 5198 2985 5253 Gratiani
3007 5193 3164 5254 _cod.
3217 5199 3390 5253 etiam
3436 5193 3862 5269 reperiatur,tul13

2443 5234 2679 5254 ιιιμιυιω
2726 5234 2985 5253 manu...
3034 5234 3164 5254 νυν.
3217 5234 3390 5253 υκαι..
3436 5234 3496 5253 ,υ
3538 5234 3718 5259 ψη.-.
3782 5234 3862 5243 .-ψ

2293 5234 2451 5342 ἓῖιιοῖί
2482 5270 2690 5343 eodem
2721 5285 2847 5340 cap.
2879 5269 3023 5343 Gen.
3058 5270 3285 5341 Joseph
3316 5276 3370 5325 et
3402 5234 3591 5325 caeteri
3617 5234 3863 5343 ﬁliijsrael
3982 5332 3983 5343 χ

2293 5333 2639 5413 implevisse
2688 5333 2915 5413 septeni
2959 5341 3091 5395 dies
3137 5333 3666 5413 commemorantur.
3691 5333 3862 5413 _Ve_wm

2292 5401 2481 5484 prima
2524 5413 2675 5467 ratio
2710 5401 2778 5484 id
2803 5427 2990 5484 unum
3036 5412 3269 5484 probat,
3321 5402 3640 5484 Gratianum
3676 5401 3861 5484 Ambro;

2293 5466 2463 5539 siano
2495 5483 2823 5556 exemplari
2847 5466 3058 5537 minus‘
3075 5466 3310 5556 integro
3336 5466 3504 5538 usum
3525 5479 3693 5556 fuisse
3713 5492 3722 5528 :
3748 5466 3860 5556 quod

2293 5571 2472 5625 porro
2500 5555 2573 5608 ad
2605 5540 2946 5625 secundam,
2981 5559 3147 5609 extra
3176 5540 3414 5609 d'ubium
3447 5558 3551 5620 est,
3587 5540 3859 5625 locum—ilbi

2295 5612 2635 5681 constanter
2680 5626 2738 5697 in
2788 5612 2997 5697 Bibli'is
3046 5625 3264 5697 legitur
3312 5649 3333 5673 ιι
3393 5612 3725 5697 septuaginta
3768 5612 3860 5697 die:

2292 5697 2430 5770 bus,
2468 5718 2490 5745 π
2526 5696 2622 5753 hic
2653 5695 2901 5770 allegari
2931 5696 3005 5770 ab
3032 5693 3371 5770 Ambrosio,
3419 5693 3529 5754 non
3573 5693 3739 5748 autem
3761 5693 3858 5743 eum

2293 5769 2393 5846 qui
2417 5765 2459 5827 ἰ
2488 5765 2929 5830 correctoribus
2958 5765 3269 5827 indicatur.
