4060 6178
226 413 393 483 1449

1306 387 1631 478 ORATIO
1672 408 1785 477 ne
1830 409 2095 479 OBITU
2137 409 2617 479 resonosn.

3529 418 3688 482 1450

230 619 369 661 rum
407 606 466 659 et
495 602 717 673 vulva,
744 600 1201 659 benedictiones
1224 596 1439 657 matris
1464 602 1600 669 tuae,
1635 603 1692 655 et
1728 616 1909 671 prop-
1942 598 1997 667 Α
2020 600 2231 672 gratiae
2258 616 2375 655 non
2407 601 2485 655 sit
2534 601 2861 672 ademptus.
2899 601 3023 658 Nec
3070 602 3379 658 immerito.
3422 601 3486 658 Si
3534 605 3689 658 enim

230 696 325 749 ter
352 692 799 749 benedictiones
832 690 1020 760 patris
1054 690 1133 745 tui
1167 688 1347 758 (Gen.
1382 707 1535 758 xux,
1578 689 1709 759 25);
1756 710 1779 751 ι
1832 689 1911 757 pii

232 783 423 853 patris
457 781 701 837 soboles
730 780 907 835 bona.
941 778 1215 834 Celebrat
1243 794 1390 850 ergo
1422 782 1478 832 et
1508 779 1619 832 iste
1651 777 1909 848 quadra-

2022 690 2386 760 privatorum
2444 689 2663 744 ultimae
2726 691 3102 759 voluntates,
3172 694 3227 745 et
3294 692 3687 747 deﬁcientium

2024 782 2373 833 testamenta
2448 779 2579 849 (19)
2645 780 2863 835 habent
2936 786 3238 851 perpetem
3308 781 3689 851 ﬁrmitatem;

232 871 528 943 gesimam
574 870 760 941 patris
811 869 1017 937 Jacob,
1074 868 1537 939 supplantatoris
1597 866 1791 921 ill-ius:
1855 869 1912 920 et
2021 869 2316 937 quomodo
2349 872 2546 938 potest
2578 869 2720 922 tanti
2753 869 3038 939 principis
3071 886 3209 923 esse
3248 870 3478 924 irritum
3508 873 3693 924 testa—

232 977 349 1018 nos
408 960 783 1016 celebramus
843 957 1166 1013 Theodosii
1232 956 1752 1029 quadragesimum
1809 954 1908 1026 (7),

235 1051 340 1122 qui
370 1050 632 1105 imitatus
654 1048 861 1117 Jacob,
889 1046 1288 1118 supplantavit
1308 1046 1613 1115 perﬁdiam
1636 1048 1910 1115 tyranno-

231 1155 390 1207 rum,
423 1139 525 1211 qui
566 1132 598 1194 1
617 1130 759 1194 199
801 1136 1113 1197 abscondit
1144 1135 1464 1190 simulacra
1496 1134 1762 1205 gentium
1792 1133 1868 1203 (8)
1895 1149 1910 1205 ;

234 1243 446 1285 omnes
475 1226 637 1283 enim
665 1227 862 1281 cultus
895 1224 1186 1279 idolorum
1226 1223 1376 1278 ﬁdes
1416 1221 1551 1294 ejus
1581 1221 1911 1290 abscondit,

235 1332 449 1373 omnes
480 1331 686 1372 eorum
725 1314 1116 1370 caeremonias
1157 1311 1550 1368 oblitteravit:
1602 1312 1702 1383 qui
1744 1311 1916 1366 etiam

230 1407 319 1463 iis
363 1406 465 1478 qui
513 1406 581 1461 in
628 1420 694 1460 se
743 1405 1157 1474 peccaverant,
1210 1400 1397 1457 doluit
1444 1416 1621 1472 quam
1673 1400 1918 1455 dederat

234 1495 499 1566 periisse
544 1492 997 1564 indulgentiam,
1047 1494 1105 1546 et
1150 1491 1386 1546 veniam
1435 1490 1785 1562 denegatam
1817 1489 1914 1559 (9).

234 1583 358 1640 Sed
390 1599 508 1639 non
546 1582 851 1655 negabunt
899 1580 1025 1650 lilii,
1058 1580 1214 1652 quod
1264 1580 1503 1635 donavit
1550 1583 1750 1649 pater:
1802 1594 1919 1632 non

234 1673 563 1745 negabunt,
599 1671 830 1726 etiamsi
852 1669 1091 1741 quidam
1114 1669 1507 1724 interturbare
1533 1672 1780 1723 conatus
1803 1667 1916 1736 sit;

234 1776 435 1834 neque
482 1761 640 1817 enim
688 1762 965 1831 poterunt
1013 1773 1255 1831 negare,
1301 1756 1460 1827 quod
1507 1756 1566 1811 in
1609 1770 1919 1811 commune

236 1850 506 1920 donavit,
539 1849 642 1922 qui
670 1849 931 1917 solvunt,
966 1847 1125 1919 quod
1158 1845 1418 1918 singulis
1454 1845 1633 1900 dedit.

315 1941 368 1995 5.
402 1939 563 1994 Nihil
591 1937 919 2011 gloriosius
950 1936 1146 1992 exitus
1175 1936 1323 1990 tanti
1361 1934 1652 2006 principis
1692 1934 1919 2003 habuit,

236 2030 346 2102 qui
375 2028 574 2083 omnia
596 2026 723 2099 jam
766 2025 905 2080 ﬁliis
946 2024 1311 2094 tradidisset,
1346 2039 1623 2095 regnum,
1654 2026 1923 2094 potesta-

233 2122 378 2189 tem,
411 2132 628 2174 nomen
656 2114 902 2188 augusti
923 2113 1071 2186 (10):
1097 2112 1261 2183 nihil,
1288 2113 1546 2185 inquam,
1580 2112 1922 2182 speciosius

237 2207 389 2263 etin
429 2209 619 2262 morte
646 2208 951 2261 servatum
991 2207 1106 2273 est,
1138 2217 1315 2274 quam
1357 2202 1515 2273 quod
1555 2202 1615 2256 in
1647 2202 1921 2273 aliquan-

239 2296 325 2351 tis
347 2295 485 2367 (11),
508 2294 805 2366 promissa
829 2307 1197 2348 annonarum
1235 2290 1661 2362 exigendarum
1687 2292 1922 2345 relaxa-

235 2386 347 2455 tio,
382 2384 520 2440 dum
560 2385 840 2452 moratur,
885 2382 1038 2435 facta
1078 2383 1171 2435 est
1212 2379 1526 2434 successio
1559 2378 1693 2451 ejus
1724 2379 1922 2434 indul-

241 2475 585 2547 gentiarum
615 2470 973 2541 hereditas;
1015 2471 1079 2524 ut
1117 2468 1215 2524 ille
1247 2468 1347 2540 qui
1385 2467 1573 2523 voluit
1611 2468 1922 2539 impedire,

243 2563 367 2619 sibi
399 2562 597 2618 odium
621 2559 851 2629 fecerit,
875 2558 1215 2615 Theodosio
1235 2562 1431 2615 tamen
1455 2560 1627 2612 tanta:
1648 2559 1921 2614 cumulus

319 2704 399 2776 (Ἴ)
440 2703 719 2776 Nonnulli
758 2716 933 2776 mss.,
983 2722 1004 2748 α
1059 2699 1597 2773 quadragesimam,
1648 2701 1748 2772 qui
1791 2717 1922 2755 cum

241 2774 436 2832 JacOb
464 2774 885 2847 supplantavit.
933 2794 955 2822 ι

320 2847 397 2917 (8)
430 2843 610 2901 Extra
640 2844 1110 2917 controversiam
1139 2846 1231 2917 est
1251 2843 1570 2917 Maximum
1601 2847 1775 2916 atque
1810 2843 1924 2898 Eu-

290 2914 491 2974 enium
534 2921 821 2989 tyrannos
858 2915 971 2970 hoc
1013 2914 1144 2970 loco
1184 2914 1525 2986 designari:
1584 2914 1742 2986 quod
1782 2931 1925 2970 vero

241 2935 464 3045 gicitur
494 2988 871 3043 Theodosius
911 2985 1309 3041 abscondisse
1345 3006 1367 3035 α
1413 2986 1735 3041 simulacra
1776 3002 1925 3045 gen-

286 2991 464 3048 icitur
494 2985 871 3043 Theodosius
911 2985 1309 3057 abscondisse
1333 2985 1367 3035 “«
1413 2985 1735 3057 simulacra
1776 3002 1925 3057 gen-

244 3063 416 3131 tium,
453 3084 476 3108 ιι
514 3059 571 3113 id
601 3058 983 3131 referendum
1014 3072 1154 3112 esse
1182 3056 1255 3110 ad
1287 3055 1413 3131 leg‘.
1438 3055 1504 3110 i‘z.’
1535 3055 1924 3131 (leﬂagzinis,

290 3149 369 3186 ua
393 3127 586 3187 omnia
608 3130 904 3184 sacriﬁcia
920 3129 1288 3198 deorumque
1302 3127 1495 3181 cultus
1514 3127 1925 3198 prohibentur,

384 3202 629 3259 ofredus
681 3205 960 3256 autumat.
998 3199 1217 3253 Verum
1261 3214 1392 3252 eum
1426 3214 1494 3252 ea
1541 3199 1635 3253 lex
1684 3216 1742 3253 vi
1791 3200 1928 3253 ldus

250 3274 629 3330 Novembres
661 3288 796 3327 ann.
837 3271 943 3326 392
971 3270 1111 3341 data
1133 3269 1328 3341 fuerit,
1363 3269 1476 3341 hoc
1507 3276 1618 3339 est,
1656 3270 1923 3341 Eugenio

244 3349 390 3418 post
428 3347 699 3418 necatum
737 3341 940 3418 idibus
983 3340 1153 3418 Maiis
1197 3340 1923 3418 Valentiniunum‘solium
1952 3351 2003 3413 ο
2038 3358 2193 3418 mus,
2240 3364 2261 3388 α

247 3410 601 3486 occupante,
635 3413 938 3486 Ambrosii
976 3411 1162 3466 verba
1204 3426 1322 3465 non
1353 3410 1439 3486 ad
1474 3411 1629 3486 illam
1681 3415 1924 3486 tantum,

248 3488 365 3543 sed
392 3481 666 3542 etiamad
702 3485 897 3541 omnia
926 3499 1060 3554 qum
1099 3487 1346 3537 mortem
1386 3481 1656 3552 ejusdem
1696 3484 1927 3554 tyranni

247 3561 526 3615 insecuta
583 3561 745 3626 sunt,
800 3555 1013 3611 referri
1068 3557 1340 3626 oportere
1394 3569 1512 3608 non
1570 3555 1926 3610 dubitamus.

250 3630 487 3686 Etenim
526 3624 847 3684 simulacra
889 3626 1106 3693 omnia,
1139 3628 1196 3679 et
1233 3624 1512 3680 universa
1561 3625 1931 3680 victimarum

251 3716 482 3775 genera
505 3703 642 3772 post
663 3698 968 3753 victoriam
990 3713 1022 3750 a
1044 3695 1381 3750 Theodosio
1398 3696 1628 3751 sublata
1652 3713 1790 3751 esse
1814 3713 1931 3751 non

251 3772 452 3828 solum
482 3773 776 3827 testantur
822 3768 1228 3841 Augustinus,
1244 3767 1353 3841 lib.
1386 3782 1425 3818 v
1462 3767 1537 3821 de
1580 3767 1761 3841 Civil.
1799 3767 1931 3836 Dei,

252 3808 1195 3914 2:3:testamentis};
1203 3809 1233 3891 ἰ
1240 3808 1331 3891 ίϊὶ
1342 3808 1423 3914 iv;
1456 3808 1679 3914 ξξρῖέί
1693 3808 1709 3907 ;
1723 3808 1934 3914 “aut:

249 3909 360 3971 alii
386 3909 707 3969 Christiani
735 3913 1034 3978 auctores,
1067 3925 1277 3964 verum
1307 3909 1480 3964 etiam
1519 3910 1791 3964 Zozimus
1830 3909 1931 3963 lib.

256 4004 321 4042 iv
351 3986 511 4041 Hist.
546 3984 699 4039 hanc
728 3982 995 4039 eamdem
1026 3996 1149 4035 rem
1180 3978 1314 4035 fuse
1348 3980 1654 4035 describit.

330 4056 710 4136 (9)__Vidimus
737 4053 860 4136 jam
889 4068 1071 4136 supra
1099 4066 1175 4136 ex
1205 4051 1396 4132 ipsius
1427 4051 1649 4136 Zgzimi
1673 4051 1936 4136 testimo-

254 4122 360 4184 nio
388 4122 480 4182 'iis
526 4122 873 4198 pepercisse
921 4122 1343 4198 Theodosium,
1395 4122 1494 4194 qui
1543 4125 1826 4198 stet_erant
1863 4122 1936 4176 ab

254 4193 553 4271 Eugenio:
578 4193 705 4271 Hoc
723 4196 916 4271 ipsum
929 4193 1288 4271 Claudianus
1298 4193 1538 4271 quoque
1551 4193 1933 4271 infanegyr.

253 4265 461 4345 quarti
490 4268 711 4325 consul.
741 4265 965 4322 Honor.
998 4265 1257 4321 celebrat
1294 4265 1431 4320 istis
1468 4265 1787 4320 versibus:

388 4358 518 4407 Post
544 4362 708 4416 aetas,
734 4354 874 4405 odiis
902 4354 1039 4402 idem
1069 4354 1160 4414 qui
1189 4353 1447 4403 terminus
1474 4354 1656 4403 armis.

386 4421 591 4470 Profuit
624 4421 725 4468 hoc
749 4419 993 4466 vincente
1023 4416 1157 4478 capi,
1184 4421 1284 4464 etc.

252 4503 377 4560 Sed
418 4500 692 4568 Orosius,
728 4497 1069 4553 distinctius
1120 4495 1360 4568 exponit
1407 4495 1508 4551 lib.
1550 4513 1651 4565 vn,
1687 4511 1815 4568 cap.
1846 4496 1936 4565 35,

254 4575 488 4651 praeter
505 4567 860 4651 Eugenium,
880 4569 982 4651 qui
1003 4572 1210 4649 captus
1243 4567 1351 4651 fuit
1370 4570 1544 4651 atque
1566 4567 1935 4649 interfectus,

256 4638 317 4702 et
349 4638 771 4721 Arbogastem,
804 4638 916 4713 qui
922 4639 1250 4721 proprium
1288 4638 1639 4721 gladium‘in
1685 4653 1938 4721 sencon-

2035 960 2293 1012 mentum
2313 959 2341 1011 ‘?
2369 957 2681 1013 Gloriosus
2711 974 2946 1028 quoque
2968 959 3078 1028 (13)
3109 960 3168 1013 in
3199 976 3267 1013 eo
3295 959 3690 1030 Theodosius,

2032 1045 2129 1116 qui
2162 1061 2280 1100 non
2312 1048 2605 1101 communi
2632 1045 2768 1118 jure
2798 1050 3047 1102 testatus
3078 1054 3168 1103 est
3195 1068 3207 1115 ;
3250 1049 3322 1104 de
3360 1049 3501 1104 ﬁliis
3539 1050 3695 1104 enim

2028 1134 2171 1189 nihil
2202 1135 2457 1191 habebat
2484 1152 2701 1191 novum
2740 1136 2898 1207 quod
2930 1137 3229 1208 conderet,
3261 1138 3483 1210 quibus
3513 1140 3695 1193 totum

2026 1223 2284 1293 dederat,
2321 1224 2437 1279 nisi
2471 1228 2530 1279 ut
2560 1241 2666 1280 eos
2694 1226 2977 1296 praesenti
3016 1227 3453 1283 commendaret
3479 1244 3695 1298 paren—

2026 1312 2067 1367 ti
2114 1313 2260 1381 (lt):
2310 1316 2368 1368 et
2415 1315 2487 1368 de
2537 1314 2794 1370 subditis
2838 1315 2951 1370 sibi
2994 1318 3051 1370 et
3097 1317 3442 1372 commissis
3490 1319 3697 1371 testari

2026 1402 2245 1471 debuit,
2283 1406 2343 1457 ut
2372 1403 2566 1475 legata
2596 1404 2929 1475 dimitteret,
2964 1405 3099 1461 ﬁdei
3140 1406 3460 1462 commissa
3491 1406 3698 1478 signa-

2028 1493 2134 1547 ret.
2172 1491 2463 1561 Praecepit
2506 1492 2634 1547 dari
2662 1493 2855 1565 legem
2902 1494 3303 1567 indulgentiae,
3337 1511 3514 1566 quam
3545 1495 3699 1549 seri—

2027 1583 2184 1650 ptam
2214 1580 2472 1652 reliquit.
2504 1580 2655 1645 Quid
2686 1582 2946 1654 dignius,
2980 1600 3157 1655 quam
3195 1588 3256 1639 ut
3286 1588 3699 1641 testamentum

2027 1668 2403 1740 imperatoris
2435 1669 2531 1725 lex
2566 1671 2689 1726 sit?

2099 1810 2151 1864 6.
2188 1810 2346 1882 Ergo
2381 1813 2575 1866 tantus
2618 1812 2936 1883 imperator
2977 1813 3229 1868 recessit
3270 1831 3299 1867 a
3346 1814 3540 1884 nobis,
3595 1816 3702 1870 sed

2030 1915 2147 1955 non
2166 1901 2325 1955 totus
2343 1901 2597 1955 recessit
2620 1917 2631 1954 :
2659 1901 2895 1973 reliquit
2917 1902 3071 1956 enim
3095 1903 3268 1957 nobis
3292 1903 3513 1959 liberos
3534 1921 3697 1970 suos,

1948 1986 1998 2049 Β
2031 1989 2090 2042 in
2121 1988 2338 2060 quibus
2382 2005 2515 2044 cum
2557 1989 2843 2045 debemus
2882 2007 3231 2062 agnoscere,
3266 1994 3322 2047 et
3372 1993 3433 2048 in
3480 1994 3700 2064 quibus

2033 2094 2166 2133 eum
2208 2081 2265 2131 et
2304 2078 2602 2133 cernimus
2643 2082 2699 2133 ct
2747 2082 3035 2134 tenemus.
3072 2080 3195 2135 Nec
3241 2085 3473 2136 moveat
3518 2085 3697 2138 tetas:

2033 2164 2182 2220 ﬁdes
2214 2165 2463 2219 militum
2494 2165 2867 2235 imperatoris
2895 2166 3153 2237 perfecta
3197 2160 3390 2224 1200
3434 2173 3528 2225 est
3557 2174 3703 2225 aetas

2033 2257 2124 2308 est
2145 2255 2301 2308 enim
2318 2253 2577 2323 perfecta
2600 2259 2766 2323 aetas,
2794 2253 3166 2325 ubiperfecta
3190 2261 3280 2311 est
3295 2259 3505 2314 virtus.
3532 2261 3705 2315 Reci-

2032 2357 2212 2413 proca
2234 2342 2394 2411 haec;
2426 2341 2561 2414 quia
2589 2344 2645 2397 et
2670 2342 2819 2398 ﬁdes
2842 2342 3215 2414 imperatoris
3247 2346 3493 2402 militum
3518 2349 3704 2404 virtus

2034 2435 2144 2487 est.

2104 2558 2653 2630 7.11ecognoscitis
2704 2574 2913 2631 nempe
2964 2576 3114 2632 quos
3164 2563 3336 2619 vobis
3384 2563 3708 2621 Theodosii

2033 2701 2298 2789 illigatum
2324 2699 2658 2789 Eugenium
2702 2718 2759 2789 iv
2800 2701 2939 2757 ldus
2979 2704 3226 2789 daunal',
3259 2705 3529 2789 ejusdem
3569 2709 3708 2764 anni

2034 2772 2912 2851 declat-averetimperatorem,
2945 2779 3008 2830 ut
3045 2792 3120 2832 ex
3167 2772 3370 2849 Idatio,
3406 2781 3706 2851 Prospero

2033 2848 2091 2898 et
2122 2844 2254 2898 aliis
2288 2843 2697 2914 intelligimus.

2107 2913 2219 2984 (11)
2250 2913 2636 2994 Omnes-edit.
2667 2915 2991 2994 ucuplures
3014 2935 3210 2994 __mss.,
3247 2941 3271 2972 ι
3324 2937 3503 2994 quam
3551 2920 3712 2994 quod

2034 2986 2285 3065 immane
2308 2986 2575 3065 quantis;
2615 3006 2638 3036 ι
2662 2986 2794 3065 Gitl.
2821 2988 2880 3041 in
2904 2990 3084 3065 variis
3104 2986 3265 3061 lect.,
3296 3016 3317 3040 α
3342 2986 3527 3064 quam
3551 2986 3712 3065 quod

2034 3058 2646 3136 immaniquantitatc:
2686 3081 2707 3105 υ
2748 3060 2894 3129 Reg.
2922 3058 3308 3136 cod._unus,i«
3346 3058 3521 3135 quam
3553 3058 3711 3136 quod

2036 3129 2096 3182 in
2125 3129 2316 3197 annis,
2354 3128 2510 3203 n_qui
2554 3144 2686 3203 cum
2717 3128 2972 3203 uno’aut
3020 3131 3132 3186 alio
3175 3128 3302 3188 cod.
3336 3128 3443 3203 p'ro
3496 3157 3518 3183 α
3570 3128 3711 3189 dum

2037 3204 2302 3254 moratur
2332 3222 2354 3246 ιι
2393 3199 2535 3270 legit
2564 3220 2587 3250 ι
2624 3200 2762 3253 dum
2790 3202 3057 3270 moritur,
3099 3226 3121 3250 η
3155 3219 3273 3259 non
3313 3199 3466 3258 malo
3499 3221 3706 3259 sensu.

2040 3271 2105 3325 In
2134 3271 2333 3341 priore
2373 3276 2565 3324 autem
2612 3276 2775 3340 parte
2822 3287 2895 3325 cx
2940 3288 3057 3327 uno
3105 3275 3235 3330 cod.
3279 3276 3407 3330 Vat.
3443 3277 3709 3331 restitui-

2319 3357 2494 3412 quam
2542 3342 2698 3415 quod
2748 3342 3195 3415 inraliquantis,
3250 3370 3272 3394 η
3327 3346 3603 3401 nimirum
3652 3348 3711 3402 in

2040 3414 2355 3486 frumento,
2391 3413 2710 3486 vino,oleo
2750 3414 2841 3467 vel
2894 3413 3230 3486 siii'iilibus;
3279 3434 3512 3472 annona
3555 3419 3712 3472 enim

2041 3485 2100 3561 in
2131 3484 2449 3561 speciebus
2482 3485 2848 3561 exigebatur,
2882 3488 2944 3539 ut
2961 3484 3263 3561 serietate
3282 3489 3550 3558 plurimis
3572 3490 3712 3561 legi-

2042 3556 2157 3630 bus
2186 3555 2318 3630 cod.
2352 3556 2437 3609 tit.
2461 3555 2544 3630 de
2571 3555 2912 3630 Annogaet
2958 3555 3436 3630 Tribut.r,Fusius
3476 3555 3712 3630 quoque

2047 3628 2121 3702 cie
2152 3627 2695 3702 Annona_dis1)utal
2729 3626 3108 3702 pulengerus
3145 3629 3244 3702 lib.
3278 3648 3336 3683 γι
3376 3632 3449 3686 de
3488 3626 3704 3702 Imper.

2044 3698 2369 3780 {t0122._cap.
2404 3697 2520 3780 l'et
2560 3711 2689 3780 seq.
2721 3697 3210 3780 (laniarunrquqd
3250 3717 3382 3780 quae
3421 3702 3534 3756 hoc
3574 3697 3712 3780 loco

2044 3769 2336 3834 dicuntur,
2388 3768 2457 3820 ad
2520 3768 2771 3835 vectigal
2817 3768 3039 3822 Tatiani
3070 3768 3395 3827 'refere'nda
3446 3773 3714 3827 nonnulli

2043 3842 2264 3911 putant,
2320 3839 2401 3911 id,
2427 3839 2663 3911 quidem
2710 3839 2946 3894 videtur
2980 3842 3126 3897 satis
3166 3843 3526 3899 obscurum:
3571 3844 3714 3898 illud

2042 3910 2184 3966 vero
2225 3910 2591 3982 credibilius,
2628 3910 2953 3965 Honorium
2990 3918 3251 3982 paternis
3289 3916 3575 3971 voluntati
3615 3932 3716 3969 sa-

2042 3982 2366 4056 tisfecisse,
2399 3997 2510 4056 nec
2541 3981 2612 4036 de
2641 3982 2753 4056 alia
2784 3981 3306 4056 re_intelligendos
3337 3987 3522 4043 hosce
3553 3986 3718 4043 Clau-

2044 4054 2198 4108 diani
2232 4068 2448 4108 versus
2480 4053 2537 4106 in
2570 4069 2628 4105 IV
2656 4052 2897 4108 Consul.
2934 4052 3181 4110 Honorii
3212 4073 3227 4124 ;

2170 4160 2333 4224 impia
2360 4159 2595 4224 continui
2622 4165 2834 4224 cessant
2868 4168 3146 4224 augmenta
3167 4164 3345 4213 tributi
3371 4180 3382 4213 :

2170 4222 2286 4269 Non
2316 4221 2556 4269 infelices
2587 4222 2795 4281 tabulis,
2821 4238 2926 4270 non
2943 4221 3098 4273 basta
3124 4227 3315 4275 reﬁxas

2172 4284 2366 4331 Vendit
2395 4297 2523 4344 opes
2551 4284 2739 4343 avidis,
2774 4290 2975 4345 emptor
3006 4301 3108 4334 non
3142 4303 3271 4336 voce
3307 4289 3510 4346 citatur,

2171 4347 2282 4394 Nec
2319 4352 2404 4395 tua
2434 4347 2652 4407 privatis
2682 4354 2931 4396 crescunt
2956 4351 3138 4398 aeraria
3161 4351 3385 4399 damnis.
3502 4347 3515 4358 ⁸

2118 4428 2229 4497 (12)
2262 4428 2413 4497 Reg.
2465 4426 2594 4480 cod.
2646 4442 2802 4480 unus
2837 4448 2858 4477 ις
2897 4428 3229 4483 voluntates
3267 4429 3340 4483 ad
3380 4429 3714 4483 faciendum

2045 4501 2479 4555 testamentum.
2520 4520 2541 4543 η

2119 4570 2230 4642 (13)
2265 4569 2411 4642 Mss.
2445 4568 2687 4642 aliquot,
2725 4591 2746 4642 ei
2791 4569 3104 4625 Gloriosus
3144 4585 3400 4642 quoque,
3438 4592 3458 4620 ι
3495 4573 3605 4625 etc.

2119 4640 2232 4711 (11)
2264 4641 2395 4695 Non
2428 4639 2611 4695 defuit
2650 4640 2749 4711 qui
2788 4656 2990 4707 voces,
3031 4665 3050 4688 ιι
3094 4639 3378 4710 praesenti
3417 4658 3717 4697 commcn-

255 4717 463 4783 vertit,
496 4710 790 4769 n'eminem
822 4710 1050 4783 e‘victis
1071 4710 1337 4783 pecisum
1359 4724 1517 4783 esse.
1540 4710 1934 4783 Augustinus,
1961 4711 2010 4773 D
2048 4714 2213 4768 daret
2244 4713 2471 4782 parenti
2507 4713 2637 4783 ude
2670 4710 2986 4765 Ambrosio
3020 4712 3148 4781 ipso
3198 4714 3385 4766 dictas
3427 4713 3715 4783 crederet,

301 4780 502 4859 neque
534 4785 633 4839 lib.
667 4800 706 4837 v
735 4783 810 4838 de
844 4781 1025 4859 Civit.
1062 4781 1190 4859 Dei,
1226 4796 1361 4859 cap._
1385 4780 1454 4859 _26
1484 4780 1712 4859 laudata
1748 4780 1938 4859 Theo-

301 4851 423 4915 osii
455 4872 599 4928 erga
627 4870 833 4928 eorum
865 4853 964 4925 qui
996 4853 1056 4906 in
1083 4852 1207 4906 acie
1240 4852 1593 4928 ceciderant,
1628 4851 1784 4928 ﬁlios
1816 4851 1938 4928 cle-_

258 4923 1052 4999 mentia,'subjungit_eum
1111 4939 1229 4977 non
1284 4923 1673 4999 permisisse,_
1707 4926 1769 4999 ut
1804 4925 1943 4999 post

258 4993 577 5056 victoriam
606 4993 864 5068 privatae
892 4995 1249 5068 cujusquam
1281 4993 1568 5068 valerent
1598 4994 1937 5068 inimicitiae.

263 5064 688 5128 Verumtamen
736 5083 811 5122 ex
853 5064 982 5121 hoc
1013 5064 1313 5119 Ambrosii
1369 5065 1499 5119 loco
1556 5064 1941 5128 intelligimus

261 5145 462 5199 datam
508 5141 583 5195 ab
622 5140 977 5209 imperatore
1021 5137 1466 5209 indulgentiam,
1500 5150 1572 5189 ne
1608 5136 1687 5209 ad
1711 5136 1941 5209 aliquos

305 5212 629 5281 erveniret,
662 5206 1051 5281 quorumdam
1072 5206 1535 5281 interpellatione
1566 5206 1939 5276 prohibitam.

315 5292 336 5340 t
384 5289 547 5339 certe
593 5278 710 5337 non
756 5280 1032 5335 omnibus
1076 5279 1270 5333 statim
1322 5278 1553 5332 veniam
1594 5293 1944 5332 concessam

261 5358 462 5412 fuisse
492 5354 663 5408 testis
696 5355 788 5407 est
819 5353 1070 5423 ipsemet
1114 5352 1357 5423 sanctus
1400 5350 1650 5423 antistes
1694 5348 1945 5423 epistola

260 5428 326 5484 61
379 5432 437 5481 et
473 5425 563 5494 δὲ,
598 5424 817 5496 quibus
841 5420 1227 5476 clementiam
1266 5420 1749 5496 imperatorisin
1801 5435 1942 5496 non-

262 5491 568 5555 nullorum
599 5491 848 5567 gratiam
880 5497 1006 5567 orat
1036 5497 1210 5567 atque
1231 5493 1539 5567 obsecrat:
1568 5491 1946 5567 t_estis__etiam

261 5567 556 5626 Paulinus
587 5561 645 5621 in
677 5565 812 5638 ejus
842 5566 982 5633 vita,
1015 5561 1132 5638 ubi
1146 5563 1435 5638 plurimos
1457 5561 1944 5638 _Am_brosii_pre-

263 5643 445 5697 cibus
474 5639 547 5693 ab
578 5632 930 5711 imperatore
961 5632 1136 5711 venia
1147 5632 1411 5711 donatos
1429 5632 1646 5711 -tradit.
1682 5632 1797 5711 Sed
1830 5633 1943 5711 hoc

260 5714 349 5787 pii
394 5703 681 5784 praesulis
727 5708 1017 5765 modestia
1065 5706 1301 5761 silentio
1352 5703 1539 5759 voluit
1576 5704 1944 5775 praetermis-

264 5796 427 5842 311m.

340 5857 460 5926 (10)
490 5851 867 5926 Theodosius
896 5850 1213 5906 Arcadium
1236 5863 1333 5903 xxv
1354 5845 1482 5926 Kal.
1508 5844 1649 5926 Feb.
1682 5846 1819 5926 anui
1841 5844 1946 5901 393

265 5918 596 6002 augustum
625 5924 955 6002 creavit,_ut
973 5926 1250 6002 auctgres
1280 5921 1419 6002 sunt
1439 5919 1738 5989 Socrates,
1759 5918 1944 6002 ‘Sozo-

264 5990 508 6084 ιιὶθῖιω,
540 5998 598 6060 et
627 5990 1045 6058 Marcellinus:
1093 5990 1424 6053 Honorium
1460 6005 1602 6054 vero
1639 5992 1777 6070 post
1804 6005 1945 6068 pro-

700 6092 959 6161 Pnaoa.
999 6088 1155 6160 XVI.

2048 4789 2298 4856 propter
2320 4785 2415 4836 illa
2443 4782 2680 4856 scilicet
2706 4783 2935 4836 Paulini
2967 4784 3149 4836 verba
3175 4800 3186 4837 :
3228 4806 3248 4856 ᾳ
3277 4783 3401 4856 Nec
3423 4783 3522 4856 diu
3546 4785 3715 4839 clem.

2050 4854 2224 4911 inem.
2259 4854 2634 4908 Theodosius
2668 4854 2804 4923 imp.
2839 4856 3137 4922 susceptis
3164 4855 3300 4909 ﬁliis
3334 4855 3391 4908 in
3424 4855 3715 4923 Ecclesia,

2052 4932 2107 4982 et
2136 4926 2366 4981 traditis
2398 4924 2720 4997 Sacerdoti,
2757 4928 2814 4978 in
2846 4924 2954 4997 hac
2985 4925 3115 4979 luce
3149 4926 3275 4980 fuit.
3312 4950 3333 4974 ιι
3358 4928 3535 4997 Atqui
3565 4929 3721 4982 veri-

2053 4998 2306 5051 similius
2340 5002 2429 5069 est
2459 4996 2797 5069 'p'Atiliconem
2821 4996 2936 5048 illic
2961 4997 3283 5066 designari,
3309 4996 3522 5067 quippe
3546 5015 3720 5069 quem

2058 5068 2431 5123 Theodosius
2465 5067 2707 5120 Honorii
2742 5083 2856 5120 non
2898 5069 3068 5122 modo
3102 5072 3349 5121 tutorem
3381 5067 3716 5137 instituerit,

2062 5146 2123 5195 ut
2156 5139 2503 5193 testiﬁcatur
2539 5138 2808 5191 Zozimus
2847 5139 2947 5192 lib.
2984 5156 3042 5191 1v
3088 5139 3269 5208 Hist.,
3301 5157 3507 5195 verum
3548 5140 3720 5193 etiam

2054 5209 2639 5284 ejusdemprincipis
2672 5225 2943 5284 socerum
2966 5210 3378 5284 destinaverit,
3406 5210 3584 5264 Maria
3615 5212 3720 5284 Sti-

2053 5279 2266 5337 li'conis
2298 5280 2413 5334 ﬁlia
2444 5279 2580 5333 huic
2609 5280 2724 5349 ipsi
2757 5281 3019 5335 Honorio
3043 5282 3422 5351 deeponsata,
3450 5280 3722 5351 quemad-

2054 5354 2288 5407 modum
2330 5353 2387 5404 in
2421 5352 2726 5421 utriusque
2758 5353 3132 5422 epithalamio
3166 5352 3714 5422 canitClaudianus.

2053 5424 2333 5489 Quamvis
2364 5428 2556 5475 autem
2600 5421 2873 5477 ltuﬁnum
2909 5424 3139 5477 Arcadii
3182 5427 3429 5476 tutorem
3461 5438 3492 5473 a
3524 5421 3719 5474 Theo-

2052 5497 2223 5550 dosio
2255 5493 2617 5547 declaratum
2648 5493 2942 5548 afﬁrmant
2992 5495 3295 5557 historici;
3340 5492 3483 5546 nihil
3525 5494 3719 5545 tamen

2052 5570 2228 5634 vetat,
2262 5566 2403 5636 quin
2434 5564 2810 5620 Theodosius
2842 5570 3151 5636 utrumque
3191 5563 3390 5636 ﬁlium
3417 5562 3719 5636 Stiliconis

2053 5638 2189 5693 ﬁdei
2229 5633 2685 5705 commendaret,
2721 5642 2781 5690 ut
2821 5633 3173 5689 AmbroSius
3216 5633 3327 5686 hoc
3378 5633 3509 5705 loco
3557 5634 3717 5701 dicit,

2054 5710 2115 5764 in
2145 5725 2263 5835 qluo
2294 5710 2465 5762 etiam
2495 5707 2580 5760 illi
2610 5704 2968 5778 suﬁragatur
3004 5707 3175 5774 poeta
3214 5704 3425 5758 citatus
3458 5704 3558 5761 lib.
3593 5721 3633 5761 ιι
3662 5706 3722 5762 in

2061 5781 2152 5835 Ru
2200 5795 2338 5835 num
2370 5779 2536 5833 hisce
2566 5778 2845 5832 versibus
2871 5794 2883 5833 :

2061 5778 2338 5836 Ruﬁnum
2370 5779 2536 5833 hisce
2566 5778 2845 5832 versibus
2871 5794 2883 5833 :

2180 5868 2404 5938 iamque
2430 5867 2553 5925 tuis,
2581 5866 2782 5938 Stilico,
2818 5867 3056 5938 Romana
3077 5863 3307 5938 potentia
3344 5866 3507 5938 euris,

2183 5932 2248 5982 Et
2272 5926 2446 5980 rerum
2475 5929 2795 5992 commissus
2818 5942 2975 5992 apex:
3003 5926 3103 5979 tibi
3127 5927 3325 5982 credita
3356 5932 3577 5984 fratrum

2181 5994 2414 6063 Utraque
2444 5991 2716 6061 majestate,
2753 5995 2855 6047 etc.

3736 5954 3744 5991 i
