4136 6182
529 406 684 471 1451

2003 406 2070 471 S.
2103 401 2546 474 AMBROSII.

3773 415 3896 487 1452

526 618 677 675 fides
719 617 1054 688 triumphos
1103 615 1489 690 acquisiverit
1544 616 1678 687 (15).
1725 615 1872 670 Cum
1930 615 2194 669 locorum
2214 594 2270 662 Ᾱ
2303 613 2543 686 plenum
2574 616 2830 670 montem
2860 613 3034 686 equis
3065 618 3122 670 et
3161 614 3436 671 curribus
3472 617 3528 672 in
3559 617 3776 676 circuitu
3799 622 3894 678 Eli-

525 707 823 780 angustiis
852 710 909 762 et
937 706 1372 776 impedimentis
1417 705 1688 761 calonum
1732 720 1944 777 agmen
1981 703 2198 758 ecerci-

523 799 624 851 tus
653 797 828 868 paulo
861 797 1059 852 serius
1098 797 1156 851 in
1198 797 1385 850 aciem
1423 795 1830 864 descenderet,
1873 797 1930 849 et
1961 794 2194 865 inequi-

523 890 650 942 tare
699 886 892 941 hostis
941 903 1104 942 mora
1161 886 1303 941 belli
1357 885 1676 953 videretur,
1727 884 1988 939 desilivit
2040 899 2192 956 equo

523 975 826 1047 princeps,
875 979 932 1030 et
978 980 1110 1030 ante
1159 976 1348 1030 aciem
1393 975 1562 1030 solus
1609 974 2022 1046 progrediens,
2071 975 2188 1030 ait:

529 1064 647 1119 Ubi
677 1069 771 1120 est
801 1065 1120 1120 Theodosii
1161 1065 1372 1119 Deus?
1409 1064 1538 1118 Jam
1579 1063 1690 1118 hoc
1721 1063 1958 1118 Christo
2000 1064 2197 1134 proxi-

530 1169 664 1209 mus
676 1154 1044 1225 loquebatur.
1058 1152 1203 1218 Quis
1216 1154 1370 1208 enim
1385 1155 1590 1223 posset
1603 1153 1714 1207 hoc
1728 1152 1946 1222 dicere,
1967 1153 2084 1207 nisi
2097 1155 2197 1225 qui

527 1243 765 1298 Christo
787 1259 854 1298 se
875 1243 1182 1298 adhaerere
1199 1243 1639 1315 cognosceret?
1658 1241 1785 1308 Quo
1806 1242 1962 1297 dicto
1984 1242 2200 1297 excita-

527 1331 613 1386 vit
640 1347 867 1403 omnes,
901 1334 958 1387 et
989 1332 1260 1402 exemplo
1280 1347 1488 1388 omnes
1508 1332 1773 1386 armavit.
1798 1331 1870 1386 Et
1890 1329 2016 1402 jam
2038 1334 2196 1388 certe

527 1421 732 1477 senior
759 1423 948 1491 aetate,
985 1421 1091 1476 sed
1120 1420 1356 1476 validus
1384 1421 1518 1476 fide.

597 1509 651 1566 8.
684 1509 1006 1565 Theodosii
1037 1526 1181 1583 ergo
1211 1509 1361 1566 fides
1391 1510 1500 1564 fuit
1528 1512 1729 1565 vestra
1766 1509 2047 1565 victoria:
2089 1525 2196 1565 ve-

527 1602 654 1654 stra
691 1598 843 1654 fides
889 1599 1144 1654 filiorum
1193 1599 1327 1670 ejus
1368 1598 1649 1654 fortitudo
1696 1599 1793 1654 sit.
1837 1599 1970 1669 (16).
2018 1598 2198 1654 Fides

529 1702 674 1759 ergo
716 1691 893 1761 auget
930 1692 1180 1742 aetatem.
1225 1687 1489 1759 Denique
1528 1703 1639 1743 nec
1677 1687 1995 1757 Abraham,
2029 1691 2093 1742 ut
2138 1688 2198 1743 in

529 1779 834 1831 senectute
873 1781 1185 1848 generaret
1225 1776 1429 1846 filium,
1473 1775 1878 1831 consideravit
1925 1778 2194 1832 aetatem:

527 1879 639 1920 nec
668 1864 833 1936 Sara,
864 1868 928 1920 ut
958 1867 1208 1936 pareret.
1242 1865 1368 1920 Nec
1408 1865 1618 1918 mirum
1659 1864 1713 1918 si
1750 1867 1929 1936 auget
1967 1868 2197 1921 aetatem

2305 703 2435 759 saei.
2470 703 2541 759 Et
2569 705 2801 776 rogavit
2830 703 3089 760 Elisseae
3111 707 3174 761 ut
3193 708 3520 776 percuteret
3539 723 3636 764 eos
3655 709 3790 765 Deus
3809 729 3894 768 cs-

2305 793 2496 863 citate,
2550 796 2608 848 et
2653 794 2928 864 percussi
2973 798 3130 864 sunt,
3173 799 3228 849 et
3273 794 3611 851 introierunt
3647 799 3698 851 in
3733 799 3895 855 civita-

2313 887 2451 953 tem,
2475 898 2592 954 quo
2614 883 3088 954 ingrederentur,
3109 899 3477 956 nequaquam
3499 886 3739 941 videntes
3757 889 3892 957 (Ibid.

2317 972 2523 1043 16-18).
2579 996 2602 1020 n
2652 973 2921 1027 Audistis
2971 976 3150 1043 certe,
3197 974 3431 1044 milites,
3476 975 3570 1046 qui
3611 976 3894 1035 circumfusi

2305 1063 2474 1132 estis,
2535 1062 2672 1132 quia
2717 1063 2819 1117 ubi
2875 1063 3141 1134 perfidia,
3193 1063 3275 1118 ibi
3322 1065 3553 1119 caecitas
3594 1068 3694 1120 est.
3738 1067 3893 1124 Merito

2305 1167 2452 1223 ergo
2483 1167 2682 1206 caecus
2723 1154 2849 1206 erat
2887 1152 3186 1207 exercitus
3225 1153 3562 1208 infidelium.
3608 1153 3712 1210 Ubi
3750 1158 3895 1212 autem

2304 1240 2478 1312 fides,
2509 1241 2592 1296 ibi
2612 1241 2910 1296 exercitus
2931 1241 3279 1314 angelorum
3291 1245 3404 1298 est.
3419 1243 3574 1298 Bona
3584 1243 3755 1315 itaque
3765 1245 3892 1314 ﬁdes,

2307 1345 2442 1401 quae
2484 1329 2830 1402 frequenter
2867 1334 3150 1402 operatur
3183 1331 3242 1386 in
3282 1333 3545 1387 mortuis.
3575 1333 3802 1406 Denique
3823 1335 3896 1390 ad-

2307 1419 2636 1490 versarius,
2659 1422 2718 1474 et
2737 1419 3004 1492 legiones
3017 1435 3146 1475 sum
3166 1420 3500 1492 quotidiana
3519 1425 3799 1494 martyrum
3811 1424 3894 1477 vir-

2309 1512 2428 1564 tute
2455 1513 2825 1580 torquentur.
2859 1509 3032 1564 Unde
3061 1509 3322 1566 arbitror
3349 1511 3504 1582 quod
3533 1510 3626 1565 fila
3645 1511 3742 1580 (18)
3767 1511 3896 1568 chor-

2307 1598 2514 1653 darum
2565 1597 2806 1652 citharas
2855 1597 2988 1653 ideo
3045 1598 3196 1654 fides
3251 1597 3540 1670 dicantur,
3587 1600 3819 1671 quoniam
3855 1603 3895 1656 et

2306 1690 2536 1742 mortua
2567 1701 2781 1742 sonum
2810 1687 3076 1743 reddant.

2379 1775 2467 1832 11.
2498 1774 2626 1841 Quo
2671 1776 2865 1848 magis
2903 1791 2972 1832 ac
3011 1778 3206 1850 magis
3250 1776 3586 1833 enitendum
3628 1782 3726 1850 est,
3765 1795 3821 1834 ne
3851 1781 3893 1834 in

2307 1864 2420 1920 hoc
2458 1865 2698 1919 vivendi
2738 1881 2982 1922 munere
3028 1867 3128 1922 siti
3174 1867 3290 1937 (19)
3334 1867 3524 1923 simus
3568 1867 3786 1940 ingrati:
3817 1869 3891 1922 sed

529 1953 701 2026 fides,
735 1970 866 2008 cum
898 1956 1285 2024 repraesentet
1314 1953 1528 2008 futura.
1551 1951 1700 2018 Quid
1723 1952 1879 2010 enim
1900 1957 1993 2009 est
2021 1953 2194 2028 fides,
2230 1973 2278 2036 Β
2305 1953 2386 2024 pii
2424 1953 2776 2026 pignoribus
2815 1953 3103 2026 principis
3145 1956 3421 2012 sedulum
3459 1973 3525 2012 ac
3562 1957 3778 2028 patrium
3812 1957 3892 2012 im-

527 2043 644 2098 nisi
662 2057 857 2098 rerum
881 2057 1102 2113 earum,
1119 2058 1251 2114 qum
1271 2045 1605 2113 sperantur,
1621 2036 1955 2098 substantia
1977 2043 2193 2113 (Hebr.

526 2149 610 2203 χι,
644 2131 746 2201 1)?
776 2131 874 2188 Sic
899 2148 1013 2187 nos
1036 2131 1356 2202 Scriptura:
1387 2132 1619 2187 docent.
1643 2130 1802 2204 Ergo
1835 2133 1889 2188 si
1919 2132 2197 2190 substan-

527 2221 608 2275 tia
637 2235 860 2292 eorum,
893 2237 1028 2293 quae
1075 2223 1408 2292 sperantur,
1451 2220 1600 2275 fides
1647 2223 1779 2292 est;
1828 2227 2044 2294 quanto
2076 2240 2198 2280 ma-

527 2309 626 2384 gis
674 2326 900 2382 eorum,
959 2327 1093 2383 quas
1139 2310 1456 2366 videntur?
1510 2310 1672 2365 Bona
1729 2310 1900 2382 fides,
1951 2313 2023 2368 de
2081 2330 2197 2386 qua

526 2399 813 2470 scriptum
844 2402 974 2470 est;
1019 2421 1042 2450 ι
1086 2399 1295 2455 Justus
1334 2402 1528 2454 autem
1560 2415 1633 2454 ex
1661 2399 1776 2455 fide
1806 2401 1953 2455 vivit
1981 2401 2194 2472 (Hebr.

525 2505 586 2558 x,
618 2488 732 2560 38).
769 2513 792 2538 ι»
825 2487 992 2554 Quod
1023 2488 1074 2543 si
1106 2488 1465 2544 subtraxerit
1501 2504 1590 2559 se,
1625 2505 1744 2544 non
1781 2489 2039 2560 placebit
2065 2493 2197 2546 ani-

525 2593 639 2632 mai
669 2593 818 2634 mem
827 2619 839 2632 .

594 2667 649 2722 9.
684 2667 812 2722 Nos
841 2668 1035 2722 autem
1063 2683 1184 2722 non
1222 2667 1644 2722 subtrahamus
1677 2683 1788 2724 nos
1827 2669 1900 2723 ad
1949 2669 2194 2741 dispen-

525 2755 686 2810 dium
717 2756 948 2824 animaa,
982 2756 1090 2810 sed
1121 2755 1520 2810 inhmreamus
1552 2756 1688 2811 fidei
1711 2757 1785 2810 ad
1813 2757 2025 2813 animm
2055 2773 2194 2812 nos-

2304 2043 2634 2113 pendamus
2663 2042 2957 2099 affectum.
2982 2043 3204 2100 Solvite
3225 2045 3365 2101 filiis
3389 2044 3542 2117 ejus,
3564 2046 3704 2118 quod
3722 2045 3890 2101 debetis

2304 2132 2475 2202 patri.
2499 2132 2642 2188 Plus
2665 2131 2896 2187 debetis
2912 2132 3212 2203 defuncto,
3229 2149 3406 2206 quam
3420 2135 3692 2190 debuistis
3709 2134 3890 2190 viventi.

2306 2219 2534 2276 Etenim
2555 2221 2612 2277 si
2631 2221 2691 2276 in
2719 2221 2926 2277 liberis
2955 2223 3319 2293 privatorum
3347 2239 3468 2280 non
3489 2224 3611 2278 sine
3636 2225 3776 2296 gravi
3800 2237 3890 2276 see-

2302 2309 2428 2365 lere
2467 2311 2762 2366 minorum
2791 2309 2932 2382 jura
2973 2314 3370 2386 temerantur;
3421 2315 3626 2386 quanto
3664 2311 3822 2386 magis
3851 2312 3890 2366 in

2301 2397 2442 2454 filiis
2474 2398 2847 2470 imperatoris
2867 2401 2898 2455 ?

2375 2488 2462 2543 12.
2512 2488 2779 2542 Addatur
2815 2504 2884 2544 eo
2925 2487 3102 2561 cujus
3140 2487 3556 2561 imperatoris?
3591 2487 3888 2562 Imperatoris

2299 2577 2402 2648 pii,
2443 2577 2815 2648 imperatoris
2864 2577 3296 2650 misericordis,
3330 2579 3690 2650 imperatoris
3733 2578 3886 2646 fidelis,

2299 2667 2372 2721 de
2403 2681 2520 2738 quo
2553 2681 2672 2721 non
2705 2666 3002 2722 mediocre
3033 2667 3228 2724 locuta
3265 2671 3360 2724 est
3392 2669 3680 2742 Scriptura
3706 2668 3886 2723 dicens:

2303 2777 2324 2802 α
2363 2755 2644 2826 Magnum
2674 2760 2731 2810 et
2760 2755 3106 2811 honorabile
3135 2761 3228 2812 est
3260 2757 3439 2813 homo
3471 2758 3803 2814 misericors:
3826 2757 3889 2809 in-

523 2847 634 2898 trae
685 2843 1178 2914 acquisitionem;
1219 2846 1496 2916 quoniam
1544 2845 1606 2899 in
1652 2845 1763 2900 hac
1808 2846 1945 2900 fidei
1991 2845 2196 2900 militia
2299 2845 2502 2900 venire
2546 2847 2740 2899 autem
2788 2844 2983 2899 virum
3030 2845 3264 2900 fidelem
3321 2847 3566 2902 difﬁcile
3607 2851 3689 2901 est
3735 2845 3886 2911 (Prov.

521 2931 925 2988 testimonium
955 2934 1262 2988 consecuti
1294 2935 1432 2988 sunt
1470 2934 1740 2988 seniores
1780 2935 1968 2990 nostri
2000 2935 2192 2990 Abra-

522 3021 680 3092 ham,
726 3021 893 3076 Isaac
932 3025 989 3078 et
1027 3021 1233 3077 Jacob.
1277 3021 1348 3075 Et
1383 3023 1516 3077 ideo
1566 3023 1968 3078 hereditatem
2017 3024 2192 3081 nobis

521 3110 660 3165 fidei
687 3110 1071 3182 reliquerunt,
1105 3109 1327 3165 Fidelis
1359 3111 1678 3184 Abraham,
1699 3112 1800 3184 qui
1827 3129 1945 3168 non
1965 3128 2041 3168 ex
2063 3129 2193 3185 ope-

521 3198 693 3254 ribus
733 3201 841 3255 sed
879 3215 956 3255 ex
999 3199 1112 3255 fide
1155 3199 1522 3272 justificatus
1571 3205 1698 3257 est:
1741 3203 2020 3273 quoniam
2069 3203 2190 3258 Deo

2295 2950 2396 3002 xx,
2445 2933 2520 3004 6).
2579 2957 2600 2980 n
2647 2932 2710 2988 Si
2749 2949 3029 3006 magnum
3069 2939 3163 2989 est
3201 2935 3646 2991 misericordem
3681 2939 3761 2990 aut
3791 2934 3889 2988 tide-

2296 3023 2411 3076 lem
2441 3037 2856 3094 quemcunque
2895 3022 3194 3080 hominem
3230 3024 3540 3096 invenire;
3584 3027 3771 3098 quanto
3801 3038 3887 3077 ma-

2295 3111 2392 3183 gis
2443 3111 2880 3182 imperatorem,
2923 3128 3101 3184 quem
3146 3117 3416 3184 potestas
3452 3114 3526 3169 ad
3561 3113 3886 3168 ulciscendum

2294 3199 2560 3271 impellit,
2594 3201 2703 3256 sed
2746 3203 2986 3256 revocat
3025 3205 3221 3256 tamen
3259 3202 3336 3256 ab
3366 3202 3586 3258 ultione
3614 3199 3887 3256 miseratio?

519 3289 805 3344 credidit:
841 3289 1028 3358 Isaac,
1061 3290 1163 3361 qui
1192 3305 1297 3359 per
1318 3289 1492 3344 fidem
1526 3306 1635 3346 nec
1667 3291 1928 3363 gladium
1960 3292 2188 3346 ferituri
2220 3332 2270 3364 ﬁ
2293 3288 2443 3354 Quid
2481 3289 2863 3359 praestantius
2903 3289 3017 3346 fide
3059 3291 3458 3361 imperatoris,
3499 3307 3662 3364 quem
3695 3306 3788 3345 uou
3815 3304 3885 3344 ex-

517 3379 782 3449 parentis
813 3379 1086 3450 expavit:
1135 3379 1341 3449 Jacob,
1375 3381 1477 3451 qui
1524 3382 1786 3450 paternae
1827 3379 1964 3435 fidei
2002 3381 2188 3437 vesti-

519 3469 639 3539 giis
695 3468 976 3538 intentus,
1045 3459 1229 3525 1201
1299 3469 1440 3524 dum
1481 3469 1596 3523 iter
1647 3469 1788 3540 agit,
1841 3469 2189 3540 angelorum

517 3557 665 3613 vidit
697 3559 1044 3632 exercitum,
1076 3561 1133 3613 et
1163 3559 1394 3613 vocavit
1414 3558 1727 3614 concilium
1747 3559 1854 3614 Dei
1874 3559 2182 3630 (17)(Gen.

517 3663 706 3718 χχχιι,
739 3647 813 3718 2).

589 3738 678 3793 10.
724 3739 880 3793 Alibi
927 3753 1184 3811 quoque,
1236 3737 1296 3792 id
1345 3741 1457 3810 est,
1507 3739 1566 3793 in
1606 3737 1776 3793 libris
1817 3739 2184 3811 Regnorum,

518 3827 776 3883 Eiisaeus
807 3831 932 3883 erat
969 3830 1121 3884 intra
1168 3828 1512 3899 Samariam,
1547 3832 1604 3883 et
1643 3829 1838 3883 subito
1889 3844 2025 3884 eum
2067 3829 2186 3883 cir-

519 3915 830 3993 cumfusus
887 3917 1173 3988 Syrorum
1229 3917 1464 3972 obsedit
1507 3919 1827 3973 exercitus.
1878 3919 2032 3973 Vidit
2080 3934 2186 3974 eos

517 4005 700 4076 Giezi,
734 4009 790 4060 et
819 4007 898 4061 ait
927 4007 1000 4060 ad
1030 4006 1332 4061 dominum
1361 4022 1573 4062 suum:
1611 4030 1632 4054 α
1667 4008 1714 4062 Ο
1745 4007 2012 4078 Domine,
2044 4007 2187 4080 quid

517 4095 805 4150 faciemus
849 4095 962 4165 (IV
989 4096 1134 4168 Reg.
1169 4112 1247 4166 vr,
1283 4095 1417 4165 15)?
1467 4095 1537 4149 Et
1579 4095 1725 4150 dixit
1765 4095 2022 4153 Elisaaus
2050 4113 2186 4168 pro-

513 4183 719 4256 pheta:
746 4183 882 4240 Noli
901 4184 1107 4239 timere
1134 4201 1146 4246 :
1170 4184 1444 4256 quoniam
1461 4184 1775 4240 nobiscum
1794 4186 1998 4257 plures
2021 4191 2182 4260 sunt,

515 4289 693 4346 quam
737 4289 870 4328 cum
917 4273 1058 4329 illis.
1107 4273 1178 4328 Et
1221 4274 1451 4347 rogavit
1497 4279 1560 4328 ut
1601 4275 1856 4345 aperiret
1895 4276 2182 4332 Dominus

516 4363 726 4421 oculos
771 4363 952 4420 Giezi.
1004 4361 1076 4418 Et
1112 4363 1300 4434 aperti
1348 4367 1488 4420 sunt
1530 4365 1686 4420 oculi
1737 4364 1893 4438 ejus,
1935 4370 1993 4422 et
2039 4366 2185 4422 vidit

585 4548 698 4618 (15)
745 4544 872 4613 Qua
910 4543 1122 4618 pietate
1168 4543 1349 4618 sead
1389 4544 1502 4599 hoc
1540 4543 1759 4618 bellum
1807 4545 2182 4609 Theodosius

512 4615 828 4701 paraverit,
862 4632 978 4701 qua
1011 4615 1124 4701 fide
1164 4615 1222 4668 in
1252 4615 1398 4701 ipso,
1424 4617 1744 4701 certamine
1783 4617 1856 4700 ad
1895 4633 2065 4701 opem
2096 4621 2184 4678 di-

515 4687 712 4768 vinem
741 4689 1096 4768 confugerit,
1129 4687 1620 4768 quanta‘denique
1643 4703 1674 4740 a
1698 4688 1817 4768 Deo
1840 4687 2184 4768 impetrave-
2217 4705 2271 4768 ι)
2363 4687 2477 4768 (2Q)
2509 4688 2638 4768 Vet.
2679 4687 2842 4768 edit.,
2890 4709 2910 4734 α
2959 4687 3150 4768 iniqui
3190 4687 3361 4768 regis
3381 4687 3672 4768 imitatio;
3704 4703 3728 4768 ί»

1575 4759 1796 4834 ime,_et
1827 4746 2082 4818 maiime
2107 4746 2180 4822 a'd
2217 4746 2270 4797 ’ί
2291 4746 2524 4834 partim,
2555 4746 3088 4834 minatio,'partim,
3122 4746 3462 4834 inini'tatio;
3488 4759 3556 4834 .at
3591 4746 3870 4834 smpti}.

515 4763 590 4816 rit
619 4761 908 4832 prodigia,
935 4757 1184 4814 Rufinus
1215 4757 1796 4832 luculentis’simetet
1827 4757 2077 4818 maiime
2109 4769 2180 4822 ad

515 4830 819 4906 Ambrosii
867 4847 1114 4886 sensum
1162 4831 1414 4906 explicat
1461 4830 1562 4885 lib.
1614 4847 1654 4883 ιι
1701 4831 1860 4888 Hist.
1913 4852 2041 4906 cap.
2087 4839 2176 4894 32.

516 4903 796 4956 Eumdem
846 4907 1120 4957 eventum
1175 4901 1490 4973 diligenter
1543 4917 1778 4973 quoque
1837 4901 2182 4965 describunt

512 4975 792 5052 Socrates
821 4973 922 5052 lib.
957 4990 993 5024 v
1017 4989 1161 5052 cap.
1193 4972 1262 5027 28
1288 4972 1304 5026 ξ
1343 4972 1726 5052 Segestanus,
1757 4975 1870 5052 lib.
1915 4995 2014 5048 vn,
2048 4997 2177 5052 cap.

511 5046 614 5116 24;
652 5045 1117 5123 P._Q_rosius,_lib:
1147 5061 1245 5113 vu,
1267 5060 1394 5113 cap.
1417 5045 1506 5098 35.
1526 5044 1753 5123 Quibus
1776 5044 2033 5123 adjunge
2047 5044 2180 5122 qu'm

511 5114 624 5174 nos
657 5117 730 5172 ad
750 5115 956 5170 Enarr.
987 5117 1138 5170 Psal.
1176 5132 1381 5184 xxxvr,
1423 5132 1582 5170 num.
1625 5114 1693 5170 25
1743 5114 2176 5178 adnotavimus.

581 5190 692 5261 (16)
729 5211 750 5238 α
795 5187 1299 5263 Th_eod_osi_i_ergo
1340 5187 1555 5242 fides...
1592 5188 1870 5246 fortitudo
1911 5194 2007 5263 sit,
2048 5215 2070 5245 ι
2113 5197 2172 5250 in

509 5258 929 5316 mss.'nostris
978 5258 1380 5314 desideratur:
1442 5275 1648 5314 verum
1691 5278 1722 5316 e
1772 5258 2068 5321 contrario
2116 5267 2176 5322 in

507 5335 784 5392 omnibus
815 5333 1006 5387 exstat
1045 5331 1182 5385 edit.

577 5406 690 5478 (1’7)
723 5407 892 5478 119m.
927 5403 1065 5458 edit.
1109 5402 1327 5478 sola,_«
1373 5407 1429 5458 et
1468 5406 1701 5460 vocavit
1737 5407 1944 5464 Castra
1982 5410 2108 5466 Dei.
2147 5435 2168 5460 ιι

576 5474 690 5550 (18)
746 5477 913 5531 Hanc
957 5474 1386 5553 etymologiam
1433 5480 1705 5553 argutam
1755 5481 1948 5553 magis
1999 5499 2175 5553 quam

500 5545 705 5622 verum
753 5565 892 5622 esse
918 5547 1101 5622 __dicit_
1131 5545 1385 5600 Vossius
1433 5545 1739 5622 inﬂerer
1774 5545 1910 5622 ﬁde,
1951 5545 2053 5608 ubi
2083 5572 2172 5610 re-

499 5621 660 5694 jecto
709 5618 1013 5694 etiam_illo
1036 5620 1266 5694 etymo,
1298 5633 1416 5689 quo
1455 5618 2052 5694 fi_des_citharae'idco
2082 5627 2174 5680 di-

501 5687 651 5766 ctas,
691 5715 713 5766 «ξ
747 5691 906 5766 quod
926 5687 1150 5766 tantum
1172 5687 1334 5743 interi
1353 5705 1420 5743 se
1451 5687 1691 5766 chordae
1713 5691 1868 5766 ejus,
1893 5700 2175 5766 quantum

501 5709 651 5762 etas,
691 5715 713 5740 α
747 5709 906 5762 quoa
926 5709 1150 5744 tantum
1172 5709 1325 5743 inter
1353 5709 1420 5743 se
1451 5709 1691 5746 onerata
1713 5709 1745 5746 e
1778 5709 1868 5762 us,
1893 5709 2170 5766 quantum

499 5762 656 5820 inter
701 5762 974 5817 homines
1019 5760 1189 5834 fides,
1239 5759 1620 5834 concordent,
1666 5781 1689 5813 ι
1734 5709 1950 5823 ἑθειιιε
1998 5772 2170 5828 autu-

499 5839 642 5910 mat,
674 5849 884 5891 verum
911 5831 1230 5907 profertur.

2219 3338 2272 3403 C

2294 3377 2459 3434 tollat
2488 3378 2766 3450 potentia,
2798 3379 3078 3449 superbia
3109 3397 3226 3435 non
3265 3381 3478 3452 erigat,
3520 3380 3619 3436 sed
3646 3381 3800 3452 pietas
3829 3378 3886 3430 in-

2294 3468 2522 3524 clinet?
2577 3467 2650 3522 de
2701 3483 2817 3540 quo
2870 3469 3156 3540 praeclare
3211 3469 3496 3526 Salomon
3534 3471 3638 3526 ait:
3684 3491 3703 3518 ι
3750 3466 3885 3537 Iniqui

2294 3557 2459 3630 regis
2505 3557 2790 3612 minitatio
2841 3555 2953 3628 (20)
2998 3557 3214 3613 similis
3261 3560 3488 3632 rugitui
3533 3558 3738 3614 leonis:
3777 3556 3883 3610 sicut

2294 3650 2488 3702 autem
2535 3662 2640 3702 ros
2687 3647 2750 3702 in
2797 3646 3002 3716 herba,
3049 3647 3138 3702 sic
3177 3649 3234 3702 et
3261 3647 3534 3704 hilaritas
3569 3647 3690 3720 ejus
3731 3643 3882 3716 (Prov.

2292 3753 2416 3806 xix,
2468 3735 2578 3806 12).
2617 3758 2639 3785 ιο
2687 3734 2980 3800 Quantum
3008 3737 3192 3809 igitur
3228 3739 3324 3792 est
3352 3737 3639 3808 deponere
3668 3741 3882 3790 terrorem

2289 3827 2588 3896 potentiae,
2621 3825 2908 3897 prmferre
2937 3825 3288 3882 suavitatem
3318 3827 3530 3900 gratiae
3551 3829 3579 3882 ?

2365 3914 2451 3970 13.
2503 3915 2869 3970 Beneficium
2909 3931 2977 3970 se
3015 3916 3254 3986 putabat
3293 3917 3634 3989 accepissse
3674 3912 3880 3986 augusta

2289 4005 2590 4060 memorias
2630 4003 3028 4074 Theodosius,
3069 4019 3204 4059 cum
3251 4007 3566 4077 rogaretur
3614 4005 3878 4078 ignoscere,

2290 4097 2348 4149 et
2387 4096 2527 4149 tunc
2570 4093 2810 4166 propior
2848 4098 2972 4148 erat
3010 4095 3230 4165 venim,
3265 4111 3404 4150 cum
3443 4094 3648 4150 fuisset
3684 4103 3880 4146 commo-

2290 4186 2370 4241 tio
2392 4183 2585 4256 major
2603 4183 2923 4240 iracundiaa
2953 4183 3087 4254 (21).
3124 4184 3527 4256 Prisrogativa
3561 4172 3732 4238 1202
3761 4179 3877 4249 igno-

2293 4273 2500 4330 scendi
2547 4276 2671 4328 erat
2717 4273 3083 4346 indignatum
3141 4272 3372 4328 fuisse:
3435 4277 3492 4329 et
3546 4269 3809 4342 optabatur
3839 4265 3878 4316 in

2293 4379 2384 4436 eo,
2433 4363 2591 4436 quod
2640 4363 2700 4418 in
2748 4361 2882 4417 aliis
2928 4362 3262 4433 timebatur,
3309 4366 3374 4418 ut
3413 4363 3758 4418 irasceretur.
3789 4353 3877 4408 Hoc

2364 4543 2476 4618 (19)
2507 4544 2754 4611 Quidam
2783 4559 2932 4599 mss.
2969 4565 2992 4591 α
3035 4541 3276 4599 vivendi
3315 4557 3556 4598 munere
3587 4539 3716 4596 satis
3740 4535 3874 4590 simus

2292 4621 2638 4758 ωῗέδλῖιῆῖξι.
2679 4687 2842 4758 edit.,
2890 4709 2910 4734 α
2959 4687 3150 4758 Iniqui
3190 4687 3356 4758 regis
3405 4684 3672 4758 imitatio;
3711 4703 3728 4726 ο
3768 4688 3872 4758 mss.

2292 4821 2521 4904 recepit
2543 4832 2781 4903 quidem
2808 4821 3020 4885 vocem
3048 4821 3366 4900 minitatio,
3400 4827 3508 4884 sed
3543 4821 3786 4903 eXpuarit
3805 4830 3874 4869 vo-

2292 4923 2419 4956 cem
2450 4905 2658 4956 im'uui.
2691 4903 2962 4956 Attamen
2993 4900 3266 4956 quamvis
3297 4900 3355 4952 in
3405 4899 3588 4954 sacris
3616 4889 3870 4951 COdiClbliS,

2291 4923 2419 4961 cem
2450 4921 2658 4975 imquz.
2691 4917 2962 4956 Attamen
2993 4917 3266 4972 quamws
3297 4917 3355 4952 in
3405 4917 3588 4954 sacris
3616 4917 3869 4972 cuuis-uua

2289 4993 2442 5050 quos
2473 4991 2632 5050 nunc
2661 4989 2994 5042 versamus,
3014 5042 3028 5050 _
3047 4971 3461 5050 de_sideretur,_
3475 4968 3869 5050 Ambroauuzﬂlil

2289 5041 2613 5128 exemplari
2671 5041 2986 5128 suoneam'
3013 5042 3240 5128 legisse
3285 5045 3534 5128 propter
3585 5041 3870 5094 consensum

2290 5137 2440 5176 mss.
2465 5114 2655 5189 hujus
2683 5114 2867 5170 libelli
2899 5114 3180 5170 credibile
3211 5117 3321 5168 est.
3683 5175 3694 5187 .
3794 5172 3803 5182 ,

2361 5193 2472 5268 (κη)
2508 5192 2657 5260 Res-
3129 5209 3150 5234 α
3201 5179 3869 5268 commotis-Nam:

2294 5247 2506 5318 cuhdia
2552 5247 3360 5334 praerogativa_ignoscendi_
3389 5259 3526 5334 erat.
3556 5247 3867 5334 indignatur-ﬂ

2291 5313 2912 5402 fil—issene‘xoptab’atur
2949 5313 3048 5402 in"
3065 5345 3156 5396 eo,
3209 5329 3365 5402 quod
3409 5328 3468 5402 in
3522 5323 3642 5378 aliis
3691 5313 3868 5402 timeba:

2285 5383 2478 5475 ἶιῖῦξῖ
2506 5383 2663 5472 etc—.7
2687 5383 3020 5476 nonsatis:
3043 5383 3408 5476 recisicum
3453 5397 3752 5476 hoeporro‘

2283 5458 2366 5552 de
2385 5458 2774 5552 ipi'oc_liv'itate
2787 5547 2796 5552 _
2823 5471 3142 5552 Theodosii
3199 5471 3302 5552 ad”
3325 5458 3866 5552 iracundiam,

2281 5525 3124 5628 {ﬁsiﬁé'ﬁiéeabiiitatébpeiée
3155 5541 3406 5622 pretium
3435 5538 3633 5594 fuerit:
3663 5525 3772 5604 quae
3787 5525 3862 5618 hac

2281 5621 2410 5673 insa
2441 5620 2512 5673 de
2545 5633 2612 5673 re
2642 5621 2816 5673 emst.
2853 5615 2942 5670 51.
2976 5631 3136 5669 num.
3167 5613 3222 5673 4.
3243 5613 3528 5673 dicuntur,
3553 5608 3862 5673 componere.

2280 5621 2410 5692 ipsa
2441 5620 2512 5674 de
2545 5633 2612 5673 re
2642 5620 2816 5688 epist.
2853 5620 2942 5670 51.
2976 5631 3136 5669 num.
3167 5620 3222 5682 4,
3243 5620 3862 5691 άίουιιιυνηροωροηωμιι

2279 5709 2390 5748 nec
2420 5706 2537 5746 non
2555 5689 2758 5763 Aetiam‘
2778 5686 2884 5763 illa
2907 5686 3254 5763 consulere,
3267 5700 3404 5763 quas
3433 5675 3734 5763 de'usdeai
3745 5679 3864 5763 p53:

2279 5736 3466 5898 EidJilthirééiinhE'EQbHidu‘iiit-I
3482 5751 3666 5810 Victor
3688 5736 3862 5813 ixi—Eph

2305 5850 2458 5898 οωθ.
