4136 6182
341 368 500 433 1453

1413 367 1734 443 ORATIO
1778 370 1892 443 DE
1934 368 2199 448 OBITU
2242 372 2726 453 THEODOSII.

3638 396 3803 466 1454

340 572 464 625 erat
495 569 821 625 remedium
851 587 1110 644 reorum,
1144 576 1423 646 quoniam
1461 593 1594 633 cum
1628 579 1875 637 haberet
1905 599 2011 638 su-
2034 571 2091 642 Ᾱ
2128 586 2311 657 pitius
2359 588 2436 643 sit
2485 590 2668 646 rebus
2721 592 3018 648 humanis.
3054 594 3281 651 Bonum
3314 602 3406 653 cst
3449 600 3798 659 misericors

337 674 443 728 pra
484 674 693 713 omnes
739 662 1108 730 potestatem,
1159 666 1334 735 quasi
1382 682 1603 736 parens
1636 673 2014 740 expostulare

338 747 611 816 malebat,
647 740 1027 822 quam°quasi
1053 751 1241 822 judex
1272 756 1500 824 punire.
1547 757 1716 827 Saepe
1750 762 2012 815 tremen-

339 839 429 890 tes
460 837 741 907 vidimus,
775 855 892 910 quo
924 840 1299 913 objurgabat,
1325 848 1381 898 et
1399 846 1705 901 convictos
1737 850 2007 918 sceleris,

338 941 473 979 cum
503 926 951 997 desperassent,
988 931 1219 985 solutos
1253 933 1517 989 crimine.
1554 934 1808 990 Vincere
1853 938 2009 991 enim

339 1013 594 1084 volebat,
645 1032 764 1071 non
810 1018 1069 1087 plectere
1106 1021 1402 1091 aequitatis
1429 1022 1637 1093 judex,
1671 1041 1787 1079 non
1816 1043 2010 1096 poenas

338 1103 578 1173 arbiter,
632 1106 734 1175 qui
784 1120 1085 1178 nunquam
1116 1109 1347 1164 veniam
1381 1112 1681 1167 conﬁtenti
1713 1121 1959 1185 negaret
1992 1134 2005 1181 ;

338 1194 437 1248 aut
467 1193 521 1247 si
550 1193 693 1264 quid
723 1198 905 1264 esset,
941 1197 1099 1267 quod
1149 1199 1377 1253 occulta
1416 1203 1781 1256 conscientia
1813 1204 2008 1259 invol-

335 1285 521 1350 veret,
573 1282 697 1337 Deo
744 1285 1046 1340 servabat.
1100 1286 1267 1342 Hane
1309 1305 1518 1344 vocem
1568 1290 1702 1362 ejus
1734 1292 2008 1347 homines

335 1370 551 1443 magis,
584 1387 761 1441 quam
798 1389 1033 1444 pinnam
1066 1375 1349 1432 timebant
1382 1394 1394 1432 :
1441 1380 1599 1450 quod
1632 1382 1788 1435 tanta
1816 1381 2006 1452 impe-

334 1463 497 1514 rator
540 1464 747 1531 ageret
793 1464 1175 1533 verecundia,
1231 1469 1293 1520 ut
1339 1468 1539 1524 mallet
1584 1470 1698 1525 sibi
1733 1469 2004 1526 homines

334 1548 624 1620 religione
656 1566 833 1621 quam
861 1552 1075 1608 timore
1106 1555 1463 1627 astringere.

404 1655 493 1711 M.
548 1657 864 1712 Maximum
911 1658 1403 1732 philosophorum
1454 1664 1856 1734 impunitatem
1889 1667 1980 1736 (2‘2

332 1744 529 1799 ferunt
556 1745 798 1801 dedisse
827 1747 904 1802 iis
935 1748 1324 1821 facinoribus,
1360 1768 1493 1823 quae
1524 1769 1630 1823 per
1665 1754 1811 1809 iram
1844 1772 2001 1811 com-

332 1833 521 1888 missa
568 1834 801 1901 forent;
854 1837 962 1891 sed
1010 1837 1323 1910 Scriptura
1365 1840 1561 1896 divina
1610 1844 1820 1898 melius
1873 1845 1990 1900 ait:

2126 676 2325 746 homo,
2378 679 2476 748 qui
2529 680 2665 733 dum
2707 681 2841 735 aliis
2891 683 3196 752 subvenit,
3246 687 3363 740 sibi
3411 691 3687 760 consulit,
3743 692 3800 747 ct

2132 766 2325 830 1203
2372 767 2431 820 in
2475 768 2667 823 alieno
2718 773 2980 826 remedio
3031 776 3275 828 vulnera
3310 792 3418 830 sua
3450 782 3632 832 curat.
3668 782 3796 852 Ag-

2124 855 2319 907 noscit
2353 855 2506 908 enim
2538 872 2604 910 sc
2635 873 2774 913 esse
2808 860 3124 931 hominem,
3173 864 3273 932 qui
3324 866 3487 920 novit
3519 868 3794 939 ignosce-

2131 956 2195 995 re
2232 959 2242 995 :
2280 946 2335 996 et
2370 944 2497 998 vias
2529 945 2751 1001 Christi
2785 950 3072 1019 sequitur,
3124 952 3224 1022 qui
3268 969 3443 1009 carne
3489 963 3788 1028 suscepta,

2126 1031 2331 1085 maluit
2364 1032 2420 1087 in
2452 1033 2608 1088 hunc
2639 1038 2921 1091 mundum
2959 1039 3295 1110 redemptor
3339 1044 3563 1116 venire,
3615 1032 3791 1118 quam

2115 1117 2323 1188 judex.

2195 1208 2278 1262 t7.
2317 1209 2485 1265 Unde
2517 1213 2765 1282 pulchre
2796 1215 3111 1272 Psalmista
3144 1219 3288 1274 dixit
3321 1238 3331 1275 :
3371 1244 3392 1269 υ
3430 1220 3620 1277 Dilexi
3650 1226 3788 1295 qu‘o-

2118 1296 2273 1351 niam
2298 1300 2570 1356 exaudiet
2590 1302 2874 1359 Dominus
2899 1322 3105 1362 vocem
3128 1309 3409 1365 orationis
3432 1312 3781 1383 meae(Psa1.

2119 1400 2272 1454 cxxv,
2311 1387 2383 1455 i).
2424 1412 2444 1435 »ι
2480 1390 2543 1443 In
2574 1409 2684 1462 quo
2729 1394 2960 1464 psalmo
3006 1396 3143 1451 dum
3192 1398 3431 1470 legitur,
3485 1401 3645 1455 velut
3691 1402 3783 1472 ip-

2117 1489 2250 1528 sum
2296 1475 2696 1535 Theodosium
2741 1483 3077 1554 loquentem
3134 1487 3489 1543 audivimus.
3552 1489 3776 1561 Dilexi,

2113 1562 2303 1634 inquit
2356 1582 2367 1619 :
2421 1583 2684 1639 agnosco
2738 1587 2943 1627 vocem
2986 1573 3171 1645 piam,
3222 1576 3396 1649 cujus
3444 1579 3799 1633 testimonia

2115 1652 2284 1741 vocis
2316 1668 2599 1725 agnosco.
2647 1658 2718 1713 Et
2758 1676 2898 1715 vere
2932 1662 3134 1717 dilexit
3165 1665 3263 1735 qui
3298 1665 3491 1721 ofﬁcia
3522 1667 3778 1741 diligen-

2112 1739 2232 1794 tius
2278 1742 2558 1814 implevit,
2603 1748 2702 1816 qui
2753 1751 3015 1803 servavit
3045 1751 3274 1821 hostes,
3309 1755 3405 1824 qui
3439 1739 3777 1811 dilexit‘iui-

2113 1829 2321 1896 micos,
2357 1834 2456 1902 qui
2488 1833 2564 1887 iis
2599 1851 2629 1888 a
2665 1838 2885 1906 quibus
2918 1843 3009 1892 est
3037 1841 3351 1909 appetitus,
3395 1844 3643 1915 ignovit,
3678 1848 3779 1917 qui

338 1944 360 1970 ι
394 1920 750 1994 Irascimini,
784 1929 840 1979 et
870 1925 1048 1980 nolite
1077 1942 1331 1998 peccare
1366 1929 1553 1999 (Psal.
1591 1948 1668 2002 iv,
1701 1933 1777 2004 5).
1816 1958 1836 1980 »
1875 1934 2000 1988 Ma-

2119 1919 2282 1989 regni
2315 1917 2689 1978 aﬁ'ectatores
2722 1925 2916 1994 perire
2946 1942 3063 1982 non
3096 1933 3187 1983 est
3215 1947 3459 2000 passus.
3494 1933 3627 1988 Non
3658 1950 3777 1988 me-

330 2010 440 2065 luit
466 2016 779 2082 peceatum
808 2014 1095 2085 recidere,
1132 2033 1307 2087 quam
1338 2033 1648 2074 excusare.
1681 2021 1879 2077 Satius
1911 2028 2000 2077 est

2119 2006 2354 2078 diceris,
2388 2011 2494 2065 sed
2524 2012 2771 2080 perfecti
2803 2014 2860 2068 in
2892 2016 3054 2088 Lege
3084 2034 3199 2072 vox
3228 2020 3342 2073 ista
3387 2024 3478 2075 est
3528 2021 3724 2077 dicere
3761 2041 3772 2078 ε

332 2099 391 2154 in
422 2099 827 2173 indignatione
857 2103 1090 2159 laudem
1141 2106 1469 2162 clementiae
1507 2110 1791 2181 reperire,
1827 2128 2001 2182 quam

329 2187 417 2242 ira
444 2189 507 2244 in
539 2190 823 2246 ultionem
855 2193 1121 2249 excitari.

403 2277 492 2333 15.
523 2278 671 2344 Quis
719 2296 865 2352 ergo
910 2282 1199 2338 dubitabit
1242 2284 1382 2339 ﬁliis
1431 2285 1565 2357 ejus
1611 2287 1765 2358 apud
1797 2289 1999 2344 Domi-

327 2383 471 2422 num
503 2368 821 2424 maximum
850 2372 1196 2440 praesidium
1229 2371 1356 2428 fore
1378 2375 1406 2428 ?
1454 2374 1701 2431 Domino
1742 2378 1994 2448 favente,

328 2457 625 2513 Arcadius
658 2459 979 2528 imperator
1003 2459 1128 2532 jam
1157 2462 1391 2517 validus
1418 2463 1668 2535 juventa
1698 2468 1791 2520 est
1822 2484 1833 2521 :
1886 2468 1998 2537 (‘23)

332 2544 636 2600 Honorius
668 2549 946 2603 continuo
976 2549 1623 2626 pulsatado'lescentiae
1653 2554 1840 2623 fores,
1873 2572 2002 2626 pro-

328 2636 560 2690 vectior
605 2639 777 2691 aetate
824 2654 999 2708 quam
1047 2622 1270 2694 Josias.
1325 2641 1428 2696 Ille
1476 2643 1631 2696 enim
1680 2622 1999 2699 destitutus

327 2727 514 2793 patre,
548 2739 730 2780 orsus
761 2725 1072 2796 imperium
1101 2743 1293 2798 usque
1326 2729 1397 2782 ad
1419 2730 1783 2785 tricesimum
1808 2737 1862 2786 et
1883 2734 2002 2804 pri-

327 2826 490 2867 mum
519 2829 736 2868 annum
768 2815 939 2886 regni
969 2816 1063 2870 sui
1095 2817 1371 2887 perduxit
1402 2822 1651 2890 aetatem,
1687 2824 1742 2875 et
1783 2821 2001 2892 placuit

327 2900 566 2955 domino
592 2917 606 2972 ;
640 2904 917 2974 quoniam
948 2920 1073 2974 pra:
1104 2906 1340 2961 caeteris
1370 2909 1619 2979 regibus
1650 2910 1834 2965 Israel
1887 2911 1999 2966 Do-

327 2990 469 3044 mini
503 2992 727 3061 pascha
758 2993 1101 3063 celebravit,
1134 2997 1191 3049 et
1226 2999 1696 3053 ceremoniarum
1745 2999 2004 3055 abolevit

329 3093 569 3134 errores
626 3080 739 3151 (IV
783 3082 931 3154 Reg.
977 3100 1122 3152 χχιι,
1172 3084 1199 3137 1
1249 3091 1309 3139 et
1358 3087 1538 3159 seq.).
1590 3087 1709 3143 Ara
1765 3106 2000 3161 quoque

329 3167 523 3223 adhuc
574 3169 871 3225 invalidus
920 3172 1189 3243 corporis
1236 3174 1484 3244 robore,
1532 3192 1663 3230 cum
1713 3178 1999 3250 regnandi

330 3257 626 3312 curricula
672 3260 1027 3330 recepisset,
1079 3261 1470 3335 quadraginta
1520 3266 1691 3319 annis
1728 3267 2004 3338 regnavit

326 3344 388 3399 in
437 3345 553 3416 (24)
595 3347 931 3404 Jerusalem
988 3366 998 3403 :
1051 3350 1151 3421 qui
1200 3366 1334 3405 cum
1383 3352 1732 3424 lEthiopum
1776 3355 2001 3410 inﬁnita

326 3438 645 3506 urgeretur
672 3439 849 3508 atque
878 3437 1296 3493 innumerabili
1342 3441 1733 3510 multitudine,
1791 3460 2001 3514 spera-

325 3524 413 3578 vit
458 3524 573 3595 (25)
624 3539 656 3579 a
702 3524 951 3582 Domino
1001 3531 1058 3582 et
1104 3528 1161 3581 in
1205 3529 1414 3599 paucis
1447 3545 1513 3584 se
1553 3547 1736 3601 posse
1782 3533 2002 3587 salvari

325 3610 445 3682 (III
470 3613 620 3686 Reg.
656 3631 754 3686 xv,
784 3614 967 3685 8-23).
1021 3615 1256 3671 Utinam
1299 3622 1416 3672 tam
1462 3619 1655 3674 ﬁdelis
1688 3636 1999 3691 processu,

326 3716 504 3773 quam
548 3703 800 3759 devotus
849 3703 1134 3760 exordiol
1184 3705 1335 3761 Nam
1390 3711 1666 3763 servatus
1707 3709 1767 3764 in
1795 3711 2003 3780 paucis

327 3794 385 3845 et
413 3791 627 3859 victor,
662 3797 871 3863 postea
918 3809 951 3847 a
998 3792 1169 3864 Syris
1218 3795 1454 3864 auxilia,
1486 3797 1695 3852 relicto
1728 3798 1999 3869 Domino,

326 3881 671 3952 postulavit,
723 3884 782 3936 et
829 3882 1094 3938 medicos
1145 3883 1412 3940 adhibuit
1462 3885 1531 3939 ad
1577 3886 1795 3957 pedum
1845 3888 2003 3943 dolo-

325 3983 489 4035 rem;
538 3972 782 4040 accepto
831 3971 987 4026 enim
1035 3975 1195 4028 tanto
1245 3973 1464 4029 indicio
1511 3974 1693 4029 divini
1748 3976 1998 4045 favoris,

324 4057 735 4115 auxiliatorem
787 4075 963 4114 suum
1009 4061 1425 4133 derelinquere
1470 4079 1587 4119 non
1637 4064 1858 4135 debuit,
1893 4067 2001 4121 sed

322 4148 550 4202 tenere.
602 4147 737 4204 Ideo
787 4149 846 4204 ei
895 4164 1005 4204 nec
1053 4151 1269 4205 medici
1310 4152 1683 4222 profuerunt,
1723 4157 1779 4208 et
1829 4156 2002 4225 quasi

322 4236 673 4292 incredulus
705 4240 954 4293 mortem
982 4238 1268 4310 implevit.

396 4324 486 4378 16.
545 4324 663 4380 Sed
712 4326 948 4382 illorum
994 4331 1198 4398 patres
1250 4329 1436 4385 Abias
1483 4333 1539 4385 et
1584 4334 1770 4386 Amos
1826 4333 2000 4389 ambo

320 4412 600 4469 inﬁdeles
652 4430 664 4469 :
717 4415 1094 4471 Theodosius
1146 4433 1290 4472 vero
1337 4419 1550 4488 plenus
1599 4420 1828 4476 timoris
1870 4421 1997 4491 Dei,

321 4504 542 4575 plenus
572 4503 1024 4575 misericordiae,
1063 4521 1379 4576 speramus
1412 4509 1569 4578 quod
1611 4509 1821 4564 liberis
1871 4511 2001 4565 suis

322 4593 482 4664 apud
529 4591 833 4647 Christum
878 4595 1103 4665 praesul
1147 4596 1416 4667 assistat,
1452 4598 1505 4650 si
1536 4598 1820 4654 Dominus
1866 4615 2001 4670 pro~

396 4717 511 4789 (22)
546 4715 909 4792 In_margine
942 4720 1110 4792 Rom.
1148 4720 1284 4792 edit.
1317 4722 1641 4792 ascriptum
1660 4728 1783 4778 erat
1814 4725 1997 4779 Arist.

318 4788 436 4864 lib.
481 4805 562 4842 vn
609 4788 809 4864 Εῑῄξὰ
853 4807 987 4864 cap.
1034 4791 1086 4845 6.
1141 4791 1258 4847 Sed
1306 4788 1699 4864 praeterquam
1742 4796 1897 4864 quod
1931 4812 1999 4850 eo

320 4861 463 4936 loci,
514 4876 648 4931 qum
692 4860 787 4936 hic
836 4862 1114 4936 dicuntur
1161 4864 1234 4917 ab
1285 4860 1637 4936 Ambrosio,
1687 4860 1805 4919 non
1852 4868 1999 4921 satis

323 4932 503 5004 clare,
538 4933 937 5002 inveniuntur,
987 4934 1046 4987 id
1094 4936 1381 5004 temporis
1429 4932 2001 5004 plane'inusitatum

321 5003 607 5076 Eatribus
640 5008 767 5058 erat
796 5006 912 5058 tam
932 5003 1257 5061 honoriﬁce
1281 5003 1579 5076 appellare
1598 5007 1997 5062 Aristotelem.

322 5073 397 5129 Et
421 5078 593 5148 certe
626 5076 1020 5148 Amgbrosiana
1049 5077 1233 5131 verba
1266 5073 1383 5132 non
1406 5078 1602 5132 minus
1624 5083 1756 5148 apte
1791 5079 1863 5132 ad
1896 5080 1998 5134 lib.

320 5162 386 5220 ιχ
419 5146 684 5220 Platonis
714 5146 787 5220 de
822 5147 1086 5220 Legibus
1116 5148 1330 5203 referri
1364 5153 1630 5220 possent,
1662 5146 1716 5204 si
1748 5151 1997 5206 Ambro-

323 5217 687 5291 siusloeum
714 5218 833 5291 abs,
857 5217 932 5273 se
954 5219 1171 5291 lectum
1202 5217 1589 5291 signiﬁcaret.

397 5288 512 5357 (23)
564 5288 693 5362 νᾳ.
746 5289 908 5362 edit.,
944 5312 981 5362 ga
1006 5288 1412 5360 jam.validus
1460 5292 1741 5347 inventus
1790 5296 1923 5362 est;
1972 5316 1994 5339 η

321 5362 605 5432 quaedam,
631 5360 819 5415 Paris.
875 5384 899 5432 ε
929 5360 1056 5431 jam
1089 5363 1325 5416 validus
1348 5362 1595 5432 juvenis
1620 5405 1633 5432 ,
1672 5386 1693 5411 ιι
1736 5360 1920 5418 Rom.
1943 5369 2000 5418 et

322 5446 480 5485 mss.
514 5431 828 5486 nobiscum
860 5431 1102 5487 faciunt.
1132 5431 1449 5489 Arcadium
1482 5450 1678 5503 porro,
1719 5450 1853 5489 cum
1892 5451 1996 5503 pa-

319 5507 415 5558 tre
466 5503 710 5558 orbatus
761 5507 875 5572 est,
921 5504 1093 5558 annis
1138 5504 1209 5558 20
1254 5509 1453 5558 natum
1485 5505 1678 5559 fuisse
1708 5506 1999 5559 Baronius

323 5574 605 5643 afﬁrmat,
637 5574 776 5628 licet
807 5576 860 5629 ei
890 5576 1114 5629 tantum
1143 5575 1566 5644 septemdecim
1587 5576 1685 5629 alii
1708 5576 1996 5641 tribuant,

318 5645 667 5718 Honorium
690 5661 831 5718 vero
862 5645 1183 5718 decennem
1209 5646 1525 5718 exstitisse
1556 5646 1692 5701 inde
1742 5662 2000 5718 cognos-

323 5732 453 5785 cas,
515 5716 675 5787 quod
722 5717 1022 5787 Socrates,
1074 5716 1298 5772 Idatius
1344 5719 1402 5773 et
1449 5716 1844 5773 Marcellinus
1867 5734 2003 5775 eum

314 5788 681 5846 Richomere
711 5796 769 5845 et
804 5788 1094 5847 Clearcbo
1122 5804 1276 5846 coss.
1321 5787 1380 5847 id
1412 5792 1525 5862 est,
1557 5805 1691 5848 ann.
1733 5789 1860 5861 384,
1892 5806 2000 5847 na-

322 5863 456 5925 tum
482 5863 830 5920 memorant.

2028 4670 2082 4733 D

2113 2116 2137 2146 ι
2175 2095 2383 2152 Dilexi.
2417 2097 2727 2157 Plenitudo
2760 2104 2916 2157 enim
2952 2105 3157 2177 Legis,
3202 2107 3437 2163 dilectio
3473 2112 3564 2164 est
3587 2111 3774 2180 (R0112.

2110 2200 2235 2254 xm,
2272 2186 2381 2255 10).
2418 2210 2440 2235 ιι
2475 2187 2590 2243 Sed
2612 2190 2710 2261 qui
2734 2191 3021 2261 dilexerit,
3049 2194 3356 2250 audiamus
3375 2198 3513 2268 (26).
3534 2198 3679 2253 Cum
3702 2202 3778 2253 ta-

2110 2279 2278 2328 cetur
2325 2291 2517 2346 genus
2569 2278 2923 2344 dilectionis.
2975 2282 3175 2353 utique
3226 2284 3439 2340 divina)
3470 2287 3776 2342 charitatis

2110 2364 2300 2434 gratia
2325 2364 2713 2437 signiﬁcatur,
2739 2384 2855 2438 qua
2876 2369 3182 2441 diligimus
3204 2372 3365 2443 illud,
3393 2374 3549 2444 quod
3570 2378 3663 2430 est
3682 2392 3778 2431 su-

2107 2467 2216 2521 per
2246 2454 2441 2507 omnia
2471 2454 2887 2511 desiderabilia
2910 2458 3329 2531 desiderabile,
3350 2462 3421 2517 de
3443 2478 3559 2534 quo
3583 2464 3775 2536 scrip-

2109 2543 2230 2594 tum
2245 2546 2337 2596 est
2352 2558 2363 2596 :
2378 2564 2399 2588 «
2419 2542 2644 2615 Diliges
2660 2545 3165 2603 DominumDeum
3181 2554 3341 2604 tuum
3355 2551 3636 2621 (Deut.vr,
3651 2553 3727 2623 5).
3749 2575 3770 2603 ι

2180 2627 2268 2684 18.
2303 2630 2462 2702 Ergo
2495 2632 2814 2689 discedens
2839 2652 2868 2690 c
2899 2636 3076 2691 terris
3107 2639 3199 2709 pia
3230 2640 3442 2709 anima,
3479 2644 3535 2696 et
3568 2646 3774 2697 sancto

2106 2718 2328 2788 repleta
2360 2719 2601 2792 Spiritu,
2636 2724 2807 2794 quasi
2836 2724 3345 2798 interrogantibus
3395 2729 3490 2800 iis,
3524 2731 3627 2801 qui
3658 2733 3776 2786 sibi

2109 2814 2515 2879 occurrerunt,
2549 2827 2682 2865 cum
2714 2827 2853 2868 sese
2884 2814 2957 2868 ad
2980 2816 3256 2879 sublimia
3280 2820 3336 2872 et
3359 2834 3617 2889 superna
3640 2821 3778 2875 sub-
3888 2876 3897 2884 ,

2109 2895 2348 2967 rigeret,
2384 2900 2615 2977 dicebat
2650 2916 2662 2954 :
2696 2901 2920 2957 Dilexi.
2973 2904 3137 2958 Nihil
3188 2906 3302 2961 hoc
3337 2908 3594 2980 plenius,
3629 2910 3773 2963 nihil

2108 2987 2478 3056 expressius.
2514 2989 2963 3063 lnterrogabant
2991 2995 3188 3067 angeli
3234 2997 3328 3051 vel
3375 2999 3724 3071 archangeli
3761 3015 3771 3053 :

2106 3075 2255 3140 Quid
2301 3077 2481 3149 egisti
2523 3078 2583 3132 in
2627 3080 2849 3135 terris?
2894 3083 3263 3138 occultorum
3293 3085 3450 3140 enim
3481 3088 3654 3142 solus
3686 3105 3777 3143 co-

2108 3166 2305 3235 gnitor
2336 3166 2515 3221 Deus.
2550 3168 2809 3237 Dicebat,
2846 3170 3087 3240 Dilexi;
3121 3173 3233 3228 hoc
3265 3178 3356 3228 est
3388 3175 3586 3230 dicere
3623 3192 3635 3230 :
3670 3177 3776 3230 Le-

2109 3270 2245 3325 gem
2274 3255 2532 3325 implevi,
2570 3257 2959 3330 Evangelium
3006 3251 3495 3331 non'prieterivi;
3540 3263 3653 3320 hoc
3685 3269 3778 3320 est

2037 3313 2089 3375 Ο
2108 3313 2307 3398 dicere
2341 3313 2375 3399 ε.
2402 3313 2573 3400 Morti
2626 3362 2716 3401 me
2739 3313 2972 3416 “obtuli,
3029 3313 3422 3406 «Scitote-die-
3441 3313 3775 3408 aestimatus

2107 3448 2242 3487 sum
2286 3433 2440 3488 sicut
2488 3436 2620 3489 ovis
2670 3436 2995 3492 occisionis
3040 3438 3226 3509 (Psal.
3281 3457 3438 3510 xuii,
3491 3441 3603 3511 22).
3645 3466 3666 3489 ι»
3706 3442 3778 3496 Et

2106 3522 2242 3577 ideo
2275 3524 2527 3593 conﬁdo,
2569 3547 2591 3570 ‹‹
2627 3524 2764 3597 quia
2796 3541 2987 3597 neque
3018 3543 3200 3596 mors,
3252 3546 3443 3601 neque
3493 3531 3633 3600 vita,
3676 3547 3775 3585 ne-

2106 3626 2221 3681 que
2254 3612 2486 3683 Angeli,
2524 3628 2715 3684 neque
2750 3614 3031 3684 Virtutes,
3058 3632 3249 3687 neque
3281 3618 3545 3688 altitudo,
3582 3635 3774 3691 neque

2105 3700 2488 3770 profundum,
2521 3716 2719 3773 neque
2745 3706 3015 3759 creatura
3044 3705 3155 3759 alia
3187 3707 3401 3772 poterit
3433 3722 3545 3763 nos
3599 3724 3777 3779 sepa-

2105 3803 2238 3843 rare
2267 3805 2299 3842 a
2333 3789 2614 3845 charitate
2649 3791 2774 3861 Dei,
2827 3807 2961 3863 quae
2993 3797 3086 3848 est
3114 3796 3173 3850 in
3205 3796 3444 3852 Christo
3474 3797 3624 3852 Jesu
3658 3798 3776 3852 Do-

2107 3877 2267 3932 mino
2298 3882 2503 3933 nostro
2534 3879 2721 3949 (Rom.
2758 3898 2879 3950 vni,
2913 3880 3001 3952 38,
3035 3882 3146 3953 39).
3190 3909 3212 3932 ιι

2180 3966 2266 4020 19.
2318 3966 2446 4021 Hoc
2491 3968 2825 4024 mandatum
2874 3970 3057 4044 Legis
3104 3974 3278 4028 etiam
3337 3975 3397 4029 in
3448 3975 3776 4048 Evangelio

2109 4053 2396 4110 Dominus
2426 4057 2608 4112 Jesus
2639 4058 2812 4114 docet
2842 4075 2983 4116 esse
3016 4064 3399 4134 servandum,
3452 4082 3587 4120 cum
3636 4065 3777 4120 dicit

2108 4144 2180 4197 ad
2207 4144 2443 4199 Petrum
2477 4162 2488 4201 :
2529 4170 2550 4193 α
2587 4146 2790 4203 Simon
2820 4150 3093 4221 Joannis,
3126 4152 3330 4225 diligis
3360 4155 3499 4209 me?
3532 4177 3555 4201 η
3590 4158 3645 4207 et
3676 4154 3775 4208 ille

2108 4234 2417 4304 respondit
2462 4250 2474 4290 ε
2531 4258 2553 4283 α
2587 4236 2674 4290 Tu
2725 4238 2870 4308 scis,
2926 4239 3193 4308 Domine,
3245 4243 3382 4313 quia
3422 4241 3605 4312 diligo
3634 4243 3710 4295 te.
3748 4264 3770 4288 η

2108 4324 2179 4378 Et
2206 4325 2423 4379 iterum
2454 4324 2600 4379 dixit
2633 4341 2644 4380 :
2683 4348 2705 4373 «
2741 4325 2944 4382 Simon
2976 4329 3244 4400 Joannis,
3278 4330 3481 4401 diligis
3510 4330 3648 4383 me?
3668 4352 3689 4376 ιι
3719 4333 3776 4383 et

2107 4414 2319 4469 iterum
2352 4413 2659 4482 respondit
2690 4430 2701 4468 ε
2758 4438 2779 4461 «ι
2817 4415 3027 4485 Etiam,
3081 4418 3348 4488 Domine,
3390 4422 3453 4473 tu
3482 4417 3606 4472 scis
3637 4417 3775 4488 quia

2106 4503 2292 4573 diligo
2342 4506 2418 4557 te.
2457 4526 2478 4550 η
2536 4501 2608 4555 Et
2645 4504 2815 4559 tertio
2846 4505 3251 4578 interrogatus
3281 4506 3360 4560 ait
3391 4522 3403 4560 :
3445 4528 3467 4552 «
3504 4506 3770 4575 Domine,

2110 4593 2302 4646 omnia
2332 4596 2393 4647 tu
2424 4593 2574 4662 scis,
2610 4595 2670 4646 tu
2701 4593 2858 4646 nosti
2889 4594 3023 4664 quia
3053 4610 3184 4648 amo
3217 4599 3271 4649 te
3304 4598 3491 4664 (δοίη).
3535 4612 3656 4665 χχι,
3708 4596 3774 4649 15

2178 4716 2290 4787 (24)
2354 4718 2534 4790 Rom.
2587 4716 2724 4790 edit.
2788 4715 2964 4790 sola,
3018 4740 3039 4767 «
3092 4718 3480 4790 quadraginta
3539 4724 3596 4775 et
3654 4736 3771 4774 uno

2105 4778 2582 4859 anno'regnavit.
2623 4808 2645 4836 ι
2678 4787 2847 4852 Quod
2894 4778 3067 4841 etiam
3110 4778 3437 4859 praefervunt
3470 4807 3643 4845 sacra
3676 4791 3771 4844 bi-

2108 4859 2227 4913 blia
2251 4875 2265 4916 :
2301 4861 2405 4913 sed
2437 4860 2672 4929 plenum
2695 4874 3000 4913 numerum
3026 4860 3378 4915 Ambrosius
3403 4862 3585 4917 voluit
3614 4862 3774 4917 exhi-

2110 4932 2270 4984 bere.

2179 5000 2291 5074 (25)
2323 5000 2422 5055 Sic
2453 5016 2660 5054 omnes
2703 5000 2841 5055 edit.
2870 5020 2882 5066 ;
2919 5018 3066 5057 mss.
3098 5018 3239 5057 vero
3272 5019 3453 5074 prope
3486 5005 3557 5058 ad
3592 5022 3771 5060 unum

2108 5088 2140 5145 a
2163 5072 2345 5126 verbo
2369 5088 2543 5145 spera
2559 5073 2637 5124 vit
2662 5088 2851 5142 usque
2869 5074 2938 5127 ad
2968 5098 2988 5119 α
3010 5074 3241 5145 postula
3255 5072 3353 5139 m,
3383 5072 3441 5130 ὶιι
3457 5077 3718 5132 medicos
3744 5102 3763 5123 υ

2109 5143 2628 5215 Ιειουηαηιίὴεὺθιιι
2654 5159 2668 5212 ;
2702 5159 2876 5213 quam
2907 5143 3099 5199 tamen
3132 5148 3307 5214 Prat.,
3332 5146 3520 5215 Gem.,
3547 5152 3601 5201 et
3632 5147 3764 5200 All).

2110 5216 2221 5288 hoc
2274 5214 2444 5268 modo
2495 5216 2722 5288 sarcire
2771 5217 2963 5270 conati
3009 5220 3166 5286 sunt,
3206 5240 3227 5264 «
3261 5214 3525 5288 speravit
3556 5218 3616 5270 in
3646 5218 3767 5271 Do-

2110 5287 2288 5354 mino,
2321 5285 2660 5355 postulavit,
2712 5289 2768 5340 et
2811 5288 2971 5356 vicit,
3019 5293 3076 5343 et
3124 5285 3389 5343 medicos
3418 5288 3700 5342 adhibuit.
3740 5310 3760 5335 ιο

2110 5358 2277 5412 Haud
2308 5358 2383 5410 ila
2416 5356 2584 5410 male.

2179 5428 2292 5509 (26)
2327 5428 2454 5509 Vet.
2489 5428 2649 5509 edit,
2688 5449 2710 5509 ς
2745 5430 3092 5509 Gum__tacet,
3126 5435 3306 5509 urget
3349 5445 3459 5509 nos
3506 5428 3761 5509 dilectio.

2111 5500 2324 5579 Utique
2352 5574 2361 5579 _
2385 5499 2601 5579 divinae
2657 5499 3235 5579 charitati§__gra_tia_§
3290 5525 3311 5548 ι»
3350 5501 3537 5579 item.
3564 5499 3763 5579 _ed_it.,

2113 5595 2133 5621 ι
2170 5569 2314 5625 (lum
2346 5574 2517 5637 tacet,
2551 5574 2725 5641 urget
2755 5587 2886 5625 nos.
2922 5569 3266 5641 Dilectionis
3305 5571 3502 5640 utique
3547 5569 3766 5624 divinae

2107 5643 2330 5723 gratia,
2356 5662 2378 5691 ι
2413 5657 2561 5723 mss:
2597 5640 2813 5723 magno
2844 5657 3089 5723 numero
3165 5665 3185 5687 «ι
3219 5640 3569 5723 Clini_tace_t,
3594 5645 3769 5722 urget

2109 5712 2220 5769 nos
2254 5712 2609 5784 dilectionis,
2641 5712 2842 5783 utique
2877 5712 3092 5767 divinae
3125 5712 3433 5784 (nonnulli,
3479 5712 3768 5784 utique’in

2109 5801 2218 5860 qua
2247 5784 2488 5860 divinae,
2523 5782 2846 5860 charitatis,
2884 5804 2906 5833 ν
2960 5784 3092 5860 etc._
3113 5782 3231 5838 Sed
3260 5784 3525 5845 omnium
3554 5782 3771 5860 optime

2109 5854 2238 5917 60d.
2276 5856 2428 5935 Reg.
2463 5854 2640 5932 unus,
2675 5858 2737 5916 ut
2768 5854 2828 5914 in
2859 5855 3163 5915 contextu.
3580 5894 3589 5905 .
