4136 6182
417 344 572 408 1455

1819 333 1882 397 S.
1930 330 2421 398 AMBROSSH.

3624 336 3761 404 ιω

417 541 589 614 seq.).
627 563 648 587 η
699 536 1081 595 Conﬁrmavit
1123 537 1319 608 itaque
1365 535 1708 591 charitatem
1756 536 1907 591 trina
1950 551 2084 591 res-
2116 519 2174 580 Α
2278 534 2366 590 23.
2400 533 2588 590 Audis
2620 533 2910 590 dicentem
2947 549 2958 589 ε
3017 554 3040 585 ι
3073 532 3577 590 Circumdederunt
3611 551 3690 592 me
3715 538 3800 594 do-

415 629 649 701 ponsio,
682 627 776 682 vel
810 626 1066 682 abolevit
1112 626 1282 680 trinae
1327 625 1664 697 negationis
1695 640 1981 680 errorem.
2016 624 2087 678 Et

416 717 516 772 hic
573 716 786 771 trinam
841 714 1297 786 responsionem
1354 713 1405 767 si
1462 713 1809 785 quaerimus,
1860 712 2088 768 inveni-

418 821 553 861 mus
588 821 601 861 :
641 828 662 853 «
700 804 910 870 Dilexi,
948 803 1225 875 quoniam
1257 803 1533 858 exaudiet
1563 802 1848 857 Dominus
1878 817 2089 857 vocem

419 893 706 950 orationis
750 908 896 948 meae
946 892 1135 963 (Psal.
1188 909 1347 962 cxiv,
1396 891 1469 961 1).
1508 912 1531 942 ι
1587 891 1780 946 Dilexi
1808 891 2090 962 quoniam

420 982 727 1038 inclinavit
770 996 973 1036 aurem
1019 997 1190 1035 suam
1233 980 1407 1052 mihi,
1459 983 1522 1035 ut
1569 980 1629 1034 in
1679 980 1889 1034 diebus
1939 979 2090 1033 meis

421 1073 762 1127 invocarem
794 1086 948 1125 eum.
983 1069 1195 1140 Dilexi,
1227 1069 1364 1141 quia
1395 1068 1837 1123 tribulationem
1878 1070 1937 1122 et
1980 1067 2090 1122 do-

424 1162 612 1215 lorcm
646 1159 863 1227 inveni,
900 1164 958 1214 et
984 1175 1092 1229 pro
1122 1158 1357 1213 nomine
1409 1157 1517 1213 Dei
1564 1156 1679 1211 mei
1718 1155 1980 1226 pericula
2010 1156 2093 1210 in.

421 1249 576 1305 ferni
606 1264 724 1304 non
752 1247 974 1320 refugi,
1006 1248 1113 1302 sed
1137 1245 1480 1319 exspectavi
1502 1250 1563 1301 ut
1586 1244 2091 1317 comprehendere

425 1341 483 1394 et
512 1337 776 1393 invenire
808 1352 899 1391 me
929 1338 1196 1408 possent.

496 1426 586 1482 20.
619 1424 690 1480 Et
718 1425 965 1497 pulchre
998 1426 1078 1480 ait
1110 1440 1122 1480 :
1157 1424 1382 1496 Dilexi,
1416 1424 1552 1496 quia
1578 1422 1704 1495 jam
1735 1437 1978 1476 cursum
2006 1422 2092 1475 vi-

426 1522 503 1571 tae
551 1514 735 1587 hujus
783 1514 1148 1585 impleverat.
1182 1513 1352 1569 Unde
1396 1516 1452 1567 et
1502 1511 1829 1584 Apostolus
1871 1511 1932 1565 in
1959 1526 2096 1581 pas-

428 1604 743 1675 sionejam
773 1604 1005 1675 positus
1038 1604 1117 1657 ait
1153 1618 1164 1657 :
1208 1624 1230 1653 ι
1262 1601 1572 1658 Certamen
1601 1601 1823 1657 bonum
1852 1600 2092 1666 certavi,

429 1709 674 1755 cursum
724 1692 1170 1759 consummavi,
1216 1690 1393 1746 tidem
1439 1691 1718 1756 servavi;
1765 1688 1922 1761 quod
1968 1689 2098 1743 reli-

429 1798 613 1855 quum
634 1785 745 1851 est,
766 1780 1028 1851 reposita
1048 1782 1141 1835 est
1160 1779 1303 1833 mihi
1325 1794 1543 1834 corona
1560 1778 1809 1850 justitim
1839 1777 1922 1847 (II
1950 1776 2094 1832 Tim.

2209 625 2370 678 lores
2418 623 2626 678 mortis
2677 622 2865 693 (Psal.
2917 639 3076 694 cxiv,
3127 622 3234 689 3)?
3267 646 3290 671 ι
3344 621 3661 695 Egotamen
3686 631 3733 681 et
3756 628 3800 683 ia

2206 713 2413 767 mortis
2444 712 2646 767 dolore
2676 712 2988 767 Dominum
3020 712 3221 767 dilexi.
3256 735 3279 759 ιι
3329 711 3582 767 Pericula
3630 714 3802 771 inferni

2208 802 2558 857 invenerunt
2586 816 2680 857 me
2711 800 2937 871 (Ibid.),
2973 821 2997 851 ι
3032 817 3151 857 non
3178 801 3473 856 timentem
3498 803 3695 874 utique,
3718 806 3801 860 sed

2207 893 2518 960 amantem,
2568 890 2677 946 sed
2727 894 3086 961 sperantem,
3131 891 3288 961 quod
3320 890 3489 946 nullm
3518 907 3601 945 me
3628 907 3805 965 angus-

2208 980 2326 1048 tiae,
2375 978 2536 1034 nulla
2577 979 2936 1050 persecutio,
2989 979 3150 1034 nulla
3193 979 3471 1049 pericula,
3500 979 3679 1035 nullus
3704 981 3805 1053 gla-

2209 1069 2345 1123 dius
2373 1071 2613 1139 separet
2632 1085 2665 1123 a
2693 1067 2950 1126 Christo.
2989 1068 3257 1140 Denique
3287 1068 3489 1124 volens
3516 1068 3712 1125 invenit
3734 1070 3811 1124 tri-

2209 1157 2572 1213 bulationem
2602 1161 2659 1212 et
2688 1156 2974 1227 dolorem,
3007 1157 3209 1213 sciens
3237 1157 3375 1229 quia
3404 1157 3700 1229 tribulatio,
3739 1174 3812 1229 pa-

2211 1246 2474 1302 tientiam
2529 1249 2810 1317 operatur
2830 1287 2847 1316 ,
2904 1246 3185 1318 patientia
3237 1246 3624 1316 probationem
3642 1288 3656 1315 ,
3703 1263 3811 1318 pro-

2211 1336 2369 1390 batio
2400 1350 2589 1406 spem.
2624 1334 2854 1393 Etenim
2881 1335 3057 1407 quasi
3103 1336 3300 1391 bonus
3346 1335 3554 1390 athleta
3587 1336 3815 1407 (ιηαίτῆ

2214 1424 2553 1494 certamina,
2587 1427 2650 1479 ut
2680 1439 2960 1481 coronam
2982 1424 3280 1481 inveniret
3306 1439 3321 1494 ;
3352 1438 3522 1496 quam
3537 1426 3814 1480 tamennon

2216 1513 2344 1569 suis
2376 1513 2631 1584 viribus,
2681 1513 2789 1569 sed
2835 1513 3069 1569 Domini
3115 1514 3335 1569 auxilio
3381 1514 3538 1569 novit
3584 1513 3684 1569 sibi
3709 1529 3816 1570 esse

2216 1603 2510 1659 donatam.
2534 1602 2667 1658 Non
2689 1604 2846 1658 enim
2864 1603 3163 1675 potuisset
3181 1603 3441 1674 vincere,
3474 1604 3583 1659 nisi
3610 1618 3724 1659 eum
3742 1604 3816 1674 qui

2217 1694 2516 1748 certantes
2546 1690 2811 1764 adjuvat,
2843 1692 3206 1748 invocasset.

2287 1780 2376 1836 24.
2428 1781 2614 1836 Miser
2657 1780 2836 1837 homo
2881 1780 3286 1854 congreditur,
3329 1784 3393 1837 ut
3420 1781 3621 1853 vincat,
3650 1785 3701 1837 et
3720 1781 3819 1852 ipse

428 1888 511 1942 iv,
542 1868 595 1938 7,
629 1869 705 1940 8).
743 1891 765 1918 ιι
802 1870 1055 1941 Magnus
1087 1869 1396 1939 Dominus,
1430 1869 1531 1940 qui
1570 1868 1744 1923 nobis
1775 1867 1935 1922 dedit
1964 1882 2097 1922 cer-
2131 1878 2184 1940 Β
2218 1872 2279 1925 in
2326 1869 2654 1941 periculum
2705 1870 2842 1941 ruit,
2895 1870 3014 1926 nisi
3060 1870 3295 1926 Domini
3342 1886 3552 1927 nomen
3593 1869 3817 1938 adfuerit,

431 1959 681 2029 tamina,
731 1958 949 2032 quibus
993 1962 1309 2027 mereatur,
1358 1957 1458 2029 qui
1506 1957 1748 2024 vicerit,
1804 1955 2095 2011 coronari.

436 2071 459 2101 ε
493 2048 702 2116 Dilexi,
741 2048 938 2112 1204
970 2047 1157 2119 inquit
1179 2046 1508 2116 confidens,
1533 2045 1811 2117 quoniam
1828 2045 2101 2101 exaudiet

432 2139 720 2195 Dominus
749 2152 957 2192 vocem
987 2136 1273 2191 orationis
1304 2152 1472 2191 mese.
1510 2159 1531 2182 »ι

502 2228 591 2283 21.
631 2227 843 2297 Dilexi,
878 2230 935 2281 et
964 2226 1095 2281 ideo
1127 2226 1428 2280 inclinavit
1468 2240 1670 2280 aurem
1716 2240 1885 2281 suam
1932 2223 2097 2294 mihi,

433 2321 496 2372 ut
522 2317 819 2390 jacentem
852 2317 1127 2388 erigeret,
1175 2318 1473 2371 mortuum
1522 2314 1926 2369 resuscitaret.
1968 2313 2101 2367 Non

434 2407 592 2462 enim
622 2407 782 2462 Deus
813 2404 1054 2460 inclinat
1081 2420 1286 2459 aurem
1316 2419 1486 2459 suam
1507 2443 1524 2472 ,
1557 2408 1620 2459 ut
1650 2403 1847 2458 audiat
1885 2417 2100 2473 corpo-

434 2496 639 2551 raliter
671 2511 684 2551 :
737 2495 846 2551 sed
891 2497 954 2549 ut
998 2493 1435 2550 condescendat
1464 2493 1658 2559 nobis,
1704 2507 1821 2564 quo
1852 2507 1965 2548 nos
1997 2508 2104 2546 au-

432 2585 558 2641 dire
587 2585 886 2657 dignetur,
917 2586 976 2640 et
1005 2584 1361 2638 infirmitatis
1407 2583 1519 2653 (2'7)
1568 2585 1792 2638 nostrae
1833 2583 2103 2638 relevare

435 2676 846 2731 substantiam.
882 2673 1126 2728 Inclinat
1156 2689 1223 2728 se
1253 2672 1448 2742 nobis,
1493 2677 1556 2727 ut
1604 2676 1808 2727 nostra
1847 2671 1921 2726 ad
1967 2686 2104 2726 eum

358 2770 363 2773 '
435 2764 717 2819 ascendat
747 2763 952 2818 oratio.
975 2762 1133 2817 Voce
1178 2778 1297 2818 non
1346 2761 1588 2833 indiget,
1625 2762 1726 2832 qui
1757 2762 2103 2815 misericor-

437 2854 594 2909 diam
623 2852 847 2908 defert:
878 2866 1069 2923 neque
1099 2851 1255 2906 enim
1285 2866 1432 2907 voce
1454 2850 1727 2923 indiguit,
1760 2851 1861 2923 qui
1893 2849 2102 2904 Mosen

435 2945 727 2997 tacentem
758 2940 981 2996 audivit
1004 2959 1018 3008 ;
1053 2945 1109 2995 et
1137 2957 1254 2995 non
1284 2941 1642 3011 loquentem,
1677 2940 1785 2995 sed
1816 2939 2102 3029 interpel-
2134 2967 2185 3029 ο

436 3031 653 3087 lentem
682 3030 1002 3104 gemitibus
1030 3029 1425 3085 ineffabilibus
1460 3029 1532 3083 ad
1562 3044 1629 3084 se
1662 3030 1916 3085 clamare
1947 3028 2105 3083 dice-

436 3123 537 3177 bat
563 3121 779 3191 (Exod.
815 3137 935 3191 xiv,
971 3120 1079 3190 15).
1114 3120 1292 3175 Novit
1323 3121 1484 3174 Deus
1514 3124 1571 3173 et
1611 3119 1965 3191 sanguinem
1996 3134 2105 3172 au-

438 3212 563 3267 dire
594 3210 769 3282 (Gen.
801 3227 881 3282 ιγ,
916 3210 1027 3281 10),
1061 3210 1156 3265 cui
1186 3210 1347 3264 nulla
1370 3226 1489 3265 vox
1509 3210 1739 3280 subest,
1762 3208 1963 3281 lingua
1986 3224 2106 3263 non

438 3302 699 3373 suppetit
732 3317 744 3356 :
781 3301 892 3356 sed
922 3300 1149 3370 accepit
1194 3315 1402 3354 vocem
1449 3315 1640 3355 sacrae
1669 3298 1836 3353 titulo
1867 3298 2104 3369 passio-

435 3391 553 3446 nis.
584 3390 875 3445 Clamavit
902 3391 964 3445 in
992 3389 1292 3461 martyrio,
1336 3389 1608 3444 clamavit
1653 3389 1717 3442 in
1761 3387 2102 3459 parricidio,

438 3480 597 3552 quod
625 3479 867 3552 pertulit
894 3495 1002 3550 pro
1034 3479 1351 3535 sacriﬁcio.

508 3570 597 3624 22.
633 3569 857 3641 Dilexi,
889 3569 1097 3640 inquit,
1130 3570 1186 3624 et
1215 3568 1345 3623 ideo
1378 3567 1637 3640 diligens
1679 3566 1793 3622 feci
1840 3566 2106 3621 volunta-

437 3664 556 3716 tem
585 3659 840 3729 Domini,
890 3663 946 3713 et
995 3658 1269 3713 invocavi
1305 3673 1441 3713 eum
1484 3674 1603 3712 non
1642 3658 1703 3712 in
1734 3656 1960 3728 paucis,
1995 3655 2107 3711 sed

438 3751 500 3804 in
530 3750 808 3805 omnibus
838 3748 1050 3803 diebus
1081 3748 1219 3804 vita:
1242 3764 1416 3803 meae.
1468 3748 1618 3802 Nam
1663 3747 1846 3803 certis
1891 3746 2105 3801 diebus

438 3840 739 3909 invocare,
771 3854 889 3893 non
920 3838 1218 3909 omnibus,
1252 3837 1607 3893 fastidientis
1656 3841 1769 3908 est,
1822 3852 1940 3892 non
1972 3851 2107 3905 spe-

444 3928 633 3982 rantis
668 3944 679 3982 :
714 3932 772 3981 et
804 3944 909 3996 pro
940 3944 1053 3983 usu
1077 3927 1440 3981 afﬂuentiam
1464 3927 1928 3997 commodorum,
1961 3940 2108 3980 mer-

444 4017 650 4070 cedem
696 4017 1023 4088 gratiarum
1063 4016 1306 4082 referre,
1358 4033 1477 4071 non
1520 4032 1626 4085 pro
1658 4014 1992 4071 devotionis
2023 4014 2107 4068 af-
2138 3989 2191 4051 D

440 4106 623 4161 fectu.
682 4106 755 4161 Et
810 4107 943 4161 ideo
1004 4106 1223 4162 Paulus
1273 4122 1283 4161 :
1339 4129 1360 4153 «
1415 4106 1479 4160 In
1538 4105 1834 4176 omnibus,
1893 4107 2105 4177 inquit,

442 4198 667 4271 gratias
722 4198 880 4270 agite
938 4196 991 4268 (I
1046 4196 1250 4251 Thess.
1311 4212 1366 4260 v,
1431 4194 1538 4264 18).
1577 4217 1598 4244 η
1651 4194 1895 4260 Quando
1952 4194 2109 4249 enim

444 4304 562 4344 non
617 4287 805 4343 habes
853 4287 1011 4359 quod
1057 4287 1177 4341 Deo
1221 4285 1491 4340 debeas?
1541 4290 1640 4340 aut
1689 4282 1927 4357 quando
1977 4285 2108 4340 sine

444 4380 553 4434 Dei
600 4392 844 4435 munere
893 4392 961 4432 es
1005 4374 1172 4447 (28),
1224 4376 1318 4430 cui
1362 4375 1623 4447 quotidie
1669 4374 1911 4430 vivendi
1956 4390 2108 4429 usus

443 4486 476 4524 a
511 4466 756 4525 Domino
787 4469 922 4523 est?
958 4490 979 4514 α
1015 4465 1165 4531 Quid
1197 4466 1353 4521 enim
1388 4464 1613 4534 habes,
1660 4465 1818 4536 quod
1867 4479 1985 4520 non
2013 4480 2110 4518 ac-

447 4559 659 4631 cepisti
703 4558 758 4628 (I
787 4558 923 4614 Cor.
956 4574 1034 4625 iv,
1070 4556 1175 4626 '7)?
1209 4577 1229 4605 ι
1285 4554 1446 4627 Ergo
1491 4554 1627 4626 quia
1672 4568 1910 4623 semper
1956 4554 2108 4608 acci-

444 4650 560 4720 pis,
609 4663 846 4719 semper
891 4648 1102 4701 invoca
1142 4662 1154 4700 :
1201 4647 1258 4699 et
1300 4646 1438 4716 quia
1484 4643 1642 4715 quod
1685 4643 1890 4710 habes,
1933 4659 1966 4697 a
1996 4642 2110 4697 Do-

446 4739 606 4793 mino
652 4742 782 4808 est,
836 4737 1165 4792 debitorem
1209 4739 1264 4788 te
1314 4748 1551 4804 semper
1595 4747 1735 4787 esse
1784 4747 2107 4804 cognosco.

450 4827 605 4882 Malo
635 4831 830 4881 tamen
859 4831 921 4880 ut
950 4825 1123 4896 quasi
1154 4824 1431 4896 diligens,
1465 4838 1642 4895 quam
1674 4826 1916 4878 coactus
1948 4821 2112 4877 debi-

447 4921 573 4974 tum
605 4920 769 4971 tuum
800 4915 1023 4970 solvas.
1230 4924 1237 4931 ‘

523 5068 638 5141 (2'7)
670 5066 832 5141 Mss.
852 5077 968 5141 non
997 5059 1186 5141 pauci,
1228 5082 1248 5106 «ε
1277 5062 1331 5141 et
1362 5057 1765 5141 inﬁrmitates“;
1795 5079 1816 5103 ιι
1852 5055 2110 5127 quidam,

453 5166 478 5197 α
515 5130 572 5199 et
601 5130 1244 5194 inﬁrmitateni’nostrte
1280 5132 1473 5184 levare
1505 5130 1833 5182 sententiis.
1873 5150 1895 5175 η

523 5214 636 5284 (28)
674 5212 832 5284 «,Aut
863 5204 1258 5284 quando‘sine
1293 5202 1394 5254 Dei
1426 5215 1676 5284 munere.
1701 5215 1788 5269 es,
1819 5222 1840 5246 »ι
1872 5199 1931 5284 in
1962 5214 2110 5284 mss.

449 5270 629 5359 longe
660 5270 930 5359 plurimis
962 5274 1332 5330 desideratur
1364 5288 1375 5328 :
1409 5273 1518 5327 sed
1550 5276 1756 5326 contra
1792 5274 2024 5324 exstant
2054 5270 2113 5323 in

453 5351 731 5415 omnibus
765 5351 901 5405 edit.

525 5426 677 5502 (29)
717 5420 996 5478 Nonnulli
1036 5433 1220 5486 mss.,
1281 5436 1303 5465 α
1346 5415 1455 5479 Qui
1494 5414 1567 5469 de
1607 5413 1796 5486 gratia
1834 5413 1942 5467 Dei
1981 5426 2115 5483 spe-

456 5508 566 5557 rat.
614 5521 635 5548 ν

525 5554 638 5645 (30)
670 5569 752 5622 Ita
781 5568 897 5621 vet.
933 5563 1070 5619 edit.
1104 5576 1173 5645 ac
1205 5574 1375 5645 mss,
1408 5557 1525 5645 nisi
1556 5556 1713 5645 quod
1743 5554 2116 5645 promiseri:

456 5628 749 5706 cordi'am,
803 5654 936 5710 quae
979 5650 1114 5710 vox.
1146 5632 1396 5686 habetur
1438 5628 1694 5710 inhedit.‘
1735 5628 2021 5710 omnibus.
2059 5628 2118 5682 et

453 5698 661 5789 paucis
691 5698 854 5789 mss‘.‘
876 5704 1257 5789 reposuimus
1291 5718 1367 5758 ex
1408 5699 1618 5789 multo.
1639 5698 1908 5789 pluribus
1937 5700 2115 5789 niiss-

454 5770 777 5849 ?icordem.
828 5782 903 5837 At
946 5770 1141 5835 locum
1192 5778 1362 5835 Rom.
1414 5772 1552 5831 edit.
1603 5771 1973 5847 interpolavit
2020 5770 2116 5831 his

2218 1960 2335 2015 nisi
2386 1974 2521 2015 cum
2571 1960 2832 2029 veretur,
2884 1960 3144 2015 oraverit
3191 1959 3401 2017 dicens
3434 1977 3446 2014 :
3483 1983 3503 2007 -
3534 1959 3578 2015 Ο
3607 1959 3819 2029 Domine,

2218 2049 2405 2104 libera
2433 2047 2688 2104 animam
2717 2063 2908 2104 meam
2940 2048 3118 2115 (Ibid.
3152 2048 3228 2119 4).
3267 2072 3289 2098 ιι
3335 2048 3486 2103 Hinc
3513 2047 3643 2104 illud
3668 2050 3820 2119 Apos-

2216 2138 2456 2194 tolicnm
2493 2155 2504 2192 :
2545 2160 2567 2185 α
2607 2137 2791 2193 Video
2824 2137 3019 2210 legem
3049 2138 3247 2192 carnis
3278 2153 3428 2193 mese
3458 2142 3823 2211 repugnantem

2218 2228 2338 2300 legi
2369 2226 2584 2282 mentis
2614 2242 2785 2297 mem,
2817 2231 2874 2282 et
2904 2226 3299 2298 captivantem
3329 2243 3423 2282 me
3444 2227 3506 2282 in
3518 2226 3689 2299 legem
3714 2240 3821 2298 pec-

2220 2316 2356 2384 cati,
2389 2316 2547 2388 quod
2577 2320 2670 2371 est
2697 2316 2759 2371 in
2788 2316 3073 2371 membris
3103 2316 3278 2371 meis.
3311 2316 3520 2372 Infelix
3539 2331 3644 2389 ego
3658 2312 3823 2370 homst

2220 2406 2356 2478 quis
2387 2421 2481 2460 me
2509 2405 2786 2460 liberabit
2815 2405 2887 2460 de
2918 2420 3170 2476 corpore
3199 2407 3412 2461 mortis
3435 2405 3649 2477 hujus?
3673 2404 3824 2459 Gratia

2221 2495 2328 2550 Dei
2355 2510 2463 2564 per
2490 2493 2699 2550 Jesum
2733 2493 3038 2550 Christum
3067 2494 3386 2550 Dominum
3408 2494 3824 2563 nostrum(Rom.

2221 2601 2321 2650 vn,
2355 2584 2560 2655 23-25).
2599 2608 2620 2633 ιι

2290 2670 2380 2728 25.
2431 2673 2532 2728 Ille
2581 2672 2784 2742 vincit,
2823 2673 2927 2746 qui
2954 2673 3206 2746 gratiam
3235 2673 3348 2730 Dei
3376 2677 3575 2745 sperat
3598 2672 3718 2743 (29),
3741 2685 3830 2726 nos

2221 2763 2323 2835 qui
2353 2763 2426 2818 de
2457 2779 2565 2819 sua
2597 2763 2812 2818 virtute
2840 2764 3169 2834 praesumit.
3192 2762 3314 2818 Cur
3334 2765 3492 2818 enim
3520 2779 3629 2817 non
3653 2775 3832 2833 presu-

2220 2868 2349 2907 mas
2399 2852 2674 2925 gratiam,
2728 2868 2863 2907 cum
2905 2852 3129 2908 habeas
3178 2852 3504 2923 praesulem
3547 2847 3830 2907 certaminis

2220 2941 2670 2996 misericordem
2714 2941 2826 3011 (30)
2859 2956 2874 2997 :
2931 2963 2953 2987 «
2990 2941 3341 2998 Misericors
3385 2942 3544 2996 enim
3583 2944 3636 2996 et
3671 2939 3833 3011 justas

2222 3031 2530 3101 Dominus,
2580 3034 2637 3085 et
2686 3030 2846 3086 Deus
2889 3032 3096 3086 noster
3143 3031 3470 3087 miseretur
3507 3028 3683 3100 (Psal.
3710 3042 3833 3095 caiv,

2221 3121 2297 3189 5).
2335 3144 2357 3168 η
2414 3120 2515 3174 Bis
2565 3119 3036 3175 misericordiam
3082 3120 3306 3191 posuit,
3354 3120 3542 3176 semel
3564 3118 3835 3191 justitiam;

2223 3210 2281 3264 in
2315 3210 2507 3265 medio
2533 3209 2768 3281 justitia
2797 3213 2909 3281 est,
2956 3210 3151 3274 1205
3185 3210 3430 3282 gemino
3462 3212 3625 3280 septo
3651 3205 3835 3261 inclusa

2222 3298 2697 3368 misericordiae;
2746 3298 3232 3369 superabundant
3275 3299 3438 3354 enim
3485 3301 3725 3368 peccata,
3759 3309 3838 3347 su-

2220 3388 2590 3461 perabundet
2618 3403 2765 3460 ergo
2787 3387 3218 3443 misericordia.
3241 3388 3421 3458 Apud
3443 3388 3731 3442 Dominum
3747 3398 3838 3438 om.

2221 3478 2383 3534 nium
2413 3478 2693 3532 virtutum
2722 3476 3080 3533 abundantia
3113 3480 3246 3546 est;
3280 3476 3425 3549 quia
3454 3476 3722 3532 Dominus
3746 3474 3840 3526 vir-

2222 3569 2409 3622 tutum
2453 3570 2546 3621 est
2593 3565 2783 3636 (Psal.
2835 3583 3002 3637 xxm,
3050 3566 3159 3635 10).
3204 3566 3420 3638 Neque
3450 3569 3635 3620 tamen
3658 3561 3839 3635 justitia

2224 3657 2352 3713 sine
2383 3656 2789 3712 misericordia
2820 3659 2932 3727 est,
2965 3671 3159 3727 neque
3188 3657 3326 3711 sine
3354 3656 3721 3711 miseratione
3742 3651 3843 3722 jus-

2221 3746 2345 3801 titia
2371 3761 2386 3817 ;
2417 3746 2555 3817 quia
2586 3745 2875 3815 scriptum
2907 3747 3000 3801 est
3031 3760 3043 3799 :
3090 3767 3113 3792 α
3147 3744 3287 3800 Noli
3318 3760 3469 3800 esse
3499 3744 3723 3799 nimium
3742 3739 3842 3811 jus-

2223 3839 2320 3891 tus
2363 3834 2590 3904 (Eccle.
2639 3851 2741 3904 vn,
2795 3832 2905 3902 17).
2945 3856 2967 3882 ιο
3008 3833 3176 3899 Quod
3215 3849 3406 3904 supra
3434 3829 3846 3890 mensuramcat

2224 3925 2360 3996 (31),
2391 3929 2450 3980 et
2478 3924 2532 3978 si
2561 3923 2783 3978 bonum
2811 3927 2924 3993 est,
2958 3925 3155 3977 tamen
3186 3927 3248 3978 tu
3280 3938 3405 3979 non
3424 3922 3699 3978 sustines.
3720 3917 3843 3972 Mea-

2226 4030 2427 4069 suram
2458 4028 2654 4083 serva,
2680 4015 2742 4066 ut
2772 4011 3103 4066 secundum
3132 4026 3483 4067 mensuram
3511 4009 3764 4081 recipias.

2296 4103 2385 4159 26.
2422 4102 2556 4158 Non
2586 4101 2889 4172 impedivit
2917 4104 3111 4155 tamen
3126 4100 3425 4171 justitiam
3447 4095 3845 4160 misericordia;

2226 4194 2362 4264 quia
2391 4190 2800 4247 misericordia
2830 4190 2958 4259 ipsa
2983 4188 3217 4261 justitia
3237 4193 3333 4245 est
3359 4206 3372 4245 :
3412 4212 3436 4239 ι
3462 4186 3756 4260 Dispersit,
3773 4182 3843 4238 de-

2227 4282 2310 4337 dit
2358 4280 2742 4351 pauperibus,
2790 4278 3023 4351 justitia
3068 4278 3206 4350 ejus
3256 4282 3458 4335 manet
3502 4279 3563 4332 in
3608 4281 3843 4332 mternum

2227 4370 2416 4441 (Psal.
2450 4386 2567 4439 cxi,
2597 4368 2693 4439 9);
2729 4390 2752 4419 ι
2798 4368 2964 4424 novit
3009 4368 3168 4423 enim
3206 4366 3421 4439 justus
3466 4367 3677 4422 debere
3701 4378 3758 4419 se
3781 4361 3849 4415 in-

2228 4460 2415 4516 firmis
2445 4463 2620 4532 atque
2669 4457 2947 4529 inopibus
2992 4456 3339 4512 subvenire.
3388 4456 3587 4513 Unde‘
3607 4452 3847 4509 Dominus

2228 4550 2477 4605 veniens
2506 4548 2580 4603 ad
2609 4547 2988 4619 baptismum,
3010 4549 3076 4602 ut
3093 4545 3269 4602 nobis
3293 4543 3720 4601 inﬁrmantibus
3736 4552 3845 4610 pec-

2230 4644 2357 4695 cata
2374 4639 2637 4694 donaret.
2662 4637 2740 4691 ait
2760 4636 2833 4691 ad
2854 4636 3142 4691 Joannem
3167 4650 3180 4690 :
3207 4658 3229 4683 σι
3249 4634 3393 4690 Sine
3411 4634 3586 4690 modo
3602 4649 3616 4704 ;
3634 4632 3716 4687 sic
3728 4629 3846 4684 enim

2229 4730 2401 4784 docet
2431 4743 2545 4783 nos
2576 4726 2821 4797 implere
2866 4723 3008 4797 (32)
3052 4740 3287 4779 omnem
3321 4723 3619 4797 justitiam
3653 4714 3845 4789 (Matth.

2229 4837 2311 4890 in,
2366 4818 2476 4887 15).
2528 4841 2550 4866 η
2603 4816 2815 4886 Liquet
2852 4812 3355 4887 igiturjustitiam
3383 4829 3529 4869 esse
3557 4808 3849 4866 misericor-

2230 4910 2406 4979 diam,
2441 4911 2498 4962 et
2526 4904 2996 4960 misericordiam
3044 4917 3184 4958 esse
3225 4902 3548 4973 justitiam.
3586 4896 3785 4954 Etenim
3808 4890 3847 4943 si

2230 5049 2560 5123 interjectis
2594 5064 2607 5103 :
2660 5068 2683 5098 ι
2718 5048 3151 5123 Scriptum‘est
3193 5048 3401 5123 enini:
3452 5045 3621 5123 Nunc
3657 5034 3849 5123 miseri-

2233 5108 2435 5178 cordia
2494 5108 2892 5191 superexaltat
2943 5117 3252 5191 judicium.
3318 5117 3392 5191 Et
3449 5116 3589 5191 alibi
3643 5128 3658 5191 :_

2232 5196 2445 5249 ricors.
2502 5216 2522 5240 ιι
2570 5180 2702 5245 ’δρᾶ
2759 5180 3021 5245 editores
3079 5190 3177 5243 hic
3232 5190 3291 5243 in
3332 5188 3603 5243 fraudem
3645 5180 3846 5241 induxit,

2232 5266 2394 5338 quod,
2418 5280 2535 5338 non
2566 5262 3204 5338 videruntgcontinuam
3231 5259 3619 5338 psalm_i_cxiv
3645 5255 3711 5336 ab
3738 5252 3846 5338 Ani-

2231 5326 2440 5393 brosio
2472 5334 2601 5389 fieri
2630 5334 3081 5404 expositionem,
3129 5337 3187 5387 et
3231 5326 3362 5386 eam
3409 5326 3734 5385 Theodosio
3769 5332 3848 5374 ao-

2234 5406 2613 5463 commodari.

2303 5480 2415 5551 (31)
2450 5478 2675 5551 Regius
2706 5475 2855 5551 cod._
2871 5491 3051 5551 unus,
3085 5494 3107 5526 α
3142 5474 3309 5540 Quod
3338 5487 3531 5551 supra
3554 5472 3846 5551 mansuri}!!!

2233 5535 2326 5607 est
2354 5535 2609 5619 nocet,“
2656 5553 2768 5631 etc.
2820 5535 3055 5631 Reliqui
3102 5535 3247 5631 vero
3295 5535 3449 5631 mss'.
3484 5540 3702 5631 edit.

2235 5605 2318 5678 se
2351 5605 2722 5696 congruunt,
2768 5605 3031 5696 exceptis
3078 5617 3438 5696 quibusdam
3486 5613 3670 5696 tiaris.
3714 5605 3847 5674 edit,

2234 5686 2504 5770 ηυρλ)ιῇ
2533 5686 2800 5770 sustines
2829 5686 2980 5770 male
3007 5686 3355 5770 posuerunt,
3390 5686 3663 5770 festines.

2303 5759 2418 5841 (82)
2451 5765 2603 5844 Reg.
2636 5763 2767 5823 eod.
2803 5784 2825 5813 α
2860 5759 3140 5821 Βίηθήοε
3171 5759 3440 5837 implere,
3480 5777 3505 5811 ι
3537 5759 3646 5818 etc.
