4162 6192
389 359 545 426 1457

1469 357 1783 422 ORATIO
1824 359 1940 421 DE
1983 356 2247 423 OBITU
2289 358 2771 422 THEODOSII.

3680 356 3836 423 1458

386 567 489 622 Dei
512 581 626 622 nos
646 564 1056 621 misericordia
1094 580 1212 620 non
1248 566 1629 634 sustentaret,
1672 566 1966 638 quomodo
1998 550 2242 620 in'K‘ad
2277 581 2454 637 quam
2489 566 2779 637 propheta
2814 568 3174 639 properavit,
3208 567 3448 624 dicens:
3490 590 3512 620 κ
3549 567 3695 635 Quis
3726 569 3834 624 da-

384 656 516 726 ipso
539 654 781 710 exordio
820 654 1054 725 parvuli
1086 654 1464 723 viveremus;
1517 671 1652 709 cum
1684 653 1858 710 effusi
1891 658 2056 710 utero

386 745 457 799 de
480 744 688 799 calidis
728 744 791 797 in
830 742 1045 815 frigida
1088 743 1222 813 (33),
1257 745 1329 798 de
1364 744 1625 799 humidis
1657 745 1714 797 in
1747 745 1930 812 arida,
1965 745 2065 815 pi-

390 833 583 887 scium
628 848 815 899 mere,
857 831 1173 903 jactemur,
1227 848 1380 904 quos
1419 832 1748 906 naufragos
1799 833 1859 888 in
1906 834 2057 888 hanc

384 922 565 977 vitam
585 921 823 993 quidam
843 921 1003 976 velut
1022 926 1251 977 natura
1268 922 1484 978 fluctus
1505 923 1809 993 exspuerit
1828 925 1856 977 ‘?
1889 924 2058 978 Ratio

296 1076 307 1083 τ
385 1012 576 1081 deest,
609 1011 717 1065 sed
746 1010 935 1082 gratia
964 1011 1165 1067 divina
1206 1028 1324 1067 non
1355 1012 1571 1067 deficit.
1603 1013 1738 1083 Ipse
1770 1028 1915 1084 ergo
1947 1029 2058 1067 cu-

383 1102 563 1156 stodit
606 1101 891 1171 parvulos
942 1100 1131 1170 (Psal.
1175 1117 1331 1170 cxxv,
1382 1101 1459 1170 6),
1494 1105 1594 1157 aut
1621 1106 1785 1158 certe
1817 1118 1923 1158 eos
1955 1105 2055 1176 qui

383 1205 450 1245 se
482 1190 766 1261 parvulos
797 1189 1004 1245 humili
1034 1190 1389 1245 conﬁtentur
1416 1189 1650 1246 affectu.
2020 1188 2027 1195 ’

451 1278 541 1334 27.
569 1280 729 1335 Bona
750 1280 935 1351 igitur
974 1279 1296 1347 humilitas,
1318 1294 1453 1350 qum
1477 1280 1687 1335 liberat
1708 1281 2054 1351 periclitan-

385 1372 499 1436 tes,
514 1367 787 1440 jacentes
809 1368 1008 1441 erigit.
1036 1368 1213 1425 Novit
1232 1385 1363 1424 eam
1389 1370 1487 1424 ille
1510 1370 1608 1440 qui
1627 1370 1804 1425 dixit:
1851 1391 1873 1421 ι
1900 1370 2055 1426 Ecce

386 1474 541 1526 sum,
568 1473 681 1529 ego
706 1459 977 1528 peccavi,
1011 1462 1067 1512 et
1095 1473 1209 1529 ego
1243 1462 1449 1529 pastor
1494 1459 1645 1513 male
1678 1458 1793 1514 feci
1820 1476 1834 1529 ;
1867 1464 1924 1515 et
1955 1460 2054 1514 isti

380 1548 442 1601 in
469 1546 582 1602 hoc
604 1561 790 1619 grege
810 1547 953 1618 quid
974 1546 1295 1602 fecerunt?
1324 1546 1451 1602 Fiat
1500 1563 1711 1602 manus
1739 1550 1837 1603 tua
1869 1548 1929 1603 in
1959 1564 2054 1605 me

384 1635 468 1705 (Il
495 1636 642 1709 Reg.
673 1652 840 1704 xxxv,
878 1636 987 1705 17).
1027 1658 1049 1685 ι
1102 1636 1263 1691 Bene
1315 1637 1428 1691 hoc
1475 1636 1636 1705 dicit,
1671 1637 1770 1708 qui
1800 1652 2052 1710 regnum

382 1741 558 1781 suum
591 1726 714 1781 Deo
746 1723 1024 1796 subjecit,
1057 1727 1117 1780 et
1143 1724 1545 1797 pcenitentiam
1577 1725 1788 1797 gessit,
1833 1729 1891 1781 et
1910 1742 2054 1796 pec-

381 1820 574 1871 catum
596 1830 776 1869 suum
796 1815 1137 1883 confessus,
1162 1815 1393 1870 veniam
1415 1816 1735 1884 postulavit
1759 1831 1770 1870 :
1798 1815 1927 1885 ipse
1948 1829 2057 1885 per

2160 655 2245 709 bit
2274 654 2418 709 mihi
2447 671 2674 725 pennas
2706 657 2863 712 sicut
2913 659 3224 728 columbae,
3275 663 3332 713 et
3382 659 3617 728 volabo,
3652 662 3708 714 et
3740 675 3833 714 re-

2159 744 2466 815 quiescam
2496 745 2691 814 (Psal.
2720 763 2834 816 LIV,
2869 747 2924 816 Ἴ)
2947 749 2975 801 ‘?
3011 772 3032 796 υ
3069 747 3235 801 Hanc
3285 750 3531 803 sanctus
3565 747 3834 820 requiem

2158 849 2329 888 suam
2350 835 2534 903 novit,
2559 835 2630 889 ad
2649 835 2802 890 hanc
2831 838 3096 908 requiem
3121 837 3585 893 cenvertendum
3619 839 3833 894 animm

2161 938 2289 977 sum
2321 923 2460 978 dicit
2491 923 2623 993 (3⁸7).
2660 924 2799 979 Erat
2828 941 2975 998 ergo
3006 926 3200 981 anima
3249 927 3309 981 in
3339 928 3543 998 requie
3596 943 3725 997 sua,
3757 926 3833 983 ad

2160 1027 2335 1083 quam
2366 1012 2505 1066 dicit
2536 1029 2676 1068 esse
2708 1014 3094 1070 redeundum.
3130 1015 3273 1071 Haec
3300 1020 3391 1071 est
3414 1017 3655 1088 requies
3687 1016 3831 1072 Sab-

2159 1100 2279 1155 bati
2312 1103 2510 1174 magni
2538 1102 2674 1171 (38),
2710 1106 2773 1159 ut
2810 1105 3226 1177 unusquisque
3275 1109 3617 1161 sanctorum
3648 1122 3831 1177 supra

2160 1190 2361 1244 mundi
2401 1191 2711 1247 sensibilia
2755 1192 2851 1260 sit,
2878 1193 2937 1247 in
2966 1194 3066 1248 illo
3098 1194 3453 1266 intelligibili
3482 1197 3714 1251 secreto
3743 1198 3828 1250 to-

2159 1282 2256 1334 tus
2287 1280 2566 1351 intentus,
2600 1284 2775 1352 atque
2808 1282 3123 1338 adhaerens
3150 1284 3290 1339 Deo.
3314 1283 3456 1338 Haec
3479 1286 3570 1339 est
3588 1284 3831 1356 requies

2158 1368 2254 1422 illa
2283 1367 2543 1439 Sabbati,
2577 1386 2694 1442 quo
2726 1372 3020 1443 requievit
3061 1371 3221 1426 Deus
3269 1372 3343 1426 ab
3374 1372 3652 1429 omnibus
3685 1389 3820 1444 ope-

2156 1457 2326 1512 ribus
2357 1459 2556 1514 mundi
2587 1459 2764 1514 istius
2796 1460 2970 1530 (Gen.
3007 1478 3068 1530 ιι,
3104 1461 3180 1529 2).

2224 1563 2311 1619 50.
2334 1563 2603 1620 Feriatus
2625 1567 2719 1621 his
2743 1568 2950 1622 saaculi
2970 1568 3135 1622 curis
3158 1567 3535 1625 Theodosius
3558 1586 3625 1626 se
3646 1587 3824 1642 erep-

2154 1656 2278 1708 tum
2300 1655 2537 1726 gaudet,
2574 1659 2629 1710 et
2680 1656 2870 1710 elevat
2912 1657 3167 1711 animam
3218 1673 3407 1728 suam,
3451 1664 3626 1732 atque
3654 1661 3727 1715 ad
3758 1662 3827 1716 il-

2156 1744 2270 1796 lam
2301 1743 2415 1814 (39)
2447 1748 2789 1814 perpetuam
2837 1745 3044 1816 dirigit
3090 1746 3378 1818 requiem,
3430 1749 3678 1818 pulchre
3709 1751 3829 1805 sibi

2154 1832 2490 1887 consultum
2520 1848 2827 1900 asserens,
2880 1835 3037 1905 quod
3086 1835 3367 1905 eripuerit
3407 1838 3658 1892 animam
3690 1838 3826 1910 ejus

383 1904 769 1997 Ῑξξιηξίιίωῑθω
826 1904 1097 1997 Perveni?
1140 1905 1217 1959 ad
1274 1905 1545 1997 εθιιξιθω·
1594 1904 1937 1997 ῌιξφίῙΑίδγίι
1986 1919 2053 1960 εθ
2084 1920 2314 1997 BDeus
2347 1920 2419 1976 de
2466 1924 2675 1989 morte,
2728 1904 2913 1992 quam,
2952 1904 3199 1979 mortem
3247 1923 3591 1996 frequenter
3621 1927 3680 1981 in
3713 1904 3827 1983 hoc

381 1992 680 2085 Christus;
713 1996 776 2085 lit
806 2009 1014 2085 οηωίῗδ
1037 1994 1306 2085 -θίθνξΐθί
1331 2011 1342 2048 ε
1377 1993 1613 2085 ipsi“?
1661 1992 1891 2085 Qhf'isti‘
1912 2008 2054 2064 Per‘
2084 1992 2135 2031 —‘
2153 2010 2360 2065 saeculi
2386 2011 2562 2065 istius
2584 2011 2817 2065 lubrico
2851 2012 3203 2081 sustinebat,
3225 1992 3525 2085 inquietus
3548 2016 3825 2073 ﬂuctibus

379 2083 540 2138 venit
565 2083 853 2155 requiem,
889 2083 990 2154 qui
1037 2083 1425 2138 humilitatem
1468 2081 1693 2138 Christi
1743 2082 1921 2138 fuerit
1949 2098 2053 2137 se-

380 2176 575 2227 cutus.

447 2261 535 2316 28.
559 2261 630 2316 Et
645 2262 777 2318 ideo
801 2261 936 2334 quia
961 2261 1243 2318 humilem
1273 2277 1339 2317 se
1370 2261 1625 2332 praabuit
1676 2261 2052 2317 Theodosius

378 2350 715 2422 imperator,
745 2354 803 2406 et
833 2351 934 2406 ubi
964 2352 1273 2421 peccatum
1304 2350 1592 2421 obrepsit,
1637 2351 1873 2406 veniam
1903 2366 2053 2421 pos-

378 2439 605 2508 tulavit,
631 2454 927 2495 conversa
948 2443 1042 2494 est
1063 2440 1257 2494 anima
1293 2439 1429 2512 ejus
1466 2439 1525 2494 in
1558 2440 1824 2511 requiem
1857 2455 2048 2509 suam,

378 2529 536 2584 sicut
564 2528 742 2584 habet
799 2528 1110 2599 Scriptura
1166 2544 1300 2599 quae
1342 2528 1519 2583 dicit:
1584 2550 1607 2577 ι
1665 2527 2048 2599 Convertere,

375 2619 570 2674 anima
604 2633 754 2686 mea,
795 2617 856 2672 in
896 2618 1163 2689 requiem
1192 2622 1351 2673 tuam
1380 2619 1519 2690 quia
1549 2617 1834 2673 Dominus
1863 2618 2050 2673 bene-

379 2707 518 2762 fecit
550 2707 655 2762 tibi
701 2706 892 2777 (Psal.
927 2722 1082 2777 cxlv,
1116 2708 1193 2778 7).
1232 2731 1254 2756 η
1311 2708 1567 2763 Pulchre
1614 2707 1756 2762 dicit
1795 2709 2044 2763 animm:

382 2796 776 2862 Convertere,
812 2798 985 2868 quasi
1031 2797 1308 2852 diuturno
1356 2797 1653 2869 cujusque
1704 2798 1907 2868 operis
1941 2815 2048 2854 su-

378 2887 523 2943 dore
578 2887 881 2955 exercitis,
944 2889 1006 2941 ut
1064 2903 1096 2941 a
1139 2886 1342 2942 labore
1401 2890 1778 2942 convertatur
1834 2888 1909 2942 ad
1949 2905 2049 2944 re—

379 2977 576 3050 qubm
604 2975 739 3047 (34).
784 2974 1160 3032 Convertitur
1205 2992 1398 3048 equus
1443 2976 1516 3031 ad
1565 2976 1888 3047 stabulum,
1950 2980 2050 3034 ubi

381 3081 628 3123 cursum
667 3065 1037 3137 impleverit:
1090 3066 1260 3120 navis
1291 3066 1363 3122 ad
1402 3070 1654 3136 portum,
1691 3066 1791 3120 ubi
1820 3067 1894 3121 ad
1925 3070 2051 3122 sta-

381 3155 599 3210 tionem
626 3154 802 3210 ﬁdam
822 3172 854 3209 a
877 3155 1158 3210 ﬂuctuum
1192 3155 1348 3210 mele
1369 3155 1740 3210 subducitur.
1762 3155 1880 3210 Sed
1907 3157 2049 3228 quid

379 3247 491 3313 est,
511 3244 665 3315 quod
682 3243 798 3299 ait:
836 3267 858 3291 κ
897 3243 962 3299 In
991 3244 1257 3315 requiem
1289 3248 1469 3313 tuam,
1508 3264 1530 3293 ι
1569 3245 1686 3299 nisi
1720 3246 2049 3300 secundum

379 3334 523 3389 illud
552 3334 870 3407 intelligas,
924 3333 1083 3405 quod
1130 3334 1209 3388 ait
1254 3333 1543 3389 Dominus
1594 3334 1814 3390 Jesus:
1869 3357 1891 3386 «
1928 3335 2046 3390 Ve-

379 3423 517 3494 nite,
542 3423 834 3480 benedicti
853 3424 1047 3479 Patris
1068 3424 1206 3491 mei,
1232 3422 1574 3479 hmreditate
1605 3424 1913 3495 possidete
1940 3442 2047 3495 pa-

380 3516 569 3568 ratum
593 3512 764 3567 vobis
782 3527 1033 3584 regnum
1054 3528 1088 3566 a
1119 3513 1537 3567 constitutione
1569 3513 1770 3568 mundi
1802 3514 2040 3584 (Matth.

378 3619 520 3672 xxv,
544 3601 657 3671 34).
678 3625 699 3649 n
734 3601 1037 3673 Tanquam
1069 3601 1223 3657 enim
1256 3602 1712 3672 possessionem
1741 3602 2048 3658 baaredita-

376 3691 523 3746 riam
553 3690 875 3761 recipimus
906 3707 973 3745 ea
1004 3707 1137 3764 quas
1168 3691 1470 3762 promissa
1512 3694 1649 3746 sunt
1681 3692 1857 3747 nobis
1887 3692 2004 3761 (35)
2030 3710 2045 3759 ;

376 3780 571 3836 fidelis
601 3779 757 3836 enim
787 3780 969 3849 Deus,
1004 3780 1105 3852 qui
1136 3781 1323 3836 semel
1354 3781 1557 3839 servis
1589 3780 1719 3835 suis
1751 3797 2048 3852 praepara-

377 3875 433 3926 te
465 3886 583 3926 non
614 3869 931 3925 subtrahit.
962 3868 1027 3924 Si
1056 3870 1205 3925 fides
1245 3872 1449 3926 nostra
1482 3874 1733 3941 maneat,
1766 3875 1963 3925 manet
1993 3873 2050 3926 et

377 3960 626 4032 sponsio
657 3959 792 4031 (36).

446 4048 536 4105 39.
563 4049 731 4118 Vide,
765 4065 799 4103 ο
829 4049 1026 4118 homo,
1061 4050 1219 4105 circa
1251 4054 1306 4105 te
1350 4050 1603 4123 gratiam
1636 4047 1894 4105 Christi:
1946 4049 2047 4105 ad-

379 4139 495 4193 huc
516 4140 573 4194 in
596 4138 777 4194 terris
793 4139 1079 4208 quateris,
1105 4143 1162 4194 et
1190 4140 1248 4193 in
1278 4139 1430 4195 casio
1463 4138 1765 4210 possides.
1788 4138 1875 4193 lbi
1898 4153 2045 4211 ergo

381 4219 572 4284 1206
606 4230 681 4283 sit
714 4243 817 4283 cer
845 4231 1030 4298 tuum,
1083 4228 1186 4284 ubi
1244 4232 1336 4283 est
1382 4228 1697 4300 possessio
1747 4231 1865 4282 tua.
1901 4226 2044 4282 Hinc

377 4321 469 4372 est
498 4318 739 4390 requies
770 4333 904 4390 quas
930 4316 1114 4390 justis
1165 4318 1432 4389 debetur,
1475 4320 1725 4390 negatur
1755 4316 2040 4389 indignis.

377 4406 545 4461 Unde
570 4407 648 4461 ait
671 4406 992 4463 Dominus:
1032 4431 1053 4455 «
1082 4407 1465 4479 Sicutjuravi
1498 4407 1556 4460 in
1588 4406 1673 4460 ira
1704 4420 1855 4474 mea,
1881 4404 1937 4459 si
1957 4404 2043 4458 in-

374 4494 638 4549 treibunt
676 4495 736 4550 in
765 4497 1031 4567 requiem
1080 4513 1270 4552 meam
1299 4496 1488 4567 (Psal.
1524 4512 1684 4563 xcw,
1722 4493 1846 4565 il);
1884 4517 1905 4541 »ι
1941 4493 2044 4564 qui

375 4581 530 4636 enim
561 4597 675 4636 non
723 4589 1130 4656 cognoverunt
1184 4585 1313 4639 vias
1362 4584 1612 4653 Domini,
1666 4600 1783 4638 non
1839 4584 2042 4655 ingre-

376 4670 686 4725 dienturin
708 4672 974 4743 requiem
998 4673 1248 4727 Domini.
1291 4672 1401 4738 Qui
1425 4677 1617 4728 autem
1654 4672 1876 4729 bonum
1908 4687 2008 4727 cer

372 4762 568 4815 tamen
590 4762 855 4831 certavit,
891 4765 947 4816 et
996 4777 1239 4817 cursum
1288 4762 1723 4816 consummavit
1773 4761 1857 4830 (ΙΙ
1894 4761 2036 4816 Tim.

374 4865 454 4918 iv,
485 4849 561 4917 '7),
595 4850 711 4920 ipsi
741 4850 988 4905 dicitur:
1045 4872 1067 4897 «
1102 4849 1460 4905 Convertere
1491 4851 1550 4904 in
1581 4851 1850 4921 requiem
1882 4854 2040 4904 tuam

372 4937 563 5007 (Psal.
589 4955 745 5008 cxiv,
768 4938 845 5009 Ἳ).
869 4962 892 4988 »ι
919 4939 1082 4994 Bona
1102 4939 1342 5011 requies
1368 4939 1675 5010 praeterire
1688 4955 1823 5010 qua)
1837 4938 2039 4991 mundi

375 5030 532 5098 sunt,
559 5031 615 5083 et
646 5028 764 5083 illis
786 5044 920 5101 quae
957 5045 1137 5101 supra
1178 5029 1461 5084 mundum
1496 5032 1658 5096 sunt,
1691 5026 2040 5082 caalestibus

376 5118 697 5173 consortiis
714 5118 1097 5189 requiescere
1111 5122 1505 5175 secretorum.
1516 5117 1658 5173 Haec
1671 5119 1762 5172 est
1776 5116 2038 5189 requies,

607 5268 779 5363 P‘hilo
809 5269 880 5325 de
914 5270 1113 5327 mundi
1162 5270 1315 5342 Opif.
1344 5264 2039 5343 ζῐΙαρὸκαὶάποκλαίεταιτό

372 5344 716 5489 βρῖἔῖῗᾶίξῗίῖ
737 5421 893 5475 Prat.
919 5425 975 5476 et
995 5422 1182 5490 Gem.,
1210 5445 1231 5470 α
1259 5422 1533 5478 diuturno
1548 5437 1662 5476 usu
1680 5419 2030 5475 exercitae...

372 5490 749 5547 Convertitur
778 5507 969 5563 equus
1000 5494 1073 5548 ad
1102 5494 1372 5548 salutem.
1412 5518 1433 5540 η

444 5564 558 5633 (35)
598 5564 781 5618 Iidem
820 5564 951 5618 cod.
986 5570 1041 5619 et
1071 5565 1166 5618 alii
1199 5565 1486 5633 nonnulli,
1518 5587 1539 5610 α
1570 5564 1887 5633 possessio
1918 5565 2031 5633 est,

375 5650 489 5707 qua
520 5634 841 5705 recipimus
872 5651 1005 5706 qum
1033 5636 1330 5707 promissa
1362 5640 1500 5690 sunt
1530 5634 1725 5703 nobis,
1764 5656 1784 5684 ι
1821 5639 1933 5707 etc.

442 5705 555 5778 (35)
591 5704 740 5782 Reg.
774 5704 963 5765 codex
992 5704 1169 5781 unus,
1203 5729 1226 5759 ‹
1263 5711 1460 5764 manet
1488 5707 1821 5784 possessio.
1862 5729 1884 5756 ι»
1918 5704 2036 5762 Sed

2152 2102 2532 2168 peccatorum
2556 2117 2567 2153 :
2604 2100 2887 2169 eripuerit
2905 2100 3078 2156 etiam
3101 2102 3308 2157 oculos
3334 2102 3469 2175 ejus
3487 2120 3519 2158 a
3542 2104 3824 2177 lacrymis

2153 2188 2340 2259 (Psal,
2368 2205 2523 2257 cxiv,
2548 2188 2639 2258 8);
2676 2188 2863 2262 fugiet
2892 2191 3047 2244 enim
3080 2191 3250 2246 dolor
3279 2196 3337 2245 et
3369 2192 3609 2247 tristitia
3632 2198 3690 2248 et
3721 2211 3823 2266 ge-

2152 2278 2331 2332 mitus
2361 2276 2501 2347 (Isa.
2534 2295 2714 2347 xxxv,
2750 2279 2860 2347 10).
2913 2277 2985 2332 Et
3013 2279 3152 2334 alibi
3200 2280 3492 2336 habemus
3520 2298 3532 2335 :
3590 2304 3613 2328 α
3644 2282 3821 2338 Dele-

2149 2366 2484 2422 bitomnem
2506 2368 2829 2438 lacrymam
2849 2368 2922 2421 ab
2954 2368 3145 2422 oculis
3168 2384 3394 2440 eorum,
3428 2373 3484 2425 et
3514 2386 3676 2425 mors
3705 2388 3823 2428 non

2150 2455 2263 2511 erit
2294 2456 2567 2527 amplius,
2600 2471 2793 2526 neque
2841 2456 3061 2525 luctus,
3112 2472 3303 2528 neque
3356 2460 3596 2530 clamor,
3630 2476 3824 2533 neque

2154 2544 2322 2600 dolor
2342 2546 2545 2616 (Apoc.
2572 2562 2692 2613 XXI,
2718 2545 2793 2613 4).
2814 2543 2874 2599 Si
2893 2560 3040 2616 ergo
3075 2559 3241 2600 mers
3274 2562 3392 2601 non
3423 2547 3556 2619 erit,
3591 2550 3823 2621 lapsum

2159 2634 2382 2689 sentire
2412 2650 2527 2689 non
2558 2633 2773 2705 poterit
2803 2633 2861 2687 in
2890 2633 2988 2687 illa
3034 2635 3239 2706 requie
3291 2636 3678 2693 constitutus:
3714 2640 3821 2695 sed

2158 2722 2412 2793 placebit
2432 2722 2552 2777 Deo
2574 2723 2634 2776 in
2675 2722 2919 2795 regione
2951 2724 3241 2779 vivorum.
3284 2724 3414 2780 Non
3446 2726 3603 2781 enim
3633 2731 3695 2783 ut
3726 2729 3823 2785 hic

2160 2812 2336 2866 homo
2373 2812 2674 2866 involutus
2707 2816 2800 2867 est
2823 2812 3030 2867 mortis
3073 2828 3325 2883 corpore
3357 2814 3613 2871 obnoxio
3644 2816 3822 2887 lapsi-

2154 2901 2271 2956 bus
2301 2904 2475 2971 atque
2521 2901 2788 2956 delictis:
2824 2902 2901 2956 ita
2950 2905 3007 2956 et
3036 2901 3176 2956 illic.
3227 2903 3484 2976 Ideoque
3515 2907 3688 2977 regio
3722 2906 3822 2961 illa

2153 2991 2427 3045 vivorum
2457 2993 2572 3060 est,
2604 2990 2705 3045 ubi
2733 2990 2927 3045 anima
2962 2994 3074 3060 est,
3125 3007 3259 3063 quae
3289 2992 3363 3047 ad
3412 2994 3731 3067 imaginem
3765 2999 3825 3051 et

2156 3078 2601 3135 similitudinem
2632 3080 2739 3135 Dei
2788 3080 2939 3135 facta
2972 3083 3065 3134 est
3098 3080 3272 3151 (Gen.
3308 3099 3346 3151 ι,
3379 3082 3492 3152 27),
3526 3099 3643 3139 non
3673 3100 3812 3140 caro

2155 3169 2405 3241 ﬁgurata
2456 3169 2526 3224 de
2558 3170 2716 3224 limo.
2768 3169 2905 3224 Ideo
2940 3184 3076 3223 caro
3118 3170 3178 3224 in
3224 3173 3440 3226 terram
3478 3173 3821 3245 revertitur,

2088 3259 2348 3360 canima
2388 3258 2463 3313 ad
2513 3258 2778 3330 requiem
2819 3256 3058 3312 festinat
3089 3274 3429 3329 supernam.
3462 3261 3557 3315 cui
3587 3262 3820 3318 dicitur.

2160 3372 2181 3396 α
2208 3348 2589 3419 Convertere,
2634 3348 2827 3402 anima
2851 3362 3001 3415 mea,
3053 3348 3112 3401 in
3142 3348 3409 3420 requiem
3439 3354 3600 3405 tuam
3629 3350 3820 3421 (Psal.

2157 3454 2313 3509 cxiv,
2343 3438 2419 3506 9).
2462 3460 2483 3486 ι»

2223 3544 2313 3601 31.
2339 3546 2400 3600 In
2417 3561 2594 3617 quam
2628 3545 2930 3602 festinavit
2953 3547 3171 3603 intrare
3212 3548 3612 3619 Theodosius,
3647 3551 3822 3620 atque

2155 3635 2389 3707 ingredi
2421 3636 2717 3690 civitatem
2757 3637 3114 3706 Jerusalem,
3149 3638 3221 3691 de
3271 3653 3386 3709 qua
3426 3638 3649 3692 dictum
3680 3642 3775 3694 est
3807 3655 3819 3694 :

2162 3745 2183 3771 α
2202 3723 2462 3797 Etreges
2476 3727 2650 3780 terrae
2669 3724 2860 3780 ferent
2888 3727 3136 3797 gloriam
3155 3741 3323 3781 suam
3355 3728 3414 3782 in
3433 3726 3593 3781 illam
3614 3726 3819 3799 (Apoc.

2156 3813 2411 3883 110,24).
2449 3837 2470 3861 η
2524 3813 2625 3867 Illa
2676 3818 2767 3869 est
2796 3830 2942 3869 vera
2987 3814 3201 3887 gloria,
3253 3832 3386 3887 quae
3416 3816 3500 3870 ibi
3529 3816 3819 3886 sumitur;

2157 3902 2299 3956 illud
2316 3918 2565 3974 regnum
2586 3903 3019 3973 beatissimum,
3044 3905 3201 3976 quod
3235 3905 3315 3960 ibi
3345 3905 3711 3977 possidetur,
3745 3906 3819 3962 ad

2155 3991 2313 4062 quod
2333 3991 2649 4046 festinabat
2672 3992 3018 4063 Apostolus,
3043 3993 3251 4048 dicens
3276 4009 3287 4049 :
3324 3995 3630 4050 Audemus
3648 4011 3819 4068 ergo,

2157 4084 2213 4135 et
2243 4080 2649 4135 consentimus
2697 4082 2891 4153 magis
2941 4082 3306 4153 peregrinari
3353 4083 3425 4138 de
3457 4099 3729 4155 corpore,
3767 4087 3823 4139 et

2155 4170 2369 4225 adesse
2399 4169 2472 4224 ad
2512 4169 2822 4225 Dominum
2855 4170 2941 4237 (II
2968 4171 3103 4226 Cor.
3128 4188 3184 4241 v,
3216 4171 3269 4241 6,
3289 4172 3345 4241 8)
3371 4189 3384 4243 ;
3416 4177 3473 4228 et
3504 4173 3638 4228 ideo
3674 4189 3822 4228 con-

2154 4259 2393 4314 nitimur
2422 4258 2552 4314 sive
2582 4259 2884 4331 absentes,
2943 4260 3073 4316 sive
3104 4265 3437 4332 prmsentes
3470 4262 3705 4332 placere
3736 4260 3821 4315 illi

2153 4348 2331 4419 (Ibid,
2365 4348 2445 4419 9).

2220 4455 2309 4510 3'2.
2343 4454 2671 4510 Absolutus
2726 4455 2910 4527 igitur
2960 4457 3139 4512 dubio
3200 4457 3538 4527 certamine,
3600 4455 3821 4512 fruitur

2151 4560 2308 4599 nunc
2323 4548 2593 4616 augustae
2615 4546 2919 4601 memoriae
2940 4546 3316 4601 Theodosius
3349 4547 3478 4601 luce
3510 4550 3815 4618 perpetuo,

2013 4701 2042 4713 _
2078 4633 2569 4721 ntranquillitate
2592 4634 2888 4703 diuturna,
2923 4638 2980 4689 et
3012 4651 3118 4704 pro
3151 4635 3226 4689 iis
3257 4651 3389 4706 qua)
3420 4635 3479 4688 in
3529 4635 3641 4689 hoc
3674 4650 3815 4707 ges-

2147 4722 2224 4777 sit
2242 4739 2487 4793 corpore
2508 4723 3004 4778 remunerationis
3024 4722 3240 4778 divinae
3272 4723 3567 4778 fructibus
3613 4727 3815 4796 gratu-

2143 4810 2318 4867 latur.
2344 4812 2502 4884 Ergo
2524 4813 2663 4884 quia
2701 4812 2882 4866 dilexi
2917 4816 3191 4884 augusta:
3214 4812 3515 4867 memoriae
3545 4812 3815 4869 Theodo-

2147 4900 2275 4954 sius
2332 4901 2641 4957 Dominum
2702 4902 2887 4957 Deum
2947 4916 3142 4971 suum,
3202 4901 3415 4957 meruit
3473 4905 3815 4958 sanctorum

2147 4990 2469 5045 consortio.

2331 5096 2551 5170 Etego,
2578 5102 2637 5153 ut
2671 5098 2924 5170 quadam
2962 5113 3298 5155 sermonem
3329 5115 3524 5154 meum
3574 5113 3815 5170 perora-

2145 5241 2728 5315 omninoglegendum
2758 5243 3016 5313 sponsio.

2145 5313 2327 5437 d.(3t'l)
2349 5312 2499 5368 Mss:
2521 5314 2762 5385 aliquot,
2791 5312 2812 5364 ix
2849 5314 3312 5370 convertendum
3346 5315 3602 5368 animam
3632 5328 3804 5368 suam

2188 5401 2258 5437 I0]
2292 5425 2305 5437 .
2343 5408 2364 5433 η

2188 5385 2305 5438 ἰοίι.
2343 5408 2364 5433 n

2212 5456 2335 5529 (33)
2359 5455 2679 5529 Sabbatum
2719 5472 3000 5528 magnum
3039 5456 3181 5529 quid
3204 5458 3538 5526 vocaretur,
3564 5472 3597 5509 a
3626 5455 3804 5512 nobis

2142 5527 2215 5581 de
2246 5526 2386 5581 alibi
2415 5527 2771 5596 explicatum
2801 5526 2913 5583 est.

2213 5598 2324 5667 (39)
2368 5597 2501 5652 Non
2548 5599 2717 5668 pauci
2766 5615 2935 5667 mss.,
2969 5601 3025 5654 et
3056 5600 3297 5653 elevans
3328 5596 3579 5652 animam
3610 5612 3807 5654 suam.

2143 5669 2262 5725 Sed
2289 5669 2362 5725 ad
2389 5669 2572 5739 illum,
2605 5672 2718 5737 etc,
