4136 6182
311 320 471 386 1459

309 521 470 576 tione
511 518 624 591 (40)
656 518 1026 591 concludam,
1069 519 1249 576 dilexi
1279 520 1473 576 virum
1503 518 1974 590 misericordem,
2007 501 2066 564 Α
2098 519 2314 576 infami
2343 521 2694 580 invenerunt
2723 539 2818 580 me
2847 521 3040 593 (Psal.
3065 539 3224 592 cxxv,
3264 523 3355 594 3);
3389 547 3413 572 ιο

315 601 511 666 1207
538 609 818 664 humilem
842 609 899 664 in
922 610 1190 680 imperio,
1235 610 1412 663 corde
1447 609 1622 677 duro,
1659 611 1715 663 et
1742 611 1982 678 pectore

309 701 622 754 mansueto
649 699 984 768 praeditum,
1018 699 1252 770 qualem
1285 698 1573 754 Dominus
1611 713 1811 752 amare
1837 712 1982 750 con-

312 789 509 844 suevit
563 787 809 843 dicens:
876 811 896 835 «
959 787 1148 858 Supra
1178 803 1356 859 quem
1405 788 1802 858 requiescam,
1865 783 1985 839 nisi

313 893 493 947 supra
524 877 826 947 humilem,
859 882 915 932 et
946 881 1318 932 mansuetum
1347 876 1492 944 (Isa.
1527 891 1680 944 vai,
1715 875 1814 943 2)?
1849 897 1870 920 ››

383 966 473 1020 34.
525 966 714 1020 Dilexi
765 967 977 1034 virum,
1031 967 1132 1036 qui
1182 967 1376 1038 magis
1407 968 1774 1036 arguentem,
1808 978 1983 1033 quam

314 1055 650 1110 adulantem
694 1056 992 1126 probaret.
1045 1056 1263 1110 Stravit
1312 1070 1505 1122 omne,
1553 1069 1670 1124 quo
1713 1052 1986 1109 utebatur

315 1144 550 1216 insigne
595 1145 826 1216 regium
858 1145 992 1214 (4t),
1040 1145 1276 1199 deflevit
1321 1144 1383 1198 in
1426 1141 1697 1197 Ecclesia
1750 1141 1985 1211 publice

313 1236 622 1304 peccatum
671 1250 866 1302 suum,
920 1234 1077 1304 quod
1127 1235 1180 1288 ei
1229 1233 1480 1288 aliorum
1519 1231 1724 1285 fraude
1775 1230 1983 1299 obrep-

316 1326 512 1392 serat;
571 1324 793 1395 gemitu
852 1326 909 1377 ct
964 1324 1243 1392 lacrymis
1294 1321 1484 1376 oravit
1533 1321 1787 1374 veniam.
1819 1317 1986 1383 Quod

314 1412 527 1481 privati
585 1412 969 1482 erubescunt,
1027 1428 1146 1466 non
1189 1411 1426 1466 erubuit
1481 1409 1824 1480 imperator,
1875 1424 1986 1478 pu-

314 1501 472 1556 blice
501 1516 681 1573 agere
713 1501 1115 1571 pcnnitentiam
1141 1517 1153 1556 :
1187 1516 1380 1571 neque
1414 1498 1572 1553 ullus
1618 1501 1826 1568 postea
1857 1495 1986 1550 dies

317 1590 446 1660 fuit,
479 1605 596 1661 quo
627 1605 744 1644 non
791 1591 959 1644 illum
1003 1590 1227 1644 doleret
1273 1603 1557 1644 errorem.
1605 1585 1775 1652 Quid,
1829 1583 1985 1656 quod

316 1681 664 1753 praeclaram
715 1682 964 1752 adeptus
1011 1679 1340 1748 victoriam,
1372 1681 1566 1731 tamen
1613 1674 1747 1746 quia
1779 1673 1986 1728 hostes

318 1771 381 1826 in
403 1771 528 1826 acie
558 1771 834 1840 prostrati
867 1773 1026 1838 sunt,
1058 1766 1341 1822 abstinuit
1370 1783 1402 1820 a
1436 1763 1740 1820 consortio
1784 1777 1986 1816 sacra-

320 1862 654 1914 mentorum
681 1859 815 1930 (42),
849 1858 1035 1912 donec
1088 1855 1318 1910 Domini
1348 1855 1504 1909 circa
1541 1868 1608 1908 se
1638 1851 1886 1924 gratiam
1915 1851 1984 1906 t1-

322 1948 536 2004 liorum
564 1947 934 2018 experiretur
961 1946 1219 2000 adventu
1254 1944 1388 2014 (43).

393 2038 482 2093 35.
523 2037 712 2092 Dilexi
747 2035 960 2106 virum,
999 2036 1102 2106 qui
1132 2049 1222 2089 me
1253 2035 1311 2088 in
1361 2031 1658 2103 supremis
1691 2030 1820 2084 suis
1851 2029 1988 2084 ulti-

322 2143 418 2182 mo
457 2126 669 2196 spiritu
699 2124 1055 2196 requirebat.
1093 2123 1284 2178 Dilexi
1314 2122 1528 2188 virum,
1563 2121 1662 2191 qui
1695 2135 1830 2174 cum
1857 2117 1982 2189 jam

327 2231 575 2286 corpore
607 2215 960 2284 solveretur,
1010 2213 1202 2284 magis
1253 2211 1325 2265 de
1376 2213 1532 2264 statu
1563 2208 1987 2272 Ecclesiarum,

327 2322 503 2380 quam
521 2305 592 2360 de
625 2304 754 2358 suis
785 2301 1070 2374 periculis
1105 2299 1458 2374 angebatur.
1487 2298 1676 2352 Dilexi
1706 2313 1872 2369 ergo,
1907 2296 1997 2350 fa-

325 2400 478 2472 teor,
495 2394 698 2450 etideo
717 2393 984 2448 dolorem
1005 2407 1200 2446 meum
1222 2389 1425 2444 intimo
1448 2387 1682 2442 viscere
1722 2386 1904 2456 dolui,
1941 2388 1996 2439 et

327 2485 649 2557 prolixiore
672 2482 967 2538 sermonis
989 2478 1407 2551 prosecutione
1426 2476 1736 2532 solandum
1760 2475 1984 2545 putavi.

331 2575 544 2644 Dilexi,
567 2575 624 2628 et
653 2587 950 2643 praesumo
982 2571 1053 2625 de
1097 2570 1344 2624 Domino
1367 2567 1525 2638 quod
1567 2565 1857 2636 suscipiat
1888 2579 1998 2618 vo-

333 2679 463 2719 cem
484 2661 766 2718 orationis
807 2676 974 2729 mea),
1008 2676 1124 2731 qua
1169 2672 1505 2728 prosequor
1534 2655 1787 2708 animam
1820 2653 1994 2724 piam.

402 2749 492 2808 36.
522 2775 543 2799 «
569 2750 1096 2806 Circumdederunt
1117 2763 1208 2801 me
1231 2747 1469 2800 dolores
1491 2743 1718 2811 mortis,
1735 2741 1997 2814 pericula

406 2898 520 2968 (40)
563 2895 689 2968 Yet.
733 2893 870 2948 edit.
914 2890 1276 2968 et_ple_rique
1327 2903 1500 2968 mssa,
1541 2907 1562 2935 α
1597 2888 1662 2941 ut
1689 2885 1995 2968 quidem...

331 2957 442 3040 per
461 2957 823 3040 orationem;
861 2986 882 3011 ι»
919 2957 1056 3040 edit.
1096 2957 1268 3040 Rom.
1297 2963 1355 3015 et
1391 2958 1492 3012 alii
1526 2957 1794 3040 nonnulli
1823 2971 1996 3040 mss”

335 3027 397 3095 ῖιι
433 3037 665 3112 quidem
701 3027 876 3112 (Reg.
921 3034 1075 3112 cod.,
1116 3032 1404 3112 quadam),
1436 3029 1853 3112 periei-altioris;
1877 3027 1996 3097 Op-

329 3098 474 3166 tima
496 3109 670 3164 lectio
692 3098 720 3177 ;’
739 3098 896 3161 ἰάθνηι
925 3098 1082 3160 enim
1113 3098 1207 3177 est
1233 3098 1408 3177 atque
1437 3098 1497 3177 si
1527 3101 1704 3177 dicat,
1737 3101 1811 3177 ut
1839 3098 1998 3177 hunc

333 3181 634 3238 sermonis
663 3169 778 3232 mei
809 3179 1006 3232 locum
1046 3169 1394 3230 concludam
1426 3172 1705 3226 virtutum
1737 3169 2002 3224 Theodo-

335 3255 411 3310 sii
440 3251 941 3322 recapitulatione,
991 3245 1486 3321 quemadmodum
1541 3243 1600 3297 in
1630 3241 2000 3312 peroratione

336 3326 464 3382 fieri
497 3325 670 3380 solet.

408 3397 524 3466 (41)
581 3395 914 3464 Scriptores
973 3387 1356 3466 omnestqui
1412 3384 1783 3466 splendidam
1841 3382 2001 3466 illam

336 3453 660 3524 Theodosii
681 3453 740 3520 in
763 3465 1068 3536 subeunda
1093 3453 1999 3536 publiéanpmnitentiahumilita-

337 3545 456 3597 tem
473 3555 591 3594 non
615 3538 744 3592 sine
768 3529 1454 3606 meritissimislaudibus
1467 3529 1798 3606 posteritati
1815 3530 2004 3606 trans-

339 3613 579 3679 misere,
613 3625 747 3664 cum
793 3609 882 3664 eis
913 3623 1046 3678 quae
1095 3605 1192 3679 hic
1240 3597 1628 3679 dicuntunab
1661 3597 1999 3679 Ambrosio,

339 3683 513 3754 plane
536 3668 893 3754 congruunt.
914 3668 1080 3754 Vide,
1105 3676 1160 3731 si
1177 3677 1364 3754 vacat,
1396 3671 1708 3754 Paulinum
1731 3668 2006 3754 ipnsaneti

342 3738 622 3810 antistitis
653 3738 783 3806 Vita
805 3770 824 3817 ;
861 3738 1157 3815 Rufinum,
1189 3747 1290 3801 lib.
1328 3738 1366 3798 ιι
1398 3741 1555 3797 Hist.
1583 3755 1717 3817 cap.
1738 3738 1854 3817 ’18;
1889 3741 2004 3791 Au-

344 3825 668 3897 gustinum,
706 3810 877 3897 ιὼς-γ
907 3822 980 3876 de
1014 3820 1085 3875 Ci
1097 3810 1388 3897 vit:_De_i:,_
1414 3829 1542 3897 cap.
1576 3812 1682 3897 26‘;
1735 3810 2006 3897 Soao‘mef

345 3881 504 3962 Hum,
536 3881 750 3948 lib.'vu
780 3891 936 3946 Hist.
987 3907 1115 3960 cap.
1165 3889 1274 3956 25;
1322 3881 1780 3962 Theodoretum,
1836 3881 1940 3962 lib.
1971 3896 2007 3962 γ

346 3981 474 4036 cap.
493 3951 586 4034 '18,
611 3968 668 4020 et
689 3963 859 4036 alios,
881 3951 1236 4036 quibuscum
1258 3951 1430 4036 etiam
1473 3953 1778 4036 Ambrosii
1813 3951 2002 4007 nostri

345 4023 658 4106 epistolam
679 4036 767 4096 51.
790 4023 1051 4106 jungere
1081 4033 1252 4106 licet,
1271 4033 1333 4082 ut
1361 4044 1477 4098 qua
1507 4025 1734 4106 ratione
1764 4023 2008 4093 impera-

343 4095 534 4162 térem
563 4107 636 4161 ad
666 4095 1066 4176 pcen'itenvdum
1095 4095 1338 4156 sanctus
1379 4095 1606 4169 praesul
1635 4109 2004 4166 praeparave-

344 4179 440 4250 rit,
470 4178 839 4250 intelligas;
960 4247 973 4250 _
1058 4245 1092 4250 η
1260 4245 1270 4250 _
1331 4239 1377 4250 η
1547 4238 1557 4248 ,
1728 4235 1744 4250 ,
1831 4234 1842 4244 .

417 4235 534 4320 (42)
583 4235 727 4304 Ηιὲο
775 4245 1096 4320 Theodosii
1142 4245 1277 4320 post
1331 4238 1664 4320 Eugenium
1713 4235 2007 4320 devictum

345 4340 380 4378 a
411 4307 719 4378 sacrorum
765 4307 1174 4374 communione
1213 4307 1568 4368 abstinentia
1597 4307 1669 4362 ad
1698 4307 1885 4360 solam
1917 4307 2005 4376 ip-

347 4396 476 4450 sius
510 4409 656 4466 erga
684 4392 883 4466 divina
931 4388 1210 4466 mysteria
1239 4382 1696 4466 venerationem,
1729 4381 1828 4460 aut
1857 4378 2007 4466 forte

1775 317 1841 385 S.
1888 317 2016 384 AM
2027 317 2334 387 BROSII.

3618 319 3785 387 1460

3455 523 3784 578 multorum

2099 611 2253 664 enim
2276 611 2534 680 pericula
2555 616 2715 681 sunt,
2736 613 2846 667 sed
2875 612 3140 668 remedia
3169 629 3522 682 paucorum.
3557 613 3623 667 In
3653 629 3781 667 om-

2098 699 2276 754 nibus
2308 701 2593 756 sacerdos
2623 701 3008 771 periclitatur,
3043 702 3104 756 in
3135 703 3417 757 omnibus
3448 702 3574 757 reis
3605 702 3781 774 angi-

2098 793 2231 858 tur;
2265 790 2420 860 quod
2469 791 2625 844 enim
2671 791 2772 844 alii
2814 792 3133 861 patinetur,
3186 791 3318 861 ipse
3371 791 3672 846 sustinet:
3725 793 3785 844 et

2097 879 2311 933 iterum
2341 879 2641 948 liberatur,
2677 896 2813 935 cum
2861 881 2959 934 alii
3009 881 3112 952 qui
3143 884 3440 950 tenentur,
3491 880 3782 950 periculis

2097 967 2440 1024 liberantur.
2492 969 2782 1024 Conteror
2831 969 3029 1038 cerde,
3071 969 3210 1040 quia
3259 972 3504 1040 ereptus
3535 971 3634 1024 est
3662 969 3781 1038 vir,

2099 1073 2274 1127 quem
2304 1058 2406 1112 vix
2432 1075 2759 1128 possumus
2789 1059 3061 1114 invenire
3112 1059 3260 1129 (41):
3304 1059 3416 1114 sed
3463 1061 3666 1113 tamen
3717 1063 3784 1112 tu

2099 1146 2286 1214 solus,
2308 1147 2570 1216 Domine,
2593 1149 2962 1204 invocandus
2983 1163 3072 1216 es,
3109 1153 3170 1204 tu
3197 1149 3529 1220 rogandus,
3557 1153 3623 1202 ut
3643 1163 3784 1202 eum

2098 1235 2157 1288 in
2179 1235 2317 1290 filiis
2339 1243 2760 1307 repraesentes.
2784 1238 2896 1307 Tu,
2919 1238 3188 1306 Domine,
3213 1237 3566 1293 custodiens
3599 1237 3784 1292 etiam

2097 1325 2378 1393 parvulos
2405 1325 2464 1379 in
2498 1326 2608 1380 hac
2657 1327 2986 1382 humilitate
3030 1326 3212 1390 (Ibid.
3246 1327 3328 1396 5),
3382 1325 3590 1381 salvos
3633 1325 3788 1380 faci-

2098 1415 2156 1468 to
2215 1414 2328 1484 (43)
2385 1421 2696 1484 sperantes
2753 1416 2815 1470 in
2873 1420 2950 1471 te.
3001 1417 3087 1470 Da
3135 1416 3402 1486 requiem
3453 1415 3790 1486 perfectam

2103 1517 2277 1558 servo
2299 1506 2398 1558 tuo
2420 1503 2781 1576 Theodosio,
2813 1505 3082 1577 requiem
3113 1505 3296 1574 illam,
3334 1519 3515 1576 quam
3537 1520 3782 1574 prmpa-

2101 1592 2244 1647 rasti
2262 1593 2488 1647 sanctis
2521 1594 2642 1648 tuis
2680 1594 2948 1664 (46).]110
2981 1596 3366 1649 convertatur
3395 1593 3589 1648 anima
3621 1587 3786 1664 ejus,

2100 1682 2253 1738 unde
2285 1683 2632 1749 descendit;
2681 1683 2782 1739 ubi
2827 1683 3035 1738 mortis
3064 1683 3342 1738 aculeum
3381 1683 3614 1737 sentire
3663 1697 3789 1737 non

2100 1771 2312 1840 possit,
2356 1771 2458 1825 ubi
2505 1777 2836 1843 cognoscat
2877 1775 3128 1828 mortem
3191 1773 3342 1826 hanc
3386 1787 3507 1826 non
3549 1775 3785 1826 natum

2102 1859 2276 1914 finem
2311 1875 2468 1928 esse,
2519 1861 2628 1918 sed
2671 1861 2883 1931 culpae.
2915 1860 3086 1927 Quod
3132 1861 3294 1916 enim
3341 1863 3616 1915 mortuus
3667 1865 3782 1929 est,

2101 1952 2344 2020 peccato
2387 1953 2656 2006 mortuus
2700 1954 2793 2004 est
2848 1950 3039 2018 (Rom.
3071 1947 3306 2018 vr,18);
3339 1953 3402 2003 ut
3424 1947 3553 2020 jam
3591 1940 3791 2004 1208

2099 2043 2342 2109 peccato
2359 2039 2527 2096 locus
2558 2053 2698 2094 esse
2728 2055 2845 2094 non
2877 2036 3110 2109 possit:
3149 2041 3430 2110 resurget
3458 2041 3682 2108 autem,
3717 2043 3780 2092 ut

2100 2128 2420 2200 perfectior
2447 2131 2729 2184 renovato
2762 2143 3008 2182 munere
3041 2128 3162 2182 vita
3193 2129 3522 2196 reparetur.

2173 2217 2493 2285 37.Dilexi,
2527 2219 2585 2272 et
2611 2217 2744 2272 ideo
2790 2231 3129 2288 prosequor
3168 2232 3308 2271 eum
3354 2231 3548 2286 usque
3581 2216 3657 2270 ad
3693 2231 3785 2270 re-

2101 2306 2338 2378 gionem
2368 2306 2659 2376 vivorum,
2693 2323 2804 2362 nec
2830 2306 3128 2372 deseram,
3163 2305 3356 2360 donec
3387 2305 3526 2360 fletu
3542 2309 3604 2360 et
3651 2321 3784 2375 pre-

2105 2395 2276 2451 cibus
2323 2395 2598 2450 inducam
2644 2397 2860 2466 virum,
2907 2411 3027 2466 quo
3059 2410 3172 2450 sua
3203 2395 3415 2448 merita
3443 2397 3684 2462 vocant,
3725 2393 3786 2448 in

2103 2489 2362 2539 montem
2395 2485 2627 2540 Domini
2674 2489 2986 2552 sanctum;
3037 2483 3137 2540 ubi
3190 2483 3474 2553 perennis
3506 2483 3653 2551 vita,
3685 2482 3786 2536 ubi

2107 2574 2438 2644 corruptela
2486 2575 2665 2642 nulla,
2699 2573 2860 2630 nulla
2909 2573 3210 2644 contagio,
3265 2571 3466 2626 nullus
3498 2572 3785 2644 gemitus,

2107 2663 2306 2718 nullus
2327 2663 2518 2732 dolor,
2543 2663 2768 2718 nullum
2805 2663 3177 2718 consortium
3215 2664 3616 2731 mortuorum;
3648 2676 3791 2714 vera

2107 2753 2276 2824 regio
2310 2752 2657 2820 viventium,
2696 2753 2797 2808 ubi
2837 2751 3086 2808 mortale
3108 2751 3223 2806 hoc
3254 2751 3458 2806 induat
3486 2751 3790 2805 immorta-

2109 2895 2400 2963 redderet,
2425 2895 2793 2966 interfuisse,
2825 2897 3045 2966 praeter
3075 2893 3477 2948 Ambrosiana
3507 2893 3710 2966 verba;
3724 2893 3780 2946 et

2111 2967 2338 3022 Paulini
2357 2963 2922 3038 testimoniumque
2955 2965 3400 3038 commendatos
3438 2981 3473 3018 a
3503 2963 3786 3018 Theodo-

2086 3040 2201 3094 ‘sio
2219 3039 2375 3093 filios
2397 3039 2752 3093 Ambrosius
2769 3037 2839 3092 in
2851 3039 3116 3092 Ecclesia
3135 3037 3454 3106 excepisse
3476 3039 3782 3102 narratur,

2033 3127 2085 3188 ο
2113 3111 2214 3164 niti
2261 3111 2442 3188 etiam
2484 3110 3113 3188 possuntauetoritate
3138 3107 3520 3188 -T.heodoreti
3563 3107 3675 3188 lib:
3725 3123 3778 3188 vi,

2115 3197 2241 3252 cap.
2275 3182 2363 3249 25,
2395 3186 2452 3236 et
2484 3177 2768 3236 Chronici
2805 3179 3234 3252 Alexandrini,
3263 3194 3395 3252 quo,
3431 3177 3680 3232 Arcadii
3709 3177 3784 3252 ab

2115 3249 2376 3308 Honorio
2394 3253 2706 3307 discessus
2730 3257 2928 3322 aperte
2950 3251 3219 3322 traditur.
3253 3249 3472 3304 Contra
3502 3265 3653 3322 vero
3681 3249 3779 3320 qui

2111 3325 2305 3379 solum
2341 3323 2665 3378 Honorium
2695 3320 3202 3390 Constantinopoli
3248 3337 3279 3374 a
3329 3323 3496 3389 patre
3528 3320 3782 3374 accitum

2111 3411 2248 3472 esse
2282 3396 2678 3472 contendunt,
2697 3410 2803 3464 pro
2855 3410 2922 3449 se
2955 3391 3388 3472 itutinumnlib.
3421 3408 3490 3472 ri,
3523 3407 3656 3472 cap.
3685 3391 3773 3457 34,

2108 3467 2578 3538 Philostorgium
2623 3462 2724 3538 liii.
2778 3483 2861 3534 δι.
2920 3481 3084 3538 num.
3137 3464 3190 3531 2,
3236 3462 3683 3538 socratam
3713 3478 3770 3530 v,

2111 3554 2238 3608 cap.
2271 3537 2359 3606 26,
2401 3533 2456 3592 εἰ
2491 3533 2874 3592 Claudianum
2903 3536 2976 3590 de
3007 3553 3067 3608 ιιι
3099 3534 3330 3608 consul.
3368 3533 3622 3608 Honorii
3651 3537 3778 3587 tan-

2109 3605 2410 3664 tummodo
2435 3609 2616 3680 hujus
2643 3609 2930 3679 principis
2963 3607 3279 3662 adventum
3310 3605 3775 3680 inpgoccidentem

2112 3675 2665 3746 commemorantes,
2713 3675 2894 3734 citare
2953 3683 3241 3748 possunt:
3277 3677 3500 3748 quibus
3529 3675 3780 3740 accedit,

2113 3753 2269 3823 quod
2295 3751 2610 3806 Arcadium
2635 3751 2772 3804 huic
2793 3750 3041 3804 orationi
3065 3753 3426 3823 praesentem
3448 3763 3571 3823 non
3591 3748 3779 3823 fuisse

2115 3819 2491 3878 manifestum
2521 3826 2630 3877 est.
2685 3823 2955 3877 Attamen
2999 3819 3101 3892 qui
3149 3820 3398 3892 primam
3442 3819 3781 3892 opinipnem

2113 3894 2456 3962 defendunt,
2477 3893 2922 3964 responderein
2943 3890 3216 3964 promptu
3255 3890 3478 3964 habent
3504 3890 3783 3944 Ruﬁnum

2115 3969 2171 4020 et
2205 3962 2688 4036 Pbilostorgium,
2741 3963 2930 4036 solius
2953 3962 3212 4036 Honorii
3262 3962 3622 4036 mentionem
3655 3976 3780 4036 pro-

2113 4041 2316 4106 pterea
2347 4032 2586 4101 fecisse,
2622 4036 2777 4106 quod
2801 4035 2854 4089 ei
2903 4035 3230 4089 occidentis
3283 4032 3597 4106 imperium
3628 4033 3786 4101 pater

2115 4103 2479 4176 attribuerat,
2515 4103 2898 4161 (:laudianum
2947 4121 3094 4160 vero
3124 4121 3258 4160 eum
3305 4104 3438 4176 loco
3467 4103 3572 4176 cit.
3605 4117 3786 4176 pane-

2118 4179 2388 4250 gyricum
2415 4174 2636 4233 Honori
2659 4177 2971 4250 scriberet,
3007 4176 3248 4231 Arcadii
3277 4174 3600 4250 adventum
3629 4174 3782 4250 cete-‘-

2116 4243 2406 4304 Brandum
2456 4265 2574 4304 non
2620 4243 2966 4319 putavisse;
3020 4251 3300 4302 caeterum
3341 4246 3524 4319 verba
3556 4243 3782 4299 Paulini

2117 4321 2559 4376 commendatos
2581 4318 2897 4374 Ambrosio
2922 4319 3076 4374 filios
3098 4318 3448 4373 affirmantis
3465 4321 3670 4387 aperta
3682 4331 3778 4370 es-

2118 4407 2214 4459 se;
2235 4392 2351 4446 imo
2373 4407 2515 4446 vero
2533 4391 2722 4462 ipsius
2737 4389 3038 4446 Claudiani
3057 4389 3340 4462 carmina,
3365 4404 3501 4462 quae
3514 4403 3696 4457 supra
3710 4402 3778 4441 ex

345 4467 419 4520 ad
449 4450 748 4520 Ambrosii
779 4450 1016 4534 quoque
1046 4457 1515 4534 exhortationem
1544 4450 1755 4534 referri
1787 4452 1994 4534 potest:

2118 4450 2218 4517 lib.
2243 4464 2320 4518 de
2336 4450 2612 4518 Ιαιιᾱιὺὺε
2627 4462 2953 4534 Stilicom's
2973 4450 3556 4534 exhibuimus,‘id_em
3587 4450 3780 4534 osten-

347 4537 578 4591 Etenim
599 4521 878 4606 quonidm
913 4521 1237 4606 occidere
1257 4529 1314 4582 in
1334 4527 1495 4606 bello
1515 4521 1894 4606 adversarios
1912 4523 2003 4574 est

338 4607 572 4679 justum
598 4593 654 4662 et
699 4606 870 4679 laude
901 4603 1166 4679 dignum,
1230 4624 1252 4648 η
1289 4603 1351 4653 ut
1401 4597 1574 4670 epist.
1609 4593 1684 4679 ad
1731 4593 2000 4679 {tinniat}.

345 4673 621 4733 Monach.
652 4673 828 4732 tradit
855 4673 1218 4731 Athanasius
1243 4687 1257 4742 ;
1293 4693 1314 4717 ιε

347 4748 535 4820 factas
563 4749 772 4804 Patres
821 4762 927 4820 pro
958 4745 1224 4820 caedibus
1247 4733 1700 4820 'reputatverezon
1744 4733 2008 4820 utudocet

347 4819 608 4874 Basilius
644 4807 926 4888 epistfad
969 4815 1228 4887 Amphil.
1261 4807 1390 4888 ean.
1430 4808 1528 4888 _‘l3,
1561 4807 2007 4888 relinquitur/lit

349 4888 448 4943 hic
469 4889 642 4942 etiam
661 4875 856 4944 locum
877 4875 1108 4956 habeat,
1134 4884 1295 4958 quod
1317 4875 1672 4958 AmbrOSius
1703 4875 2004 4958 epist.‘?5,

349 4960 424 5015 de
453 4975 768 5014 causarum
797 4945 1130 5029 capitalium
1153 4945 1496 5029 ‘judicibus,
1531 4945 1780 5029 scribit;
1818 4969 1840 4992 «ι
1865 4945 1998 5029 ¹Μελ.-

348 5031 585 5088 luerunt
623 5031 829 5084 Patres
869 5017 1077 5097 nostri,
1104 5017 1262 5082 utvin
1284 5025 1581 5097 voluntate
1617 5019 1805 5097 magis
1827 5017 2008 5097 absti:

347 5087 565 5174 nantis,
601 5117 775 5174 quam
809 5101 877 5174 in
897 5087 1251 5174 necessitate
1283 5098 1360 5174 sit
1387 5094 1562 5174 legis.
1602 5115 1622 5140 η
1843 5087 2007 5160 quod

351 5177 525 5232 citata
553 5162 757 5230 Basilii
789 5171 1058 5242 cpistola,
1099 5194 1119 5216 α
1157 5173 1218 5223 ut
1248 5169 1349 5240 qui
1395 5162 1533 5242 sum
1563 5162 1836 5242 manibus
1889 5174 2007 5242 non

349 5249 538 5319 puris,
555 5247 682 5303 sola
695 5233 871 5299 trium
885 5233 1170 5319 annorum
1184 5233 1594 5319 communione
1609 5233 1958 5319 abstineant.
1981 5253 2003 5277 »

350 5305 598 5386 suadet;
632 5319 791 5372 hunc
823 5314 1058 5386 quidem
1090 5327 1264 5366 usum
1295 5310 1352 5364 in
1382 5307 1676 5386 Ecclesia
1707 5305 2009 5372 receptum

299 5431 310 5439 .
350 5406 469 5445 non
499 5384 688 5444 fuisse
719 5384 1035 5441 Balsamon
1065 5387 1274 5437 auctor
1305 5384 1416 5454 est.
1488 5451 1501 5454 _
1698 5452 1704 5454 _
1749 5448 1786 5454 __
1954 5445 1964 5454 ,

421 5461 535 5531 (43)
558 5462 638 5515 Ita
660 5477 808 5514 mss.
846 5458 982 5513 edit.
1007 5455 1138 5511 Gill.
1183 5451 1458 5531 injuriis
1488 5451 1621 5531 lect.
1647 5452 1713 5530 et
1747 5448 1915 5501 Rom.
1950 5448 2008 5497 in

350 5521 644 5588 contextu.
688 5531 927 5586 Amerb.
971 5531 1184 5595 autem,
1220 5524 1369 5579 Eras
1399 5522 1618 5595 etiGill.
1645 5521 1703 5572 in
1733 5531 2004 5595 cqrpore,

355 5587 599 5675 thgratia
645 5587 1372 5675 ﬁliorum__c_x_primeret_ur
1418 5594 1752 5675 adventat»
1790 5587 1836 5638 ν

349 5661 504 5746 qtin
527 5675 598 5730 de
616 5672 938 5730 Theodosii
961 5661 1213 5746 filiorum
1234 5668 1489 5746 adventu
1529 5661 1721 5746 hicait
1757 5661 2006 5746 sanctus

348 5729 620 5816 PraesuL,
692 5762 828 5816 non;
874 5742 1232 5816 mediocrem
1299 5735 1514 5807 patitur
1579 5729 2004 5816 difﬁcultatem:

347 5816 579 5875 Etenim
607 5801 709 5887 qui
739 5814 942 5870 volunt
983 5801 1322 5878 Arcadium,
1356 5821 1490 5861 cum
1536 5805 1701 5875 pater
1733 5801 2008 5870 spiritum

329 6065 354 6080 ι
417 6034 457 6080 ι

1356 4662 1465 4723 nec
1509 4665 1707 4722 caedes
1739 4663 1798 4716 in
1831 4662 2004 4717 bellis
2086 4679 2104 4686 -

2119 4534 2278 4604 dere,
2326 4535 2435 4590 sed
2465 4539 2521 4589 et
2568 4534 2668 4588 lib.
2701 4535 2875 4588 etiam
2925 4533 2998 4588 de
3046 4549 3107 4586 ιιι
3128 4531 3381 4604 tionsul.
3417 4529 3670 4584 Honorii
3697 4529 3782 4583 sic

2119 4602 2605 4661 cum'Theodosii
2637 4605 2836 4660 verbis
2867 4604 3084 4674 alloqui
3115 4602 3458 4656 Stilicouem
3489 4616 3501 4654 :

2176 4695 2255 4743 Tu
2281 4694 2426 4742 curis
2453 4693 2680 4741 succede
2707 4693 2855 4749 meis,
2885 4698 2936 4740 tu
2971 4693 3192 4754 pignora
3223 4690 3392 4754 solus,

2177 4757 2369 4805 Nostra
2395 4759 2528 4813 fove,
2550 4756 2788 4818 geminos
2811 4755 2991 4802 dextra
3014 4761 3069 4801 tu
3102 4759 3318 4815 prologo
3345 4753 3555 4809 fratres,
3582 4757 3686 4798 ctc.

2111 4837 2328 4891 Verum
2351 4836 2623 4905 negantis
2654 4835 2950 4904 opinionis
2981 4835 3463 4905 propugnatores
3497 4833 3776 4905 reponem

2110 4908 2235 4988 ista
2275 4901 2516 4988 negotio
2562 4901 3580 4988 dissolvinppssej’commendatos
3627 4901 3771 4988 enim

2109 4971 2430 5033 Stilieonia
2454 4977 2788 5031 Theodosio
2826 4971 3000 5044 lilios,
3037 4976 3174 5029 licet
3196 4990 3405 5029 eorum
3429 4973 3580 5044 alter
3603 4971 3762 5026 abes-

2111 5054 2233 5104 set:
2284 5049 2355 5102 ad
2418 5049 2715 5103 Ambrosii
2766 5063 2905 5102 vero
2953 5047 3360 5100 auctoritatem
3409 5060 3479 5098 ea
3519 5043 3758 5098 forsitan

2110 5120 2356 5175 indicari
2387 5136 2501 5174 una
2535 5135 2668 5172 cum
2717 5117 2978 5172 Honorio
3011 5119 3185 5171 etiam
3233 5116 3478 5170 venisse
3513 5128 3758 5169 sororem

2112 5191 2430 5246 Placidiam
2457 5207 2468 5246 :
2491 5191 2646 5261 quod
2678 5189 2747 5242 ad
2768 5190 3070 5244 Socratem
3091 5192 3144 5241 et
3167 5185 3503 5261 Chronicon
3527 5185 3762 5261 diemq-

2111 5264 2367 5328 drinum,
2393 5262 2464 5316 ab
2495 5253 2582 5316 eis
2615 5261 2728 5315 hoc
2760 5261 2886 5315 loco
2922 5263 3359 5314 erratumesse.
3388 5257 3507 5312 Sed
3528 5253 3758 5310 difﬁcul-

2110 5337 2286 5389 tatem
2316 5333 2410 5388 hie
2441 5334 2740 5386 indicasse
2770 5332 2943 5386 nobis
2975 5331 3254 5384 sufﬁciat.

2183 5407 2294 5472 (41)
2321 5407 2487 5460 Rom.
2512 5403 2650 5459 edit.
2679 5425 2700 5452 «
2727 5403 2960 5474 qualem
2981 5401 3078 5474 vix
3094 5397 3711 5474 possumusinvenire:
3733 5413 3752 5442 ι

2182 5466 2297 5547 (t5)
2330 5475 2500 5530 Vind.
2553 5466 2763 5541 codex,
2813 5477 2868 5528 et
2899 5466 3134 5547 quidam
3192 5472 3309 5547 alii,
3365 5494 3386 5516 οι
3444 5471 3640 5547 salvos
3683 5466 3756 5547 fa-

2114 5536 2258 5602 cies.
2297 5571 2318 5594 »
2355 5547 2508 5600 lul‘ra
2541 5560 2678 5599 vero
2711 5536 2816 5615 pro
2848 5536 3076 5598 sanctis
3133 5544 3270 5611 luis,
3299 5536 3463 5595 unus
3495 5540 3653 5594 (lolb.
3683 5536 3754 5590 le-

2117 5619 2281 5691 git,g
2319 5617 2477 5691 seris
2507 5617 2648 5691 tuis.
2689 5638 2710 5666 ν

2190 5681 2301 5760 (46)
2323 5689 2463 5742 Cod.
2505 5687 2692 5755 (iollx,
2718 5711 2738 5734 α
2767 5702 2940 5758 quum
2974 5686 3320 5757 praeparasti
3353 5684 3548 5740 servis
3572 5681 3700 5737 tuis.
3737 5698 3752 5725 ι
