4136 6182
290 305 453 369 1461

1381 298 1703 364 ORATIO
1746 298 1860 362 DE
1906 297 2170 362 OBITU
2212 297 2673 365 THEODOSIl

3592 291 3751 359 1462

294 514 538 581 litatem,
568 514 626 566 et
654 507 1037 579 corruptibile
1070 508 1185 564 hoc
1224 508 1427 563 induat
1468 506 1971 577 incorruptionem
1993 483 2044 548 Α
2083 504 2430 559 sericordiae
2463 520 2591 560 suae
2621 507 2920 561 consortio
2949 506 3335 562 delectantur.
3393 505 3476 560 De
3528 502 3747 576 quibus

288 603 344 673 (l
374 602 510 657 Cor.
546 617 643 668 xv,
675 601 786 669 54).
823 599 1033 670 Magna
1064 599 1325 670 requies,
1360 614 1494 669 quae
1526 600 1727 651 votum
1759 597 1964 666 imple-

294 695 354 746 at
379 690 702 761 diligentis,
737 689 1131 758 pulcherrima
1161 687 1507 758 promissio.
1545 688 1683 741 Ideo
1717 686 1972 741 centesi-

294 796 430 836 mus
459 782 705 851 quartus
736 778 1003 832 decimus
1032 777 1300 847 psalmus
1332 776 1584 831 Alleluia
1616 775 1730 846 (47)
1764 775 1975 830 inscri-

298 870 460 925 bitur
508 883 520 923 :
571 867 825 938 denique
874 882 1056 936 supra
1105 867 1164 919 in
1213 869 1422 937 quarto
1466 866 1697 921 decimo
1742 865 1973 935 psalmo

298 957 723 1030 perfectionem
754 956 1010 1010 hominis
1040 955 1388 1025 accipimus.
1441 955 1560 1010 Sed
1592 954 1712 1009 illic
1745 954 1974 1008 forma-

299 1052 421 1117 tus,
452 1046 761 1117 perfectus
792 1045 930 1100 licet
960 1045 1071 1112 vir,
1108 1044 1217 1099 sed
1249 1045 1443 1098 adhuc
1494 1047 1734 1114 peccato
1786 1044 1975 1098 obno-

304 1139 471 1205 xius;
507 1138 644 1208 quia
673 1136 820 1189 vivit
850 1135 910 1189 in
940 1135 1165 1189 saeculo
1190 1150 1204 1189 :
1230 1133 1329 1188 hic
1360 1149 1500 1188 vera
1531 1133 1813 1205 perfectio
1862 1135 1973 1200 est,

301 1227 401 1281 ubi
445 1225 570 1297 jam
612 1226 785 1294 culpa
834 1224 1115 1294 cessavit,
1165 1224 1356 1295 gratia
1406 1225 1710 1293 perpetuae
1760 1222 1977 1293 quietis

303 1314 550 1370 affulsit.
998 1330 1009 1335 ·

374 1404 464 1459 38.
506 1404 643 1458 Ideo
676 1403 1040 1458 centesimus
1074 1404 1322 1474 quartus
1363 1402 1632 1456 decimus
1686 1402 1976 1471 psalmus,

305 1494 444 1565 quia
473 1492 869 1548 remuneratio
901 1491 1207 1546 charitatis
1238 1496 1331 1547 est
1356 1507 1367 1546 :
1403 1491 1559 1546 unde
1590 1491 1821 1547 Domini
1852 1507 1983 1561 pas-

306 1584 420 1638 cha
449 1585 655 1655 quarta
684 1581 915 1637 decima
947 1581 1084 1635 luna
1116 1582 1369 1636 formam
1400 1581 1764 1636 celebritatis
1806 1596 1981 1635 acce-

305 1672 393 1743 pit
425 1687 437 1726 :
472 1671 753 1743 quoniam
782 1671 883 1741 qui
912 1670 1137 1740 pascha
1169 1671 1456 1740 celebrat,
1489 1670 1664 1725 debet
1694 1685 1831 1725 esse
1854 1685 1985 1740 per-

308 1761 526 1829 fectus,
560 1759 737 1815 debet
765 1775 963 1814 amare
996 1760 1310 1814 Dominum
1342 1760 1570 1827 Jesum,
1602 1760 1702 1829 qui
1726 1758 1981 1831 diligens

2088 594 2329 663 dicitur;
2366 617 2387 640 α
2439 594 2579 648 Dies
2623 595 2737 649 diei
2786 599 3009 650 eructat
3053 597 3301 651 verbum
3347 594 3533 663 (PsaI.
3581 608 3746 661 xvm,

2084 685 2158 753 3).
2196 708 2219 733 ιο
2253 686 2466 739 Contra
2484 688 2676 739 autem
2696 685 2990 741 Maximus
3009 689 3065 740 et
3086 685 3169 739 Eu
3179 685 3389 758 genius
3412 686 3470 739 in
3494 683 3746 751 inferno,

2082 776 2255 846 quasi
2287 796 2310 820 α
2346 789 2464 829 nox
2495 776 2650 828 nocti
2680 776 2897 829 indicat
2927 775 3234 829 scientiam
3267 774 3472 844 (lbid,)
3498 789 3512 842 ;
3543 773 3751 827 docen-

2084 869 2174 919 tes
2204 865 2472 934 exemplo
2505 864 2827 919 miserabili
2860 880 3037 935 quam
3068 865 3281 918 durum
3313 865 3389 918 sit
3417 879 3578 917 arma
3619 863 3749 916 suis

2083 952 2453 1025 principibus
2483 953 2770 1025 irrogare.
2805 954 2887 1007 De
2922 954 3140 1024 quibus
3186 953 3435 1025 pulchre
3482 952 3698 1006 dicitur
3734 968 3746 1005 :

2088 1064 2110 1090 «ι
2147 1041 2279 1095 Vidi
2311 1042 2553 1112 impium
2602 1043 3109 1113 superexaltatum
3154 1047 3210 1097 et
3261 1043 3552 1097 elcvatum
3598 1042 3753 1095 sicut

2086 1131 2297 1185 cedros
2330 1131 2565 1196 Libani;
2602 1135 2657 1186 et
2688 1132 2954 1199 transivi,
2990 1134 3045 1186 et
3076 1147 3214 1186 ecce
3246 1148 3362 1186 non
3394 1133 3519 1185 erat
3557 1129 3747 1199 (Psal.

2084 1235 2284 1287 xxxvr,
2337 1218 2425 1289 35,
2477 1220 2588 1289 36).
2648 1243 2668 1267 η
2724 1221 3023 1275 Transivit
3053 1220 3205 1275 enim
3234 1221 3369 1290 pius
3398 1220 3469 1274 de
3500 1218 3751 1291 caligine

2086 1310 2361 1365 saeculari
2392 1311 2463 1363 ad
2496 1311 2692 1364 lumen
2727 1315 3032 1380 aeternum,
3076 1313 3131 1365 et
3180 1326 3298 1364 non
3346 1310 3469 1364 erat
3510 1308 3748 1379 impius,

2088 1400 2189 1470 qui
2218 1415 2355 1454 esse
2389 1399 2604 1454 desivit
2634 1401 2896 1471 iniquus.

2154 1488 2243 1544 40.
2278 1489 2448 1547 Nunc
2480 1506 2547 1545 se
2578 1493 2850 1562 augustae
2880 1491 3183 1545 memoriae
3207 1487 3583 1544 Theodosius
3618 1503 3753 1559 reg-

2086 1594 2227 1633 nare
2284 1579 2612 1649 cognoscit,
2674 1580 2906 1651 quando
2962 1581 3021 1633 in
3069 1596 3252 1652 regno
3312 1578 3544 1634 Domini
3606 1576 3754 1631 Jesu

2086 1666 2311 1725 Christi
2341 1670 2451 1733 est,
2483 1671 2539 1722 et
2572 1669 2909 1723 considerat
2940 1670 3222 1739 templum
3244 1668 3400 1739 ejus.
3436 1667 3606 1722 Nunc
3638 1665 3754 1720 sibi

2089 1772 2194 1812 rex
2245 1759 2356 1826 est,
2405 1758 2640 1827 quando
2689 1758 2897 1827 recipit
2926 1758 3129 1825 ,etiam
3178 1757 3360 1811 filium
3416 1756 3755 1811 Gratianum

307 1850 588 1920 populum
618 1864 794 1903 suum
821 1849 1084 1919 perfecta
1112 1847 1416 1916 charitate,
1453 1864 1592 1902 sese
1620 1847 1830 1902 obtulit
1853 1863 2054 1928 pas-8
2090 1845 2226 1915 (49),
2259 1848 2317 1900 et
2349 1845 2741 1915 Pulcheriam,
2776 1846 3126 1900 dulcissima
3156 1846 3271 1900 sibi
3302 1846 3572 1917 pignora,
3624 1859 3757 1915 quae

313 1939 490 1994 sioni.
540 1937 611 1994 Et
653 1952 765 1993 nos
811 1937 902 1992 sic
942 1938 1285 2009 diligamus,
1320 1941 1383 1991 ut
1413 1937 1467 1991 si
1496 1952 1750 1992 necesse
1784 1936 1981 2005 fuerit,

311 2044 418 2098 pro
450 2027 683 2082 Domini
714 2026 951 2082 nomine
983 2029 1232 2080 mortem
1261 2041 1377 2081 non
1404 2026 1724 2098 fugiamus,
1760 2026 1987 2080 nullum

313 2117 682 2173 mstimemus
714 2116 999 2184 dolorem,
1051 2115 1195 2170 nihil
1244 2120 1575 2171 metuamus
1610 2132 1622 2171 :
1660 2138 1683 2164 α
1716 2115 1987 2170 Perfecta

313 2207 474 2262 enim
505 2206 765 2261 charitas
804 2205 1076 2259 timorem
1127 2205 1365 2275 expellit
1412 2205 1575 2259 foras
1625 2205 1681 2274 (Ι
1704 2205 1869 2260 Joan.
1905 2222 1982 2273 IV,

316 2296 430 2364 ‘18).
482 2319 505 2342 n
553 2294 787 2350 Grande
837 2295 1067 2349 numeri
1108 2295 1479 2365 mysterium,
1526 2295 1759 2366 quando
1811 2295 1990 2349 Pater

317 2385 534 2440 Filium
575 2383 813 2438 unicum
855 2398 964 2454 pro
1009 2383 1185 2437 nobis
1238 2383 1514 2437 omnibus
1558 2384 1815 2450 tradidit,
1856 2398 1991 2437 cum

314 2475 495 2544 pleno
527 2472 765 2527 luminis
794 2473 889 2527 sui
921 2472 1065 2527 orbe
1099 2471 1236 2526 luna
1266 2471 1543 2544 fulgeret.
1596 2472 1680 2526 Ita
1712 2474 1806 2527 est
1835 2472 1989 2526 enim

318 2562 611 2631 Ecclesia,
663 2578 797 2633 quae
846 2561 942 2632 pie
988 2561 1218 2615 Pascha
1253 2562 1513 2616 celebrat
1545 2561 1775 2616 Domini
1803 2565 1994 2616 nostri

317 2653 467 2707 Jesu
497 2650 740 2721 Christi,
775 2651 932 2705 sicut
959 2650 1097 2704 luna
1128 2650 1392 2721 perfecta
1422 2651 1481 2704 in
1528 2653 1815 2705 teternum
1865 2666 1993 2704 ma-

318 2745 439 2796 net.
472 2740 758 2811 Quisquis
788 2740 941 2795 bene
975 2739 1072 2794 bic
1104 2740 1334 2794 Domini
1381 2740 1610 2795 Pascha
1650 2740 1993 2795 celebrave-

319 2831 420 2901 rit,
456 2831 514 2884 in
542 2829 761 2885 lumine
789 2834 1076 2899 perpetuo
1108 2829 1237 2883 erit.
1268 2828 1415 2894 Quis
1450 2829 1820 2901 splendidius
1845 2829 1995 2884 cele-

317 2919 544 2989 bravit,
579 2935 755 2991 quam
784 2919 891 2990 qui
921 2918 1253 2989 sacrilegos
1281 2919 1531 2973 removit
1552 2934 1814 2989 errores,
1848 2919 1999 2973 clau-

318 3009 402 3064 sit
432 3008 645 3080 templa
674 3008 992 3063 simulacra
1020 3008 1354 3063 destruxit?
1383 3009 1447 3063 In
1480 3008 1595 3063 hoc
1645 3009 1849 3064 Josias
1891 3024 1998 3063 rex

321 3098 740 3170 superioribus
770 3098 1063 3153 antelatus
1095 3100 1188 3152 est
1219 3097 1335 3166 (IV
1360 3097 1506 3169 Reg.
1541 3114 1708 3167 χχιιι,
1740 3096 1852 3167 25).

2091 1934 2188 1989 hic
2220 1935 2520 2004 amiserat,
2554 1934 2787 2004 quando
2818 1935 2871 1988 ei
2902 1950 3011 1988 sua
3041 1933 3319 1988 Flaccilla
3351 1933 3633 2000 adhaeret,
3682 1932 3760 1985 li-

2091 2023 2241 2078 delis
2285 2024 2479 2077 anima
2529 2023 2684 2087 Deo;
2733 2023 2967 2094 quando
3015 2027 3241 2093 patrem
3291 2022 3407 2076 sibi
3469 2020 3761 2076 redditum

2092 2112 2440 2185 gratulatur,
2475 2111 2709 2183 quando
2751 2110 3137 2166 Constantino
3187 2111 3450 2166 adhaeret
3495 2109 3607 2179 (50)
3656 2109 3765 2164 Cui

2093 2203 2231 2257 licet
2260 2200 2632 2272 baptismatis
2666 2201 2857 2272 gratia
2885 2200 2944 2253 in
2974 2200 3201 2254 ultimis
3224 2200 3541 2254 constituto
3566 2199 3765 2252 omnia

2094 2293 2335 2363 peccata
2358 2289 2667 2359 dimiserit,
2690 2292 2885 2342 tamen
2907 2289 3064 2359 quod
3095 2290 3323 2358 primus
3345 2288 3765 2363 imperatorum

2097 2360 2363 2446 credidit,
2400 2382 2455 2433 et
2485 2380 2618 2448 post
2647 2393 2713 2431 se
2753 2377 3159 2431 haereditatem
3209 2377 3344 2431 ﬁdei
3394 2360 3764 2447 principibus

2096 2468 2426 2540 dereliquit,
2461 2467 2660 2539 magni
2691 2467 2886 2520 meriti
2914 2466 3110 2521 locum
3142 2467 3380 2537 reperit.
3416 2464 3606 2537 Cujus
3628 2469 3766 2519 tem-

2098 2558 2346 2629 poribus
2397 2556 2753 2627 completum
2794 2559 2886 2610 est
2937 2555 3081 2609 illud
3130 2555 3591 2626 propheticum:
3646 2576 3667 2601 ιι
3701 2554 3766 2607 In

2100 2648 2199 2702 illo
2232 2648 2326 2701 die
2359 2646 2487 2715 erit,
2522 2646 2677 2716 quod
2712 2659 2895 2714 super
2924 2644 3158 2698 frenum
3188 2645 3344 2715 equi,
3370 2645 3639 2699 sanctum
3660 2642 3769 2697 Do-

2101 2737 2258 2792 mino
2289 2735 2668 2806 omnipotenti
2702 2734 2907 2801 (Zach.
2940 2751 3060 2803 xxv,
3094 2735 3204 2804 20).
3244 2754 3265 2783 θ
3299 2733 3466 2798 Quod
3496 2732 3595 2787 illa
3627 2749 3769 2786 san-

2104 2830 2213 2882 ctae
2243 2825 2544 2880 memoriae
2579 2823 2800 2879 Helena
2828 2825 3013 2878 mater
3061 2823 3196 2895 ejus
3246 2824 3444 2878 infuso
3496 2821 3611 2877 sibi
3663 2820 3769 2875 Dei

2104 2916 2324 2987 Spiritu
2352 2913 2656 2970 revelavit.

2177 3005 2265 3059 41.
2306 3004 2524 3058 Beatus
2553 3001 2976 3057 Constantinus
3006 3003 3107 3057 tali
3136 3006 3401 3074 parente,
3436 3019 3569 3074 quae
3593 3002 3772 3073 impc-

2103 3094 2257 3149 ranti
2305 3092 2425 3147 ﬁlio
2475 3092 2657 3146 divini
2700 3092 2964 3164 muneris
3012 3092 3290 3163 quaesivit
3319 3092 3604 3146 auxilium
3636 3092 3772 3163 (51),

397 3187 486 3244 39.
530 3186 725 3242 Manet
752 3203 898 3260 ergo
931 3188 990 3241 in
1020 3187 1243 3242 lumine
1273 3186 1649 3241 Theodosius
1679 3190 1736 3242 et
1764 3190 2000 3241 sancto-
2027 3225 2082 3294 ο
2107 3198 2224 3254 quo
2257 3182 2410 3236 inter
2436 3181 2641 3251 praelia
2671 3196 2906 3252 quoque
2935 3183 3097 3235 tutus
3130 3182 3475 3249 assisteret,
3509 3186 3566 3235 et
3613 3181 3776 3251 peri-

324 3293 463 3332 rum
520 3277 775 3333 coetibus
825 3277 1133 3349 gloriatur.
1196 3275 1320 3330 Illic
1380 3292 1535 3331 nunc
1596 3277 2002 3346 complectitur
2028 3270 2082 3294 ν
2108 3272 2306 3327 culum
2337 3287 2456 3326 non
2489 3271 2739 3325 timeret.
2773 3270 2985 3342 Magna
3018 3270 3254 3339 femina,
3288 3286 3422 3342 quae
3444 3270 3625 3324 multo
3646 3285 3773 3323 am-

323 3367 670 3422 Gratianum
694 3365 817 3438 jam
847 3381 957 3421 sua
990 3366 1236 3420 vulnera
1278 3382 1395 3420 non
1440 3369 1807 3435 mcerentem,
1861 3365 2000 3436 quia

327 3456 553 3511 invenit
601 3458 891 3519 ultorem;
956 3455 1057 3526 qui
1107 3456 1245 3509 licet
1298 3455 1541 3527 indigna
1575 3456 1768 3520 1209
1815 3459 2003 3509 morte

324 3550 663 3617 praareptus
692 3546 771 3599 sit
797 3545 931 3615 (48),
963 3545 1231 3616 requiem
1271 3544 1482 3600 animae
1532 3561 1660 3600 sua}
1709 3545 2000 3615 possidet.

326 3634 456 3691 Illic
484 3635 679 3690 bonus
710 3638 957 3706 uterque
988 3637 1045 3689 et
1074 3633 1308 3706 pietatis
1338 3632 1632 3704 interpres
1662 3634 1867 3707 largus
1896 3633 2005 3686 mi-

404 3779 517 3849 (Π)
557 3779 636 3833 Ita
669 3778 798 3851 cod.
836 3779 986 3851 Reg.
1022 3778 1289 3851 unus,in
1322 3778 1561 3851 caeteris
1586 3793 1750 3851 vero,
1786 3779 1842 3831 ct
1864 3793 2002 3851 cun-

330 3852 446 3905 ctis
477 3848 614 3905 edit.
649 3849 886 3905 alleluia
929 3848 1412 3921 praetermittitur,
1461 3849 1570 3904 sed
1612 3848 2001 3921 incommode.

332 3922 552 3977 lterum
582 3925 775 3977 autem
804 3937 912 3992 pro
931 3919 972 3969 Qu
1008 3921 1065 3975 in
1096 3925 1304 3992 quarto
1338 3922 1565 3975 decimo
1595 3920 1826 3992 psalmo
1853 3943 1875 3967 η
1904 3919 2004 3974 ha-

332 3994 434 4048 bet
469 3994 637 4048 Vind.
671 3991 863 4062 cod,’«
899 3993 958 4046 in
991 3991 1314 4047 centesimo
1347 3992 1659 4046 undecimo
1689 3991 1939 4061 psalmo.
1982 4014 2002 4037 ιι

404 4064 518 4133 (48)
558 4065 821 4133 Amerb.,
861 4088 883 4111 «ι
918 4064 1158 4135 indigna
1190 4067 1377 4118 morte
1397 4066 1741 4135 praeventus
1775 4078 2008 4135 acgprae—

332 4141 566 4217 ceptus,
602 4157 624 4186 ι
660 4136 794 4191 Gill.
827 4140 885 4191 et
914 4133 1132 4190 Eras...
1171 4158 1192 4181 ιι
1229 4151 1297 4188 ac
1327 4133 1693 4204 prégreptus;
1749 4156 1769 4179 η
1829 4133 2000 4188 Rom.

332 4207 476 4261 edit.
513 4230 533 4255 α
569 4207 812 4261 indigna
842 4212 1030 4261 morte
1063 4209 1441 4261 peremptus:
1481 4229 1502 4254 η
1540 4220 1688 4259 mss.
1711 4220 1855 4260 vero
1886 4204 2000 4258 fre-

332 4220 476 4263 edit.
513 4230 535 4289 «ε
569 4220 812 4290 indigna
842 4220 1030 4290 morte
1063 4220 1441 4276 peremptus;
1481 4229 1502 4254 η
1540 4220 1688 4259 mss.
1711 4220 1855 4260 vero
1886 4220 1976 4258 Ire

332 4284 736 4359 quﬁ'lhsﬁ‘m'v
771 4282 975 4359 ἓξηοε
1006 4282 1302 4359 Πλέθκωι.
1385 4348 1420 4359 ..
1715 4350 1725 4359 .
1842 4347 1856 4359 .
1899 4346 1913 4359 .

409 4350 521 4419 (49)
564 4349 691 4404 Vet.
724 4346 900 4419 ledit.,
959 4372 981 4397 «ι
1032 4349 1218 4403 filium
1261 4348 1623 4414 Gratianum,
1676 4350 1734 4402 et
1762 4346 2007 4416 pulchra

330 4421 458 4493 jam
490 4418 928 4493 dulcissimus
968 4420 1145 4493 Rom.
1190 4420 1355 4493 edit.,
1409 4420 1592 4493 filium
1639 4418 2005 4493 Gratianum,

333 4488 394 4548 et
424 4491 823 4558 pulcherrima
853 4508 921 4545 ac
951 4491 1335 4555 dulcissima;
1376 4512 1397 4539 ιο
1445 4490 1534 4545 sic
1580 4490 1756 4544 etiam
1802 4488 2012 4558 scripti

334 4560 474 4658 condi:
507 4568 759 4658 excleptp.
786 4563 914 4617 Vat.
946 4562 1343 4658 un‘oh'l‘lhpan:
1376 4565 1434 4616 et
1457 4561 1652 4658 Delii”
1686 4561 1745 4643 in
1765 4560 2005 4658 quibus,
2036 4592 2095 4658 Β

340 4657 364 4685 α
394 4635 582 4689 filium
601 4632 963 4699 Gratianum,
988 4633 1432 4688 etPuleheriam
1454 4632 1824 4701 dulcissima,
1854 4655 1875 4679 »
1894 4636 2007 4686 etc.

335 4706 649 4772 Quomodo
703 4709 897 4760 autem
942 4706 1258 4761 Gratianus
1307 4703 1629 4758 Theodosii
1683 4703 1841 4757 filius
1898 4702 2013 4757 dici

337 4778 621 4848 potuerit,
668 4793 702 4831 a
748 4776 922 4832 nobis
967 4777 1039 4830 ad
1085 4776 1257 4848 epist.
1306 4774 1368 4829 51
1409 4774 1776 4848 explicatum
1807 4777 1919 4848 est.
1951 4773 2014 4828 Si

337 4845 540 4904 tamen
570 4849 786 4920 aliquis
814 4852 951 4918 post
981 4847 1297 4920 Beronium
1324 4845 1626 4920 existimet
1673 4845 2015 4920 Gratiarum

338 4921 502 4975 hunc
548 4916 689 4975 vere
738 4916 1094 4990 ac_proprie
1140 4917 1461 4990 Theodosii
1496 4917 1679 4990 iiiium
1710 4916 2012 4990 appellari,

342 4991 463 5061 ipsi
498 4991 706 5046 saltem
738 4987 945 5045 contra
968 4987 1250 5044 eumdem
1280 4987 1654 5061 Cardinalem
1703 4987 2018 5061 dicendum

344 5057 463 5118 erit
494 5062 653 5116 illum
682 5062 1024 5117 Gratianum
1054 5077 1168 5115 non
1200 5075 1233 5114 e
1281 5058 1577 5125 Flaccilla,
1628 5059 1721 5112 cui
1773 5063 1894 5112 tres
1943 5057 2016 5110 li-

342 5135 530 5217 beros
576 5134 904 5217 Gregorius
954 5132 1138 5217 Nyss.
1186 5131 1245 5184 in
1296 5129 1430 5201 ejus
1478 5129 2016 5217 funebrinoratione

341 5207 570 5285 tantum
600 5200 889 5285 assignat,
925 5200 1188 5285 genitum
1218 5200 1377 5270 esse,
1413 5217 1620 5282 verum
1648 5200 1872 5283 e_Galla
1918 5215 2013 5285 se-

344 5276 542 5330 cunda
570 5272 842 5345 ejusdem
863 5272 1146 5345 principis
1165 5289 1375 5341 uxore,
1409 5288 1585 5345 quam
1607 5272 1669 5345 in
1688 5272 2007 5345 ipsopartu

342 5348 556 5417 paucis
586 5342 799 5402 diebus
829 5342 1143 5416 antequam
1171 5346 1266 5399 ille
1294 5345 1366 5398 ad
1407 5342 1789 5417 inferendum,
1827 5342 2016 5417 Euge-

344 5414 445 5473 nio
479 5419 698 5473 bellum
729 5418 787 5471 in
818 5414 1042 5472 Italiam
1089 5417 1335 5483 veniret,
1388 5415 1730 5485 exspirasse
1777 5414 2015 5467 tradunt

348 5490 645 5545 historici.
700 5487 897 5559 Hujus
944 5504 1123 5559 porro
1165 5487 1347 5543 Gallae
1389 5486 1484 5559 hic
1516 5486 1870 5559 mentionem
1902 5500 2018 5559 non

348 5560 492 5615 fecit
540 5555 917 5629 Ambrosius,
947 5555 1121 5613 'forte
1170 5575 1302 5611 cum
1344 5558 1587 5629 educata
1619 5556 1836 5610 fuisset
1864 5555 2019 5625 apud

350 5628 933 5711 matrem_Arianam,_
966 5629 1184 5711 aliquid
1218 5628 1479 5711 contagii
1504 5644 1577 5681 ex
1606 5629 2016 5711 ea‘centra-xe-

353 5706 466 5771 rat,
516 5704 672 5759 unde
721 5703 871 5759 ﬁdes
920 5698 1112 5773 ipsius
1153 5698 1636 5773 Aminus_integra
1676 5698 2015 5773 haberetur.

355 5769 567 5847 Neque
614 5776 771 5833 enim
804 5769 1203 5847 Philostorgio
1253 5769 1616 5828 credendum
1663 5786 1883 5843 remur,
1918 5769 2021 5845 qui

2109 3361 2265 3432 plius
2283 3360 2505 3414 invenit
2535 3359 2691 3431 quod
2724 3358 3063 3430 imperatori
3088 3358 3404 3427 conferret,
3425 3375 3598 3429 quam
3622 3359 3780 3430 quod

2113 3451 2186 3505 ab
2207 3451 2563 3520 imperatore
2595 3448 2911 3518 acciperet.
2946 3448 3133 3501 Anxia
3164 3451 3350 3503 mater
3377 3463 3482 3518 pro
3512 3447 3651 3515 filio,
3686 3448 3783 3502 cui

2113 3556 2363 3613 regnum
2379 3538 2542 3593 orbis
2559 3538 2806 3592 Romani
2826 3542 3111 3604 cesserat,
3129 3538 3429 3592 festinavit
3442 3538 3784 3609 Hierosoly-

2114 3645 2288 3697 mam,
2339 3631 2397 3683 et
2446 3630 2706 3681 scrutata
2736 3629 2828 3681 est
2861 3626 3057 3681 locum
3091 3627 3413 3682 Dominicae
3444 3626 3779 3682 Passionis.

2114 3788 2244 3827 eam
2293 3771 2532 3827 omnino
2583 3771 2821 3824 Arianis
2868 3771 3143 3841 partibus
3199 3771 3492 3826 addictam
3547 3771 3777 3826 scribit.

2112 3844 2277 3909 Quod
2308 3858 2451 3897 vero
2483 3843 2555 3896 ad
2587 3842 2943 3912 Flaccillam,
2985 3858 3217 3897 summa
3262 3845 3475 3898 virtute
3520 3859 3590 3897 ac
3636 3843 3783 3897 reli-

2114 3916 2292 3987 gione
2312 3914 2624 3987 praeditam
2654 3929 2782 3968 eam
2814 3912 3006 3987 fuisse
3055 3916 3481 3987 cognoscimus
3517 3930 3531 3987 ς
3556 3914 3637 3987 de
3668 3930 3785 3985 qua

2117 3984 2363 4041 consule
2396 3985 2829 4040 Theodoretum
2862 3984 2964 4039 lib.
2996 4003 3034 4038 v
3064 3984 3314 4046 Ηίζςεοιση
3352 4002 3479 4055 cap.
3512 3986 3599 4041 ‘19.

2187 4059 2300 4127 (50)
2349 4057 2481 4111 Non
2530 4056 2717 4127 potuit
2765 4056 3122 4111 Ambrosius
3173 4058 3783 4127 clarioribus_verbis

2118 4123 2396 4212 suampe‘
2409 4123 2777 4212 Constantini
2799 4128 3093 4212 baptismo
3117 4129 3470 4212 sententiam
3489 4123 3782 4212 promere.

2117 4200 2232 4255 Sed
2254 4199 2439 4255 nihilo
2469 4199 2787 4254 obscurius
2819 4200 3089 4254 eumdem
3120 4201 3448 4270 principem
3493 4199 3553 4255 in
3587 4203 3784 4255 extre-

2116 4272 2232 4325 mis
2264 4275 2486 4325 tantum
2518 4286 2587 4326 eo
2621 4273 2991 4325 sacramento
3025 4272 3310 4327 initiatum
3343 4287 3482 4326 esse
3511 4271 3607 4325 alii
3639 4270 3785 4326 scri-

2117 4347 2321 4413 ptores
2366 4345 2901 4413 contestantur,_ut
2945 4346 3084 4413 puta
3133 4343 3452 4410 Eusebius,
3494 4342 3595 4396 lib.
3628 4359 3688 4395 IV
3714 4341 3788 4395 de

2132 4411 2260 4468 Vita
2295 4414 2601 4468 Constant.
2632 4429 2759 4482 cap.
2793 4411 2855 4466 61
2883 4416 2941 4468 et
2958 4412 3065 4480 62;
3102 4414 3503 4483 Hieronymus
3522 4414 3578 4466 in
3603 4413 3788 4468 01)νο-

2120 4486 2286 4553 nico;
2316 4484 2617 4550 Socrates,
2651 4485 2751 4537 lib.
2777 4501 2795 4537 ι
2815 4483 2972 4537 Hist.
2998 4500 3126 4553 cap.
3149 4484 3253 4553 39;
3278 4484 3663 4551 Sozomenus,
3684 4484 3785 4538 lib.

2119 4574 2194 4637 ιι,
2213 4571 2342 4626 cap.
2375 4556 2480 4637 3_5‘;
2514 4555 2946 4637 Theoderetus,
2981 4555 3082 4637 lib.
3116 4572 3157 4625 ι,
3192 4571 3320 4637 cap.
3342 4555 3442 4637 ΞΕ,
3477 4556 3534 4637 et
3560 4554 3689 4637 alii;
3726 4557 3790 4609 ut

2119 4624 2336 4683 mirum
2365 4627 2636 4681 videatur
2667 4626 2859 4680 adhuc
2888 4628 3145 4694 exstare,
3191 4624 3292 4697 qui
3338 4624 3789 4681 Constantinum

2120 4718 2152 4754 a
2182 4699 2670 4770 Sylvestropapa
2700 4697 3053 4770 baptizatum
3084 4711 3158 4751 ex
3188 4697 3357 4751 Actis
3405 4697 3783 4769 apocryphis,

2120 4774 2178 4827 et
2221 4767 2354 4842 quis
2384 4769 2510 4842 ipsi
2552 4770 2617 4842 in
2654 4768 2857 4842 multis
2897 4767 3213 4842 depravata
3262 4772 3558 4840 coguntur
3596 4767 3790 4841 agno-

2123 4838 2313 4910 scere,
2344 4838 2700 4895 obstinatius
2731 4838 3070 4910 defendant.

2191 4913 2304 4981 (51)
2345 4912 2656 4984 Habemus
2679 4912 2790 4964 hoc
2820 4909 3156 4984 etiamloce
3186 4913 3615 4982 venerationis,
3670 4929 3790 4984 qua

2123 4984 2309 5054 prisci
2340 4982 2660 5055 Christiani
2694 4997 2903 5055 sacras
2935 4981 3219 5052 reliquias
3247 4981 3789 5055 prosequebantur,

2125 5053 2181 5109 et
2221 5055 2335 5127 piae
2382 5054 2614 5127 ﬁduciae
2659 5069 2834 5127 quam
2868 5053 2937 5127 in
2984 5068 3191 5127 earum
3220 5053 3505 5123 praesidio
3536 5071 3793 5127 repone-

2125 5123 2295 5209 βαιῇ,
2317 5125 2554 5209 insigne
2583 5123 3007 5209 testimonium:
3035 5123 3153 5204 sed
3185 5141 3494 5209 quorsum,
3530 5123 3790 5209 inquies,

2127 5197 2184 5251 in
2231 5195 2549 5251 Theodosii
2606 5195 2937 5249 laudatione
2994 5194 3337 5265 hujusmodi
3399 5194 3675 5253 excursio
3734 5197 3795 5249 in

2129 5268 2325 5323 crucis
2356 5266 2790 5321 inventionem?
2824 5267 3277 5335 Respondemus
3308 5270 3456 5323 satis
3475 5266 3794 5321 Ambrosio

2128 5338 2415 5393 familiare
2461 5353 2600 5392 esse
2649 5354 2682 5391 a
2728 5338 3032 5408 proposita
3082 5340 3324 5394 materia
3367 5338 3623 5409 digredi,
3659 5352 3797 5409 cum

2167 5411 2222 5464 ia
2264 5409 2555 5491 quaepiam
2601 5408 2807 5491 invitat
2850 5409 3107 5491 occasio,
3159 5408 3520 5491 qualis‘fu‘it
3575 5408 3795 5488 mentio

2173 5478 2508 5549 onstantini,
2541 5480 2638 5550 qui
2671 5481 2900 5549 primus
2932 5478 3233 5534 Caesarum
3268 5480 3328 5533 in
3373 5479 3549 5533 bellis
3596 5478 3795 5533 crucis

2126 5552 2406 5607 vexillum
2439 5552 2709 5622 praeferri
2743 5553 2927 5605 voluit
2958 5567 3119 5622 :iqua
3150 5551 3207 5604 in
3239 5567 3303 5604 re
3353 5551 3547 5622 ipsum
3596 5550 3796 5604 Theo—

2125 5624 2334 5679 dosius
2356 5620 2612 5701 inbelle
2644 5623 2947 5701 adversus
2982 5620 3315 5701 Eugenium
3364 5620 3632 5701 imitatus
3652 5625 3793 5701 _est,

2168 5695 2616 5750 uemadmodum
2647 5710 2720 5748 ex
2750 5690 3105 5748 Theodoreti
3161 5690 3372 5764 lib.__v,
3421 5707 3549 5763 cap.
3600 5692 3690 5764 24,
3741 5696 3800 5748 et

2168 5712 2616 5750 uemaumouum
2647 5712 2720 5748 6X
2762 5712 3105 5748 ιηθοαοτθιι
3161 5712 3263 5745 ιιι).
3315 5712 3372 5759 ν,
3421 5712 3435 5745 (

2124 5712 2321 5824 grosii
2350 5766 2452 5824 lib.
2485 5783 2585 5838 vn,
2621 5781 2748 5838 cap.
2780 5764 2871 5836 36,
2906 5776 3243 5835 cognoscas
3276 5761 3435 5821 licet.

2150 5482 2166 5499 Ἴ
