4136 6182
374 216 533 283 1463

1814 221 1882 288 S.
1929 224 2374 290 AMBROSII.

3668 226 3834 294 1464

446 417 534 474 42.
577 415 964 476 Stabulariam
993 421 1107 493 (52)
1136 422 1288 478 hanc
1310 424 1498 495 primo
1527 422 1719 481 fuisse
1761 428 2042 481 asserunt
2069 411 2124 473 Α
2224 426 2312 482 45.
2353 425 2558 498 Aperit
2600 426 2794 498 itaque
2842 425 3084 484 humum
3109 469 3124 497 ,
3176 425 3398 484 decutit
3439 427 3758 498 pulverem
3817 445 3834 486 :

378 509 464 563 sic
497 509 789 580 cognitam
807 511 1146 566 Constantio
1171 515 1417 583 seniori,
1443 513 1543 585 qui
1561 517 1766 584 postea
1788 531 2042 588 regnum

377 599 624 668 adeptus
657 601 766 653 est.
803 599 962 654 Bona
993 602 1334 672 stabularia,
1381 619 1514 674 quae
1567 607 1681 657 tam
1727 604 2044 676 diligenter

376 702 650 756 praesepe
680 687 913 742 Domini
944 691 1274 761 requisivit.
1310 693 1471 746 Bona
1517 693 1858 763 stabulm-ia,
1909 709 2042 765 quae

381 775 771 830 stabularium
800 793 918 832 non
947 779 1246 850 ignoravit
1273 782 1455 850 illum,
1489 782 1590 852 qui
1641 783 1884 836 vulnera
1934 799 2042 838 cu-

379 865 533 918 ravit
562 881 594 918 a
623 866 952 922 latronibus
985 871 1268 924 vulnerati
1301 871 1464 941 (Luc.
1498 889 1554 939 χ,
1587 871 1699 940 34).
1734 870 1895 925 Bona
1925 875 2040 926 sta-

377 953 626 1023 bularia,
662 971 796 1025 quae
827 957 1028 1013 maluit
1063 961 1342 1016 aestimari
1380 966 1647 1018 stercora
1676 959 1810 1034 (53),
1849 963 2041 1028 1210

379 1045 441 1096 ut
470 1041 770 1098 Christum
793 1045 1170 1104 lucrifaceret
1200 1051 1484 1125 (Philipp.
1509 1072 1591 1125 ιιι,
1615 1054 1692 1126 8).
1727 1057 1863 1111 Ideo
1885 1055 2046 1109 illam

379 1129 654 1214 Christus
684 1133 755 1188 de
788 1137 1052 1192 stercore
1081 1139 1297 1195 levavit
1319 1142 1392 1196 ad
1415 1158 1686 1215 regnum,
1714 1145 2043 1200 secundum

381 1223 539 1293 quod
569 1225 856 1294 scriptum
887 1231 977 1280 est
1009 1243 1020 1280 :
1061 1251 1081 1274 «
1119 1227 1264 1294 Quia
1296 1232 1544 1286 suscitat
1588 1233 1659 1287 de
1709 1237 1863 1289 terra
1910 1234 2044 1290 ino-

380 1327 534 1381 pem,
568 1316 624 1366 et
645 1313 716 1367 de
735 1317 998 1370 stercore
1021 1316 1196 1388 erigit
1211 1335 1528 1390 pauperem
1549 1321 1738 1391 (Psal.
1765 1339 1900 1390 exn,
1917 1322 1992 1393 7).
2017 1346 2038 1371 υ

453 1401 542 1455 43.
575 1401 749 1456 Venit
776 1418 920 1475 ergo
955 1405 1198 1476 Helena,
1234 1409 1411 1478 cmpit
1440 1411 1710 1466 revisere
1741 1413 1869 1467 loca
1908 1425 2046 1467 san-

384 1493 494 1560 cta,
529 1490 741 1546 infudit
771 1493 826 1547 ei
853 1492 1108 1563 Spiritus
1140 1499 1202 1550 ut
1221 1495 1446 1568 lignum
1465 1501 1662 1554 crucis
1684 1501 2045 1573 requireret;

383 1579 644 1635 accessit
673 1581 747 1635 ad
778 1580 1091 1654 Golgotha,
1124 1588 1182 1640 et
1209 1585 1289 1640 ait
1315 1602 1328 1642 :
1358 1607 1379 1635 ι
1407 1586 1560 1642 Ecce
1602 1589 1770 1644 locus
1805 1603 2044 1663 pugnae,

382 1667 483 1724 ubi
514 1672 606 1724 est
636 1669 924 1726 victoria?
972 1672 1184 1738 Quaero
1233 1675 1518 1731 vexillum
1565 1677 1798 1746 salutis,
1848 1683 2048 1736 etnon

2155 515 2267 569 tria
2295 515 2552 586 patibula
2575 515 2823 572 confusa
2839 517 3076 588 reperit,
3109 533 3246 588 qum
3264 517 3434 572 ruina
3457 521 3832 587 contexerat,

2155 603 2429 659 inimicus
2475 605 2888 660 absconderat.
2945 605 3064 661 Sed
3118 621 3236 660 non
3275 607 3463 676 potuit
3493 607 3834 662 oblitterari

2153 691 2371 748 Christi
2391 694 2743 764 triumphus.
2765 687 2994 750 Incerto
3015 694 3200 750 haeret
3225 711 3238 750 :
3268 697 3476 765 haeret,
3500 701 3566 751 ut
3583 697 3836 766 mulier;

2155 783 2263 837 sed
2293 787 2515 837 certam
2544 784 2884 854 indaginem
2914 784 3177 854 Spiritus
3204 788 3449 840 sanctus
3479 785 3741 855 inspirat
3762 800 3835 841 eo

2157 873 2314 942 quod
2363 874 2478 928 duo
2528 873 2792 928 latrones
2839 889 2972 929 cum
3007 873 3256 928 Domino
3287 874 3561 930 cruciﬁxi
3591 875 3836 930 fuerint.

2155 961 2378 1026 Quaerit
2407 977 2554 1034 ergo
2585 961 2840 1018 medium
2867 963 3116 1034 lignum.
3161 962 3278 1018 Sed
3326 965 3565 1034 poterat
3610 964 3747 1018 ﬁeri
3775 967 3842 1020 ut

2156 1049 2418 1121 patibula
2449 1051 2602 1106 inter
2629 1067 2696 1106 se
2727 1051 2899 1106 ruina
2918 1051 3326 1120 confunderet,
3359 1067 3542 1108 casus
3573 1052 3836 1110 inverte-

2157 1142 2248 1195 ret
2278 1139 2414 1210 (56).
2449 1139 2626 1195 Redit
2653 1139 2723 1194 ad
2758 1139 3063 1212 Evangelii
3084 1140 3416 1210 lectionem,
3451 1141 3682 1197 invenit
3699 1143 3842 1214 quia

2157 1228 2216 1284 in
2251 1229 2443 1283 medio
2477 1229 2734 1299 patibulo
2765 1231 3046 1300 praelatus
3080 1229 3286 1285 titulus
3327 1234 3454 1286 erat
3501 1247 3514 1285 :
3571 1253 3594 1277 ι
3645 1231 3840 1286 Jesus

2156 1317 2521 1387 Nazareuus,
2559 1319 2688 1374 Rex
2717 1319 3057 1374 Judaeorum
3087 1319 3277 1389 (Joan.
3309 1337 3430 1390 XIX,
3467 1319 3582 1390 19).
3619 1343 3642 1368 ι
3684 1320 3840 1376 Hinc

2158 1407 2408 1462 collecta
2439 1410 2532 1463 est
2559 1408 2752 1464 series
2783 1408 3070 1477 veritatis,
3105 1409 3274 1464 titulo
3306 1424 3451 1464 crux
3500 1409 3692 1480 patuit
3737 1425 3842 1464 sa-

2158 1496 2392 1552 lutaris.
2435 1497 2562 1552 Hoc
2607 1499 2700 1552 est
2738 1497 2896 1568 quod
2943 1497 3279 1566 petentibus
3327 1497 3561 1554 Judzeis
3605 1498 3840 1554 Pilatus

2157 1585 2509 1658 respondit:
2550 1609 2572 1633 ιι
2621 1585 2790 1652 Quod
2833 1585 3074 1657 scripsi,
3125 1586 3310 1651 1211
3370 1587 3598 1658 scripsi
3643 1587 3835 1657 (Ibid.

2157 1673 2270 1745 22),
2312 1700 2333 1724 ιι
2367 1675 2426 1730 id
2461 1680 2572 1746 est,
2606 1691 2724 1731 non
2755 1691 2824 1731 ea
2857 1675 3100 1747 scripsi,
3132 1691 3268 1747 quae
3296 1675 3474 1730 vobis
3501 1676 3836 1746 placerent,

382 1757 644 1812 invenio.
681 1757 830 1830 Ego,
863 1759 1070 1831 inquit,
1103 1762 1164 1817 in
1197 1765 1424 1834 regnis,
1455 1769 1514 1820 et
1542 1781 1694 1822 crux
1731 1767 1961 1822 Domini
1989 1768 2049 1822 in
2083 1791 2132 1853 Β
2163 1765 2271 1819 sed
2301 1780 2434 1835 quae
2467 1769 2614 1820 aetas
2646 1765 2841 1820 futura
2871 1767 3266 1836 cognosceret
3297 1779 3311 1820 :
3343 1779 3463 1820 non
3495 1764 3676 1820 vobis
3697 1765 3846 1819 seri-

383 1845 666 1916 pulvere?
713 1861 827 1918 ego
871 1848 930 1902 in
974 1851 1175 1905 aureis
1225 1852 1360 1922 (54),
1409 1859 1466 1908 et
1513 1855 1572 1908 in
1605 1855 1795 1910 ruinis
1827 1855 2050 1912 Christi

381 1933 758 2004 triumphus?
806 1935 902 1990 ille
953 1937 1146 1993 adhuc
1193 1939 1353 2011 latet,
1405 1947 1459 1997 et
1509 1944 1648 1998 latet
1693 1945 1881 2014 palma
1913 1945 2049 2000 vitae

383 2024 662 2078 aeternae?
687 2023 990 2088 Quomodo
1019 2043 1111 2082 me
1142 2029 1503 2101 redemptam
1533 2032 1810 2103 arbitror,
1865 2034 1918 2088 si
1949 2049 2050 2088 rc-

384 2111 640 2182 demptio
670 2111 800 2183 ipsa
829 2130 948 2170 non
979 2117 1278 2174 cernitur?

451 2198 540 2255 4t.
582 2199 766 2257 Video
795 2203 936 2274 quid
966 2207 1190 2277 egeris,
1237 2207 1489 2277 diabole,
1545 2215 1605 2268 ut
1651 2211 1888 2284 gladius
1931 2227 2050 2284 quo

383 2292 723 2360 peremptus
753 2307 841 2362 es,
878 2293 1304 2351 obstrueretur.
1351 2298 1468 2354 Sed
1507 2300 1671 2355 Isaac
1703 2301 2048 2358 obstructos

383 2379 456 2432 ab
487 2378 838 2453 alienigenis
866 2386 1076 2452 puteos
1099 2386 1460 2457 erudaverit,
1495 2405 1605 2444 nec
1633 2391 1814 2446 latere
1837 2407 2050 2462 aquam

383 2483 605 2536 passus
652 2473 745 2524 est
794 2472 908 2542 (55)
958 2471 1130 2542 (Gen.
1179 2492 1344 2546 xxvr,
1397 2477 1506 2549 i8).
1557 2478 1820 2534 Tollatur
1867 2481 2050 2552 igitur

382 2557 573 2629 ruina,
606 2563 668 2614 ut
698 2560 814 2616 vita
835 2565 1143 2633 appareat:
1168 2569 1472 2636 promatur
1487 2567 1746 2638 gladius,
1782 2585 1900 2640 quo
1925 2569 2052 2624 veri

383 2647 567 2703 Goliae
599 2652 773 2719 caput
802 2655 894 2720 est
923 2656 1281 2723 amputatum
1309 2654 1366 2725 (Ι
1389 2655 1536 2728 Reg.
1571 2674 1712 2726 xvn,
1747 2656 1839 2728 51)
1875 2675 1887 2711 :
1922 2673 2053 2728 ape-

383 2737 571 2792 riatur
603 2739 840 2810 humus,
874 2743 935 2795 ut
965 2743 1130 2799 salus
1161 2742 1385 2816 fulgeat
1425 2745 1543 2814 (Isa
1588 2762 1722 2815 xcv,
1775 2746 1850 2815 8),
1901 2748 2050 2812 Quid

385 2827 584 2899 egisti,
620 2828 870 2899 diabole,
904 2834 966 2886 ut
996 2831 1396 2888 absconderes
1428 2834 1674 2906 lignum,
1708 2835 1828 2890 nisi
1858 2840 1919 2890 ut
1945 2837 2048 2891 ite-

385 2931 518 2970 rum
546 2917 920 2974 vinccreris?
951 2919 1104 2975 Vicit
1135 2923 1188 2975 te
1221 2921 1421 2990 Maria,
1455 2939 1589 2994 qua)
1618 2925 1821 2996 genuit
1851 2925 2052 2980 trium-

384 3006 712 3078 phatorem,
745 3025 878 3078 quae
909 3010 1039 3064 sine
1056 3009 1459 3066 imminutione
1493 3013 1850 3084 virginitatis
1873 3015 2054 3071 edidit

387 3109 540 3166 eum,
574 3097 674 3168 qui
703 3097 1026 3154 crucifixus
1057 3099 1322 3154 vinceret
1349 3105 1424 3171 te,
1449 3103 1508 3155 et
1538 3104 1808 3157 mortuus
1840 3102 2051 3174 subju-

2158 1853 2272 1924 psi,
2307 1853 2417 1908 sed
2447 1853 2816 1924 posteritati;
2847 1854 3271 1925 propemodum
3302 1854 3509 1912 dicens
3543 1869 3561 1908 :
3613 1853 3846 1909 Habeat

2161 1941 2390 1998 Helena
2417 1943 2574 2014 quod
2605 1943 2783 2016 legat,
2814 1944 2970 1998 unde
3001 1958 3240 1999 crucem
3271 1942 3505 2000 Domini
3536 1957 3843 2016 recogno—

2160 2035 2288 2087 scat
2315 2031 2450 2101 (57).

2229 2120 2300 2176 46
2339 2121 2568 2176 Invenit
2621 2137 2768 2194 ergo
2813 2121 3065 2191 titulum,
3119 2122 3347 2192 Regem
3392 2119 3688 2191 adoravit,
3723 2137 3842 2177 non

2158 2211 2385 2283 lignum
2415 2210 2646 2282 utique;
2678 2211 2814 2282 quia
2845 2210 2942 2265 hic
2972 2210 3213 2284 gentilis
3244 2213 3338 2265 est
3368 2225 3558 2278 error,
3593 2213 3654 2266 et
3685 2211 3846 2266 vani-

2158 2301 2250 2355 tas
2282 2299 2628 2370 impiorum;
2661 2300 2772 2354 sed
2801 2300 3068 2355 adoravit
3099 2299 3284 2368 illum,
3317 2299 3420 2371 qui
3449 2300 3738 2370 pependit
3785 2301 3844 2356 in

2159 2388 2344 2462 ligno,
2377 2389 2640 2458 scriptus
2671 2388 2730 2442 in
2762 2388 2965 2459 titulo;
3014 2388 3178 2444 illum
3228 2388 3486 2460 inquam,
3536 2388 3646 2460 qui
3681 2389 3840 2446 sicut

2163 2478 2509 2532 scarabaeus
2543 2477 2837 2547 clamavit,
2868 2480 2934 2532 ut
2961 2477 3452 2548 persecutoribus
3487 2477 3623 2532 suis
3676 2477 3846 2532 Pater

2165 2567 2278 2637 (58)
2307 2569 2546 2638 peccata
2578 2567 2826 2622 donaret
2853 2567 3014 2636 (Luc.
3048 2582 3216 2635 χχιιι,
3259 2566 3372 2634 Si).
3407 2566 3602 2622 Avida
3631 2566 3844 2622 mulier

2163 2655 2486 2711 festinabat
2508 2660 2753 2728 tangere
2769 2655 3094 2712 remedium
3115 2655 3602 2723 immortalitatis,
3624 2658 3846 2710 metue-

2164 2746 2266 2800 bat
2295 2745 2528 2800 calcare
2561 2749 2996 2800 sacramentum
3047 2744 3282 2799 salutis.
3329 2744 3492 2799 Laeto
3539 2744 3748 2814 corde,
3791 2751 3845 2800 et

2163 2833 2476 2905 trepidanti
2511 2833 2790 2906 vestigio,
2832 2833 2974 2904 quid
3020 2833 3263 2902 faceret,
3314 2833 3647 2890 nesciebat.
3697 2834 3842 2889 Per-

2164 2923 2350 2977 tendit
2397 2927 2590 2977 tamen
2637 2923 2710 2976 ad
2757 2922 2952 2977 cubile
2984 2923 3273 2989 veritatis,
3307 2921 3540 2994 lignum
3568 2922 3838 2993 refulsit,

2167 3015 2222 3066 et
2252 3013 2441 3084 gratia
2468 3011 2694 3066 micuit.
2731 3010 2802 3064 Et
2831 3011 2968 3082 quia
2991 3009 3118 3081 jam
3172 3011 3450 3066 feminam
3493 3011 3840 3068 visitaverat

2165 3099 2442 3156 Christus
2491 3100 2549 3155 in
2593 3099 2800 3154 Maria.
2851 3099 3108 3170 Spiritus
3157 3101 3217 3154 in
3269 3100 3494 3156 Helena
3522 3101 3838 3157 visitavit:

386 3149 882 3258 gai'e't.lVinceris
914 3189 971 3242 et
1006 3187 1202 3258 hodie,
1255 3193 1315 3244 ut
1360 3149 1574 3244 m,ulier
1620 3193 1752 3246 tuas
1803 3149 2138 3246 inswi-c'l‘ias'c
2166 3189 2365 3244 docuit
2394 3205 2523 3244 eam
2555 3190 2709 3260 quod
2745 3149 2953 3244 mulierr
2997 3189 3330 3261 ignorabat,
3379 3190 3432 3246 si
3485 3190 3738 3246 deduxit
3783 3192 3838 3247 in

386 3275 806 3346 deprehendat.
836 3277 940 3332 Illa
971 3277 1141 3349 quasi
1173 3281 1377 3333 sancta
1409 3267 1723 3334 Dominum
1772 3281 2050 3352 gestavit,

389 3381 500 3436 ego
533 3381 769 3420 crucem
799 3365 933 3437 ejus
964 3367 1338 3440 investigabo
1371 3384 1382 3423 :
1418 3369 1516 3422 illa
1556 3372 1904 3442 generatum
1945 3370 2055 3426 do-

391 3455 530 3524 cuit,
583 3469 697 3528 ego
745 3457 1166 3511 resuscitatum
1213 3472 1225 3511 :
1277 3456 1374 3512 illa
1419 3457 1559 3512 fecit
1607 3460 1671 3512 ut
1714 3457 1874 3513 Deus
1903 3458 2057 3514 inter

391 3543 664 3600 homines
711 3545 1032 3614 videretur,
1083 3562 1196 3619 ego
1239 3547 1311 3601 ad
1359 3549 1701 3602 nostrorum
1732 3548 2056 3604 remedium

387 3635 763 3704 peccatorum
793 3635 1054 3690 divinum
1087 3635 1160 3690 de
1191 3635 1381 3690 ruinis
1404 3635 1649 3692 clcvabo
1679 3637 1984 3692 vexillum.

461 3781 576 3850 (52)
597 3780 987 3836 Stabulariam
1007 3779 1673 3851 AmbrosiusHelenam
1704 3779 1866 3848 dicit,
1899 3780 2058 3851 quod
2099 3807 2103 3816 ι

392 3869 468 3906 ex
497 3854 660 3922 patre
689 3851 790 3922 qui
819 3851 1057 3922 publico
1097 3850 1426 3906 diversorio
1478 3851 1745 3920 hospites
1795 3851 2059 3922 excipie-

392 3923 513 3988 bat,
545 3926 680 3976 nata
707 3922 1070 3977 crederetur.
1123 3922 1330 3992 Neque
1377 3923 1573 3976 tamen
1617 3937 1828 3976 sumus
1869 3923 2060 3977 nescii

393 3992 714 4047 Baronium
741 3993 814 4046 ad
844 4009 979 4048 ann.
1009 3993 1114 4047 306
1157 3993 1425 4046 scribere
1470 3997 1716 4046 matrem
1763 3992 2058 4048 Conslan-

393 4063 502 4120 tini
533 4063 712 4118 tiliam
739 4064 916 4118 unius
948 4080 979 4117 c
1008 4063 1237 4134 regulis
1269 4063 1591 4134 Britanniae
1637 4065 1873 4118 nomine
1918 4065 2059 4119 Coel

394 4135 722 4204 exstitisse,
755 4135 932 4206 idque
963 4136 1035 4188 ab
1065 4133 1322 4204 antiquis
1353 4133 1550 4206 gentis
1582 4133 1890 4190 historicis
1921 4152 2060 4190 esse

393 4207 710 4278 proditum.
761 4205 940 4278 Atqui
987 4221 1120 4278 cum
1163 4219 1388 4278 omnes
1422 4205 1818 4278 Romanarum
1860 4222 2061 4262 rerum

395 4275 723 4348 scriptores
755 4275 1038 4332 Helenam
1068 4275 1393 4332 Constantii
1425 4277 1813 4348 concubinam
1843 4277 2058 4347 dicant,

392 4355 450 4406 et
478 4347 928 4404 Constantinum
959 4364 1032 4403 ex
1063 4347 1390 4418 imparibus
1419 4347 1638 4416 nuptiis
1668 4351 1867 4402 natum
1897 4364 2062 4404 asse-

393 4425 546 4490 rant,
597 4421 748 4476 hanc
797 4437 831 4474 a
874 4419 1129 4475 Baronio
1161 4421 1681 4490 commemoratam
1724 4419 2058 4489 opinionem

2167 3279 2323 3334 viam
2354 3295 2530 3350 quam
2561 3277 2830 3334 mortalis
2861 3278 3020 3332 scire
3051 3295 3167 3332 non
3196 3281 3442 3350 poterat.

2237 3367 2327 3423 47.
2361 3367 2648 3434 Quaesivit
2681 3367 2907 3434 clavos,
2941 3366 3158 3438 quibus
3191 3367 3522 3423 crucifixus
3537 3371 3635 3424 est
3652 3369 3843 3424 Domi-

2169 3473 2304 3528 nus,
2329 3461 2386 3513 et
2407 3457 2646 3512 invenit.
2663 3456 2746 3511 De
2769 3471 2884 3510 uno
2903 3457 3070 3511 clavo
3085 3457 3286 3512 frenos
3304 3456 3754 3528 ﬁeripraacepit,
3773 3458 3840 3513 de

2169 3547 2352 3602 altero
2385 3545 2652 3600 diadema
2685 3545 2971 3600 intexuit:
2999 3560 3180 3600 unum
3225 3545 3300 3600 ad
3347 3546 3656 3615 decorem,
3697 3547 3841 3604 alte-

2171 3653 2300 3691 rum
2323 3635 2394 3690 ad
2418 3633 2794 3690 devotionem
2815 3635 2990 3689 vertit
3009 3633 3400 3704 (59).V'isitata
3430 3640 3526 3690 est
3547 3635 3755 3705 Maria,
3786 3640 3843 3692 ut

2169 3778 2454 3846 bcratam,
2488 3777 2586 3832 alii
2616 3777 2872 3848 denique
2904 3779 3217 3848 utrumque
3248 3776 3602 3833 miraculum
3625 3778 3837 3834 indicio

2170 3849 2363 3904 fuisse
2392 3848 2646 3916 tradunt,
2679 3865 2794 3918 quo
2811 3863 2846 3902 e
2862 3849 3056 3903 tribus
3073 3848 3354 3903 crucibus
3377 3864 3514 3918 qua
3539 3849 3836 3905 Dominica

2173 3924 2354 3984 esset,
2388 3920 2861 3991 dignosceretur.
2893 3920 3165 3974 Attamen
3194 3919 3337 3991 illud
3387 3919 3700 3976 historicis
3741 3938 3834 3976 ne-

2173 3990 2472 4063 quaquam
2514 3990 2942 4063 estuinsolens,
2996 3995 3056 4045 ut
3091 3990 3357 4063 eamdem
3396 4007 3528 4046 rem
3559 3993 3835 4047 memoria

2170 4061 2509 4133 prodentes,
2542 4061 2642 4115 alii
2689 4061 2816 4133 alia,
2851 4061 2986 4132 ejus
3030 4061 3310 4131 adjuncta
3353 4066 3832 4130 commemorent,

2170 4131 2270 4188 aut
2297 4131 3088 4204 praetermittant.therum
3135 4137 3218 4188 tot
3259 4133 3625 4204 scriptorum
3675 4137 3832 4190 testi-

2171 4203 2386 4259 moniis
2415 4204 2674 4258 inventio
2707 4203 3032 4275 salutifera
3065 4205 3264 4259 crucis
3293 4203 3714 4275 asseritur,‘ul
3743 4207 3834 4260 vix

2171 4274 3832 4369 51319393.”.339i’eai'3ift‘35i?939%?.?_??P?.’E‘I¥E:Yi‘i‘i

2171 4293 2490 4400 quidquam
2520 4293 2732 4357 naneai
2763 4293 3027 4357 materiae
3057 4293 3250 4347 magis
3284 4293 3682 4358 compertum.
3707 4293 3832 4358 Viue

2169 4347 2326 4418 Cyri]
2355 4363 2452 4401 um
2480 4347 2670 4414 Hier.,
2703 4349 2857 4416 epist.
2885 4346 2967 4418 ad
2991 4346 3420 4415 Constantiam,
3454 4350 3514 4418 et
3537 4348 3832 4403 catechesi

2170 4417 2259 4486 iv;
2291 4418 2618 4484 Paulinum,
2645 4418 2817 4488 epist.
2843 4418 2919 4472 ad
2935 4417 3174 4483 Seven,
3209 4434 3380 4472 novae
3405 4417 3546 4472 edit.
3565 4419 3632 4474 81
3656 4436 3672 4486 ;
3705 4419 3830 4474 Sev.

392 4509 500 4572 pro
531 4488 1413 4572 fabula—habendam“credibile.
1436 4488 2055 4572 est.“\lide,'sinluhet,
2092 4507 2148 4572 ι)
2169 4489 2502 4572 Sulpitiui‘n,
2533 4489 2638 4572 lib‘.
2671 4505 2710 4542 ιι
2745 4489 2902 4572 Ιζίει.
2934 4503 3080 4572 cap;
3098 4488 3197 4572 48:
3235 4490 3535 4572 Ruﬁnum,
3571 4490 3680 4546 lib.
3707 4507 3762 4544 ιι.
3779 4505 3829 4543 c.

393 4560 685 4622 Chronica
716 4563 960 4618 Eusebii
989 4566 1046 4616 et
1073 4561 1447 4630 Cassiodori;
1495 4560 1798 4614 Historias
1837 4561 2054 4616 Orosii.

393 4637 496 4691 lib.
529 4654 630 4704 vu,
663 4651 790 4705 cap.
825 4634 928 4705 16;
963 4632 1228 4705 EutrOpii
1258 4632 1360 4705 lib.
1391 4650 1460 4696 x;
1495 4631 1829 4705 Zozimilib.
1856 4650 1894 4685 ιι
1915 4648 1942 4705 ;A
1965 4633 2062 4705 Ni-

397 4702 641 4776 cephori
671 4702 773 4761 lib.
805 4702 1068 4774 vu,'cap.
1103 4702 1202 4766 18:
1239 4708 1296 4776 et
1324 4704 1478 4758 inter
1505 4702 1892 4776 recentiores,
1929 4703 2058 4758 Mo-

397 4774 509 4832 rini
540 4779 642 4832 lib.
678 4795 718 4831 ιι
751 4777 838 4832 De
867 4777 1108 4832 liberat.
1141 4775 1380 4830 Eae/es.
1415 4790 1540 4843 cap.
1577 4774 1630 4828 6.

467 4849 580 4918 (53)
639 4849 788 4920 Reg.
839 4849 1047 4918 codex,
1106 4869 1128 4896 α
1183 4863 1316 4919 quae
1363 4847 1556 4902 omnia
1606 4844 1947 4916 aestimavit,
2001 4850 2062 4901 ut

397 4921 686 4975 stercora.
725 4939 747 4968 ι

466 4991 580 5061 (54)
619 4990 848 5061 Omnes
867 4990 1028 5054 edit.,
1068 5012 1088 5038 «ι
1126 5005 1246 5061 ego
1271 4989 1328 5042 in
1358 4988 1543 5061 aulis;
1583 5010 1604 5035 »ι
1638 5003 1852 5043 omnes
1885 5003 2056 5061 mss.,

399 5085 420 5110 «
455 5058 568 5136 ego
600 5062 659 5116 in
689 5060 908 5136 aureis.
949 5085 971 5109 ι»
1005 5061 1122 5116 Sed
1160 5058 1632 5116 subaudiendum
1682 5063 1774 5113 est
1811 5058 2059 5131 palatiis

394 5136 484 5189 vel
502 5133 907 5190 'ornamentis.

463 5208 578 5277 (55)
615 5205 782 5260 Colb.
819 5205 972 5273 cod.,
1011 5225 1033 5254 «
1067 5203 1184 5259 Sed
1214 5204 1343 5260 haec
1375 5205 1788 5260 obstructos...
1833 5217 1943 5257 nec
1975 5203 2057 5258 la-

390 5280 514 5332 tere
545 5293 755 5350 aquam
787 5292 968 5350 passa
999 5279 1110 5330 est.
1141 5299 1162 5322 ι»

460 5351 572 5419 (56)
599 5345 832 5406 Omnes
877 5349 1037 5417 edit.,
1094 5370 1114 5392 ιι
1169 5363 1349 5400 casus
1393 5349 1642 5400 mutaret
1691 5349 1749 5400 et
1797 5345 2059 5400 inverte-

387 5426 499 5476 ret.
541 5418 562 5470 »ὲ
594 5421 814 5476 Omnes
844 5435 1016 5487 mss.,
1056 5441 1079 5469 ι
1115 5433 1294 5473 casus
1329 5418 1669 5472 inverteret.
1709 5440 1730 5464 ιι

458 5493 573 5562 (5Ἷ)
611 5492 775 5556 Quod
809 5508 841 5544 a
870 5493 1072 5546 sancto
1104 5488 1372 5562 I’raesule
1405 5488 1501 5562 hic
1531 5491 1888 5562 memoratur
1938 5487 2056 5542 Do-

388 5559 530 5618 mini
556 5559 798 5618 crucem
827 5579 861 5616 a
891 5563 1183 5618 latronum
1216 5559 1494 5628 patibulis
1513 5559 1676 5612 titulo
1701 5559 2054 5613 sumlisere-

381 5638 500 5690 tam
535 5652 694 5704 esse,
729 5634 786 5689 id
818 5635 1053 5704 quidem
1085 5633 1317 5687 videtur
1346 5631 1688 5704 discrepare
1711 5629 1784 5682 ab
1808 5630 2053 5704 alierum

385 5701 743 5778 scriptorum
775 5701 1084 5778 sententiis
1109 5704 1256 5778 ;_a_lii
1285 5703 1500 5778 quippe
1527 5705 1820 5756 mortuum
1851 5701 1924 5778 ad
1955 5701 2048 5778 vi-

381 5771 894 5847 tam'revocatum,
926 5775 1024 5832 alii
1053 5771 1323 5835 nubilem'
1341 5771 1620 5834 feminam
1661 5787 1696 5828 a
1742 5773 1930 5828 morte
1975 5771 2045 5828 li-

2169 4561 2202 4615 Ἳ
2233 4557 2382 4624 et8;
2419 4559 2743 4626 Socratem,
2767 4560 2821 4631 VI,
2855 4575 2895 4613 ι.
2929 4575 2980 4612 c.
3012 4557 3196 4631 Πλεῖ
3231 4560 3405 4613 alios.
3457 4559 3672 4631 Neque
3701 4577 3827 4616 vero

2170 4632 2568 4702 objiciendum
2600 4630 3153 4703 EusebiiPamphili
3177 4631 3512 4703 silentium;
3547 4630 3832 4703 namprre-

2167 4700 2435 4774 terquem
2467 4701 2787 4774 quodque}
2820 4701 2916 4756 ille
2949 4701 3195 4774 l._m_De
3243 4700 3383 4774 Vita
3404 4700 3719 4774 Constant:
3743 4719 3829 4754 va-

2171 4771 2297 4829 riis
2325 4771 2500 4828 locis
2524 4772 2697 4826 tradit
2743 4772 2815 4826 de
2849 4771 3106 4841 sepulcri
3157 4772 3450 4826 Dominici
3479 4773 3822 4842 inventione,

2170 4858 2506 4915 supponere
2562 4843 2834 4897 videntur
2889 4843 3090 4897 crucis
3151 4843 3594 4915 inventionem,
3662 4845 3825 4898 unius

2168 4914 2416 4970 emissio
2447 4918 2530 4970 tot
2560 4915 2808 4969 aliorum
2839 4914 3162 4968 assertioni
3194 4915 3363 4968 cedat
3392 4929 3648 4969 necesse
3687 4920 3790 4969 est.

2237 4988 2349 5056 (58)
2389 4987 2580 5042 Pater
2606 4987 2809 5041 aberat
2836 5001 2868 5040 a
2899 4987 3130 5040 cunctis
3158 4985 3296 5040 edit.
3333 5001 3402 5039 ac
3433 4985 3615 5040 multo
3644 4987 3820 5056 pluri-

2165 5059 2280 5114 bus
2313 5075 2485 5126 mss.,
2519 5073 2692 5128 quam
2726 5072 2932 5112 vocem
2963 5073 3040 5111 ex
3075 5057 3388 5128 Rechod.
3430 5057 3822 5128 rrestitnimus.

2165 5131 2422 5184 Adverte
2453 5126 2647 5185 autem
2682 5129 2792 5182 hoc
2821 5129 2951 5182 loco
2981 5143 3182 5182 veram
3206 5126 3496 5183 Ecclesia:
3529 5128 3820 5182 catholicae

2166 5201 2492 5256 doctrinam
2541 5201 2612 5254 de
2662 5203 2883 5254 sanctae
2932 5199 3130 5252 crucis
3175 5201 3274 5252 aut
3322 5199 3644 5270 imaginum
3671 5197 3818 5270 cultu

2165 5273 2521 5339 exhibendo,
2555 5271 2656 5341 qui
2693 5271 2966 5324 videlicet
2996 5285 3112 5323 non
3149 5269 3820 5341 terminaturinjpscsi-

2165 5359 2304 5416 gno,
2339 5344 2444 5398 sed
2478 5343 2550 5396 ad
2575 5339 2978 5416 signiﬁcatum
3011 5345 3211 5416 mente
3263 5341 3536 5416 refertur.
3584 5339 3652 5416 Et
3692 5339 3819 5416 hinc

2162 5409 2370 5489 videas
2415 5429 2591 5489 quam
2640 5409 2792 5489 Bona
2841 5412 2954 5466 ﬁde
3004 5412 3293 5489 scriptum
3329 5413 3564 5489 fuerita
3595 5409 3817 5489 Magda-

2163 5482 2572 5554 burgensibus
2603 5485 2783 5537 multa
2819 5483 3270 5536 commemorari
3299 5484 3374 5537 ab
3391 5487 3622 5538 auctore
3642 5482 3814 5554 hujus

2163 5552 2457 5612 Orationis
2484 5579 2504 5602 ιε
2531 5555 2964 5623 superstitiosa,
3003 5554 3387 5609 vehementer
3403 5552 3815 5623 contumeliosa

2163 5629 2224 5682 in
2256 5630 2526 5683 meritum
2557 5622 2798 5693 Christi,
2835 5630 2890 5680 et
2921 5641 3054 5679 cum
3103 5625 3219 5680 fide
3269 5625 3603 5698 pugnantia.
3637 5646 3656 5670 π
3703 5622 3816 5675 Sed

2163 5700 2298 5754 istis
2335 5699 2670 5770 hominibus
2699 5713 2771 5770 ea
2799 5698 2992 5752 omnia
3045 5713 3179 5750 rum
3229 5697 3643 5770 ﬁde’pugnant
3684 5709 3812 5766 qua:

2156 5771 2391 5829 illorum
2419 5769 2729 5844 perfidiam
2757 5768 3124 5842 impugnaut.
3391 5768 3406 5769 ί
3481 5768 3495 5770 “
3612 5788 3618 5792 -
