4162 6192
251 314 409 384 1465

1332 319 1654 385 ORATIO
1699 320 1811 385 DE
1857 317 2119 386 OMU
2158 320 2635 388 THEODOSII.

3544 313 3704 383 1466

252 517 438 573 Evam
467 517 746 577 liberaret
779 536 792 578 :
828 522 1064 579 visitata
1094 528 1188 579 est
1221 523 1473 593 Helena,
1505 525 1570 578 ut
1598 522 1924 595 imperato-
1956 506 2008 569 Α
2041 522 2181 595 ejus
2207 537 2388 595 reges
2417 521 2793 578 inclinantur.
2827 523 3028 595 Reges
3072 521 3339 591 aderant,
3386 522 3451 575 et
3497 520 3703 577 Photi-

251 624 353 663 res
366 609 819 666 redimerentur.
845 610 1004 667 Misit
1033 613 1227 684 itaque
1244 613 1365 667 tilio
1397 628 1509 668 suo
1538 612 1924 668 Constantino

253 698 524 754 diadema
554 701 811 772 gemmis
840 701 1214 774 insignitum,
1232 718 1385 773 quas
1406 702 1731 771 pretiosior
1761 702 1923 756 ferro

250 787 504 842 innexas
550 789 756 844 crucis
805 791 1232 861 redemptionis
1276 791 1494 846 divinae
1523 806 1758 862 gemma
1786 806 1925 845 con-

251 879 536 931 necteiet.
560 877 722 933 Misit
751 882 808 933 et
839 879 1094 935 frenum.
1133 880 1396 951 Utroque
1429 895 1579 935 usus
1610 883 1702 935 est
1728 878 1925 935 Cons-

248 965 537 1035 tantinus,
571 970 629 1022 et
668 966 844 1023 ﬁdem
890 970 1226 1024 transmisit
1270 970 1343 1024 ad
1391 972 1671 1041 posteros
1719 984 1923 1041 reges.

251 1053 616 1127 Principium
628 1056 824 1129 itaque
836 1058 1206 1114 credentium
1218 1059 1640 1130 imperatorum
1655 1063 1925 1114 sanctum

253 1147 348 1199 est
377 1145 537 1217 quod
564 1160 751 1217 super
781 1147 1014 1203 frenum
1042 1147 1156 1220 (60)
1173 1148 1380 1220 (Ζαρὰ.
1401 1164 1519 1220 xw,
1541 1146 1634 1220 20)
1671 1163 1686 1203 :
1720 1164 1793 1203 ex
1822 1148 1925 1204 illo

251 1233 426 1304 fides,
472 1238 536 1290 ut
562 1237 900 1306 persecutio
942 1242 1236 1308 cessaret,
1268 1237 1501 1293 devotio
1551 1238 1920 1293 succederet.

324 1322 416 1380 48.
453 1322 766 1394 Sapienter
796 1325 1041 1396 Helena,
1076 1342 1212 1399 quae
1247 1342 1488 1382 crucem
1519 1327 1579 1382 in
1608 1327 1796 1397 capite
1825 1343 1925 1382 re-

248 1428 438 1484 gnum
467 1413 721 1479 locavit;
757 1418 821 1469 ut
853 1432 1003 1471 crux
1033 1414 1258 1471 Christi
1274 1417 1332 1471 in
1365 1416 1617 1488 regibus
1646 1417 1926 1472 adoretur

251 1501 389 1558 Non
416 1502 734 1559 insolentia
765 1505 900 1573 ista,
916 1504 1024 1561 sed
1054 1505 1243 1577 pietas
1265 1510 1378 1574 est,
1396 1522 1530 1561 eum
1548 1506 1815 1561 defertur
1835 1522 1924 1561 sa-

252 1607 376 1648 crm
405 1593 818 1664 redemptioni.
856 1595 1061 1649 Bonus
1088 1595 1287 1667 itaque
1320 1594 1527 1650 clavus
1562 1595 1809 1650 Romani
1825 1596 1927 1649 im-

252 1681 425 1753 perii,
458 1682 561 1753 qui
614 1685 798 1738 totum
830 1684 987 1756 regit
1017 1684 1246 1752 orbem,
1286 1700 1357 1739 ac
1387 1684 1567 1740 vestit
1596 1683 1931 1755 principum

248 1770 531 1841 frontem,
567 1775 630 1826 ut
678 1771 799 1827 sint
847 1772 1298 1842 praedicatores,
1352 1774 1473 1845 qui'
1501 1774 1937 1844 persecutores

2042 612 2202 667 niani
2231 610 2592 668 divinitatem
2623 612 2758 684 ejus
2788 614 3055 685 negant?
3082 612 3196 681 (65)
3228 610 3472 666 Clavum
3503 610 3701 666 crucis

2042 700 2179 773 ejus
2212 700 2524 756 diademati
2556 717 2669 758 suo
2700 701 3022 772 praeferunt
3059 700 3176 771 (66)
3206 700 3614 771 imperatores,
3647 703 3706 757 et

2043 790 2248 845 Ariani
2278 793 2629 861 potestatem
2660 789 2795 862 ejus
2825 791 3220 846 imminuant?

2115 880 2204 933 50.
2240 878 2355 935 Sed
2386 896 2590 953 quaero
2622 896 2634 938 :
2668 880 2860 946 Quare
2908 885 3179 935 sanctum
3230 894 3413 949 super
3448 878 3701 949 frenum,

2045 968 2164 1023 nisi
2194 972 2256 1024 ut
2283 968 2703 1039 imperatorum
2742 969 3118 1026 insolentiam
3160 968 3505 1038 refrenaret,
3538 984 3705 1024 como

2045 1057 2327 1127 primeret
2356 1057 2650 1113 licentiam
2689 1064 3092 1132 tyrannorum,
3125 1059 3227 1130 qui
3273 1058 3445 1129 quasi
3476 1059 3615 1130 equi
3644 1058 3705 1114 in

2046 1145 2326 1202 libidines
2383 1147 2759 1205 adhinnirent
2800 1148 2961 1221 quod
3007 1149 3212 1203 liceret
3256 1147 3377 1202 illis
3422 1147 3707 1202 adulteria

2044 1235 2284 1307 impune
2314 1237 2678 1293 committere
2696 1240 2725 1293 ε]
2752 1238 2896 1304 Quae
2926 1237 3229 1293 Neronum
3263 1236 3397 1307 (67),
3428 1252 3563 1309 quin
3592 1235 3706 1291 Ca-

2043 1324 2359 1396 ligularum
2391 1328 2859 1399 cieterorumque
2889 1327 3105 1399 probra
3137 1326 3554 1397 comperimus,
3579 1325 3707 1397 qni-

2043 1414 2159 1469 bus
2188 1429 2308 1470 non
2336 1414 2448 1470 fuit
2477 1419 2747 1471 sanctum
2777 1432 2962 1487 super
2990 1416 3266 1472 frenum?

2112 1503 2203 1559 5t.
2250 1503 2401 1569 Quid
2450 1520 2598 1578 ergo
2648 1506 2806 1560 aliud
2846 1505 2969 1579 egit
3019 1506 3263 1561 Helenae
3308 1502 3590 1576 operatio,
3644 1504 3708 1560 ut

2043 1590 2213 1647 frena
2261 1592 2547 1666 dirigeret
2584 1611 2598 1665 ;
2657 1595 2774 1650 nisi
2824 1599 2889 1650 ut
2933 1594 3208 1651 omnibus
3252 1592 3708 1665 imperatoribus

2042 1683 2249 1736 sancto
2279 1681 2479 1739 dicere
2509 1683 2731 1755 Spiritu
2750 1684 3086 1739 videretur:
3118 1706 3140 1732 αι
3167 1683 3363 1739 Nolite
3393 1683 3521 1738 ﬁeri
3550 1683 3708 1738 sicut

2042 1784 2233 1842 equus
2265 1774 2324 1826 et
2352 1773 2550 1828 mulus
2582 1772 2769 1842 (Psal.
2810 1789 2976 1841 xxxx,
3008 1773 3101 1843 9);
3150 1796 3173 1821 ι
3207 1773 3314 1827 sed
3362 1771 3425 1827 in
3455 1772 3624 1828 freno
3650 1772 3710 1826 et

256 1873 400 1915 esse
432 1863 895 1916 consueverunt.
934 1862 1113 1917 Recte
1138 1862 1199 1917 in
1228 1863 1417 1933 capite
1468 1862 1698 1931 clavus,
1734 1865 1797 1917 ut
1826 1862 1929 1918 ubi
1958 1888 2010 1952 Β
2045 1853 2257 1915 cham’o
2289 1861 2564 1917 maxillas
2594 1877 2799 1918 eorum
2844 1863 3303 1934 constringeret,
3356 1862 3457 1933 qui
3496 1876 3565 1916 se
3592 1874 3712 1915 non

252 1964 478 2004 sensus
510 1951 622 2020 est,
668 1949 754 2006 ibi
803 1949 882 2005 sit
928 1950 1295 2023 praasidium.
1338 1952 1404 2006 In
1432 1952 1658 2007 vertice
1687 1966 1927 2023 corona,
1959 1949 1990 1952 ’
2045 1954 2447 2020 agnoscerent
2475 1966 2676 2024 reges,
2701 1955 2765 2006 ut
2795 1954 3072 2024 regerent
3101 1950 3217 2005 sibi
3234 1950 3553 2006 subditos?
3573 1950 3715 2005 Pro-

250 2038 313 2094 in
341 2038 616 2094 manibus
649 2039 900 2095 habena.
933 2038 1165 2096 Corona
1195 2040 1268 2095 de
1299 2056 1498 2111 cruce,
1551 2044 1615 2096 ut
1645 2041 1795 2097 fides
1827 2041 1925 2097 lu-
2040 2053 2116 2093 na
2146 2039 2304 2094 enim
2332 2042 2599 2110 potestas
2629 2041 2689 2095 in
2717 2041 2923 2095 vitium
2954 2039 3273 2105 ferebatur,
3304 2043 3361 2095 et
3409 2053 3572 2094 more
3600 2053 3707 2111 pe-

257 2130 428 2194 ceat;
474 2128 703 2185 habena
742 2144 980 2201 quoque
1026 2130 1099 2184 de
1155 2144 1337 2184 cruce
1380 2130 1514 2200 (62),
1562 2134 1624 2185 ut
1660 2132 1929 2201 potestas
2042 2127 2258 2183 cudum
2287 2144 2437 2201 vaga
2470 2143 2610 2185 sese
2639 2129 2883 2185 libidine
2925 2128 3287 2199 polluebant.
3341 2127 3703 2200 Ignorabant

250 2220 424 2289 regat
450 2235 464 2282 ;
497 2217 692 2290 sitque
712 2212 1238 2289 justa'moderatio
1268 2234 1386 2274 non
1418 2217 1643 2290 injuste
1674 2234 1932 2290 praecep-
2043 2215 2250 2287 Deum,
2284 2218 2591 2274 restrinxit
2617 2233 2725 2274 eos
2752 2235 2901 2282 crux
2944 2218 3197 2286 Domini,
3232 2221 3292 2272 et
3337 2218 3638 2272 revocavit
3667 2232 3702 2271 a

251 2305 336 2361 tio
371 2306 505 2377 (63).
542 2307 812 2363 Habeant
838 2311 870 2370 1
884 2308 972 2372 21
986 2308 1033 2372 2
1057 2308 1170 2363 hoc
1191 2308 1367 2362 etiam
1386 2307 1691 2378 principes
1709 2307 1931 2366 Christi

250 2394 373 2449 sibi
402 2394 754 2451 liberalitate
785 2411 1165 2467 concessum,
1198 2399 1263 2450 ut
1290 2397 1363 2451 ad
1394 2395 1777 2451 imitationem
1807 2397 1928 2451 Do-

252 2483 399 2538 mini
438 2484 672 2540 dicatur
701 2485 774 2540 de
820 2485 1175 2556 imperatore
1226 2486 1541 2541 Romano:
1592 2508 1615 2533 ε
1663 2486 1930 2541 Posuisti

253 2572 317 2628 in
363 2572 555 2644 capite
605 2573 743 2645 ejus
787 2588 1071 2629 coronam
1125 2574 1197 2629 de
1244 2573 1437 2646 lapide
1479 2576 1741 2651 pretioso
1792 2575 1924 2647 (Ps.

257 2679 356 2731 xx,
388 2662 466 2731 4).
504 2686 527 2711 n

326 2750 419 2808 49.
441 2752 530 2807 Ex
543 2752 643 2807 illo
658 2752 991 2824 gratulatur
1007 2753 1295 2823 Ecclesia,
1320 2754 1624 2809 erubescit
1644 2754 1892 2810 Judaeus
1910 2772 1923 2812 :

246 2857 365 2898 nec
392 2842 587 2897 solum
609 2842 934 2911 erubescit,
951 2842 1058 2897 sed
1083 2843 1256 2898 etiam
1274 2846 1609 2916 torquetur,
1624 2844 1782 2915 quod
1797 2844 1926 2915 ipse

248 2930 372 2987 sibi
404 2934 612 2986 auctor
640 2930 1015 2987 confusionis
1047 2934 1159 2987 est.
1194 2932 1343 2987 Dum
1374 2932 1620 2988 insultat
1656 2932 1922 3005 Christo,

246 3020 571 3075 confessus
602 3022 700 3075 est
728 3033 862 3076 eum
893 3036 1099 3093 regem
1124 3037 1138 3090 ;
1172 3022 1310 3077 dum
1342 3037 1549 3094 regem
1581 3023 1927 3078 Judaeorum

252 3108 589 3180 appellavit,
613 3110 999 3181 sacrilegium
1023 3125 1218 3180 suum,
1239 3110 1337 3182 qui
1357 3127 1474 3166 non
1489 3111 1760 3182 credidit,
1786 3128 1926 3167 con-

2044 2304 2215 2375 lapsu
2245 2304 2582 2376 impietatis.
2614 2307 2859 2363 Levavit
2893 2306 3087 2371 1213
3134 2306 3343 2361 oculos
3387 2321 3614 2375 eorum,
3646 2307 3710 2360 ut

2042 2392 2344 2450 Christum
2373 2395 2435 2450 in
2464 2396 2678 2451 coelum
2697 2399 3052 2467 quaererent.
3072 2394 3378 2451 Exuerunt
3398 2410 3465 2450 se
3497 2394 3707 2450 chamo

2037 2482 2323 2554 perfidiae,
2358 2489 2753 2556 susceperunt
2783 2485 2949 2540 frena
2980 2484 3314 2540 devotionis
3345 2488 3404 2540 et
3423 2483 3580 2555 ﬁdei,
3613 2499 3705 2540 se-

2039 2572 2160 2629 cuti
2189 2572 2485 2629 dicentem
2515 2589 2528 2628 :
2569 2596 2591 2621 α
2627 2573 2836 2630 Tollite
2861 2573 3075 2647 jugum
3107 2589 3301 2629 meum
3323 2588 3509 2645 super
3524 2589 3704 2631 vos...

2037 2662 2265 2735 Jugum»
2289 2662 2445 2718 enim
2475 2677 2670 2719 meum
2700 2678 2885 2719 suave
2913 2666 3027 2733 est,
3060 2667 3117 2718 et
3166 2678 3319 2719 onus
3349 2678 3544 2718 meum
3570 2661 3703 2719 leve

2038 2752 2281 2823 (Matth.
2314 2770 2396 2823 xx,
2429 2751 2520 2823 29,
2553 2752 2669 2822 30).
2706 2772 2729 2803 ι
2756 2752 2898 2808 Inde
2928 2752 3138 2824 reliqui
3167 2751 3466 2824 principes
3496 2751 3709 2807 Chris-

2040 2841 2202 2911 tiani,
2235 2844 2455 2913 praeter
2482 2858 2663 2897 unum
2695 2841 3014 2912 Julianum,
3046 2841 3148 2913 qui
3179 2841 3392 2897 salutis
3423 2856 3552 2897 suae
3581 2856 3716 2897 auc-

2041 2933 2230 2987 torem
2260 2930 2519 3002 reliquit,
2553 2931 2690 2986 dum
2735 2930 3132 3003 philosophiae
3176 2946 3244 2987 se
3293 2929 3453 2988 dedit

2041 3020 2181 3075 Inde
2206 3019 2522 3075 Gratianus
2553 3022 2611 3076 et
2640 3020 3038 3077 Theodosius.

2111 3108 2352 3164 52.Non
2370 3124 2516 3182 ergo
2531 3110 2770 3165 mentita
2804 3112 2895 3164 est
2926 3108 3232 3180 prophetia
3245 3109 3453 3164 dicens
3487 3124 3499 3165 :
3531 3132 3554 3156 α
3578 3109 3715 3163 Am-

252 3197 470 3252 iltetur.
516 3196 701 3266 Ecce,
752 3197 1059 3269 inquiunt,
1111 3198 1519 3254 crueiﬁximus
1566 3199 1813 3270 Jesum;
1865 3203 1928 3255 ut
1958 3249 2007 3270 η
2037 3197 2325 3254 bulabunt
2355 3214 2533 3270 reges
2566 3198 2625 3253 in
2655 3198 2874 3253 lumine
2904 3201 3004 3253 tuo
3038 3197 3177 3265 (Isa.
3208 3214 3295 3267 ιχ,
3330 3197 3406 3267 8).
3444 3217 3466 3247 ι
3489 3197 3713 3252 Ambu-

260 3249 701 3355 assam;
723 3249 1166 3357 5.11535“;
1186 3249 1515 3360 ἶιέιέῖἔεξᾼιῖῐ
1538 3249 1592 3357 ,⁷
1607 3249 1926 3345 mea;
1954 3249 2009 3314 ο
2038 3249 2459 3358 {millia};
2470 3249 3710 3359 ὦῶιὲιῖὀέᾇιίέεἱυξἔὶῇἶέιοᾶὸείίιέἶιτὲε

252 3374 662 3446 regnent.Nos
676 3376 1080 3430 crucifiximus
1094 3392 1268 3448 quem
1282 3392 1462 3448 reges
1476 3377 1926 3449 adorantzquem

247 3479 371 3519 non
392 3464 730 3534 adoramus,
762 3465 878 3536 ipsi
914 3465 1179 3520 adorant.
1222 3465 1377 3520 Ecce
1407 3470 1463 3521 et
1487 3466 1693 3522 clavus
1726 3468 1787 3523 in
1819 3469 1922 3523 ho-

248 3568 395 3609 nore
454 3556 576 3624 est;
609 3557 666 3609 et
694 3569 871 3626 quem
899 3554 974 3609 ad
1002 3557 1247 3609 mortem
1278 3554 1718 3626 impressimus,
1743 3572 1927 3613 reme-

251 3642 413 3699 dium
445 3643 658 3699 salutis
689 3646 800 3713 est,
837 3647 1011 3716 atque
1042 3644 1328 3700 invisibili
1359 3645 1610 3717 quadam
1633 3649 1921 3716 potestate

251 3732 555 3794 daemones
577 3734 830 3804 torquet.
855 3734 1217 3788 Putabamus
1238 3749 1350 3789 nos
1368 3733 1612 3803 vicisse,
1651 3736 1758 3791 sed
1790 3737 1921 3790 vic-

243 3824 348 3877 tos
381 3820 654 3877 fatemur.
670 3822 885 3877 lterum
902 3820 1179 3877 Christus
1202 3823 1550 3891 resurrexit,
1567 3827 1623 3878 et
1654 3839 1923 3881 resurre-

254 3910 422 3967 xisse
452 3925 587 3965 eum
616 3910 918 3982 principes
948 3913 1340 3984 agnoverunt.
1374 3912 1594 3967 lterum
1624 3912 1789 3983 vivit,
1821 3915 1921 3986 qui

252 4015 374 4055 non
423 4000 674 4055 videtur.
724 4000 895 4054 Nunc
945 3998 1139 4071 major
1183 4000 1360 4054 nobis
1416 4002 1716 4056 contentio
1766 4018 1924 4058 nunc

253 4104 457 4161 pugna
482 4088 890 4143 vehementior
918 4088 1212 4144 adversus
1230 4103 1387 4144 eum.
1403 4088 1508 4143 Cui
1531 4104 1716 4161 regna
1738 4091 1926 4147 famu-

255 4176 474 4248 lantur,
522 4178 616 4232 cui
667 4177 854 4234 servit
896 4180 1184 4249 potestas,
1237 4176 1401 4232 illum
1435 4180 1922 4250 contempsimus,

253 4266 553 4337 quomodo
587 4267 834 4339 regibus
880 4265 1281 4321 resistemus?
1325 4265 1439 4338 (6i)
1484 4265 1665 4322 Ferro
1711 4269 1925 4345 pedum

324 4391 439 4464 (59)
476 4392 625 4464 Reg.
659 4392 849 4448 codex
862 4408 1040 4461 unus,
1065 4415 1087 4439 α
1106 4392 1353 4448 alterum
1376 4393 1449 4448 ad
1469 4393 1776 4450 tuitionem
1792 4409 1925 4450 ver-

247 4462 388 4536 tit.)
410 4462 704 4536 Caeterum
735 4480 867 4536 quae
899 4464 997 4519 hic
1037 4470 1351 4519 narrantur
1380 4464 1452 4519 de
1485 4466 1678 4520 sacris
1710 4465 1918 4536 clavis,

251 4531 462 4609 eadem
494 4534 668 4609 etiam
701 4531 1039 4609 referuntur
1087 4553 1120 4589 a
1153 4537 1387 4609 Rufino,
1420 4537 1523 4591 lib.
1574 4554 1636 4609 ii,
1664 4553 1816 4609 icap.
1850 4531 1922 4609 8';

2038 3376 2276 3432 caeteris
2304 3376 2626 3448 principes,
2652 3392 2770 3432 non
2786 3375 2910 3447 jam
2932 3375 3116 3431 armis
3130 3375 3399 3445 militum,
3434 3376 3543 3431 sed
3574 3389 3705 3431 me-

2038 3464 2169 3520 ritis
2198 3466 2328 3520 suis
2360 3466 2529 3521 tecti:
2554 3482 2672 3521 non
2701 3480 3063 3538 purpureum
3094 3463 3380 3535 habitum,
3400 3464 3506 3519 sed
3528 3465 3706 3518 amic-

2035 3556 2159 3609 tum
2189 3554 2373 3610 induti
2405 3555 2636 3628 gloriae.
2669 3554 2776 3622 Qui
2821 3570 2953 3609 eum
2985 3553 3082 3609 hic
3132 3553 3564 3610 delectarentur
3592 3554 3701 3608 ab-

2038 3642 2335 3700 solutione
2365 3644 2704 3713 multorum,
2738 3647 2956 3715 quanto
2989 3643 3182 3715 magis
3214 3642 3335 3697 illic
3363 3640 3709 3714 pepercisse

2038 3747 2106 3787 se
2133 3731 2405 3803 pluribus
2435 3733 2826 3802 recensendo,
2858 3732 3094 3803 pietatis
3126 3748 3254 3788 suis
3284 3731 3699 3787 recordatione

2040 3821 2408 3877 mulcentur?
2436 3821 2545 3888 Qui
2577 3837 2735 3877 nunc
2772 3821 2903 3876 luce
2928 3821 3205 3876 fruuntur
3225 3820 3493 3891 candida,
3528 3821 3708 3892 longe

2038 3910 2282 3966 meliora
2312 3910 2434 3965 illic
2463 3927 2640 3983 quam
2672 3911 2768 3965 hic
2790 3909 3550 3982 possidebant,habitacula
3569 3926 3709 3965 con-

2038 3998 2250 4069 secuti,
2283 3999 2582 4056 dicentes:
2612 4022 2634 4052 ι
2662 3999 2709 4055 Ο
2727 4000 2929 4069 Israel,
2945 4016 3122 4072 quam
3146 4016 3362 4073 magna
3382 3999 3707 4056 estdomus

2038 4088 2292 4159 Domini,
2325 4093 2383 4144 et
2410 4105 2585 4162 quam
2614 4090 2829 4162 ingens
2860 4091 3031 4145 locus
3076 4088 3488 4161 possessionis
3520 4087 3656 4160 ejus
3690 4105 3702 4143 :

2034 4179 2782 4251 magnum,etnonliabens
2809 4179 2985 4234 finem
3011 4179 3295 4249 (Barucli.
3322 4195 3405 4248 ιιι,
3439 4178 3551 4245 24).
3590 4197 3614 4226 α
3638 4176 3709 4231 Et

2033 4267 2612 4339 perfunctimaximis
2629 4268 2935 4324 laboribus
2953 4268 3107 4325 inter
3123 4282 3190 4325 se
3213 4268 3527 4324 conferunt
3546 4280 3562 4324 :
3584 4264 3702 4323 Bo-

2034 4406 2178 4448 na...
2211 4408 2464 4448 regnum
2490 4393 2726 4448 levavit.
2766 4416 2788 4440 η

2106 4463 2220 4533 (62)
2252 4460 2400 4519 Mss.
2433 4464 2613 4536 longe
2642 4463 2900 4534 plurimi,
2938 4486 2961 4536 ξι
2994 4464 3056 4536 in
3086 4463 3360 4519 manibus
3384 4462 3556 4536 ﬁdes.
3592 4460 3705 4515 Ha-

2033 4532 2176 4590 bent
2202 4532 2481 4590 coronam
2511 4532 2584 4590 de
2616 4532 2891 4606 cruce,...
2936 4535 3156 4590 habent
3184 4549 3421 4606 quoque
3451 4533 3524 4587 de
3562 4548 3703 4587 cru-

247 4603 518 4677 Socrate,
551 4604 591 4656 1.
624 4619 751 4677 i,_c.
786 4604 853 4657 17
888 4622 907 4677 ί
935 4606 1341 4677 Sozomeno,l.
1376 4603 1438 4674 ii,
1472 4624 1523 4661 c.
1560 4608 1584 4661 1
1615 4603 1629 4675 ξ
1661 4603 1924 4664 Τὶιόοὸοὶ
1946 4611 2000 4673 D
2036 4619 2124 4673 ce,
2165 4630 2186 4653 »
2216 4607 2322 4660 sed
2352 4607 2564 4661 melius
2595 4605 2713 4677 alii,
2739 4603 3275 4677 etomnesieditfut
3305 4603 3365 4658 in
3399 4606 3698 4677 contextg.

251 4677 406 4747 reto,
440 4674 548 4747 Ιηιἶ
581 4688 633 4727 c.
670 4674 775 4740 18;
806 4679 862 4727 ct
889 4675 1139 4747 Paulino
1170 4676 1373 4747 aquil.,
1408 4678 1447 4732 l.
1480 4695 1540 4731 χι
1582 4678 1812 4734 Hister.

324 4745 441 4814 (60)
480 4745 880 4815 Hieronymus
912 4745 969 4798 in
1005 4746 1163 4801 hunc
1194 4745 1388 4801 locum
1416 4748 1716 4803 Zachariae
1749 4750 1922 4805 istam

248 4816 791 4885 interpretationem
826 4816 901 4869 ita
936 4815 1149 4885 rejicit.
1190 4840 1211 4863 ιι
1249 4818 1773 4885 Audiviaquodam
1794 4837 1919 4875 rem

252 4903 439 4942 sensu
471 4887 707 4958 quidem
740 4887 836 4956 pio
885 4887 1098 4942 dictam
1124 4930 1138 4956 ,
1173 4889 1293 4958 sed
1338 4887 1671 4958 ridiculam,
1716 4891 1920 4947 clavos

250 4957 574 5030 Dominicis
607 4959 804 5013 crucis
835 4973 867 5013 e
897 4960 1116 5030 quibus
1152 4957 1578 5015 Constantinus
1624 4957 1918 5030 angustus

252 5029 457 5114 fre-nos
479 5045 633 5114 equo
652 5046 765 5114 suo
778 5029 1010 5114 fecerit,
1028 5034 1297 5114 sanctum
1316 5031 1549 5114 Domini
1563 5029 1865 5114 appellari.
1892 5054 1914 5083 ι

250 5099 479 5165 Quibus
509 5099 712 5155 verbis
737 5101 1115 5155 Ambrosium
1138 5102 1211 5155 ab
1230 5118 1299 5156 eo
1318 5103 1493 5157 tacite
1511 5099 1776 5157 vellicari
1800 5118 1918 5158 non

252 5172 628 5243 ambigimus.
650 5172 866 5226 Verum
890 5172 998 5227 hac
1021 5188 1273 5227 censura
1293 5173 1438 5228 nihil
1460 5173 1752 5239 obstante,
1771 5175 1917 5229 mul-

251 5243 290 5296 ti
324 5243 606 5316 deinceps
639 5243 1093 5316 Ambrosianam
1125 5244 1575 5314 explicationem
1604 5246 1918 5316 amplexati

250 5317 411 5386 sunt,
444 5319 506 5368 ut
535 5313 792 5386 Cyriltus
826 5315 994 5386 Alex.
1027 5315 1086 5369 in
1120 5323 1326 5370 eadem
1371 5316 1670 5371 Zachariae
1701 5313 1913 5386 verba;

249 5384 646 5458 Sozomcniis;
679 5385 1119 5458 Theodori-ctus;
1148 5387 1432 5442 Paulinus
1468 5387 1686 5458 Aquil.,
1723 5384 1917 5443 citatis

248 5455 869 5531 locis,g_et-Gregorius
915 5457 1163 5526 Turon.,
1201 5458 1288 5512 De
1324 5455 1913 5531 gloria'illai'tyrmn,

250 5544 303 5581 c.
335 5528 387 5601 6.
414 5527 878 5601 Sedexegcsim
928 5544 1166 5600 quoque
1199 5527 1501 5597 moralem,
1536 5527 1915 5601 quam'sequi

249 5598 453 5672 maluit
484 5598 901 5672 Hieronymus,
935 5598 1007 5654 ab
1040 5598 1358 5655 Ambrosio
1377 5598 1663 5656 etiam'hic
1692 5598 1912 5672 propo-

249 5670 423 5723 sitam
456 5669 726 5724 videmus
772 5669 945 5744 hiscc
984 5672 1208 5727 verbis.
1246 5694 1267 5718 «
1315 5672 1433 5727 Sed
1481 5669 1913 5744 quaero'quare

250 5744 520 5812 sanctum
552 5755 733 5811 super
762 5741 1014 5812 frenum,
1056 5767 1076 5789 η
1111 5747 1230 5802 etc.

322 5811 434 5884 (61)
469 5811 617 5869 Mss.
647 5814 915 5871 nonnulli
946 5818 1003 5873 et
1031 5815 1167 5873 edit.
1178 5856 1193 5888 ,
1214 5838 1235 5863 α
1258 5815 1558 5887 sapienter
1585 5815 1707 5889 egit
1731 5815 1912 5874 Hele-

2110 4678 2222 4745 (65)
2257 4678 2402 4731 Mss.
2436 4673 2746 4749 aliquot,'«
2800 4692 2918 4749 non
2965 4676 3187 4747 injuste
3233 4675 3516 4747 precatio.
3574 4698 3595 4724 η
3634 4673 3705 4730 Et

2037 4751 2211 4807 infra.
2250 4771 2271 4794 α
2306 4748 2570 4803 l’osuisti
2597 4750 2657 4803 in
2688 4748 2878 4807 capite
2909 4762 3061 4802 meo.
3104 4767 3126 4796 ι

2110 4820 2458 4889 (64)(‘.odex,
2487 4841 2509 4867 κ
2532 4821 2631 4891 qui
2655 4818 2827 4875 modo
2850 4818 3124 4891 regnanti
3148 4818 3516 4891 resistimus.
3550 4839 3572 4867 ι

2108 4888 2222 4962 (65)
2253 4891 2337 4945 De
2369 4888 2733 4962 Photinianis
2762 4888 3014 4962 sicut—et
3057 4890 3130 4962 de
3179 4889 3417 4962 Arianis
3466 4888 3702 4946 abunde

2034 4960 2127 5089 ἰιᾶ
2155 4963 2358 5044 varios
2401 4961 2688 5019 librorum
2733 4961 2807 5017 de
2837 4961 2956 5017 ﬁde
2984 4976 3054 5016 ae
3094 4961 3168 5017 de
3217 4960 3451 5035 Spiritu
3495 4968 3704 5017 sancto

2059 5048 2203 5089 ocos
2234 5048 2488 5089 egimus.

2059 5048 2203 5091 0008
2234 5048 2488 5091 eminus.

2128 5075 2671 5175 66')vhrtsls..ua’liquot,
2707 5125 2728 5150 κ
2769 5103 3094 5159 diademate
3141 5120 3253 5159 suo
3290 5104 3633 5175 praeferunt.
3673 5125 3695 5152 ιι

2104 5108 2219 5245 (66;
2250 5108 2397 5158 Mss.
2431 5108 2671 5229 aliiRmt,
2707 5125 2728 5150 κ
2769 5108 3094 5159 diademate
3141 5120 3255 5184 suo
3290 5108 3633 5175 praeferunt.
3673 5125 3695 5152 ιι

2115 5175 2195 5259 ‘6'!
2252 5173 2502 5259 Quidam
2580 5174 2745 5259 argui
2774 5179 3058 5259 sanetum
3103 5179 3203 5259 aut
3241 5179 3523 5259 intactum
3549 5190 3701 5259 ‘ess-e

2032 5246 2347 5329 potuisset,
2388 5246 2511 5317 qui,
2539 5250 2613 5328 ut.
2649 5246 2969 5303 Suetonius
3011 5263 3082 5301 ac
3131 5247 3372 5330 Tacitus
3419 5246 3697 5327 produnt,

2032 5318 2365 5390 illustribus
2416 5316 2652 5390 feminis
2702 5318 3034 5389 complebat
3081 5319 3423 5390 lupanaria;
3456 5332 3697 5390 quique,

2032 5389 2240 5462 eodem
2261 5387 2542 5462 Suetonio
2573 5387 2959 5462 teste,su'per
2989 5387 3383 5462 ingenuorum
3419 5387 3698 5462 paedago-

2031 5460 2148 5532 gia,
2166 5461 2543 5532 el‘nuptarum
2565 5459 3014 5528 concubinatus,
3030 5459 3359 5515 vestalibus
3382 5459 3555 5532 etiam
3578 5459 3696 5532 vim

2029 5529 2338 5603 inferebat.
2373 5530 2540 5603 Quod
2570 5545 2712 5585 vero
2734 5532 2805 5584 ad
2833 5532 3343 5603 Caligulam,_non_
3365 5530 3578 5583 mirum
3610 5529 3697 5583 vi-

2029 5602 2263 5657 debitur
2283 5618 2315 5654 a
2333 5601 2621 5656 nobilium
2638 5600 3040 5657 matronarum
3076 5600 3383 5656 adulteriis
3414 5615 3549 5656 eum
3578 5616 3698 5659 non

2027 5674 2141 5728 sibi
2174 5678 2561 5743 temperasse,
2596 5688 2729 5728 cum
2762 5688 3007 5728 sorores
3040 5687 3187 5727 suas
3218 5686 3427 5743 omnes
3468 5671 3695 5727 nefario

2026 5746 2264 5805 incestu
2291 5741 2603 5814 vitiaverit,
2638 5747 2700 5800 ut
2729 5747 2937 5800 auctor
2963 5746 3058 5803 est
3096 5743 3308 5801 citatus
3346 5741 3692 5807 Suetonius.
