4162 6192
225 347 387 415 1469
1468 348 1713 414 HYMI.
1773 383 1841 397 -
1897 347 2405 414 ADMONITIO.
3491 348 3651 418 1470

230 550 476 607 Constat
505 551 688 625 igitur
712 552 1056 608 auctoritate
1084 552 1379 607 tantorum
1408 551 1649 606 testium
1679 553 1738 606 et
1775 551 2174 608 canendorum
2215 552 2573 623 hymnorum
2612 551 3102 609 consuetudinem
3140 553 3199 607 in
3245 564 3453 608 omnes
3493 549 3650 606 occi-

161 640 431 697 dentales
464 641 768 697 Ecclesiae
798 657 831 696 e
860 641 1289 697 Mediolanensi
1319 655 1460 696 esse
1491 642 1895 713 propagatum,
1928 644 1985 695 et
2014 642 2356 697 eorumdem
2387 645 2800 712 argumentum
2829 658 2899 697 ac
2928 642 3229 698 materiem
3260 642 3322 696 in
3343 640 3650 712 explican-

160 730 236 785 do
269 731 489 785 divinae
518 730 820 785 Trinitatis
850 731 1133 802 mysterio
1165 731 1403 786 versari
1434 731 1849 786 consuevisse.
1883 730 2001 786 Sed
2040 747 2150 786 nec
2190 732 2388 786 minus
2428 731 2796 801 exploratum
2837 736 2931 787 est
2968 732 3115 787 alios
3157 732 3329 787 etiam
3371 732 3645 802 hymnos,

158 820 262 873 ubi
295 820 512 875 Ariana
542 820 640 874 illa
670 823 992 890 tempestas
1025 821 1240 875 saevire
1273 820 1467 887 desiit,
1503 836 1537 874 a
1579 823 1787 875 sancto
1833 820 2075 875 doctore
2115 820 2481 891 compositos
2520 819 2754 891 fuisse;
2805 820 3279 893 quandoquidem
3311 819 3424 875 hoc
3455 820 3650 891 ipsum

160 924 535 981 cognoscere
562 909 735 964 liceat
765 925 839 964 ex
870 910 1225 982 Augustino,
1258 910 1619 966 Cassiodoro
1643 909 1800 981 (Lib.
1827 909 1901 965 de
1927 908 2096 964 Ofﬁc.
2121 908 2287 965 Eccl.
2314 925 2439 981 cap.
2459 909 2537 981 6),
2561 909 2810 981 Isidoro,
2836 910 3085 966 concilio
3108 910 3390 966 Toletano
3412 922 3472 964 iv
3491 909 3646 980 (can.

158 998 274 1067 13),
308 997 469 1053 Beda
498 1001 555 1052 et
585 998 740 1053 aliis.

232 1087 433 1158 Itaque
463 1086 829 1142 difficultatis
862 1088 1040 1143 cardo
1074 1088 1132 1143 in
1163 1088 1275 1144 hoc
1307 1089 1580 1159 vertitur,
1616 1092 1680 1143 ut
1708 1088 1910 1159 hymni
1943 1104 2084 1143 vere
2114 1088 2495 1144 Ambrosiani
2539 1093 2906 1160 seponantur
2932 1091 3006 1146 ab
3038 1090 3269 1158 alienis,
3305 1089 3378 1145 ab
3407 1088 3527 1145 illis
3557 1089 3650 1143 vi-

158 1175 377 1232 delicet
421 1190 576 1247 quos
615 1176 879 1232 Hilarius
920 1177 1336 1247 Pictaviensis,
1386 1177 1688 1245 Sedulius,
1736 1177 2120 1247 Prudentius,
2163 1178 2544 1250 Fortunatus,
2587 1179 2753 1250 Elpis
2783 1181 2970 1235 Boetii
3012 1180 3254 1252 conjux,
3296 1179 3646 1252 Gregorius,

158 1265 586 1335 Theodulphus
616 1266 1090 1338 Aurelianensis,
1122 1267 1414 1323 Alcuin‘us
1442 1283 1511 1322 ac
1541 1267 1767 1322 Paulus
1801 1266 2090 1323 diaconus
2130 1272 2612 1338 composuerunt.
2642 1269 2919 1325 Gillotius
2965 1273 3062 1341 qui
3113 1271 3342 1343 primus
3390 1268 3652 1324 omnium

157 1354 417 1425 hymnos
455 1355 758 1410 Ambrosii
803 1357 1039 1411 nomine
1082 1357 1339 1412 seorsim
1384 1358 1699 1429 evulgatus
1748 1357 1806 1411 in
1837 1356 2115 1411 editionis
2160 1373 2288 1411 suae
2328 1358 2652 1428 appendice
2697 1358 2980 1414 collectos
3019 1360 3304 1429 exhibuit,
3348 1358 3653 1415 sexdecim

156 1445 437 1515 tanquam
477 1444 909 1500 Ambrosianos
948 1446 1204 1501 admisit.
1253 1446 1478 1501 Horum
1524 1463 1836 1503 numerum
1886 1446 2105 1501 additis
2146 1447 2475 1502 octodecim
2523 1448 2659 1503 aliis
2712 1449 2961 1503 Romani
3010 1449 3273 1505 editores
3319 1449 3650 1503 adauxere:

157 1548 341 1604 quem
368 1548 520 1588 nova
550 1534 900 1591 accessione
930 1535 1361 1606 ampliﬁcarunt
1389 1540 1714 1608 sequentes
1747 1536 2034 1591 Parisinse
2065 1536 2379 1593 editiones.
2413 1538 2634 1593 Verum
2672 1554 2808 1594 cum
2841 1539 2901 1594 in
2939 1540 3035 1594 his
3067 1539 3343 1595 omnibus
3376 1538 3652 1594 editioni-

157 1622 277 1677 bus
307 1622 517 1679 inserti
549 1624 670 1679 sint
691 1623 893 1695 hymni
934 1624 1162 1680 Vexilla
1184 1624 1373 1697 Regis
1394 1626 1710 1697 prodeunt,
1749 1624 1895 1680 Veni
1913 1631 2153 1681 creator
2179 1625 2448 1698 Spiritus
2475 1629 2533 1682 et
2558 1628 2655 1683 alii
2677 1643 2830 1700 quos
2855 1629 3155 1685 Ambrosii
3178 1645 3295 1685 non
3319 1642 3457 1684 esse
3477 1643 3652 1683 nemo

158 1726 280 1766 non
311 1714 603 1784 agnoscit,
638 1713 1016 1769 manifestum
1056 1717 1149 1770 cst
1186 1715 1245 1768 in
1273 1730 1481 1770 eorum
1522 1730 1780 1770 censura
1810 1715 2101 1771 delectum
2124 1715 2349 1771 nullum
2373 1731 2514 1772 esse
2542 1718 2898 1774 adhibitum:
2933 1719 3041 1774 sed
3080 1719 3419 1790 quicunque
3450 1718 3653 1790 hymni

158 1802 434 1873 ejusdem
462 1803 763 1858 Ambrosii
795 1804 1030 1860 nomine
1061 1804 1333 1877 insigniti
1363 1803 1637 1860 venerint
1667 1806 1727 1859 in
1757 1820 1970 1860 manus
2011 1805 2323 1874 editorum,
2357 1806 2699 1875 promiscue
2744 1806 3066 1862 admissos.
3113 1809 3201 1863 Re
3243 1808 3481 1878 quidem
3523 1807 3654 1878 ipsa

157 1906 353 1963 neque
378 1891 675 1961 Gillotius,
710 1908 902 1964 neque
945 1893 1193 1949 Romani
1236 1894 1446 1948 vadem
1486 1893 1668 1948 ullum
1708 1894 1885 1949 nobis
1926 1892 2279 1964 producunt,
2314 1893 2491 1965 cujus
2538 1893 2673 1949 ﬁdei
2724 1894 3084 1950 credendum
3129 1894 3499 1966 putaverint:
3553 1894 3657 1965 qui

157 1996 305 2037 vero
337 1996 539 2035 curam
567 1985 963 2053 susceperunt
991 1981 1402 2039 Parisinarum
1434 1981 1777 2052 editionum,
1810 1984 1884 2038 ab
1917 1983 1991 2038 iis
2023 1983 2359 2038 istiusmodi
2399 1986 2587 2039 testes
2624 1984 3027 2055 proferuntur,
3060 1985 3301 2056 quibus,
3336 1985 3390 2040 si
3436 1983 3656 2038 Bedam

158 2086 343 2125 unum
388 2070 674 2141 excipias,
723 2071 883 2126 nulla
927 2071 1078 2127 ﬁdes
1124 2072 1331 2128 haberi
1376 2072 1590 2142 possit.
1622 2070 1769 2137 Quis
1810 2072 1965 2127 enim
2008 2071 2291 2143 hymnum
2323 2072 2645 2143 quemlibet
2681 2076 2994 2144 propterea
3026 2074 3181 2129 inter
3219 2073 3655 2128 Ambrosianos

157 2161 403 2215 censeat
430 2159 827 2229 referendum,
861 2160 1019 2231 quod
1052 2160 1147 2215 vel
1187 2160 1247 2214 in
1286 2159 1513 2215 chorali
1550 2161 1806 2231 quodam
1846 2160 2250 2231 manuscripto
2291 2160 2505 2216 iisdem
2544 2161 2877 2217 editoribus
2922 2163 3265 2233 occurrerit,
3310 2162 3404 2217 vel
3456 2161 3654 2231 ipsum

160 2248 512 2320 Radulphus
555 2248 931 2320 Tungrensis
981 2249 1095 2318 (De
1143 2248 1385 2304 observ.
1434 2264 1641 2304 canon.
1687 2249 1938 2320 PrOpos.
1991 2246 2100 2317 13),
2149 2248 2251 2318 qui
2297 2247 2538 2304 ineunte
2589 2250 2812 2304 saaculo
2856 2250 3061 2321 quinto
3106 2250 3336 2305 decimo
3384 2249 3652 2319 scripsit,

158 2337 363 2393 Romae
382 2337 446 2391 in
476 2337 815 2410 bymnariis
845 2338 1125 2410 antiquis,
1158 2341 1257 2391 aut
1284 2338 1459 2392 etiam
1490 2337 1552 2391 in
1587 2336 1797 2392 Ofﬁcio
1827 2336 2229 2392 Ambrosiano
2255 2338 2505 2407 reperiri
2535 2338 2839 2394 afﬁrmet?
2869 2340 3077 2410 Neque
3099 2340 3253 2394 enim
3278 2339 3425 2394 satis
3448 2339 3655 2410 proba-

154 2430 254 2482 tur
285 2427 511 2481 nullum
540 2427 912 2498 hymnorum,
945 2427 1046 2497 qui
1075 2427 1448 2482 continentur
1476 2426 1536 2480 in
1565 2426 1700 2481 istis
1731 2426 1924 2494 libris,
1958 2425 2275 2480 Ambrosio
2308 2440 2624 2497 perperam
2655 2442 2796 2483 esse
2823 2427 3199 2498 inscriptum.

228 2514 552 2586 Dionysius
610 2514 1042 2569 Carthusianus
1100 2515 1472 2586 hymnorum,
1534 2529 1686 2586 quos
1750 2514 2179 2569 Ambrosianos
2239 2514 2642 2585 existimavit,
2704 2518 3039 2589 catalogum
3096 2518 3284 2573 texuit
3337 2517 3648 2591 (Hymnor.

155 2605 442 2673 Enarr.):
477 2604 585 2659 sed
615 2620 724 2658 cur
753 2604 998 2658 eosdem
1030 2604 1253 2659 doctori
1287 2605 1492 2658 nostro
1532 2602 1908 2675 adjudicarit,
1940 2606 2335 2676 praeterquam
2374 2605 2447 2659 de
2485 2604 2724 2677 hymno,
2759 2607 2922 2663 Deus
2961 2613 3202 2663 creator
3243 2607 3516 2678 omnium,
3550 2623 3650 2661 ra-

156 2694 379 2749 tionem
422 2693 646 2747 nullam
692 2693 752 2748 in
799 2693 1057 2748 medium
1107 2693 1355 2764 profert,
1392 2692 1508 2747 nisi
1555 2692 1713 2764 quod
1763 2692 2069 2748 Ambrosii
2116 2693 2362 2763 phrasin
2391 2698 2448 2749 et
2486 2695 2889 2753 characterem
2932 2697 2993 2751 in
3036 2697 3393 2769 quibusdam
3436 2697 3548 2751 abs
3584 2710 3652 2750 se

155 2782 409 2856 agnosci
446 2783 815 2838 testiﬁcatur.
848 2782 1015 2849 Quod
1042 2784 1459 2855 argumentum
1488 2781 1722 2854 quoties
1761 2782 1956 2838 solum
1988 2786 2099 2853 est,
2131 2800 2308 2855 quam
2343 2784 2404 2839 in
2448 2784 2563 2841 hoc
2612 2801 2835 2859 genere
2866 2803 3079 2858 parum
3116 2789 3303 2843 tutum
3344 2787 3444 2857 sit,
3478 2785 3653 2841 facile

154 2871 481 2945 intelligas.

226 2963 362 3017 Non
391 2960 600 3034 majori
633 2977 794 3018 cura
826 2961 937 3018 fuit
964 2962 1329 3032 Clicthoveo,
1362 2963 1429 3018 ut
1455 2976 1609 3033 quos
1641 2961 1894 3034 hymnos
1924 2963 2038 3017 sub
2067 2962 2369 3019 Ambrosii
2393 2964 2560 3020 titulo
2581 2969 2887 3022 enumerat
2914 2967 3006 3037 (In
3039 2966 3477 3037 elucidatorio),
3513 2964 3651 3020 illos

155 3052 350 3107 eidem
378 3050 641 3106 vindicet
677 3051 868 3107 allatis
905 3050 1309 3125 argumentis;
1364 3054 1612 3122 excepto
1648 3051 1805 3106 enim
1844 3052 2082 3123 hymno,
2119 3053 2383 3108 Eterne
2417 3070 2620 3110 rerum
2659 3055 2952 3126 conditor,
2990 3072 3167 3128 quem
3216 3056 3290 3111 ob
3341 3054 3476 3124 ejus
3517 3070 3653 3110 cum

155 3141 528 3195 Hexaemero
561 3141 975 3214 cognationem
1007 3141 1266 3196 indidem
1297 3140 1544 3211 petitum
1574 3139 1909 3195 existimat:
1961 3141 2032 3195 ad
2071 3142 2410 3212 probandos
2431 3143 2582 3199 alios
2614 3159 2731 3199 non
2753 3144 2926 3199 aliam
2953 3145 3238 3201 rationem
3275 3144 3434 3215 citat,
3475 3160 3653 3214 quam

157 3244 536 3284 communem
565 3230 925 3300 opinionem.

228 3319 391 3373 Idem
421 3318 641 3389 pariter
668 3319 1045 3374 statuendum
1086 3323 1179 3373 est
1219 3318 1291 3372 de
1329 3318 1576 3373 Gavanti
1611 3318 1958 3387 (Comment.
1993 3319 2055 3373 in
2094 3320 2306 3384 Rubr.,
2340 3320 2454 3393 g5,
2497 3339 2621 3395 cap.
2652 3323 2710 3392 6)
2738 3324 3104 3392 auctoritate,
3144 3322 3360 3394 quippe
3410 3321 3509 3393 qui
3549 3336 3649 3376 ex-

153 3407 467 3477 plorandis
497 3407 734 3479 hymnis
766 3407 1180 3462 Ambrosianis
1216 3421 1334 3460 non
1375 3406 1598 3477 lydium
1630 3406 1888 3477 lapidem
1915 3408 2211 3479 adhibeat,
2252 3412 2360 3466 sed
2396 3413 2796 3469 tantummodo
2830 3412 2955 3485 jam
2994 3413 3301 3468 citatorum
3355 3408 3658 3480 Radulphi

152 3496 554 3568 Tungrensis,
588 3496 856 3567 Dionysii
884 3495 1262 3551 Carthusiani
1289 3493 1639 3565 Clicthovei,
1673 3499 1772 3550 aut
1812 3495 1986 3551 etiam
2024 3497 2275 3553 aliorum
2310 3499 2503 3555 adhuc
2533 3501 2647 3557 mvi
2678 3501 3030 3572 posterioris
3068 3501 3351 3557 indicium
3388 3514 3651 3571 sequen-

153 3585 297 3640 dum
330 3586 446 3640 sibi
477 3590 786 3658 proponat.
1126 3642 1133 3647 ,

227 3675 533 3730 Habemus
565 3675 865 3747 antiquius
899 3675 972 3730 de
1000 3676 1238 3746 hymnis
1269 3674 1544 3730 Doctoris
1576 3673 1767 3729 nostri
1796 3674 2199 3731 testimonium
2227 3677 2287 3732 in
2319 3679 2549 3752 Regula
2581 3680 2735 3735 beati
2769 3679 3069 3736 Benedicti
3094 3698 3108 3746 ;
3167 3679 3264 3735 hic
3294 3677 3450 3734 enim
3481 3691 3654 3733 sanc-

149 3766 251 3820 tus
281 3765 418 3820 dum
449 3766 509 3820 in
540 3780 609 3820 ea
639 3765 821 3819 divini
852 3764 1044 3820 Ofﬁcii
1074 3765 1360 3819 rationem
1392 3763 1521 3818 suis
1553 3763 1896 3833 praescribit
1939 3762 2091 3835 (cap.
2122 3766 2176 3835 9,
2212 3765 2299 3835 12,
2344 3766 2413 3823 16
2456 3773 2514 3823 et
2557 3769 2668 3838 1⁸7),
2702 3769 3184 3835 Ambrosianum,
3238 3767 3469 3823 scilicet
3514 3783 3651 3822 car-

152 3869 310 3923 men,
344 3854 500 3926 quod
533 3853 704 3909 etiam
736 3854 875 3909 alibi
908 3854 1187 3926 hymnum
1216 3854 1453 3922 vocitat,
1487 3853 1560 3907 ad
1583 3852 1855 3924 singulas
1888 3851 2068 3907 horas
2100 3855 2322 3909 cantari
2345 3854 2538 3926 jubet.
2573 3857 2794 3913 Verum
2832 3861 3027 3913 tamen
3075 3857 3177 3930 qui
3209 3855 3649 3912 commentaria

153 3942 537 4013 scripserunt
565 3943 624 3998 in
655 3944 922 3999 eamdem
958 3943 1267 4016 Regulam,
1300 3957 1510 3997 vocem
1538 3940 1997 3996 Ambrosianum
2028 3946 2163 4012 post
2199 3944 2420 3999 dictum
2455 3946 2826 4018 Radulphum
2858 3947 2936 4002 ita
2958 3947 3437 4019 interpretantur,
3460 3948 3524 3999 ut
3546 3961 3652 4000 eos

150 4030 411 4101 hymnos
442 4032 537 4086 vel
568 4047 710 4104 quos
741 4031 999 4086 confecit
1026 4031 1406 4100 Ambrosius,
1445 4028 1544 4085 vel
1568 4030 1718 4085 alios
1735 4030 1811 4085 ad
1828 4031 2218 4087 imitationem
2240 4034 2774 4091 Ambrosianorum
2796 4036 3148 4108 compositos
3167 4034 3463 4105 designet.
3496 4033 3653 4088 Alio-

152 4119 299 4191 quin
330 4121 504 4176 etiam
533 4137 653 4176 non
686 4122 834 4177 satis
866 4124 1117 4189 constat,
1151 4137 1226 4176 an
1256 4120 1435 4175 iidem
1462 4119 1686 4192 hymni,
1720 4118 1940 4191 quibus
1971 4121 2032 4176 in
2063 4120 2334 4178 Ecclesia
2367 4124 2664 4197 hodieque
2711 4125 2950 4196 utimur,
2979 4124 3105 4196 jam
3146 4124 3282 4180 inde
3324 4140 3357 4178 a
3386 4126 3652 4193 tempore

150 4210 344 4264 sancti
372 4210 681 4266 Benedicti
712 4212 845 4266 cani
878 4211 1245 4267 consuerint.

226 4299 291 4352 In
319 4298 430 4355 hac
461 4303 618 4354 tanta
649 4300 995 4356 difﬁcultate
1026 4301 1380 4372 hymnorum
1413 4297 1715 4355 Ambrosii
1746 4299 1936 4354 nostri
1967 4300 2042 4355 ab
2091 4301 2304 4357 alienis
2351 4302 2911 4376 distinguendorum
2957 4304 3240 4375 optimum
3288 4316 3429 4357 esse
3475 4299 3652 4356 nobis

148 4387 349 4442 visum
378 4392 490 4456 est,
523 4393 588 4443 ut
617 4406 725 4459 pro
757 4391 1153 4446 Ambrosiano
1185 4390 1410 4445 nullum
1441 4389 1840 4458 admittamus,
1871 4388 2305 4461 quilocupletis
2322 4391 2580 4463 alicujus
2603 4392 2776 4448 testis
2808 4392 3155 4448 auctoritate
3171 4404 3290 4445 non
3310 4390 3647 4457 asseratur;

148 4476 344 4531 satius
375 4477 651 4532 videlicet
676 4479 1088 4535 existimantes
1120 4479 1504 4549 paucioribus
1539 4494 1607 4533 ac
1638 4477 1995 4533 certioribus
2026 4477 2140 4534 hoc
2173 4479 2234 4534 in
2263 4480 2562 4535 volumine
2594 4481 2789 4536 locum
2814 4481 3101 4549 tribuere,
3136 4493 3313 4552 quam
3341 4480 3406 4533 ut
3443 4491 3649 4533 eorum

145 4579 436 4621 numerus
466 4566 905 4638 multiplicetur,
940 4569 1458 4623 indiscriminatim
1488 4582 1669 4623 veros
1702 4582 1840 4622 cum
1871 4566 2042 4621 falsis
2073 4566 2133 4622 in
2164 4583 2345 4623 unum
2375 4568 2765 4625 confundere.

221 4653 489 4708 Primum
517 4668 743 4721 eorum,
778 4671 933 4725 quos
966 4657 1062 4710 hic
1097 4657 1351 4727 edimus,
1380 4655 1522 4727 jure
1552 4655 1807 4710 dicimus
1839 4655 2138 4711 Ambrosii
2171 4672 2331 4712 esse.
2364 4657 2602 4714 Testem
2623 4657 2913 4714 habemus
2935 4660 3205 4712 sanctum
3225 4656 3650 4729 Augustinum,

152 4740 330 4813 cujus
355 4742 659 4813 sequentia
685 4742 866 4797 verba
888 4744 1193 4815 leguntur:
1230 4743 1298 4798 lu
1327 4744 1437 4799 hoc
1467 4742 1629 4798 libro
1657 4744 1789 4798 dixi
1816 4744 1879 4798 in
1911 4745 2155 4817 quodam
2178 4745 2302 4801 loco
2327 4746 2403 4801 de
2429 4747 2691 4819 apostolo
2723 4746 2931 4816 Petro,
2959 4746 3109 4818 quod
3138 4746 3202 4800 in
3241 4745 3346 4800 illo
3376 4732 3650 4817 tanquam

152 4829 214 4883 in
238 4837 415 4901 petra
448 4829 692 4885 fundata
714 4832 795 4885 sit
816 4832 1112 4896 Ecclesia,
1152 4832 1251 4905 qui
1280 4848 1496 4888 sensus
1526 4833 1705 4888 etiam
1737 4838 2014 4888 cantatur
2042 4848 2148 4889 ore
2178 4833 2487 4889 multorum
2519 4836 2582 4890 in
2618 4836 2899 4892 versibus
2932 4834 3275 4891 beatissimi
3312 4833 3647 4903 Ambrosii,

153 4918 256 4973 ubi
284 4919 358 4973 de
396 4918 564 4975 Gallo
590 4919 923 4991 gallinaceo
952 4922 1077 4976 ait:
1108 4922 1233 4978 Hoc
1254 4923 1383 4994 ipsa
1408 4926 1586 4994 petra
1614 4920 1910 4976 Ecclesiae
1939 4926 2192 4977 canente
2224 4923 2449 4994 culpam
2479 4924 2655 4980 diluit
2676 4925 2802 4995 (lib.
2829 4942 2849 4980 ι
2880 4925 3151 4980 Retract.
3177 4940 3229 4979 c.
3253 4923 3364 4994 21).
3400 4923 3473 4978 Et
3505 4938 3650 4978 sane

151 5007 423 5061 eumdem
454 5008 737 5079 hymnum
778 5025 854 5065 ex
885 5010 1252 5066 Hexaemero
1285 5011 1412 5080 (lib.
1445 5027 1503 5079 v,
1540 5024 1668 5080 cap.
1700 5008 1792 5077 2t)
1822 5009 2199 5081 desumptum
2238 5027 2379 5068 esse
2408 5028 2442 5067 a
2480 5014 2682 5070 multis
2722 5014 3066 5070 auctoribus
3104 5016 3244 5085 post
3273 5013 3491 5069 Bedam
3537 5012 3650 5081 (De

150 5096 308 5150 Arte
338 5098 539 5165 metr.)
570 5096 985 5154 Venerabilem
1016 5099 1399 5155 observatum
1429 5102 1543 5155 est.

222 5184 534 5240 Secundus
568 5186 825 5256 hymnus
865 5189 937 5242 ab
979 5189 1189 5244 eodem
1234 5188 1574 5261 Augustino
1614 5186 1789 5242 etiam
1833 5186 2147 5259 indicatur,
2179 5188 2278 5243 ubi
2330 5205 2507 5247 suum
2551 5193 2623 5247 de
2663 5194 2929 5249 materno
2976 5205 3242 5248 excessu
3296 5191 3517 5246 luctum
3570 5189 3649 5243 ita

148 5277 433 5327 memorat
460 5290 471 5327 :
508 5274 713 5344 Erum,
746 5276 934 5347 inquit
963 5278 1088 5347 (lib.
1124 5295 1205 5347 ix,
1240 5294 1368 5349 cap.
1406 5277 1520 5347 12),
1552 5277 1615 5331 in
1645 5275 1800 5331 lecto
1828 5291 1957 5331 meo
1985 5275 2166 5347 solus,
2198 5278 2555 5334 recordatus
2590 5280 2891 5337 veridicos
2939 5296 3154 5336 versus
3179 5278 3492 5335 Ambrosii
3523 5277 3645 5341 tui;

151 5366 214 5415 tu
243 5377 311 5415 es
342 5362 497 5417 enim
530 5362 691 5419 Deus
722 5371 963 5421 creator
991 5367 1265 5422 omnium.
1298 5366 1484 5432 Quem
1514 5365 1798 5437 hymnum
1828 5365 2002 5419 etiam
2030 5365 2134 5420 lib.
2169 5382 2227 5419 vx
2258 5365 2333 5421 de
2362 5366 2616 5439 Musica,
2650 5385 2778 5442 cap.
2812 5371 2865 5441 9,
2902 5369 3207 5442 designari
3241 5384 3357 5423 non
3385 5365 3644 5439 ambigi-

150 5465 310 5504 mus.

219 5538 399 5593 Tertii
431 5556 667 5613 quoque
700 5542 900 5614 hymni
936 5544 1149 5599 citatus
1180 5546 1389 5599 doctor
1418 5544 1494 5599 ita
1527 5542 1793 5597 meminit
1820 5541 1946 5606 (lib.
1981 5542 2055 5597 de
2085 5542 2225 5597 Nat.
2261 5547 2320 5597 et
2355 5543 2523 5598 Grat.
2558 5562 2610 5600 c.
2643 5546 2765 5615 63):
2815 5545 2997 5611 Quem
3042 5544 3319 5616 spiritum
3348 5558 3639 5597 memora-

145 5633 247 5681 tus
274 5628 584 5701 episcopus
615 5632 795 5685 etiam
820 5633 1109 5703 precibus
1137 5634 1572 5706 impetrandum
1604 5632 1943 5687 admonet...
1982 5631 2081 5685 ubi
2108 5632 2169 5685 in
2200 5632 2417 5702 hymno
2446 5650 2553 5689 suo
2579 5635 2767 5690 dicit:
2822 5634 3098 5705 Votisque
3124 5637 3376 5704 praestet
3408 5631 3645 5687 sedulis

143 5723 414 5771 sanctum
444 5721 673 5774 mereri
705 5721 1017 5793 Spiritum.
1052 5723 1163 5776 Hic
1192 5724 1449 5795 hymnus
1481 5721 1753 5778 similiter
1780 5720 2036 5776 refertur
2065 5722 2214 5775 inter
2244 5722 2675 5780 Ambrosianos
2706 5740 2740 5778 a
2771 5721 3097 5779 venerabili
3126 5721 3285 5776 Beda
3310 5720 3459 5789 (loco
3487 5720 3641 5791 cit.),

142 5808 204 5861 et
234 5805 487 5862 habetur
515 5823 648 5883 cum
684 5810 744 5864 in
776 5811 1098 5867 Breviariis
1128 5812 1653 5883 Cisterciensibus,
1688 5816 1810 5867 tum
1839 5811 1898 5867 in
1920 5809 2140 5866 ultimis
2172 5810 2530 5871 editionibus
2570 5813 2865 5870 Parisinis
2898 5812 3158 5886 Operam
3202 5809 3639 5869 Ambrosiano-

136 5910 295 5968 rum,
329 5896 485 5957 unde
517 5896 691 5957 illum
722 5898 841 5959 huc
871 5902 1310 5963 transtulimus.
