4136 6182
607 318 778 394 )1471
2078 317 2153 381 .8.
2200 317 2240 382 Δ

2299 316 2644 382 ίΒΒΟΞΗ.
3823 329 3932 393 1472

650 518 743 579 De
770 518 980 590 quarto
1010 516 1227 590 hymno
1256 517 1526 579 dubitare
1555 534 1672 576 non
1703 518 1894 593 magis
1924 517 2080 589 licet,
2112 533 2288 590 quam
2317 518 2390 574 de
2420 517 2612 573 tribus
2640 517 3076 589 superioribus.
3112 517 3365 573 Primam
3394 517 3521 590 ejus
3552 521 3933 599 stropheuinsy.

584 607 740 667 nodo
768 608 1035 663 Romana
1064 623 1137 663 ex
1170 608 1482 664 Baluziana
1519 607 1877 665 Ccllectione
1911 624 2064 665 anno
2098 607 2205 663 430
2236 608 2535 665 celebrata
2582 607 2900 663 Ambrosio
2932 607 3251 679 ascriptum
3295 609 3628 678 reperimus,
3655 626 3746 665 nec
3772 629 3859 668 non
3887 619 3937 671 ab

582 694 942 766 lldephonso
972 695 1061 751 De
1090 696 1318 768 Perpet
1362 696 1590 775 Virgin.
1621 698 1825 754 Beatw
1854 697 2070 753 Mariae
2099 711 2216 752 non
2248 698 2433 752 semel
2465 697 2828 769 propositam
2852 714 2866 751 :
2899 700 3168 769 quartam
3198 712 3342 752 vero
3371 712 3485 752 non
3513 698 3667 753 modo
3695 702 3818 770 apud
3837 702 3938 759 Cas-

586 784 889 845 siodorum
919 784 1010 855 (In
1041 785 1205 841 Psal.
1238 802 1336 840 vui
1366 786 1429 841 in
1465 786 1664 842 Concl.
1697 793 1755 844 et
1786 787 1849 841 in
1878 785 2042 841 Psal.
2075 788 2254 855 Lxm),
2289 786 2398 842 sed
2438 786 2612 842 etiam
2652 786 2809 857 apud
2848 785 3131 842 Faustum
3188 786 3541 858 Regieusem
3575 788 3738 860 legas,
3763 793 3840 861 qui
3861 796 3939 863 epi-

587 890 810 947 scopus
839 875 911 929 de
941 876 1147 931 eadem
1178 875 1272 931 his
1304 877 1505 932 verbis
1536 877 1660 949 agit
1688 877 1907 948 (Epist.
1942 876 2017 932 ad
2050 875 2118 931 G.
2155 876 2348 946 Diac.)
2372 896 2390 931 :
2420 877 2644 948 Accipe
2675 876 2853 932 etiam
2882 874 2946 931 in
2966 876 3185 949 hymno
3204 876 3398 930 sancti
3425 876 3695 931 antistitis
3717 881 3937 936 etconles-

586 965 748 1020 soris
775 964 1104 1029 Ambrosii,
1141 980 1307 1038 quem
1341 969 1399 1020 in
1432 966 1615 1021 natali
1647 966 1953 1022 Dominico
1977 981 2091 1040 per
2121 981 2323 1022 omnes
2353 965 2545 1021 Italiae
2577 970 2636 1021 et
2670 964 2878 1020 Galliae
2907 966 3189 1037 regiones
3219 964 3512 1038 persultat
3546 966 3809 1023 Ecclesia:
3835 970 3938 1027 Pro-

587 1051 734 1109 cede
758 1052 840 1109 de
868 1052 1125 1109 thalamo
1158 1059 1271 1124 tuo,
1307 1058 1421 1110 etc.
3032 1084 3037 1085 ί

656 1141 908 1209 Quintus
938 1143 1232 1200 indicatur
1260 1160 1294 1198 a
1322 1142 1704 1215 Cassiodoro,
1736 1145 1875 1201 dum
1916 1144 2008 1201 sic
2046 1143 2307 1216 loquitur
2335 1143 2429 1215 (In
2469 1142 2634 1198 Psal.
2666 1142 2902 1214 Lxxw):
2948 1142 3029 1198 Ut
3066 1142 3280 1200 latices
3312 1142 3556 1199 fontium
3588 1144 3818 1201 ruborem
3847 1148 3937 1218 riui,

584 1236 804 1287 mutata
837 1231 1140 1305 qualitate,
1169 1234 1564 1305 susciperent,
1598 1249 1766 1306 quem
1798 1239 2010 1288 natura
2044 1249 2157 1289 non
2190 1232 2416 1288 habuit.
2447 1231 2617 1287 Unde
2638 1231 2851 1288 beatus
2867 1231 3226 1289 Ambrosius
3245 1232 3308 1287 in
3328 1233 3542 1305 hymno
3555 1239 3749 1289 sancta:
3763 1235 3938 1307 Epipha-

587 1321 702 1375 niae
738 1319 1107 1376 mirabiliter
1136 1321 1490 1377 declamavit
1529 1322 2018 1395 splendidissima
2046 1322 2177 1378 luce
2216 1321 2550 1378 verborum.
2587 1320 2676 1375 Ex
2708 1321 2946 1392 hymnis
2974 1325 3171 1377 autem
3197 1321 3433 1377 duobus
3460 1322 3663 1393 quibus
3691 1325 3937 1393 mysteﬁun

586 1408 930 1481 Epiphania:
961 1410 1319 1468 celebratum
1351 1412 1527 1468 etiam
1556 1428 1714 1468 nunc
1745 1412 2014 1481 habetur,
2048 1412 2197 1469 alter
2227 1426 2403 1484 quem
2433 1412 2494 1466 in
2524 1409 2659 1481 ejus
2690 1410 2807 1466 diei
2835 1409 3047 1467 Ofﬁcio
3078 1409 3233 1466 canit
3264 1409 3549 1481 Ecclesia,
3579 1410 3770 1466 Sedulii
3789 1417 3941 1467 estut

585 1501 678 1556 ter
708 1514 848 1556 vero
881 1498 940 1555 in
980 1500 1303 1555 Breviariis
1340 1501 1578 1557 Ordinis
1618 1500 2064 1571 Cisterciensis,
2096 1516 2207 1557 nec
2240 1518 2357 1558 non
2387 1502 2447 1555 in
2489 1500 2813 1572 postremis
2851 1500 3385 1557 Ambrosianorum
3424 1500 3662 1570 Operam
3687 1500 3940 1558 editionihu

586 1589 797 1645 exstat.
830 1588 894 1643 In
925 1604 1102 1659 quem
1129 1605 1264 1644 cum
1294 1590 1600 1661 aptissime
1631 1591 1922 1669 quadrent
1953 1590 2126 1645 citata
2156 1590 2339 1646 verba
2376 1589 2743 1659 Cassiodori,
2775 1606 2894 1646 non
2932 1589 3332 1645 dubitavimus
3372 1590 3629 1645 eumdem
3663 1590 3786 1645 inter
3810 1591 3941 1661 legiti-

587 1691 721 1735 mas
750 1676 891 1732 tanti
927 1677 1200 1733 Doctoris
1232 1678 1389 1734 fetus
1422 1679 1752 1735 admittere.

656 1764 901 1825 Sextum
934 1767 1214 1838 hymnum
1245 1771 1343 1823 aut
1374 1768 1571 1838 potius
1604 1768 1805 1839 hymni
1834 1768 2229 1841 fragmentum
2258 1769 2601 1823 auctoritate
2633 1767 2906 1839 ejusdem
2934 1766 3279 1825 Cassiodori
3319 1766 3373 1836 (Ι
3415 1766 3576 1822 Psal.
3607 1768 3679 1835 ci)
3714 1782 3943 1837 represen-

585 1856 802 1923 tamus,
842 1853 978 1926 ejus
1019 1856 1237 1926 quippe
1277 1856 1350 1911 de
1391 1856 1489 1911 illo
1537 1857 1935 1913 testimonium
1974 1857 2232 1929 legimus
2262 1858 2321 1913 in
2361 1858 2490 1913 haec
2522 1858 2741 1913 verba:
2785 1857 2942 1913 Hinc
2972 1856 3150 1913 etiam
3180 1856 3380 1911 sancti
3406 1855 3695 1911 Ambrosii
3724 1855 3942 1910 secundum

585 1942 932 2015 Apostolum
965 1944 1126 1999 hora;
1155 1951 1345 2000 sextae
1366 1961 1577 2001 roseus
1598 1946 1851 2018 hymnus
1871 1945 1974 2002 ille
1995 1946 2252 2002 rcdoluit
2275 1965 2293 2011 ,-
2324 1948 2409 2002 ait
2430 1947 2586 2003 enim
2600 1967 2619 2001 .-
2651 1945 2849 2002 Orabo
2867 1952 3069 2001 mente
3086 1944 3419 2015 Dominum,
3443 1951 3552 2000 etc.
3576 1945 3753 2016 Neque
3767 1944 3941 1999 vei-ollis

586 2031 891 2088 Senatoris
930 2033 1207 2089 laudibus
1247 2034 1345 2091 hic
1376 2035 1633 2106 hymnus
1673 2035 1957 2107 indignus
1985 2039 2099 2105 est,
2132 2036 2184 2091 si
2217 2037 2618 2093 tantummodo
2649 2039 2951 2107 spectetur
2995 2050 3254 2105 sensus;
3302 2039 3688 2090 verumtamen
3708 2033 3759 2086 in
3781 2032 3941 2088 dubiam

587 2135 706 2177 non
735 2120 1026 2177 immerito
1058 2123 1324 2179 revocari
1356 2128 1569 2195 potest,
1605 2140 1744 2179 num
1777 2140 1916 2180 vere
1958 2126 2030 2180 ab
2070 2124 2390 2183 Ambrosio
2422 2125 2596 2181 fuerit
2635 2124 3022 2196 compositus,
3058 2140 3192 2180 cum
3230 2124 3291 2179 in
3331 2123 3538 2180 eodem
3583 2122 3729 2195 leges
3754 2122 3942 2178 carminis

585 2225 839 2283 prorsus
870 2211 1269 2284 negligantur.
1307 2212 1534 2268 Etenim
1566 2229 1641 2269 ex
1682 2213 1757 2268 iis
1796 2214 2098 2283 omnibus,
2132 2215 2204 2269 de
2251 2214 2468 2285 quibus
2495 2212 2621 2286 jam
2660 2217 2793 2269 ante
2832 2230 2866 2268 a
2908 2212 3084 2268 nobis
3124 2211 3347 2268 dictum
3386 2216 3499 2280 est,
3530 2210 3677 2266 clare
3716 2209 3943 2265 ostenditur

586 2299 924 2369 peritiorem
952 2302 1262 2357 exstitisse
1292 2301 1354 2357 in
1379 2302 1492 2357 hoc
1525 2318 1748 2376 genere
1777 2308 2046 2360 sanctum
2078 2304 2435 2374 Antistitem,
2470 2319 2647 2376 quam
2685 2307 2749 2357 ut
2776 2308 2893 2359 tam
2921 2302 3137 2360 crebro
3169 2301 3541 2374 impingeret.
3573 2298 3677 2356 Sed
3707 2298 3944 2354 Cusiodori

585 2404 705 2445 non
741 2390 1078 2461 putavimus
1117 2392 1454 2464 negandum
1491 2392 1843 2463 auctoritati,
1890 2397 1950 2449 ut
1996 2393 2149 2449 inter
2187 2393 2490 2449 Ambrosii
2537 2393 2726 2448 nostri
2770 2391 3031 2449 carmina
3069 2389 3500 2447 suavissimum
3536 2388 3667 2443 illud
3697 2385 3943 2458 poematiuu

586 2478 926 2550 recipiatur.

656 2567 902 2643 Septimi
930 2569 1131 2641 hymni
1162 2571 1389 2642 primus
1422 2571 1760 2629 versiculus
1793 2574 1870 2628 ita
1900 2577 2258 2628 memoratur
2285 2572 2437 2643 apud
2470 2572 2689 2627 Bedam
2720 2571 2835 2641 (De
2862 2570 3019 2626 Arte
3047 2571 3248 2639 metr.)
3274 2589 3292 2623 :
3324 2568 3454 2624 Sed
3488 2574 3546 2623 et
3584 2563 3944 2622 Ambrosiuiea

588 2657 844 2719 maxime
874 2664 1126 2713 currunt
1150 2675 1163 2716 :
1186 2659 1487 2732 Splendor
1512 2668 1783 2733 pateram
1810 2662 2043 2734 gloriae.
2075 2661 2181 2715 Cui
2211 2660 2511 2717 versiculo
2550 2661 2652 2716 ubi
2695 2659 2954 2732 subjecit
2990 2658 3217 2731 primos
3255 2662 3383 2713 tres
3423 2657 3567 2712 alios
3602 2655 3750 2711 trium
3778 2653 3943 2723 hymno-

588 2761 740 2815 rum,
773 2746 845 2800 de
876 2747 1095 2817 quibus
1117 2747 1244 2819 jam
1275 2751 1531 2822 egimus,
1567 2750 1679 2805 hoc
1710 2751 1882 2806 modo
1913 2751 2329 2822 prosequitur:
2362 2750 2444 2805 Et
2475 2749 2684 2805 caeteri
2707 2748 3046 2821 perplures,
3079 2748 3142 2803 in
3177 2746 3395 2820 quibus
3419 2744 3780 2818 pulcherrimo
3800 2741 3941 2796 estde-

589 2848 728 2887 core
757 2835 1109 2906 compositus
1139 2837 1392 2910 hymnus
1422 2839 1729 2894 beatorum
1762 2846 2133 2912 martyrum:
2166 2840 2430 2895 xEterna
2463 2838 2697 2895 Christi
2724 2853 2992 2906 munera,
3028 2840 3141 2892 etc.
3173 2837 3305 2892 Non
3337 2835 3569 2891 videtur
3594 2838 3759 2888 autem
3772 2844 3936 2886 comm

588 2920 738 2979 diori
768 2937 954 2979 sensu
984 2925 1173 2996 accipi
1202 2941 1384 2997 posse
1417 2927 1529 2984 hoc
1561 2928 1984 2997 testimonium,
2018 2944 2195 3002 quam
2225 2928 2278 2983 si
2308 2929 2582 2985 eumdem
2620 2928 2902 3001 hymnum
2943 2926 3261 2984 Ambrosio
3301 2941 3416 2998 per
3442 2925 3580 2981 illud
3616 2922 3808 2979 attribui
3829 2921 3940 2975 inter
4011 2979 4020 2988 ,

588 3012 924 3081 pretemur:
958 3028 1076 3085 quo
1107 3014 1346 3086 quidem
1376 3017 1612 3073 nomine
1644 3016 1841 3087 ipsum
1871 3018 2220 3074 admisimus
2251 3023 2459 3074 octavo
2497 3018 2651 3075 loco.

662 3098 916 3171 Nonum,
954 3101 1275 3173 decimum,
1309 3110 1483 3179 atque
1525 3106 1903 3163 undecimum
1940 3107 2114 3163 nobis
2160 3106 2439 3163 indicavit
2478 3107 2837 3164 Hincmarus
2890 3107 3213 3163 Remorum
3255 3105 3573 3177 episcopus
3608 3103 3705 3171 (De
3737 3116 3821 3157 non
3845 3098 3940 3151 trina

601 3186 811 3257 Trin.),
846 3189 1022 3262 cujus
1055 3194 1465 3249 auctoritatem
1508 3194 1618 3249 hac
1658 3196 1717 3250 in
1749 3212 1813 3252 re
1854 3196 2216 3268 sequendam
2256 3211 2325 3250 eo
2358 3212 2547 3268 usque
2596 3196 2889 3267 ducimus,
2924 3198 3218 3268 quatenus
3259 3194 3357 3250 vel
3399 3193 3597 3265 hymni
3632 3194 3764 3247 tanto
3793 3186 3941 3244 nomine
4002 3264 4005 3267 b

590 3276 759 3349 digni
788 3278 1081 3352 videntur,
1115 3283 1207 3338 vel
1247 3284 1407 3340 nulla
1448 3285 1595 3341 ratio
1639 3290 1701 3342 ut
1745 3286 1818 3341 ab
1861 3285 1996 3358 ejus
2036 3286 2386 3341 recedamus
2425 3285 2738 3355 sententia,
2768 3286 3028 3341 animum
3069 3284 3335 3356 impellit.
3374 3284 3541 3353 Nam,
3571 3279 3785 3350 exempli
3813 3278 3942 3349 sntit.

592 3365 908 3437 hymnum:
942 3371 1117 3427 Nunc
1145 3379 1351 3453 sancte
1381 3374 1556 3430 nobis
1583 3374 1871 3445 Spiritus,
1904 3376 2004 3447 qui
2036 3377 2266 3432 canitur
2292 3376 2363 3430 ad
2394 3375 2604 3431 horam
2631 3375 2883 3445 tertiam,
2918 3374 2991 3430 ab
3023 3374 3341 3430 Ambrosio
3376 3373 3689 3445 proiectum
3712 3381 3819 3424 esse
3838 3363 3943 3419 nobis

588 3471 707 3513 non
737 3460 1073 3529 persuadet,
1107 3477 1243 3517 cum
1272 3452 1549 3519 videlicet
1576 3464 1755 3520 alium
1792 3465 2139 3535 habeamus,
2173 3479 2347 3536 quem
2386 3480 2419 3520 a
2460 3466 2667 3519 sancto
2702 3463 2982 3535 praesule,
3024 3466 3089 3519 ut
3125 3463 3200 3517 ad
3238 3463 3508 3518 eamdem
3544 3461 3729 3516 horam
3760 3452 3943 3511 condno-

585 3548 766 3615 retur,
799 3551 1029 3603 constat
1061 3549 1251 3605 fuisse
1283 3552 1696 3622 compositum.
1730 3552 1943 3608 Castori
1977 3569 2117 3615 vero
2150 3568 2403 3625 quorum
2443 3543 2804 3621 versiculos,
2839 3555 2937 3608 aut
2976 3552 3151 3608 etiam
3190 3551 3474 3623 strephas
3514 3554 3755 3621 tanquam
3785 3541 3946 3599 Ambro-

583 3631 782 3695 sianus
830 3636 1084 3693 subinde
1126 3638 1325 3707 refert,
1366 3644 1481 3695 tam
1521 3641 1752 3696 crebris
1791 3641 2023 3698 mendis
2063 3641 2352 3714 inquinati
2390 3644 2549 3711 sunt,
2591 3643 2654 3697 ut
2682 3641 2755 3696 ab
2796 3640 2931 3711 ejus
2966 3641 3079 3696 viri
3116 3640 3417 3711 elegantia
3456 3640 3627 3712 longe
3661 3631 3942 3692 abhorreant!

585 3728 849 3785 nonnulli
870 3729 1056 3785 etiam
1086 3729 1246 3786 illius
1278 3730 1698 3793 concinnitatis
1729 3731 1874 3791 nihil
1908 3732 2253 3803 praeferunt,
2286 3746 2419 3803 quin
2448 3730 2709 3803 singulis
2741 3730 3024 3787 versibus
3054 3730 3330 3803 singulos
3362 3744 3586 3787 sensus
3624 3726 3690 3781 ad
3726 3719 3943 3780 Ambrosio

588 3817 809 3875 includi
839 3818 1234 3875 consuevisse
1267 3819 1426 3875 Beda
1455 3822 1726 3877 testatur.

661 3907 1004 3964 Duodecimi
1042 3909 1441 3982 cognitionem
1493 3909 1781 3967 debemus
1818 3910 1989 3966 beato
2033 3910 2411 3982 Ildephonso,
2451 3911 2554 3983 qui
2583 3910 2769 3966 semel
2798 3926 2867 3965 ac
2914 3909 3126 3966 iterum
3162 3909 3223 3965 in
3260 3923 3540 3965 sermone
3578 3907 3648 3962 de
3686 3901 3880 3959 Paturit.
3907 3899 3943 3948 et

590 3995 903 4051 Puri/ient.
936 3997 1008 4052 Β.
1038 3998 1256 4054 Mariae
1306 3995 1469 4070 Virg.
1504 3999 1752 4069 primam
1791 3999 2065 4070 ejusdem
2104 4001 2303 4071 hymni
2345 4001 2653 4071 stropham
2691 4003 2971 4071 tanquam
2997 4000 3072 4054 ab
3124 3999 3449 4055 Ambrosio
3488 3993 3818 4066 compositam
3847 3986 3944 4048 ei“.

589 4083 746 4140 unde
785 4084 845 4139 in
884 4086 1250 4156 posteriores
1288 4085 1545 4159 Operum
1585 4088 1776 4143 sancti
1816 4087 2092 4144 Doctoris
2130 4089 2421 4147 editiones
2462 4090 2569 4144 fuit
2609 4089 2932 4144 translata:
2976 4087 3301 4144 secundam
3341 4103 3491 4143 vero
3528 4103 3593 4140 ac
3632 4082 3815 4139 tertiam
3844 4079 3943 4169 stra-

589 4172 766 4244 pham
797 4189 869 4228 ex
897 4173 1137 4247 Georgii
1168 4173 1488 4229 Cassandri
1518 4175 1670 4231 libro
1702 4176 1776 4231 de
1806 4176 2059 4249 Hymnis
2088 4179 2537 4249 ecclesiasticis,
2574 4177 2673 4234 ubi
2706 4178 2837 4233 sine
2867 4178 3130 4233 auctoris
3160 4177 3397 4232 nomine
3432 4176 3581 4231 idem
3611 4174 3819 4244 hymnus
3848 4164 3942 4232 ἰθεί-

588 4266 704 4333 tur,
730 4262 1188 4334 exscripsimus.
1218 4263 1502 4331 Quamvis
1530 4269 1723 4323 autem
1756 4265 2008 4323 subinde
2039 4270 2344 4338 peccatum
2374 4267 2435 4323 in
2474 4282 2545 4324 eo
2585 4267 2765 4323 fuerit
2804 4266 3102 4322 adversus
3145 4266 3508 4336 prosodiam,
3539 4278 3648 4318 non
3681 4264 3832 4315 tamen
3858 4254 3944 4338 Διιῇ

588 4352 794 4413 brosio
824 4356 1137 4425 propterea
1166 4353 1475 4427 indignum
1497 4353 1838 4426 judicamus
1864 4370 1879 4426 ;
1910 4336 2134 4413 cum‘i-n
2162 4356 2398 4429 hymnis
2427 4356 2562 4429 ejus
2592 4356 2935 4413 indubitatis
2965 4355 3311 4427 hujusmodi
3330 4357 3524 4410 errata
3554 4348 3781 4422 reperire
3796 4336 3943 4410 sits“

589 4458 709 4508 non
738 4443 1097 4515 frequentia.

662 4532 935 4605 Hymnus
977 4532 1055 4588 Te
1086 4533 1257 4588 decet
1296 4532 1425 4588 laus
1453 4533 1886 4593 Ambrosianus
1919 4538 2163 4591 vocatur
2191 4535 2295 4592 lib.
2334 4554 2352 4590 ι
2382 4535 2809 4592 Miraculornm
2840 4535 3035 4591 sancti
3072 4534 3367 4604 Richarii,
3408 4534 3518 4589 sed
3558 4528 3794 4602 quoniam
3828 4530 3946 4574 εωευ

589 4621 669 4688 ita
685 4622 883 4681 dictus
903 4623 1003 4693 sit,
1027 4622 1185 4679 haud
1216 4623 1379 4696 satis
1393 4623 1616 4694 liquet;
1651 4640 1785 4683 cum
1806 4623 1962 4679 enim
1992 4624 2089 4679 ille
2121 4640 2239 4680 non
2269 4629 2499 4680 constet
2529 4624 2756 4695 metris,
2780 4639 2974 4696 neque
3003 4624 3076 4679 ab
3106 4622 3447 4690 Ambrosio,
3482 4633 3660 4691 neque
3688 4615 3749 4670 ad
3780 4611 3943 4666 formal!1

590 4711 1046 4769 Ambrosianam
1088 4712 1305 4771 factum
1345 4715 1591 4783 oportet.
1636 4712 1722 4768 De
1768 4713 1997 4770 cantico
2043 4714 2442 4770 eucharistico
2500 4714 2577 4769 Te
2617 4713 2802 4769 Deum
2838 4712 3161 4781 laudamus,
3213 4711 3443 4784 pigeret
3488 4710 3580 4764 hic
3622 4704 3768 4760 anxie
3787 4698 3944 4753 dieare;

591 4814 764 4855 nemo
790 4803 1012 4872 quippe
1043 4805 1135 4857 est
1166 4801 1277 4857 hac
1306 4804 1512 4858 nostra
1543 4802 1716 4858 aetate
1748 4818 1866 4859 non
1894 4802 2067 4873 plane
2098 4803 2288 4873 rudis,
2321 4803 2422 4874 qui
2452 4802 2710 4858 fabulam
2742 4817 2882 4857 esse
2925 4801 3238 4871 inﬁciatur,
3271 4800 3430 4872 quod
3467 4795 3716 4854 eumdem
3757 4789 3943 4858 hymnum

592 4890 729 4957 post
755 4887 1107 4958 baptizatum
1135 4890 1210 4945 ab
1240 4890 1558 4946 Ambrosio
1592 4906 1871 4964 magnum
1899 4892 2301 4965 Augustinum
2339 4892 2411 4947 ab
2441 4894 2690 4963 utroque
2727 4890 2974 4947 alternis
3011 4890 3247 4945 vicibus
3288 4890 3646 4944 decantatum
3680 4879 3794 4936 olim
3818 4874 3943 4946 jacta-

591 4976 751 5032 bant.
788 4977 920 5033 Non
944 4994 1240 5051 negamus
1268 4982 1462 5053 autem
1493 4979 1848 5052 hymnorum
1876 4982 1975 5051 qui
2007 4981 2233 5053 vulgati
2263 4984 2403 5037 sunt
2432 4981 2491 5035 in
2532 4979 2945 5051 superioribus
2987 4978 3365 5048 editionibus,
3398 4976 3637 5031 maxime
3676 4981 3790 5024 vero
3812 4970 3945 5053 60m}

593 5064 695 5136 qui
724 5065 797 5120 ad
828 5065 1006 5121 horas
1032 5044 1369 5124 diurnas-et
1398 5044 1680 5124 feriarum
1712 5044 1998 5142 vesperae
2029 5044 2445 5141 decurruntur,
2469 5044 2704 5142 aliquos
2725 5069 3020 5140 pertinere
3040 5068 3117 5123 ad
3139 5044 3545 5133 Ambrosium;
3575 5061 3673 5118 sed
3690 5056 3798 5130 quia
3811 5044 3941 5140 eostb

593 5153 804 5210 alienis
830 5154 1186 5226 dignoscere
1206 5157 1329 5221 hoc
1357 5174 1530 5230 opus,
1566 5159 1662 5214 hic
1692 5158 1864 5215 labor
1890 5162 2004 5231 est,
2036 5175 2108 5216 eo
2140 5159 2354 5215 minori
2383 5174 2519 5213 cum
2547 5158 2908 5215 dubitatione
2938 5157 3074 5213 illos
3104 5156 3436 5223 omisimus,
3468 5151 3616 5224 quod
3642 5149 3749 5204 fere
3770 5143 3816 5198 in
3829 5148 3941 5193 omni

591 5242 708 5299 bus
740 5243 1080 5311 Breviariis,
1114 5244 1365 5318 aliisque
1397 5248 1566 5304 libris
1600 5248 1853 5304 maxime
1884 5248 2078 5305 obviis
2110 5247 2611 5304 circumferuntur
2641 5248 2739 5318 (l).

664 5386 740 5462 (1)
773 5385 975 5462 Adisis
1016 5386 1416 5462 Appendicem
1447 5388 1630 5462 hujus
1663 5390 1803 5462 tomi
1849 5388 1897 5443 Il
1938 5389 2216 5462 editionis
2260 5390 2657 5462 Benedictinae
2702 5389 3080 5462 antrologim
3118 5391 3259 5462 tom.
3303 5386 3484 5455 xviii),
3528 5382 3620 5441 ubi
3653 5377 3716 5433 ad
3753 5363 3943 5429 secunda

591 5459 777 5549 partis
807 5458 1030 5531 calcem
1061 5460 1211 5533 ultra
1239 5458 1667 5551 quinquaginta
1697 5461 1947 5533 hymnos
1979 5461 2182 5536 legere
2215 5458 2337 5531 est,
2363 5461 2664 5519 Ambrosii
2693 5458 2930 5518 nomine
2970 5458 3327 5535 inscriptos.

2272 5685 2423 5713 ς...-
