4136 6182
506 319 666 387 1475

820 545 1148 607 HYMNUS
1188 549 1284 605 VI.

579 656 777 710 Orabo
809 658 1006 711 monte
1037 656 1373 727 Dominum,

512 726 711 783 Orabo
744 727 922 782 simul
958 727 1167 797 spiritu
1193 743 1209 797 ;
1442 726 1457 735 ”

516 799 606 853 Ne
639 814 759 853 vox
789 799 916 853 sola
951 800 1070 852 Deo
1101 802 1289 868 canat,

408 920 415 927 .
519 869 870 942 Sensusque
900 874 1105 925 noster
1134 870 1271 924 alibi

518 942 765 1010 Ductus,
798 942 1033 996 aberret
1063 942 1375 1011 ﬂuctuans,

517 1013 704 1069 Vanis
734 1018 1077 1085 praeventus
1108 1012 1374 1067 casibus.

800 1109 1127 1165 HYMNUS
1175 1110 1297 1164 VII.

585 1206 879 1278 Splendor
911 1206 1185 1278 Paternm
1214 1205 1443 1278 gloriaa,

514 1279 598 1334 De
632 1276 765 1333 luce
796 1277 990 1332 lucem
1020 1276 1357 1347 proferens,

508 1348 864 1405 Primordiis
894 1347 1047 1404 lucis
1078 1364 1249 1402 novae

512 1421 681 1476 Diem
713 1419 843 1475 dies
870 1418 1230 1475 illuminans.

583 1492 899 1563 Verusque
930 1491 1022 1545 sol
1052 1490 1318 1563 illabere,

512 1562 743 1618 Mica'ns
771 1561 962 1616 nitore
992 1561 1244 1633 perpeti,

514 1635 817 1706 Jubarque
848 1632 1039 1706 sancti
1069 1632 1326 1706 Spiritus

513 1702 764 1762 Infunde
796 1703 1021 1759 nostris
1054 1702 1362 1759 sensibus.

584 1776 753 1832 Votis
785 1790 1070 1829 vocemus
1100 1778 1157 1829 et
1185 1775 1441 1842 Patrem,

512 1848 748 1902 Patrem
775 1847 1059 1917 perennis
1090 1844 1322 1917 gloria,

512 1919 750 1973 Patrem
779 1917 1050 1988 potentis,
1071 1917 1300 1988 gratias,

512 1988 755 2059 Culpam
780 1986 1011 2060 releget
1038 1986 1346 2043 lubricam.

586 2061 866 2114 lnformet
891 2061 1061 2113 actus
1092 2061 1393 2129 strenuos,

516 2132 736 2187 Dentes
764 2129 1039 2184 retundat
1070 2129 1275 2199 invidi,

512 2204 707 2258 Casus
738 2201 1027 2272 secundet
1055 2215 1326 2272 asperos,

515 2274 706 2329 Donet
736 2271 983 2345 gerendi
1012 2271 1283 2343 gratiam.

587 2342 855 2417 Mentem
872 2342 1165 2417 gubernet
1196 2347 1253 2399 et
1282 2345 1470 2416 regat,

515 2415 694 2471 Casto
725 2414 899 2469 ﬁdeli
916 2429 1183 2485 corpore,

516 2487 698 2542 Fides
731 2487 929 2542 calore
949 2485 1194 2555 ferveat,
1328 2552 1329 2557 η

518 2558 770 2615 Fraudis
803 2571 1028 2612 venena
1050 2557 1299 2612 nesciat.

587 2630 980 2700 Christusque
1012 2628 1185 2683 nobis
1206 2627 1292 2700 sit
1321 2627 1514 2700 cibus,

515 2702 819 2772 Potusque
850 2699 1055 2753 noster
1084 2700 1164 2772 sit
1191 2699 1362 2772 ﬁdes,

521 2772 668 2826 Laeti
697 2770 973 2825 bibamus
1004 2770 1267 2825 sobriam

518 2842 876 2898 Ebrietatem
907 2840 1183 2910 Spiritus.

592 2913 795 2984 Lmtus
823 2912 1079 2984 dieshic
1107 2915 1389 2984 transeat,

522 2984 721 3054 Pudor
749 2983 827 3038 sit
855 2986 919 3038 ut
945 2983 1288 3054 diluculum,

519 3053 700 3112 Fides
732 3055 895 3111 velut
921 3054 1221 3126 meridies,

519 3126 950 3199 Crepusculum
977 3141 1146 3182 mens
1179 3127 1426 3199 nesciat.

591 3201 821 3255 Aurora
852 3213 1070 3254 cursus
1097 3198 1390 3269 provehit,

520 3271 752 3325 Aurora
781 3273 940 3325 totus
968 3271 1219 3342 prodeat

520 3342 584 3396 In
617 3342 789 3397 Patre
817 3344 976 3397 totus
1009 3341 1198 3396 Filius

520 3412 593 3469 Et
624 3417 782 3469 totus
812 3413 872 3467 in
902 3412 1099 3468 Verbo
1130 3414 1326 3467 Pater.

805 3506 1130 3564 HYMNUS
1167 3507 1313 3563 VIII.

593 3609 841 3666 XEterna
872 3605 1097 3662 Christi
1128 3622 1393 3676 munera,

520 3680 590 3740 Et
621 3686 944 3754 martyrum
972 3679 1279 3751 victorias,

1787 315 1855 380 S.
1904 308 2329 379 AMBROSII
2373 301 2676 379 HYMNI.

1693 489 1931 555 Laudes
1959 496 2221 555 ferentes
2253 497 2506 569 debitas,

1692 571 1885 631 Laetis,
1909 586 2191 626 canamus
2220 571 2538 629 mentibus.

1766 641 2167 713 Ecclesiarum
2197 642 2517 713 principes,

1692 710 1844 767 Belli
1873 710 2260 782 triumphales
2293 710 2497 781 duces,

1693 784 1973 838 Caelestis
2000 784 2151 839 aula)
2180 784 2417 853 milites,

1694 853 1767 910 Et
1796 870 1938 910 vera
1964 855 2167 909 mundi
2196 855 2434 909 lumina.

1765 926 2020 981 Terrore
2050 926 2207 981 victo
2238 925 2468 990 saeculi,

1699 998 1732 1061 1
1745 996 1893 1062 223
1910 997 2257 1068 Spretisque
2269 995 2461 1067 pmnis
2475 994 2765 1065 corporis,

1694 1077 1902 1133 Mortis
1933 1091 2121 1133 sacrae
2152 1075 2527 1147 compendio,

1694 1148 1885 1201 Vitam
1916 1147 2146 1202 beatam
2176 1147 2503 1218 possident.

1765 1218 2101 1273 Traduntur
2129 1219 2254 1289 igni
2283 1223 2595 1289 martyres,

1693 1288 1765 1343 Et
1791 1289 2117 1345 bestiarum
2146 1288 2442 1356 dentibus,

1693 1362 1931 1432 Armata
1962 1362 2135 1416 saevit
2155 1360 2396 1432 ungulis

1693 1431 1962 1487 Tortoris
1993 1431 2187 1486 insani
2212 1431 2446 1500 manus,

1763 1503 1993 1574 Nudata
2021 1501 2279 1574 pendent
2294 1503 2561 1574 Aviscera,

1692 1573 1951 1646 Sanguis
1979 1572 2251 1646 sacratus
2282 1572 2566 1646 funditur,

1692 1644 1809 1700 Sed
1824 1644 2181 1714 permanent
2211 1644 2545 1700 immobiles

1696 1716 1845 1788 Vitae
1875 1716 2156 1786 perennis
2186 1716 2394 1788 gratia.

1767 1785 1987 1842 Devota
2016 1785 2357 1842 sanctorum
2381 1785 2551 1855 fides,

1695 1857 1916 1911 Invicta
1948 1873 2090 1927 spes
2122 1857 2524 1927 credentium;

1692 1929 1964 1984 Perfecta
1992 1928 2213 1984 Christi
2236 1928 2516 1998 charitas,

1694 1999 1895 2072 Mundi
1906 1999 2235 2072 triumphat
2261 1999 2607 2072 principem.

1765 2071 1828 2124 In
1858 2070 1954 2126 his
1983 2070 2234 2126 Paterna
2265 2070 2475 2141 gloria,

1694 2140 1755 2194 In
1778 2142 1874 2196 his
1904 2141 2179 2197 voluntas
2212 2140 2364 2212 Filii,

1694 2212 1964 2268 Exsultat
1993 2213 2053 2267 in
2084 2213 2179 2268 his
2211 2213 2488 2284 Spiritus,

1692 2284 1918 2339 Caelum
1949 2285 2214 2355 repletur
2242 2285 2499 2355 gaudiis.

1764 2355 1846 2410 Te
1896 2371 2099 2427 nunc,
2154 2355 2516 2427 Redemptor
2547 2396 2562 2427 ,
2603 2371 2773 2428 quae-

1835 2442 2068 2497 sumus,

1694 2497 1771 2552 Ut
1799 2496 2065 2568 ipsorum
2095 2497 2394 2554 consortio

1691 2569 1923 2652 dungas
1951 2572 2263 2652 precantes
2295 2569 2592 2652 servulos,

1692 2640 1755 2695 In
1788 2640 2145 2712 sempiterna
2176 2641 2418 2696 saecula.
2453 2641 2660 2695 Amen.

1995 2727 2324 2785 HYMNUS
2361 2728 2466 2784 IX.

1761 2818 1980 2876 Somno
2011 2818 2254 2874 refectis
2282 2818 2532 2888 artibus,

1691 2890 1900 2962 Spreto
1933 2890 2114 2945 cubili
2144 2890 2470 2962 surgimus,

1691 2962 1904 3032 Nobis,
1937 2962 2128 3031 Pater,
2162 2962 2511 3017 canentibus

1693 3033 1926 3088 Adesse
1954 3036 2011 3087 te
2042 3033 2445 3103 deposcimus.

1763 3104 1845 3159 Te
1875 3104 2076 3187 lingua
2104 3102 2358 3187 primum
2389 3102 2682 3187 concinet,

1693 3175 1776 3231 Te
1797 3174 2010 3232 mentis
2039 3174 2220 3231 ardor
2247 3175 2500 3241 ambiat;

1696 3247 1773 3302 Ut
1799 3249 2037 3302 actuum
2065 3246 2440 3318 sequentium

1695 3318 1782 3373 Tu
1812 3323 2037 3387 sancte,
2069 3317 2516 3373 sis’exordium.

1766 3388 1989 3444 Cedant
2008 3389 2272 3444 tenebrae
2293 3388 2520 3458 lumini,

1697 3460 1769 3515 Et
1800 3477 1919 3514 nox
1944 3461 2157 3515 diurno
2187 3459 2412 3528 sideri;

1698 3531 1777 3586 Ut
1806 3531 1974 3602 culpa
2004 3546 2181 3602 quam
2210 3546 2329 3586 nox
2359 3529 2572 3600 intulit,

1698 3603 1881 3660 Lucis
1912 3603 2174 3658 labascat
2201 3617 2466 3658 munere.

1770 3674 2089 3733 Precamur
2114 3674 2292 3732 iidem
2321 3669 2646 3746 supplices,

3814 308 3970 376 1476

2880 496 3088 552 Noxas
3118 498 3182 551 ut
3214 511 3424 551 omnes
3456 497 3733 567 amputes
3759 512 3774 566 ;

2877 568 2966 625 Ne
2995 583 3103 623 ore
3130 570 3188 622 te
3221 568 3562 622 canentium

2760 676 2763 685 ι
2877 639 3167 695 Lauderis
3198 639 3259 692 in
3290 643 3664 709 perpetuum.

2946 711 3199 780 Prmsta,
3235 710 3408 764 Pater
3436 710 3735 780 piissime,

2874 782 3158 852 Patrique
3188 797 3430 851 compar
3458 782 3657 849 unice,

2879 853 3077 917 1224
3103 853 3250 907 Cum
3283 853 3505 923 Spiritu
3536 852 3827 923 paraclito

2880 934 3169 1004 Regnans
3199 948 3306 1002 per
3334 948 3509 987 omne
3541 932 3863 987 seculum.

3200 1052 3530 1108 HYMNUS
3568 1053 3644 1107 X.

2943 1150 3212 1205 Consors
3242 1151 3475 1221 paterni
3506 1150 3778 1218 luminis,

2873 1222 3007 1276 Lux
3037 1222 3168 1292 ipse
3199 1222 3372 1287 lucis,
3405 1226 3464 1277 et
3492 1222 3645 1290 dies,

2875 1292 3125 1348 Noctem
3157 1295 3423 1349 canendo
3456 1294 3822 1363 rumpimus,

2874 1364 3113 1419 Assiste
3144 1364 3611 1435 postulantibus.

2944 1435 3132 1491 Aufer
3162 1436 3441 1491 tenebras
3471 1437 3793 1504 mentium,

2873 1504 3051 1578 Fuga
3072 1510 3345 1561 catervas
3377 1507 3722 1562 daemonum
3757 1523 3771 1563 :

2874 1576 3118 1647 Expelle
3148 1578 3627 1647 somnolentiam,

2874 1648 2983 1731 Ne‘
2994 1649 3345 1731 pigritantes
3375 1650 3608 1731 obruat.

2945 1718 3348 1789 Sic,‘Christe,
3380 1720 3561 1775 nobis
3593 1721 3881 1776 omnibus

2875 1790 3193 1862 Indulgeas
3216 1792 3606 1848 credentibus
3634 1808 3649 1861 ;

2877 1861 2955 1916 Ut
2984 1861 3173 1932 prosit
3204 1862 3621 1931 exorantibus,

2874 1932 3041 1998 Quod
3073 1936 3468 2005 praecinentes
3498 1934 3847 2005 psallimus.

3180 2057 3508 2114 HYMNUS
3546 2057 3645 2113 XI.

2947 2156 2993 2211 Ο
3020 2155 3126 2211 lux
3153 2154 3324 2210 beata
3353 2153 3638 2225 Trinitas,

2877 2229 2950 2284 Et
2977 2225 3331 2299 principalis
3348 2227 3572 2299 unitas,

2877 2297 3007 2355 Jam
3040 2299 3131 2353 sol
3156 2298 3385 2370 recedit
3413 2297 3658 2370 igneus,

2879 2371 3125 2427 lnfunde
3153 2369 3352 2424 lumen
3383 2367 3700 2424 cordibus.

2949 2444 3031 2498 Te
3062 2456 3232 2496 mane
3260 2440 3498 2494 laudum
3531 2440 3827 2511 carmine,

2878 2514 2959 2570 Te
2991 2514 3678 2584 deprecamurvesperc,

2877 2588 2959 2642 Te
2990 2582 3194 2640 nostra
3224 2583 3474 2655 supplex
3506 2582 3730 2655 gloria,

2876 2659 2992 2713 Per
3020 2659 3231 2712 cuncta
3261 2654 3456 2709 laudet
3487 2654 3741 2709 saecula.

3162 2779 3491 2836 HYMNUS
3542 2780 3676 2835 XII.

2948 2883 3040 2937 Fit
3068 2882 3235 2953 porta
3262 2878 3501 2953 Christi
3516 2879 3754 2950 pervia,

2880 2951 3120 3009 Referte
3150 2952 3322 3024 plena
3353 2951 3565 3023 gratia,

2877 3024 3421 3095 TransitqueiRex,
3454 3025 3512 3077 et
3539 3026 3875 3095 permanet,

2877 3097 3113 3165 Clausa,
3141 3094 3211 3150 ut
3239 3094 3366 3163 fuit,
3396 3109 3505 3165 per
3532 3094 3791 3149 saecula.

2947 3168 3149 3223 Genus
3181 3167 3424 3235 superni
3455 3164 3734 3235 luminis,

2876 3238 3183 3295 Processit
3211 3237 3343 3292 aula
3372 3236 3657 3308 virginis,

2876 3310 3174 3381 Sponsus,
3198 3307 3558 3381 redemptor,
3595 3307 3886 3376 conditor,

2876 3378 3013 3437 suae
3044 3378 3220 3453 gigas
3248 3378 3565 3453 Ecclesiae.

2949 3451 3157 3509 Honor
3185 3452 3392 3507 matris
3424 3453 3484 3505 et
3510 3451 3820 3523 gaudium,

2877 3526 3170 3580 Immensa
3201 3539 3345 3594 spes
3376 3522 3774 3592 credentium,

2877 3598 2994 3651 Per
3021 3599 3147 3651 atra
3178 3594 3387 3649 mortis
3418 3594 3659 3664 pocula,

2879 3667 3151 3725 Resolvit
3181 3671 3385 3722 nostra
3420 3665 3698 3720 crimina.
