4136 6182
450 380 608 451 1479

1628 368 2093 438 ELENCHUS
2122 364 2314 433 MSS.
2360 365 2470 430 ET
2508 362 2726 429 EDIT.

720 577 871 634 SEX
912 577 1120 634 LIBRI
1161 576 1260 632 DE
1299 570 1849 633 SACRAMENTB

449 668 780 741 Recogniti
808 670 948 723 sunt
991 667 1064 723 ad
1114 667 1356 741 eosdem
1396 665 1649 741 mss.rad
1682 680 1834 741 quos
1862 662 2019 741 liber
2049 661 2121 715 de

516 733 819 812 Mysteriis
851 743 1100 797 exactus
1130 739 1270 809 fuit,
1324 742 1401 812 et
1418 733 1831 812 ertelpﬁ—utld
1869 733 2122 812 βετωε-

516 827 765 867 nensem
811 827 995 866 unum
1043 824 1332 865 annorum

520 900 700 940 unum
730 882 1008 954 ejusdem
1038 882 1250 937 aetatis.

748 989 959 1046 LIBRI
1002 989 1157 1044 DUO
1195 987 1296 1043 DE
1334 985 1824 1041 PCENITENTIA

886 1078 1191 1134 Recensiti
1225 1079 1364 1133 sunt
1392 1093 1466 1133 ex
1496 1090 1645 1131 mss.
1679 1092 1691 1130 :

449 1167 820 1243 Benigniano
849 1183 968 1224 uno
999 1182 1290 1223 annorum
1319 1162 1446 1243 800_.

448 1236 901 1297 Claro'montano
931 1254 1050 1295 uno
1082 1254 1373 1293 annorum
1403 1236 1529 1292 800.

451 1311 838 1367 Laudunensi
864 1326 982 1366 uno
1012 1324 1300 1367 annorum
1330 1307 1457 1363 700.

1527 811 1583 863 et
1630 806 1818 861 Vallis
1832 837 1855 847 -
1869 804 2122 859 lucentis

450 1382 957 1438 Germanensibus
979 1381 1237 1450 duobus,
1269 1379 1455 1434 altero
1476 1393 1612 1433 ann.
1637 1376 1761 1446 800,
1793 1377 1977 1450 altam

450 1453 808 1510 Colbertinis
838 1454 1095 1521 duobus,
1128 1445 1313 1506 altero
1330 1466 1621 1521 annorum
1634 1449 1759 1521 600,
1794 1448 1976 1503 altero
1997 1445 2123 1501 400.

453 1524 822 1580 Floriacensi
851 1540 969 1579 uno
1001 1520 1289 1579 annorum
1320 1522 1557 1577 circiter
1584 1520 1707 1575 600.

456 1595 810 1651 Michaelino
842 1610 962 1651 uno
991 1609 1282 1649 annorum
1309 1591 1435 1648 600.

457 1667 772 1723 Albiniano
803 1682 923 1721 uno
953 1681 1241 1722 annomm
1271 1663 1446 1718 etiam
1474 1663 1600 1718 600.

456 1738 824 1793 Fuliensium
854 1754 971 1793 uno
1004 1752 1291 1793 annorum
1322 1734 1449 1791 600.

457 1809 740 1864 Remensi
767 1824 885 1863 uno
925 1822 1215 1862 annorum
1245 1806 1370 1860 500.

455 1878 840 1934 Cisterciensi
872 1894 991 1933 uno
1020 1892 1312 1932 annorum
1342 1876 1468 1931 500.

455 1950 783 2006 Sorbonico
812 1966 931 2005 uno
961 1964 1250 2004 annorum
1277 1946 1404 2002 400.

672 2055 879 2111 LIBRI
921 2054 1022 2110 DE
1060 2053 1237 2110 FIDE
1277 2054 1381 2108 AD
1419 2051 1907 2109 GRATIANUM.

887 2143 1197 2200 Emendati
1231 2145 1370 2198 sunt
1399 2143 1472 2199 ad
1502 2160 1651 2199 mss.
1687 2160 1699 2199 :

462 2236 819 2292 Remensem
849 2249 1031 2289 unum
1063 2232 1137 2288 ab
1170 2232 1489 2288 Hincmaro
1523 2231 1811 2288 Ecclesiae
1853 2247 1982 2287 sum
2024 2230 2133 2285 da-

531 2312 674 2374 tum,
707 2321 998 2360 annorum
1029 2305 1152 2359 800.

459 2370 836 2434 Colbertinos
869 2379 1116 2447 septem,
1151 2374 1592 2447 annorumr8_00,
1624 2373 1750 2446 600,
1783 2370 1890 2429 500
1920 2376 1978 2429 et
2005 2372 2130 2427 400.

463 2448 840 2505 Albinianum
870 2445 1053 2503 unum
1074 2462 1369 2513 annorum
1401 2445 1528 2501 600.

461 2520 802 2575 Bizotinum
822 2534 1004 2574 unum
1032 2533 1320 2572 annorum
1353 2517 1588 2572 circiter
1616 2516 1740 2573 600.

462 2588 861 2647 Tellerianum
888 2604 1070 2645 unum
1092 2603 1381 2643 annorum
1410 2588 1535 2643 500.

464 2663 923 2717 Audoenensem
954 2676 1134 2716 unum
1164 2674 1454 2715 annorum
1482 2658 1606 2713 500.

464 2732 943 2789 Ebrulnhensem
974 2747 1158 2787 unum
1187 2746 1473 2785 annorum
1501 2730 1626 2785 500.

464 2801 1006 2860 Theodoricensem
1038 2818 1219 2857 unum
1251 2816 1539 2856 annorum
1572 2801 1697 2856 500.

466 2876 824 2931 Lmtieusem
855 2890 1036 2929 unum
1067 2873 1341 2945 ejusdem
1373 2873 1584 2945 aetatis.

466 2946 859 3002 Serbonicum
888 2960 1069 3001 unum
1097 2941 1385 3000 annorum
1413 2944 1654 2999 circiter
1680 2941 1805 2997 400.

541 3034 994 3091 Observandum
1026 3039 1218 3089 autem
1252 3037 1343 3103 est
1375 3032 1437 3087 in
1468 3031 1892 3103 manuscriptis
1921 3030 2140 3103 aliquot

470 3122 502 3163 θ
550 3106 1033 3187 [inrisionion
1082 3105 1157 3162 de
1209 3102 1359 3160 Fide
1397 3119 1510 3159 non
1560 3103 1683 3158 nisi
1713 3102 1955 3175 priores

468 3177 787 3234 contineri.

659 3282 869 3339 LIBRI
908 3281 1106 3339 TRES
1144 3283 1246 3339 DE
1283 3281 1599 3337 SPIRITU
1637 3280 1953 3337 SANCTO.

900 3373 1214 3445 Recogniti
1246 3375 1385 3427 sunt
1408 3372 1485 3426 ad
1514 3386 1665 3427 mss.
1701 3386 1714 3426 :

472 3444 829 3520 Remensem
859 3477 1043 3517 unum
1073 3444 1362 3517 annorum
1392 3460 1517 3516 800.

473 3535 886 3606 Remigianum
916 3549 1096 3587 unum
1126 3547 1413 3587 annorum
1444 3529 1830 3606 circiterﬁoo.

470 3600 845 3661 Colbertinos
877 3608 1128 3675 quatuor
1157 3602 1600 3675 annorum7800,
1635 3602 1741 3675 500
1771 3607 1827 3657 et
1854 3600 1977 3656 400.

472 3677 821 3732 Albinianos
851 3674 1025 3745 duos,
1058 3690 1345 3730 annorum
1374 3674 1481 3729 600
1511 3676 1569 3729 et
1599 3674 1724 3729 500.

473 3750 931 3803 Audoenensem
961 3762 1143 3801 unum
1172 3761 1461 3801 annorum
1492 3745 1616 3800 500.

475 3818 1017 3875 Theodoricensem
1046 3833 1227 3873 unum
1259 3832 1544 3872 annorum
1574 3817 1699 3871 500.

476 3890 834 3944 Lmtiensem
862 3905 1044 3943 unum
1073 3904 1360 3945 annorum
1390 3887 1515 3944 500.

476 3960 868 4015 Sorbonicum
898 3976 1079 4014 unum
1111 3976 1396 4015 annorum
1429 3959 1669 4014 circiter
1698 3957 1823 4013 400.

479 4030 900 4103 Fragmentum
929 4031 1153 4102 antiqui
1185 4030 1499 4102 cujusdam
1540 4031 1763 4085 codicis
1804 4026 2147 4085 Floriucen-
2212 4090 2217 4093 _

551 4103 664 4159 Bis.

598 4188 830 4245 LIBER
868 4188 968 4244 DE
1007 4187 1595 4245 INCARNATIONE
1634 4187 2026 4245 DOMINICA.

916 4277 1178 4335 Collatus
1209 4278 1318 4334 fuit
1347 4294 1481 4334 cum
1511 4294 1639 4334 mss

481 4370 835 4443 Remigiano
863 4384 981 4424 uno
1012 4382 1302 4443 annorum
1332 4368 1457 4423 800.

482 4438 832 4499 Corbe'iensi
865 4456 981 4495 uno
1012 4440 1366 4510 incompleto
1397 4455 1683 4495 annorum
1712 4438 1839 4494 800.

484 4514 841 4597 Fragmenta
864 4527 987 4597 uno
1020 4508 1284 4567 Thualiei
1316 4511 1541 4597 codicis
1571 4511 1756 4597 etiam
1775 4524 1912 4565 utin.
1943 4508 2068 4566 800.

485 4582 816 4641 Albinianis
846 4583 1083 4640 duobus
1113 4597 1403 4638 annorum
1432 4582 1540 4638 600
1566 4586 1624 4638 et
1651 4583 1777 4638 500.

486 4655 787 4711 Victorino
817 4670 934 4710 uno
964 4669 1253 4709 annorum
1281 4654 1406 4709 600.

484 4726 851 4782 Ftoriacensi
882 4741 999 4782 uno
1029 4740 1318 4781 annorum
1348 4724 1588 4780 circiter
1614 4724 1737 4780 600.

486 4797 841 4851 Colbertinis
872 4797 1064 4853 tribus
1095 4812 1380 4852 annorum
1409 4795 1536 4866 600,
1568 4796 1674 4851 400
1703 4798 1760 4852 et
1786 4794 1911 4852 800.

487 4867 872 4924 Audoenensi
900 4884 1017 4923 uno
1048 4884 1337 4925 annorum
1366 4868 1489 4922 500.

489 4937 958 4993 Theodoricensi
986 4955 1102 4994 uno
1135 4954 1424 4994 annorum
1453 4938 1576 4994 500.

489 5008 817 5064 Sorbonico
848 5025 965 5064 uno
997 5026 1285 5065 annorum
1318 5010 1554 5065 circiter
1582 5009 1709 5066 400.

910 5115 1143 5172 LIBER
1182 5114 1744 5173 EPISTOLARUM.

927 5203 1311 5278 Expurgatus
1334 5206 1515 5261 estad
1538 5222 1686 5261 mss.
1709 5223 1721 5262 :

490 5293 917 5353 Belvacensem
947 5310 1128 5350 unum
1158 5311 1444 5350 annorum
1474 5295 1713 5352 circiter
1739 5295 1863 5351 800.

488 5368 919 5424 Pratellensem
952 5381 1131 5422 unum
1162 5382 1453 5422 annorum
1485 5368 1659 5422 etiam
1689 5368 1812 5423 800.

492 5435 836 5494 'I‘huaneum
867 5454 1047 5493 unum
1076 5453 1365 5493 annorum
1395 5439 1518 5493 800.

493 5507 994 5565 Vindocinensem
1030 5526 1210 5564 unum
1238 5524 1527 5564 annorum
1555 5509 1680 5565 Ἳο0.

493 5581 749 5654 Regium
782 5597 962 5636 unum
992 5596 1280 5636 annorum
1306 5580 1431 5635 600.

490 5649 873 5709 Alb'inianum
900 5667 1081 5709 unum
1110 5665 1403 5707 annorum
1423 5649 1661 5709 circiter
1686 5650 1811 5707 600.

490 5724 889 5780 Tellerisnum
918 5738 1100 5779 unum
1130 5722 1319 5777 aetatis
1351 5721 1591 5778 circiter
1619 5720 1910 5780 ejusdem

494 5793 971 5859 Gemeticeusom
990 5809 1176 5857 unum
1204 5806 1495 5855 annorum

1681 5794 1776 5852 ius
1805 5794 1931 5854 500.

2041 3117 2143 3158 (108

3741 357 3883 424 1m

2227 566 2729 639 Longipontinum
2756 580 2938 620 unum
2968 577 3254 639 annorum
3282 561 3406 616 500.

2228 584 2315 624 L0
2404 584 2729 639 iponnuum
2756 584 2938 620 unum
2968 584 3252 619 annorum

2228 584 2421 695 (Ξενιῇὶ
2450 636 2569 693 loci
2596 653 2778 693 unum
2808 651 3095 690 annorum
3128 635 3252 688 500.

2228 711 2722 766 Pontiniacenses
2753 708 2905 763 duos
2934 722 3052 761 non
3079 707 3339 761 diversae
3368 702 3758 774 antiquitatis.

2227 782 2587 837 Laetiensem
2618 794 2800 834 unum
2831 778 3007 834 etiam
3037 793 3171 831 ann.
3204 775 3327 830 508.

2228 853 2649 909 Michaelinum
2676 866 2858 906 unum
2889 849 3164 921 ejusdem
3193 847 3408 903 aetatis.

2297 942 2381 996 Et
2433 942 2639 996 horum
2681 939 3213 1020 manuscriptornm
3270 935 3495 1020 singuli
3552 947 3783 1020 omnes.
3808 941 3889 987 aut

2222 1028 2411 1086 prope
2455 1026 2660 1086 omnes
2703 1004 3139 1086 Ambrosianas
3187 1004 3468 1086 epistolas
3514 1004 3887 1086 comprehen-I

2230 1076 2375 1139 Ηυὴι
2398 1104 2415 1137 :
2466 1083 2543 1138 ad
2586 1098 2689 1138 eos
2733 1097 2876 1136 vero
2905 1082 3005 1153 qui
3040 1076 3368 1153 sequuntur
3394 1093 3510 1153 non
3541 1091 3771 1143 omnes,
3800 1076 3889 1130 sed

2230 1160 2453 1210 tantum
2484 1153 2706 1227 aliquot
2733 1149 3055 1207 recensita;
3082 1149 3240 1218 sunt,
3276 1149 3577 1204 nimirum.

2232 1243 2369 1298 XII‘
2400 1242 2472 1298 ad
2504 1236 2922 1314 Boyeriauum,
2956 1240 3014 1294 id
3046 1242 3157 1307 est,
3192 1254 3225 1294 e
3254 1236 3715 1314 l_)ibl_iotl_ieca_D.
3739 1233 3893 1306 Βοῖο-

2445 1314 2517 1368 rii
2564 1309 2844 1383 praesidis
2887 1312 3208 1383 inisenatu
3258 1309 3670 1378 Divioniensi,
3736 1322 3891 1362 unum

2445 1382 2583 1439 ann.
2617 1384 2858 1439 circiter
2886 1382 3014 1437 800.

2233 1456 2361 1510 VIIa
2398 1457 2470 1510 ad
2503 1455 2929 1511 Corbeiensem
2961 1469 3247 1509 annomm
3278 1452 3453 1507 etiam
3471 1450 3599 1506 800.

2400 1528 2471 1581 ad
2504 1526 2962 1581 Laudunensem
2992 1539 3279 1579 annorum
3309 1522 3436 1578 700.

2402 1598 2475 1652 ad
2508 1597 2853 1652 Thuaneum
2883 1611 3170 1651 annorum
3201 1595 3437 1650 circiter
3465 1592 3593 1647 500.

2403 1669 2479 1723 ad
2508 1668 2972 1725 Germanensem
2994 1680 3174 1721 unum
3205 1666 3479 1737 ejusdem
3495 1665 3678 1719 etiam
3701 1663 3890 1737 astatis.

2324 1743 2382 1795 et
2410 1741 2482 1795 ad
2513 1740 2887 1794 Colbertinos
2946 1739 3101 1794 duos
3168 1735 3415 1792 alterum
3473 1752 3612 1791 ann.
3678 1735 3895 1789 circiter

2450 1808 2575 1879 600,
2612 1810 2859 1865 alterum
2888 1810 3014 1865 400.

2238 1883 2348 1937 IX‘
2378 1882 2449 1954 ad
2485 1876 2739 1954 Regium
2758 1880 3409 1954 secundumannorum
3441 1878 3692 1933 circiter
3721 1876 3837 1954 400.

2237 1948 2999 2024 ΟοηοίιίιιηΓΑᾳιιὶιθὶθηεφ
3042 1952 3115 2005 ad
3149 1952 3545 2024 'I‘ellerianum
3558 1948 3897 2024 ⁸ιξιξςειιπμιζιι

2309 2040 2595 2079 annorum
2627 2020 2868 2078 circiter
2896 2023 3002 2078 600
3027 2026 3087 2077 et
3114 2022 3187 2076 ad
3226 2022 3516 2077 editiones
3549 2020 3828 2074 Chiiﬂetii
3851 2021 3897 2073 in

2311 2112 2422 2151 suo
2455 2095 2695 2167 Vigilio,
2728 2110 2845 2149 nec
2868 2110 2988 2149 non
3020 2093 3245 2148 Labbei
3274 2094 3332 2147 in
3362 2091 3675 2148 Conciliis.

2310 2186 2628 2240 Postremo
2657 2183 2790 2239 alia:
2816 2182 3084 2309 %umdam
3109 2183 3331 2256 partim
3379 2181 3456 2237 ad
3492 2181 3752 2254 Regium
3792 2184 3898 2234 ter-

2310 2274 2404 2309 1m.
2442 2257 2659 2309 nartim
2690 2254 2767 2309 ad
2864 2253 3218 2309 elleriannm
3258 2254 3436 2308 etiam
3478 2254 3753 2309 tertium.
3790 2266 3898 2309 nar-

2242 2258 2404 2325 tium,
2436 2257 2659 2325 partim
2690 2254 2767 2325 ad
2795 2253 3218 2325 ATellerian'nm
3258 2254 3436 2308 etiam
3478 2253 3753 2325 tertium,
3786 2266 3901 2322 par-

2241 2329 2347 2383 tim
2377 2323 2454 2382 ad
2486 2342 2659 2381 unum
2690 2323 3079 2395 Fuliensium,
3117 2342 3287 2380 unum
3316 2325 3387 2380 Β.
3420 2324 3640 2379 Mariae
3669 2323 3900 2379 Remen-

2239 2401 2348 2471 sis,
2381 2405 2557 2471 atque
2589 2414 2761 2452 unum
2791 2397 3221 2470 Remiginnum.

2543 2503 2778 2560 LIBER
2816 2502 2917 2559 DE
2956 2502 3303 2559 EXCESSU
3342 2501 3646 2558 SATYRI.

2668 2593 3039 2666 Recognitus
3069 2595 3166 2649 est
3194 2593 3265 2647 ad
3296 2608 3445 2648 mss.
3480 2609 3493 2646 :

2240 2683 2671 2741 Corbeiensem
2698 2698 2879 2738 unum
2911 2697 3202 2737 annorum
3238 2680 3364 2736 800.

2241 2755 2676 2828 Beniguianum
2709 2769 2890 2809 unum
2919 2768 3207 2809 annorum
3236 2751 3361 2828 800Σ

2243 2821 2703 2881 Ιλιιιιάῖιιιθιιεθω
2731 2841 2915 2880 unum
2944 2840 3238 2880 annorum
3266 2821 3388 2877 700.

2247 2898 2661 2980 Remigianum
2689 2913 2870 2951 unum
2899 2912 3188 2980 annorum
3220 2894 3457 2980 circiter
3486 2892 3615 2948 600.

2245 2966 2625 3024 Albinianum
2658 2984 2839 3023 unum
2871 2966 3141 3038 ejusdem
3174 2966 3386 3022 aetatis.

2247 3040 2500 3112 Regium
2532 3055 2713 3095 unum
2742 3036 3031 3094 annorum
3061 3036 3184 3093 500.

2245 3108 2709 3166 Germanensem
2738 3126 2921 3165 unum
2950 3124 3236 3164 annorum
3269 3108 3393 3163 500.

2246 3182 2447 3237 Sancti
2476 3181 2706 3236 Gatiani
2738 3181 3110 3236 Turonensis
3142 3196 3322 3235 unum
3351 3195 3488 3236 ann.
3520 3178 3650 3234 500.

2248 3253 2749 3334 ξτοῃείρο-ηῑίηιιῐῐι
2779 3268 2963 3307 unum
2991 3252 3432 3334 πψτη-[6500.

2248 3323 2652 3378 νθιιῐεὲοιιιιιω
2685 3339 2865 3377 unum
2895 3338 3187 3378 annorum
3216 3323 3338 3377 500.

2249 3395 2729 3450 Vallis-lucentis
2761 3411 2942 3449 unum
2974 3393 3245 3465 ejusdem
3277 3394 3489 3448 aetatis.

2248 3466 2656 3521 Colbertinum
2686 3481 2867 3521 unum
2896 3481 3185 3522 annorum
3217 3465 3339 3520 400.

2250 3537 2617 3593 Victorinum
2647 3553 2831 3592 unum
2858 3552 3149 3593 annorum
3176 3538 3351 3591 etiam
3381 3535 3506 3591 400.

2427 3642 2659 3700 LIBER
2696 3643 2799 3699 DE
2836 3642 3012 3699 FIDE
3050 3640 3748 3699 RESURRI‘ETIONIS.

2251 3732 2340 3787 Ad
2370 3749 2576 3789 omnes
2608 3733 2846 3787 codices
2886 3733 2947 3786 in
2996 3729 3289 3801 superiori
3329 3730 3489 3786 serie
3530 3733 3906 3796 memoratos,

2321 3805 2603 3886 exceptis
2613 3804 2801 3886 Regio
2823 3806 2882 3858 et
2907 3803 3104 3886 Sancti
3124 3802 3370 3886 (iulium2
3405 3802 3909 3886 eiusculstu'g‘est:

2324 3876 2430 3931 sed
2462 3872 2678 3945 printer
2708 3872 2841 3931 illos
2874 3874 3375 3945 examinatusiest
3403 3874 3580 3928 etiam
3609 3873 3685 3927 ad
3721 3872 3910 3945 Thus-

2322 3942 2497 4003 neum
2545 3962 2727 4017 unum
2776 3960 2912 4001 ann.
2963 3946 3071 4001 500
3120 3950 3177 4000 et
3227 3944 3653 4017 Fragmentum
3699 3942 3913 3998 codicis

2324 4017 2561 4090 collegii
2589 4015 3024 4073 Claromontani
3056 4032 3187 4071 ann.
3220 4016 3342 4071 800.

2438 4123 2717 4179 ORATIO
2757 4121 2856 4177 DE
2892 4120 3123 4179 OBITU
3162 4120 3748 4177 VALENTINIANI.

2710 4212 3027 4268 Recensita
3046 4216 3141 4269 est
3168 4212 3241 4267 ad
3271 4227 3420 4267 mss.
3455 4231 3468 4265 :

2255 4301 2576 4358 Thuaneos
2604 4300 2755 4356 duos
2786 4315 3073 4356 annorum
3100 4297 3209 4355 800
3233 4303 3291 4355 et
3318 4300 3441 4355 500.

2255 4374 2680 4431 Corbeiensem
2710 4388 2891 4427 unum
2920 4387 3210 4427 annorum
3238 4371 3360 4426 700.

2256 4444 2655 4501 Tellerianum
2685 4459 2863 4498 unum
2893 4458 3183 4498 annorum
3211 4441 3337 4498 600.

2256 4516 2595 4589 Bigotinum
2620 4529 2804 4569 unum
2833 4529 3119 4569 annorum

2260 4585 2673 4642 Re‘miaianum
2703 4601 2885 4640 unum
2914 4601 3201 4640 annorum
3231 4585 3354 4640 500.

2259 4655 2804 4713 Theodoricensem
2832 4672 3013 4711 unum
3044 4670 3329 4712 annorum
3356 4655 3482 4711 600.

2262 4730 2488 4801 Regios
2517 4728 2669 4783 duos
2700 4743 2987 4783 annorum
3015 4727 3122 4782 600
3149 4733 3206 4782 et
3235 4728 3357 4801 400.

2261 4797 2762 4882 Longip‘ontinum
2789 4814 2972 4853 unum
2999 4814 3285 4853 annorum

2262 4869 2745 4925 Vallisllucentis
2775 4884 2957 4925 unum
2987 4885 3274 4925 annorum
3304 4869 3428 4925 500.

2261 4942 2665 4999 Colbertinum
2694 4957 2874 4996 unum
2905 4956 3192 4996 annorum
3220 4939 3344 4997 400.

2518 5047 2798 5104 ORATIO
2836 5048 2937 5103 DE
2972 5047 3201 5103 OBITU
3241 5047 3665 5104 THEODOSII.

2722 5137 3022 5209 Castigata
3053 5140 3145 5191 est
3174 5137 3246 5191 ad
3277 5153 3424 5191 mss.
3462 5154 3475 5192 :

2264 5227 2581 5283 Thuaneos
2611 5226 2761 5281 duos
2792 5241 3077 5281 annorum
3109 5223 3215 5281 800
3244 5229 3298 5281 et
3328 5226 3450 5280 500.

2264 5299 2690 5355 Pratellensem
2719 5313 2897 5352 unum
2928 5294 3216 5351 annorum
3244 5296 3369 5352 700.

2266 5372 2751 5425 Bellovacensem
2782 5384 2961 5423 unum
2993 5367 3264 5439 ejusdem
3296 5367 3533 5423 circiter
3561 5366 3765 5423 (etatis.

2266 5441 2764 5496 Vindocinensem
2802 5455 2981 5493 unum
3013 5455 3297 5494 annorum
3327 5439 3451 5509 ⁸700,

2267 5513 2647 5566 Albinianum
2679 5526 2860 5564 unum
2891 5526 3181 5565 annorum
3210 5510 3335 5565 600.

2266 5583 2737 5639 Gemeticensem
2768 5597 2949 5636 unum
2978 5582 3246 5653 ejusdem
3281 5582 3493 5636 aetatis.

2266 5653 2640 5711 Colbertinos
2671 5653 2843 5721 duos,
2876 5647 3123 5708 alterum
3151 5668 3285 5707 anu.
3317 5652 3445 5722 ⁸700,
3478 5651 3723 5710 alterum
3747 5647 3855 5708 too.

2269 5725 2492 5799 Regios
2523 5723 2672 5799 duos
2702 5738 2990 5780 annorum
3019 5723 3125 5780 500
3152 5726 3210 5780 et
3237 5723 3361 5799 400.

2268 5790 2769 5879 Longipontinum
2797 5810 2979 5859 unum
3016 5810 3306 5858 annorum
3343 5790 3468 5859 800.
