4162 6192
311 349 466 414 1585

307 549 468 598 Maria
507 546 773 599 Christum
818 547 930 594 sine
966 545 1137 608 aliqua
1173 547 1255 594 sui
1303 547 1600 608 operatione
1645 547 1971 605 formaverit,

309 611 418 660 269.
473 610 601 658 Post
651 615 858 671 partum
901 607 1192 672 virginitas.
1227 607 1363 658 1030.
1408 609 1642 656 eresis
1674 623 1859 672 eorum
1884 611 1975 670 qui

308 674 522 722 Mariam
557 677 677 733 post
705 671 1014 731 conceptum
1035 671 1288 734 virginem
1313 672 1631 719 remansisse
1657 671 1974 733 profiteban-

307 742 410 793 tur,
442 749 547 782 non
567 739 738 781 autem
769 739 889 794 post
910 733 1136 796 partum,
1291 736 1611 796 Argumenta
1639 733 1832 794 quibus
1858 747 1973 796 per-

307 747 410 793 tur,
442 749 547 782 non
567 747 738 781 autem
769 747 889 794 post
910 747 1131 794 partum.
1155 747 1266 782 uno.
1291 747 1611 842 argumenta
1639 747 1832 794 quibus
1858 747 1973 796 per-

306 803 458 860 petua
479 797 671 860 Maria:
699 796 983 860 virginitas
1011 795 1323 853 vindicatur,
1393 795 1504 845 009.
1555 796 1719 844 Maria
1765 801 1974 858 operata

306 857 388 908 est
417 859 635 908 salutem
666 858 867 914 mundi,
897 857 1011 906 992.

370 923 763 1031 Martyriess1qum
785 921 1042 968 castitatis
1071 919 1276 968 tuenda:
1299 931 1460 969 causa
1479 925 1698 968 mortem
1719 919 1818 968 sibi
1841 933 1970 968 con-

370 997 527 1031 ivere.
655 1018 666 1029 .

307 985 527 1037 scivere.
558 983 666 1031 181.

369 1046 751 1094 Matrimonium
778 1057 807 1092 a
837 1043 1016 1092 liberis
1048 1043 1254 1100 initum,
1290 1043 1474 1090 insciis
1503 1057 1599 1091 nee
1634 1043 1969 1092 assentienti-

305 1109 407 1156 bus
436 1108 760 1170 parentibus,
793 1119 860 1154 an
890 1113 1057 1170 ratum
1077 1119 1136 1152 ac
1159 1106 1366 1170 firmum
1387 1104 1682 1170 habendum
1712 1106 1800 1161 sit,
1830 1105 1970 1155 1103.

307 1167 492 1220 Cultus
521 1169 801 1232 disparitas
833 1181 954 1216 num
978 1168 1130 1232 juxta
1146 1167 1419 1232 Ambrosii
1440 1168 1748 1232 sententiam
1770 1173 1820 1216 et
1840 1181 1972 1216 con-

308 1226 624 1281 trahendum
649 1236 699 1279 et
727 1226 1053 1283 contractum
1070 1226 1310 1278 dirimat?
1335 1229 1446 1279 851.
1482 1229 1602 1278 Vid.
1635 1230 1970 1288 Comuomu,

305 1295 558 1344 NUPILB.
1793 1335 1800 1338 _

369 1357 630 1406 Maximus
659 1357 893 1417 queritur
921 1354 1134 1416 ohjectu
1160 1352 1441 1417 legationis
1467 1353 1740 1402 Ambrosii
1768 1353 1831 1417 ad
1867 1355 1970 1402 Ita-

307 1419 427 1468 liam
469 1433 573 1467 non
611 1415 848 1482 potuisse
883 1415 1126 1482 transire,
1171 1415 1285 1464 858.
1330 1415 1970 1482 Ambrosidminabatur,

305 1482 445 1530 1185.
494 1477 703 1530 Maximi
749 1481 955 1540 tyranni
1003 1479 1139 1527 filias
1173 1479 1438 1527 revocavit
1469 1477 1829 1536 Theodosius,
1859 1477 1968 1527 956.

314 1543 432 1592 Vid.
473 1546 771 1594 truncum.

305 1667 334 1714 ἀ
369 1607 629 1714 Μδιίἓῖιέι
658 1604 889 1667 Cynicus
918 1603 1040 1665 quis
1069 1602 1244 1660 fuerit,
1276 1602 1498 1666 ejusque
1528 1601 1740 1652 fraudes
1760 1616 1820 1651 ac
1836 1615 1974 1651 men-

341 1681 470 1714 acia.
606 1706 616 1714 .

341 1669 470 1725 acia,
503 1669 616 1718 815.

369 1731 690 1794 Medicorum
714 1729 886 1794 pueri,
899 1728 1092 1794 “1017.”

370 1787 801 1864 Meichisedecba
825 1791 1015 1864 quibus
1043 1787 1214 1838 dictus
1239 1789 1309 1838 sit
1335 1787 1579 1853 angelus,
1609 1787 1721 1840 513.

372 1851 873 1905 Melchisedechiani.
909 1851 1020 1902 373.

369 1917 555 1966 Meletii
583 1923 632 1965 et
667 1915 866 1964 Paulini
900 1921 1125 1976 pactum,
1153 1921 1208 1963 ut
1237 1914 1647 1977 unorsuperstite
1667 1913 1717 1977 in
1738 1912 1970 1977 defuncti

307 1977 477 2028 locum
511 1979 687 2028 nullus
719 1974 1112 2039 subrogaretur,
1166 1977 1275 2027 814.
1330 1974 1458 2036 Quis
1497 1977 1548 2026 in
1579 1976 1770 2024 Meletii
1799 1974 1971 2025 locum

307 2044 599 2091 suffectus?
628 2043 738 2092 815.

369 2105 581 2154 Melotis
609 2105 734 2154 quid
770 2100 872 2150 sit?
898 2100 1007 2149 821.

368 2165 714 2223 Memoriales,
745 2165 856 2216 854.

369 2229 689 2279 Mendacium
725 2231 960 2284 beatum,
993 2225 1101 2275 948.

367 2293 448 2342 Ad
481 2305 710 2340 mensem
743 2289 965 2354 primum
995 2288 1160 2354 Nona:
1191 2287 1520 2354 Mai_i_referri
1554 2290 1797 2348 possunt,
1826 2286 1939 2335 886.

371 2354 724 2403 Mercenarius
744 2348 853 2401 non
878 2349 1219 2409 fraudandus,
1243 2348 1354 2398 843.

369 2416 740 2478 Mesopotamia
769 2426 864 2463 cur
890 2413 966 2460 sic
997 2410 1170 2460 dicta?
1197 2411 1307 2460 843.

366 2485 810 2559 Μετιμψνχὼσεως
833 2487 1095 2559 opinionis
1124 2489 1242 2549 quis
1275 2493 1476 2546 auctor,
1508 2486 1650 2536 1168.

369 2557 853 2621 Michcas’morathi,
874 2557 1009 2606 1063.
1038 2559 1212 2621 Hujus
1237 2561 1464 2608 nominis
1481 2559 1814 2620 significatio,
1834 2557 1968 2606 ibid.

369 2621 546 2695 Militia
713 2620 882 2667 solum
918 2634 1011 2682 pro
1034 2620 1308 2680 castrensi,
1342 2621 1432 2670 sed
1455 2623 1610 2670 etiam
1632 2622 1827 2669 forensi
1852 2635 1972 2683 pro-

369 2698 552 2732 3510ne.
682 2719 692 2730 .

303 2685 552 2739 fossione,
583 2684 692 2732 641.

369 2745 559 2794 Milites
581 2745 786 2794 nomine
816 2745 1144 2809 imperatoris
1176 2747 1467 2809 signantur,
1506 2746 1645 2795 1189.
1685 2745 1837 2793 Certo
1868 2746 1969 2809 mi-

305 2808 428 2857 litiae
471 2813 702 2870 tempore
750 2814 1046 2867 servantur,
1095 2807 1203 2857 955.
1230 2807 1504 2857 ’Μὶιὶιίὺυε
1551 2809 1807 2870 prohibita
1850 2808 1973 2855 olim

305 2877 613 2982 mercatzga,
645 2871 811 2918 litium
841 2871 1131 2934 susceptio,
1169 2872 1498 2936 negotiorum
1533 2872 1584 2919 in
1626 2871 1740 2919 foro
1785 2884 1970 2932 prose-

305 2947 369 2981 cu
398 2949 464 2982 ιο.
566 2971 577 2982 .

305 2935 464 2993 cutio,
499 2935 577 2984 49.

367 2996 602 3060 Missam,
624 2995 674 3045 id
690 3002 789 3060 est,
812 2994 1128 3060 sacrificium
1151 2999 1318 3045 facere
1339 2998 1490 3060 ccepi,
1513 2996 1622 3046 853.
1643 2996 1820 3060 Missa)
1842 3009 1972 3060 prte-

304 3059 447 3116 fatio,
478 3065 527 3108 et
558 3060 724 3122 prima
754 3058 986 3122 Canonis
1002 3061 1249 3121 precatio,
1277 3060 1386 3110 364.
1421 3058 1712 3122 Sequentes
1741 3058 1971 3106 Canonis

342 3120 648 3181 recationes,
679 3121 788 3184 371,
819 3120 928 3168 372.
961 3120 1093 3178 Quid
1113 3123 1361 3170 sacerdos
1381 3120 1521 3172 dicat
1548 3128 1671 3184 post
1689 3122 1972 3170 orationem

355 3187 648 3241 ominicam,
679 3183 787 3234 385.

371 3248 552 3311 Missio
586 3248 793 3311 nomine
815 3247 1180 3311 processionis
1207 3247 1518 3311 significata.
1539 3247 1651 3311 625.

369 3309 678 3358 Monasteria
713 3307 993 3357 Mediolani
1038 3307 1281 3356 necdum'
1300 3311 1465 3357 fuisse
1508 3310 1770 3364 instituta,
1818 3321 1971 3355 secus

305 3371 573 3426 Bononiae,
606 3372 713 3420 154.
752 3371 1127 3419 Monasterium
1164 3373 1406 3428 Veronze,
1439 3371 1548 3420 770.
1587 3373 1817 3420 Infantes
1848 3370 1970 3418 olim

307 3434 638 3483 monasteriis
665 3448 694 3482 a
727 3434 1028 3496 parentibus
1067 3433 1252 3489 oblati,
1287 3435 1628 3483 monasticam
1656 3434 1816 3482 vitam
1847 3447 1969 3496 per-

305 3502 460 3557 petuo
507 3495 739 3545 servare’
765 3496 1103 3556 cogebantur,
1149 3496 1258 3545 291.
1312 3496 1459 3545 Unde
1497 3497 1607 3545 haec
1641 3495 1970 3545 consuetudo

304 3560 549 3614 manavit,
597 3559 705 3607 292.
766 3558 1067 3606 Μοοᾶεῐίεω
1117 3559 1461 3607 institutionis
1508 3558 1816 3613 celebritas,
1858 3557 1968 3606 931.

305 3619 604 3669 Monastica:
626 3623 746 3670 vitm
767 3635 885 3668 cum
915 3620 1137 3668 clericali
1157 3621 1481 3682 conjunctio,
1515 3621 1652 3672 1038.
1687 3621 1973 3682 Monastica

304 3684 485 3740 vestis,
515 3684 623 3732 821.
659 3683 893 3732 Monachi
930 3683 1086 3744 cujus
1117 3681 1310 3732 coloris
1343 3690 1490 3732 veste
1524 3689 1811 3740 uterentur,
1841 3681 1917 3732 23.

367 3746 633 3795 Moralitas
663 3746 809 3807 quid,
842 3745 980 3794 1040.

366 3808 550 3856 Mortis
607 3822 775 3870 genus
823 3807 1036 3870 triplex.
1089 3809 1227 3857 1144.
1292 3809 1477 3856 Mortis
1533 3808 1789 3861 definitio,
1834 3807 1966 3856 ibid.

303 3869 444 3918 Mors
467 3869 651 3918 somno
674 3871 878 3925 similis,
904 3869 1040 3934 1133.
1062 3870 1263 3927 Quibus
1280 3871 1573 3934 rationibus
1591 3870 1812 3934 gentiles
1835 3884 1968 3918 mor-

305 3938 406 3980 tem
435 3934 794 3995 aequanimiter
822 3933 1082 3980 ferendam
1115 3934 1412 3995 probarent,
1453 3933 1592 3982 1147.
1634 3933 1785 3980 Ritus
1820 3939 1968 3980 vete-

305 4007 422 4057 rum
461 3997 597 4044 circa
645 3996 946 4057 morientes,
1000 3995 1136 4043 1117.
1185 3995 1404 4057 cognati
1450 3995 1721 4043 demortuo
1752 3999 1830 4042 ter
1859 3996 1971 4043 vale

303 4054 562 4112 dicebant,
597 4056 735 4108 1134.
766 4057 1096 4117 Morientium
1128 4054 1844 4117 oculibonjunctissimorum
1867 4071 1970 4106 ma-

303 4120 459 4166 nibus
490 4119 876 4173 claudebantur,
917 4116 1054 4166 1123.
1101 4118 1214 4165 Mos
1251 4116 1460 4179 publica
1499 4119 1795 4166 laudatione
1824 4133 1968 4166 mor-

302 4186 425 4228 tuos
454 4182 760 4234 honorandi.
789 4181 929 4229 1111.
961 4181 1129 4244 Etiam
1151 4182 1340 4229 fratres
1363 4195 1658 4244 germanos,
1689 4180 1822 4228 ibid.
1849 4183 1970 4229 Dies

303 4255 398 4304 pro
429 4245 650 4292 mortuis
679 4243 1011 4299 observandi,
1047 4255 1112 4290 an
1143 4244 1294 4291 etiam
1324 4243 1385 4290 eti
1416 4243 1630 4290 nonus?
1662 4244 1798 4290 1197.
1833 4244 1966 4304 Sep-

305 4303 462 4366 timus
510 4307 622 4354 dies
669 4307 720 4354 in
776 4305 1050 4354 funeribus
1095 4305 1340 4366 peculiari
1388 4307 1584 4353 ratione
1627 4305 1725 4353 coli
1763 4303 1968 4360 solitus,

304 4364 440 4413 1135.
462 4367 678 4424 Quidam
711 4368 888 4430 p0puli
919 4364 1221 4430 olimortus
1252 4369 1525 4415 hominum
1556 4367 1820 4430 lugebant,
1854 4368 1971 4430 obi-

305 4433 492 4491 tusque
536 4429 893 4486 celebrabant,
943 4429 1076 4485 ibid,
1123 4429 1288 4477 Morte
1334 4432 1492 4478 unius
1535 4429 1747 4477 maximi
1789 4429 1969 4491 populi

304 4486 526 4545 liberati,
549 4492 685 4539 1146.
717 4493 862 4541 Multi
883 4493 1041 4540 vitam
1063 4491 1175 4539 solo
1195 4493 1380 4539 mortis
1404 4492 1551 4539 titulo
1575 4486 1968 4549 consecrarunt,

304 4549 440 4598 1145.
473 4553 766 4614 Episcopis,
802 4555 1010 4602 clericis
1040 4553 1119 4601 vel
1153 4554 1304 4601 etiam
1335 4555 1604 4601 monachis
1627 4561 1792 4602 morte
1820 4554 1969 4603 dam-

305 4619 452 4688 na‘tos
486 4627 665 4688 emere
695 4614 974 4688 aliquando
1002 4629 1352 4688 concessum...
1371 4615 1450 4663 96.

365 4675 615 4724 Mundum
668 4675 898 4738 plerique
961 4678 1246 4738 ingenitum
1303 4677 1573 4731 dixerunt,
1629 4678 1736 4725 724.
1797 4679 1968 4726 Varia:

298 4737 727 4846 gglosophorum
774 4739 836 4786 de
879 4737 1190 4786 mundorum
1240 4738 1620 4800 multiplicitate
1663 4741 1965 4802 opiniones,

366 4830 622 4925 Myroclcs
653 4863 1056 4912 Mediolanensis
1086 4865 1389 4925 episcopus,
1418 4861 1528 4913 668.

1116 5015 1168 5074 N

367 5149 483 5196 Non
515 5151 656 5197 nasci
688 5149 840 5211 longe
873 5149 1138 5211 optimum.
1169 5148 1312 5211 1142ἶ
1340 5148 1556 5198 Natales
1596 5150 1707 5198 dies
1743 5149 1962 5200 defunc-

303 5215 472 5258 torum
507 5209 809 5271 martyrum‘,
841 5209 931 5258 seu
962 5210 1201 5268 aliorum,
1233 5209 1370 5259 1136.

364 5274 576 5322 Naturae
625 5275 764 5325 finis.
816 5273 864 5321 id
900 5279 995 5328 est,
1045 5273 1322 5334 compositi
1367 5274 1619 5322 naturalis
1667 5273 1964 5331 dissolutio,

300 5335 440 5444 litigi
470 5338 629 5444 ιρέιὲἳῖ
663 5337 900 5397 ejusdem
946 5341 1070 5382 sunt
1117 5341 1338 5394 naturae,
1385 5337 1596 5385 diversa
1644 5351 1782 5398 saepe
1821 5337 1966 5385 initia

317 5412 362 5444 ia
402 5413 464 5444 en
495 5437 506 5444 .
570 5415 584 5424 -
611 5419 646 5444 -.

317 5400 506 5453 tabent,
535 5400 646 5452 726.

363 5461 589 5509 Nectarii
617 5459 1180 5523 Constantinopolitani
1199 5460 1458 5508 ordinatio
1483 5473 1587 5520 qua
1617 5461 1815 5508 ratione
1849 5476 1962 5523 per-

298 5529 432 5586 acta,
463 5531 513 5572 et
541 5538 636 5572 cur
673 5537 709 5586 7a
755 5523 977 5571 concilio
1015 5522 1188 5586 italico
1222 5524 1613 5585 perstringitur,
1649 5525 1742 5572 815
1773 5531 1821 5572 et
1848 5522 1960 5586 aeq.

301 5585 497 5632 Domus
529 5585 768 5644 ejusdem
803 5587 1029 5639 incensa,
1059 5585 1170 5631 950.

363 5647 659 5708 Nephtalim
694 5648 818 5708 quid
853 5647 1030 5695 Latine
1060 5647 1333 5709 significet,
1363 5645 1472 5695 913.

301 5709 579 5818 “SS-potis
633 5712 857 5759 animam
907 5709 1105 5757 nostris
1153 5709 1507 5758 oblationibus
1561 5723 1960 5773 prosequamur,

362 5832 579 5893 Nepotis
608 5848 710 5881 vox
740 5834 863 5895 quid
895 5833 1194 5890 Ambrosio,
1227 5833 1368 5884 1018.

361 5895 588 5958 Neronis
618 5897 827 5958 probra,
860 5896 996 5946 1212.

361 5955 658 6022 (Viennam.
689 5959 953 6008 Numerus
981 5959 1346 6022 episcoporum
1378 5960 1470 6020 qui
1497 5958 1710 6008 Nicaeno
1741 5960 1961 6009 concilio

298 6020 466 6082 primo
495 6022 813 6070 oecumenico
843 6020 1210 6079 interfuerunt,
1251 6021 1362 6070 444.
1415 6024 1473 6071 in
1517 6035 1696 6070 eorum
1741 6036 1960 6072 numero

300 6082 589 6134 secundum
627 6084 840 6135 Graecos
877 6085 1205 6138 characteres
1241 6091 1322 6136 est
1360 6085 1632 6151 expressio
1677 6085 1957 6138 Dominicae

1649 347 1914 410 INDEX
1953 347 2492 413 ANALYTICUS

3610 350 3764 416 1586

2083 549 2259 597 crucis
2289 554 2338 597 et
2364 549 2612 606 nominis,
2644 549 2754 600 443.
2790 549 3029 599 Definitio
3058 549 3178 598 fidei
3209 549 3405 610 scripta
3433 561 3463 598 a
3488 548 3646 598 Cone.
3673 549 3760 598 Ni-

2085 624 2230 659 caano
2255 611 2500 674 generali,
2528 612 2642 661 467.
2674 612 3006 662 Nicaenorum
3035 624 3588 674 canonumnumerus,
3612 610 3750 660 1037.

2084 674 2166 740 {tu
2198 673 2469 740 Niemnum
2497 675 2780 740 concilium,
2802 675 2873 740 de
2890 675 3113 740 bigamia
3136 673 3616 740 sacerdotalietiam
3635 679 3754 721 ante

2084 735 2401 798 baptismum
2424 743 2691 786 contracta
2718 738 2914 798 aliquid
2945 735 3202 791 statuerit,
3226 735 3364 785 1037.
3400 736 3556 784 Liber
3585 749 3754 798 sacer-

2086 797 2276 860 dotalis
2302 799 2506 847 concilii
2538 799 2756 855 Nica'ni,
2797 797 2847 846 et
2879 800 3003 860 quid
3040 804 3218 846 contra
3250 811 3368 860 eum
3401 798 3616 860 Ariano,
3642 797 3752 846 520.

2086 859 2313 909 Nicaeam
2345 875 2450 909 non
2481 859 3074 922 ConstantinOpolitanze
3105 859 3293 922 synodi
3322 859 3628 909 auctoritate
3657 873 3754 910 cur

2085 927 2259 970 utetur
2292 923 2624 972 Ambrosius.
2656 925 2767 974 861.
2810 923 2930 974 Vid.
2955 923 3190 973 CYCLUB.

2149 984 2420 1034 Nicentius
2449 985 2712 1041 tribunus,
2743 985 2852 1035 768.

2146 1046 2314 1096 Nodis
2342 1047 2404 1096 de
2434 1049 2634 1096 nostris
2663 1049 2762 1096 flos
2793 1047 3066 1108 germinet,
3092 1046 3202 1096 145.

2148 1109 2320 1173 Notas
2343 1110 2706 1173 aegritudines,
2736 1109 2844 1158 762.

2147 1170 2474 1235 Novatian'us
2503 1173 2622 1234 quis
2657 1171 2970 1235 fuerit,_385.
2999 1173 3285 1235 ,Famoum
3315 1170 3544 1235 libellum
3575 1173 3748 1235 scrip-

2084 1231 2153 1281 sit
2182 1233 2234 1296 in
2269 1231 2569 1282 Cornelium
2601 1247 2802 1296 papam,
2829 1233 2938 1284 387.
2963 1234 3558 1283 Novatianischismatis
3587 1231 3748 1284 causa

2082 1300 2132 1358 et
2155 1295 2321 1358 origo,
2353 1296 2460 1346 412.
2487 1295 2724 1345 Novatus
2749 1298 3021 1358 presbyter
3043 1298 3158 1352 fuit,
3183 1309 3287 1344 non
3309 1296 3612 1358 episcopus,
3634 1296 3746 1346 385.

2083 1357 2152 1405 Se
2185 1357 2448 1420 mancipat
2481 1357 2794 1416 Novatiano,
2827 1357 2936 1408 387.
2969 1359 3102 1408 Cum
3129 1357 3421 1406 Novatiano
3451 1357 3583 1406 male
3615 1373 3745 1409 con-

2079 1428 2333 1502 funditur,
2362 1429 2626 1502 385.7Non
2662 1430 2756 1502 ab,
2783 1430 3082 1502 Ambrosio,
3121 1429 3232 1488 393,
3267 1429 3519 1502 Καθαρῶν
3559 1444 3749 1502 nomen

2082 1499 2182 1548 sibi
2210 1505 2458 1564 arrogant
2483 1500 2780 1564 Novatiani.
2803 1500 2900 1564 387
2933 1507 2982 1564 et
3007 1501 3117 1551 389.
3149 1499 3574 1563 Appeliabantur.
3601 1501 3748 1548 Mon-

2081 1567 2249 1610 tentes
2290 1562 2359 1610 δι’
2380 1564 2579 1619 ἓοονω,
2616 1562 2726 1612 390.
2768 1563 3074 1614 Νονᾶιὶειοω
3107 1562 3328 1612 heresis
3357 1568 3507 1611 ortus
3537 1567 3586 1611 et
3614 1576 3745 1623 pro-

2079 1638 2318 1688 gressus,
2345 1624 2460 1674 385.
2493 1628 2574 1674 An
2605 1626 2948 1688 etquiomodo
2985 1626 3263 1688 Novatiani
3304 1625 3537 1688 dixerint
3578 1625 3749 1688 omnia

2079 1686 2288 1747 peccata
2331 1701 2450 1735 esse
2503 1686 2768 1749 mqualiaf
2819 1687 2930 1736 391.
2989 1687 3290 1749 catholicos
3340 1687 3748 1748 rebaptizabant,

2079 1763 2205 1797 num
2250 1755 2300 1796 et
2346 1747 2601 1798 Catholici
2636 1750 2997 1798 Novatianos?
3038 1747 3147 1798 398.
3193 1747 3484 1798 Novatiana
3527 1749 3751 1797 haeresis

2080 1811 2382 1860 sacerdotes
2414 1813 2504 1860 Dei
2537 1826 2640 1859 non
2678 1811 2846 1867 habet,
2879 1810 2989 1860 392.
3022 1812 3301 1860 Novatiani
3325 1809 3628 1860 Catholicae
3659 1824 3750 1858 vo-

2078 1873 2264 1922 cabant
2291 1875 2624 1936 Apostaticos
2645 1878 2694 1921 et
2712 1873 3053 1936 Capitolinos,
3073 1871 3183 1923 390.
3209 1873 3488 1936 Novatiani
3512 1872 3749 1934 judicem

2079 1936 2167 1997 qui
2198 1934 2511 1998 reum‘juste
2541 1937 2725 1998 capitis
2754 1934 3172 1991 condemnasset,
3207 1935 3271 1998 ab
3294 1934 3485 1998 altaris
3511 1946 3748 1998 commu-

2078 1995 2234 2062 nione
2263 1995 2989 2062 removentes'designantur,
3016 1998 3128 2062 892.
3159 1995 3402 2062 Validam
3433 2000 3616 2062 contra
3646 1995 3749 2043 No-

2078 2061 2316 2124 vatianos
2364 2057 2764 2124 argumentum;
2785 2059 2926 2124 3120.
2959 2059 3289 2124 Prascipuum
3333 2057 3748 2124 Novatianorum

2078 2121 2465 2170 ﬁrmamentum
2497 2123 2550 2170 in
2576 2123 2755 2170 verbis
2785 2121 2949 2177 Pauli,
2985 2129 3035 2169 et
3073 2123 3284 2183 egregia
3325 2121 3594 2169 Ambrosii
3630 2133 3748 2183 res-

2078 2185 2286 2245 ponsio,
2317 2183 2427 2232 417.
2457 2184 2773 2246 Ambrosius
2803 2183 3076 2246 eadegm‘ae
3105 2181 3404 2246 Cyprianus
3433 2187 3616 2232 contra
3650 2181 3755 2232 No-

2077 2244 2320 2293 vatianos
2355 2245 2588 2308 exempla
2613 2246 2882 2308 proponit,
2911 2244 3008 2294 420

2158 2319 2314 2378 Νοῦς,
2348 2315 2400 2364 id
2435 2321 2516 2364 est
2544 2330 2712 2372 mens,
2742 2316 2850 2366 780.
2878 2319 3013 2376 Νοῦς
3032 2317 3216 2365 anime
3245 2315 3420 2379 vigor,
3454 2313 3566 2363 973.

2142 2386 2493 2435 Numerorum
2523 2389 2754 2436 scientiae
2779 2387 3124 2436 addictissimi
3153 2385 3470 2449 Pythagorei
3500 2389 3551 2433 et
3578 2383 3748 2435 Plato-

2080 2448 2202 2512 nici,
2233 2454 2431 2512 etpost
2453 2463 2546 2498 eos
2576 2449 2752 2512 plures
2781 2463 2808 2498 e
2839 2447 3469 2512 sanctis_Patribus,_976.

2143 2509 2456 2573 Nuptiarum
2499 2509 2701 2560 veteres
2735 2525 2930 2568 mores,
2977 2510 3084 2560 173.
3125 2511 3358 2558 Moribus
3403 2509 3746 2573 Hebraeorum

2080 2571 2324 2647 convenit
2351 2574 2776 2647 _et.legibus_._ut
2798 2573 3008 2647 integri.
3050 2573 3347 2647 nuptiarum
3377 2571 3743 2647 'integris‘so-

2079 2635 2282 2699 cientur
2311 2633 2636 2699 virginibus,
2659 2636 2767 2699 759.
2791 2633 3074 2699 Nuptialcs
3099 2633 3250 2699 ritus,
3278 2635 3526 2699 variaque
3555 2633 3748 2699 nubent

2079 2697 2209 2761 tium
2254 2694 2572 2761 ornamenta,
2615 2697 2731 2748 273.
2776 2694 3096 2761 Conjugium
3137 2694 3749 2761 veiaminerr—sacerdotali

2080 2765 2129 2822 et
2161 2759 2517 2809 benedictione
2562 2757 3150 2822 sanctificari'oportet,
3196 2758 3330 2822 844,,
3357 2757 3467 2822 995.
3520 2757 3748 2822 Femina:

2080 2820 2204 2868 dum
2226 2822 2290 2870 ad
2318 2822 2558 2871 maritum
2587 2823 2928 2880 ducebantur,
2961 2818 3118 2882 caput
3163 2821 3334 2871 crocei
3377 2819 3574 2869 coloris
3601 2818 3747 2867 vela-

2078 2884 2217 2932 mine
2243 2885 2508 2933 obnubere
2543 2885 2800 2941 solebant,
2826 2884 2960 2933 ibid.
2993 2884 3278 2932 Theodosii
3306 2883 3390 2932 lex
3409 2896 3512 2945 qua
3540 2886 3748 2944 patrue-

2079 2945 2156 2994 les
2187 2947 2374 2996 fratres
2400 2953 2448 2996 et
2475 2948 2827 2996 consobrinos
2858 2947 3023 2994 vetuit
3043 2947 3177 2995 inter
3206 2959 3262 2994 se
3291 2945 3528 2996 coniugii
3557 2957 3746 2992 conve-

2080 2959 2156 2994 tes
2187 2959 2374 2996 fratres
2400 2959 2448 2996 et
2475 2959 2827 2996 consonrinos
2858 2959 3023 2994 vetuit
3043 2959 3177 2995 inter
3206 2959 3262 2994 se
3291 2959 3354 2993 co
3421 2959 3452 2993 u
3496 2960 3528 2992 ιι
3557 2959 3746 2992 conve-

2080 3008 2191 3056 nire
2220 3010 2446 3065 nomine,
2477 3009 2616 3061 1019.
2661 3011 2743 3057 An
2791 3010 2842 3058 in
2880 3009 2981 3057 hoc
3029 3009 3335 3063 relaxatum,
3534 3005 3746 3068 antiaa

2079 3075 2182 3133 tam
2217 3072 2396 3133 patrui
2441 3085 2560 3120 cum
2601 3071 2797 3129 fratris,
2839 3083 2993 3133 quam
3022 3069 3416 3133 avunculigcum
3447 3068 3650 3133 sororis
3681 3068 3747 3133 ιιτ

2080 3131 2163 3189 lia,
2195 3129 2402 3189 illicitas,
2435 3135 2556 3184 1017
2585 3140 2636 3182 et
2665 3148 2779 3194 seq.
2803 3129 2970 3181 vetus
3000 3131 3329 3194 consuetudo
3360 3131 3607 3194 nuptialis
3628 3129 3749 3194 festi

2080 3197 2341 3244 conviviis
2365 3201 2413 3244 et
2437 3197 2578 3258 jocis
2608 3191 2922 3254 celebrandi,
2952 3193 3064 3244 846.
3102 3194 3232 3243 Vide
3263 3191 3597 3251 Comdowu,
3630 3191 3747 3240 Ma-

2079 3271 2400 3306 TRIMONIUM.

2143 3320 2367 3382 Nuptias
2407 3320 2663 3369 secundas
2709 3320 2986 3368 damnasse
3022 3317 3541 3382 Ambrosiumnmale
3590 3317 3743 3382 incu-

2082 3387 2200 3429 sant
2233 3379 2650 3439 Centuriatores,
2698 3385 2778 3430 65.
2823 3382 3092 3430 Ambrosii
3141 3381 3204 3428 de
3251 3381 3448 3443 nuptiis
3499 3379 3746 3443 secundis

2082 3445 2330 3492 sententia
2371 3445 2653 3502 moderata,
2702 3444 2809 3493 188.
2857 3445 3084 3506 Nuptias
3132 3442 3338 3506 saepius:
3364 3442 3610 3505 repetitas
3642 3454 3745 3490 non

2081 3507 2269 3568 probat
2296 3509 2626 3564 Ambrosius,
2661 3521 2756 3556 nec
2788 3504 2960 3554 tamen
2986 3507 3216 3563 damnat,
3254 3504 3363 3556 203.

2892 3606 2942 3666 Ο

2145 3705 2347 3755 Oblatio
2377 3709 2727 3768 peccatorum,
2763 3703 2874 3754 513.

2143 3762 2445 3818 Οωθιίοιῐεε
2475 3773 2629 3828 atque
2665 3768 2928 3815 orationes
2953 3779 3049 3828 pro
3080 3765 3319 3828 mortuis,
3338 3762 3749 3828 944._Orationes

2077 3847 2172 3896 pro
2205 3825 2818 3896 mortuorutnsubsidio.
2851 3834 2898 3896 et
2918 3825 3243 3896 liberatione,
3272 3825 3408 3875 1136.
3443 3826 3746 3896 Gratianum

2079 3886 2138 3944 ac
2169 3893 2550 3942 sacrificiorum
2580 3905 2674 3953 pro
2703 3891 2927 3939 mortuis
2955 3904 3110 3953 quam
3140 3890 3574 3953 antiquus_u_sus.
3598 3886 3744 3953 1193.

2080 3956 2327 4020 Cypriani
2349 3969 2405 4004 ea
2431 3949 2592 4020 deire
2611 3955 2863 4020 sententia
2884 3949 3196 4020 defenditur,
3227 3949 3360 3998 ibid.
3396 3951 3641 4000 Efficacia
3671 3949 3748 3996 vi-

2079 4014 2266 4067 vorum
2295 4031 2390 4080 pro
2422 4016 2684 4080 defunctis
2714 4015 2984 4080 suffragia,
3013 4014 3151 4063 1121.

2141 4077 2406 4129 Obste'trix
2437 4079 2575 4128 unde
2597 4078 2676 4126 sic
2704 4078 2860 4133 dicta.
2891 4077 3000 4126 768.

2141 4144 2340 4206 Obtutu
2367 4141 2602 4206 vigilanti
2626 4142 2755 4206 exit,
2793 4140 2868 4190 10.

2143 4199 2451 4255 (Economo'
2477 4217 2570 4253 seu
2609 4199 2962 4265 dispensatori
2996 4200 3243 4250 Ecclesia:
3272 4199 3612 4249 tradebantur
3647 4212 3741 4260 pe-

2078 4269 2338 4332 οιιῃίῳηβῐ
2367 4264 2806 4332 quem_in_ﬂnfr_n,
2834 4264 2912 4314 88.
3028 4325 3041 4332 _
3119 4326 3129 4332 _
3212 4325 3238 4332 ﬂ
3296 4323 3327 4332 Α
3510 4321 3523 4332 _
3606 4324 3617 4332 _
3666 4321 3678 4332 θ

2141 4321 2309 4378 Officii
2337 4321 2584 4389 acceptio,
2615 4329 2662 4376 8.
2697 4321 2829 4389 Ejus
2855 4325 3181 4390 etymologia,
3210 4325 3256 4372 9.
3290 4321 3560 4381 Quomodo
3589 4321 3740 4369 Aris-

2076 4392 2261 4440 toteles
2291 4391 2637 4452 disputaverit
2665 4390 2727 4437 de
2758 4391 2948 4441 officio.
2981 4391 3056 4439 10.

2143 4453 2341 4512 Ominis
2376 4448 2541 4512 hujus
2574 4465 2677 4500 non
2705 4452 2852 4512 justa
2878 4452 3076 4509 vitatio,
3103 4448 3214 4498 829.

2167 4511 2463 4597 Ὀμοοῦσιοῦ
2487 4521 2628 4572 aliud
2648 4511 2890 4597 alii,__non
2919 4522 3090 4597 ipsum
3123 4525 3203 4568 est
3233 4516 3490 4597 sibi,A519.

2139 4588 2285 4659 Opus
2333 4609 2427 4657 pro
2455 4608 2531 4659 re
2564 4594 2797 4659 naturali
2834 4606 2926 4659 seu
2970 4591 3247 4659 elemento,
3283 4588 3742 4659 352.7Ambrosius

2077 4651 2420 4768 operibus—3;
2444 4656 2544 4704 fide
2572 4661 2725 4718 atque
2755 4655 3002 4705 charitate
3031 4655 3281 4716 profectis
3306 4651 3738 4714 justificationem

2077 4736 2107 4768 a
2153 4736 2194 4768 l'l
2235 4735 2286 4768 ui
2319 4757 2330 4768 .
2426 4755 2437 4766 .

2077 4721 2330 4776 attribuit,
2359 4721 2437 4768 38.

2141 4784 2382 4832 Orarium
2414 4779 2538 4842 quid
2569 4781 2656 4835 sit.
2683 4780 2822 4829 1126.
2856 4779 3054 4834 Oraria,
3085 4778 3194 4828 876.

2142 4844 2346 4895 Oratio.
2393 4838 2697 4890 Judzeorum
2736 4847 2889 4889 vetus
2934 4839 3260 4888 consuetudo
3305 4838 3626 4900 superiorem
3666 4852 3741 4888 ω-

2079 4907 2222 4956 dium
2251 4911 2469 4968 partem.
2507 4917 2626 4968 cum
2661 4904 2860 4968 oraturi
2896 4909 3070 4968 erant,
3113 4900 3739 4968 conscendentium,_911.

2079 4963 2299 5017 Orontes
2349 4967 2616 5015 christiani
2662 4967 2872 5015 brachia
2905 4963 3152 5013 tollebant
3196 4965 3246 5012 in
3292 4963 3467 5012 crucis
3509 4963 3740 5020 modum,

2075 5030 2185 5080 384.
2223 5029 2518 5078 Orationem
2550 5029 2872 5078 Dominicam
2911 5027 3313 5076 catechumenos
3355 5027 3621 5088 quondam
3650 5040 3741 5074 ce-

2077 5092 2215 5142 labat
2263 5090 2513 5148 Ecclesia,
2563 5097 2614 5138 et
2655 5091 2864 5152 quando
2900 5090 2998 5152 eis,
3030 5088 3340 5146 traderetur,
3394 5088 3505 5152 251.
3563 5088 3742 5136 Oratio

2079 5153 2364 5207 Dominica.
2401 5167 2468 5201 an
2508 5151 2892 5201 catechumenis
2921 5151 3003 5201 vel
3035 5152 3312 5213 neophytis
3354 5151 3661 5207 traderetur,
3693 5155 3741 5197 et

2076 5221 2437 5278 exponeretur,
2465 5221 2516 5263 ct
2537 5227 2642 5275 quo
2674 5219 2924 5277 tempore,
2955 5213 3064 5262 377.

2139 5279 2362 5346 ordines
2395 5279 2627 5326 minores
2657 5276 2764 5346 qui,
2801 5282 2850 5326 et
2869 5289 3138 5346 _c_ur§um_
3159 5273 3239 5346 eis
3269 5274 3543 5346 psalmista
3571 5278 3622 5346 et
3649 5287 3739 5346 sa-

2075 5341 2229 5389 crarii
2263 5347 2444 5388 custos
2481 5334 2830 5395 numerentur,
2865 5339 2945 5387 57.
2988 5338 3141 5387 Pueri
3178 5337 3241 5385 ad
3270 5334 3501 5385 officium
3530 5334 3742 5382 lectoris

2075 5404 2348 5464 assumpti,
2382 5402 2518 5451 1130.
2553 5401 2776 5464 Ordines
2805 5401 3044 5464 minores
3085 5413 3192 5448 non
3238 5412 3435 5464 omnes
3473 5395 3734 5464 omnibus,

2077 5465 2168 5512 sed
2199 5459 2423 5527 singulis
2462 5463 2654 5526 singuli
2699 5464 2855 5527 tribui
2907 5462 3074 5527 soiiti,
3109 5464 3189 5527 58.
3238 5461 3489 5527 Bigamiai
3517 5459 3737 5527 impedi-1

2076 5522 2313 5576 mentun?
2329 5527 2395 5575 ad
2424 5522 2610 5574 sacros
2640 5525 2853 5572 ordines
2879 5522 3322 5586 antiquissimum,
3351 5523 3545 5586 65.7fm
3569 5522 3620 5586 is
3651 5522 3746 5582 qui

2073 5588 2223 5637 aliam
2253 5588 2531 5650 conjugem
2562 5593 2681 5635 ante
2716 5583 3049 5648 baptismum,
3099 5585 3250 5650 aliam
3295 5583 3409 5650 jam
3440 5583 3734 5650 baptizatus

2073 5646 2378 5712 accepisset.
2410 5646 2648 5712 bigamiae
2680 5646 2795 5712 lege
2819 5655 3096 5706 teneretur,
3131 5646 3262 5694 ibid.
3307 5647 3425 5695 Vid.
3460 5648 3699 5696 CLEmci.

2138 5711 2352 5761 ()restes
2381 5719 2431 5760 et
2461 5712 2699 5774 Pylades,
2729 5711 2807 5760 56.

2139 5776 2314 5835 Orgia,
2350 5775 2452 5825 150.

2137 5832 2377 5901 Origenis
2423 5837 2671 5892 exsectio,
2869 5836 3124 5898 Origenes
3153 5834 3325 5901 longe
3347 5833 3546 5901 _minor_
3567 5837 3669 5901 οὓς-
3687 5832 3739 5880 in

2073 5893 2257 5956 Novo:
2275 5911 2430 5960 quam
2461 5901 2511 5947 in
2544 5901 2720 5947 Veteri
2747 5893 3096 5954 Testamento,
3146 5893 3289 5947 1083:
3335 5895 3579 5960 Origenis
3624 5893 3730 5960 ile-

2074 5961 2224 6075 :ﬁigia
2251 5957 2304 6010 et
2327 5961 2557 6025 Octapla,
2604 5962 2745 6012 1056.
2797 5963 2874 6012 Ex
2920 5961 3142 6025 Origene
3190 5960 3366 6012 hausit
3401 5957 3731 6019 Ambrosius,

2142 6087 2302 6140 Orion
2327 6087 2469 6154 quid,
2506 6087 2614 6139 586.
