  <div class='ocr_page' id='page_1' title='image "/cluster/home/n/w/nwhite01/storage/ocr_20150623/16/hvd.32044096580444/802.png"; bbox 0 0 4162 6192; ppageno 0'>
   <div class='ocr_carea' id='block_1_1' title="bbox 1534 439 2596 533">
    <p class='ocr_par' dir='ltr' id='par_1_1' title="bbox 1534 439 2596 533">
     <span class='ocr_line' id='line_1_1' title="bbox 1534 439 2596 533; baseline 0.002 -2"><span class='ocrx_word' id='word_1_1' title='bbox 1534 439 1960 532; x_wconf 69' lang='grc' dir='ltr'>οηυο</span> <span class='ocrx_word' id='word_1_2' title='bbox 2066 440 2596 533; x_wconf 80' lang='lat' dir='ltr'>BERUM</span> 
     </span>
    </p>
   </div>
   <div class='ocr_carea' id='block_1_2' title="bbox 736 586 3408 665">
    <p class='ocr_par' dir='ltr' id='par_1_2' title="bbox 736 586 3408 665">
     <span class='ocr_line' id='line_1_2' title="bbox 736 586 3408 665; baseline 0.001 -11"><span class='ocrx_word' id='word_1_3' title='bbox 736 586 942 665; x_wconf 71' lang='lat' dir='ltr'>QU/E</span> <span class='ocrx_word' id='word_1_4' title='bbox 1001 589 1097 655; x_wconf 84' lang='lat' dir='ltr'><strong>IN</strong></span> <span class='ocrx_word' id='word_1_5' title='bbox 1158 588 1339 656; x_wconf 75' lang='lat' dir='ltr'>HAG</span> <span class='ocrx_word' id='word_1_6' title='bbox 1398 589 1611 657; x_wconf 77' lang='lat' dir='ltr'>TOMI</span> <span class='ocrx_word' id='word_1_7' title='bbox 1668 587 2238 656; x_wconf 80' lang='lat' dir='ltr'>POSTERIORIS</span> <span class='ocrx_word' id='word_1_8' title='bbox 2305 588 2596 655; x_wconf 78' lang='lat' dir='ltr'><strong>PARTE</strong></span> <span class='ocrx_word' id='word_1_9' title='bbox 2654 588 2681 656; x_wconf 96' lang='lat' dir='ltr'>I</span> <span class='ocrx_word' id='word_1_10' title='bbox 2740 587 3408 659; x_wconf 83' lang='lat' dir='ltr'>CONTINENTUR.</span> 
     </span>
    </p>
   </div>
   <div class='ocr_carea' id='block_1_3' title="bbox 919 829 3200 904">
    <p class='ocr_par' dir='ltr' id='par_1_3' title="bbox 919 829 3200 904">
     <span class='ocr_line' id='line_1_3' title="bbox 919 829 3200 904; baseline 0 -5"><span class='ocrx_word' id='word_1_11' title='bbox 919 831 1000 899; x_wconf 89' lang='lat' dir='ltr'>S.</span> <span class='ocrx_word' id='word_1_12' title='bbox 1042 829 1653 902; x_wconf 85' lang='lat' dir='ltr'>AMBROSIUS</span> <span class='ocrx_word' id='word_1_13' title='bbox 1698 829 2557 902; x_wconf 86' lang='lat' dir='ltr'>MEDIOLANENSIS</span> <span class='ocrx_word' id='word_1_14' title='bbox 2601 831 3200 904; x_wconf 86' lang='lat' dir='ltr'>EPISCOPUS.</span> 
     </span>
    </p>
   </div>
   <div class='ocr_carea' id='block_1_4' title="bbox 1479 985 2646 1077">
    <p class='ocr_par' dir='ltr' id='par_1_4' title="bbox 1479 985 2646 1077">
     <span class='ocr_line' id='line_1_4' title="bbox 1479 985 2646 1077; baseline 0.001 -21"><span class='ocrx_word' id='word_1_15' title='bbox 1479 987 1506 1075; x_wconf 92' lang='lat'>(</span> <span class='ocrx_word' id='word_1_16' title='bbox 1532 986 1896 1056; x_wconf 83' lang='lat' dir='ltr'>OPERUM</span> <span class='ocrx_word' id='word_1_17' title='bbox 1959 985 2646 1077; x_wconf 82' lang='lat' dir='ltr'>CONTINUATIO.)</span> 
     </span>
    </p>
   </div>
   <div class='ocr_carea' id='block_1_5' title="bbox 393 1291 2000 1348">
    <p class='ocr_par' dir='ltr' id='par_1_5' title="bbox 393 1291 2000 1348">
     <span class='ocr_line' id='line_1_5' title="bbox 393 1291 2000 1348; baseline 0.003 -7"><span class='ocrx_word' id='word_1_18' title='bbox 393 1291 765 1342; x_wconf 75' lang='lat' dir='ltr'>Maurinorum</span> <span class='ocrx_word' id='word_1_19' title='bbox 818 1293 1038 1343; x_wconf 79' lang='lat' dir='ltr'>Patrum</span> <span class='ocrx_word' id='word_1_20' title='bbox 1098 1294 1351 1346; x_wconf 71' lang='lat' dir='ltr'>Praefatio</span> <span class='ocrx_word' id='word_1_21' title='bbox 1401 1296 1459 1345; x_wconf 83' lang='lat' dir='ltr'>in</span> <span class='ocrx_word' id='word_1_22' title='bbox 1515 1296 1658 1348; x_wconf 78' lang='lat' dir='ltr'>hunc</span> <span class='ocrx_word' id='word_1_23' title='bbox 1709 1296 2000 1347; x_wconf 86' lang='lat' dir='ltr'>secundum</span> 
     </span>
    </p>
   </div>
   <div class='ocr_carea' id='block_1_6' title="bbox 340 1357 2004 1472">
    <p class='ocr_par' dir='ltr' id='par_1_6' title="bbox 340 1357 2004 1472">
     <span class='ocr_line' id='line_1_6' title="bbox 340 1357 2004 1409; baseline 0.002 -4"><span class='ocrx_word' id='word_1_24' title='bbox 340 1361 558 1405; x_wconf 78' lang='lat' dir='ltr'>tomum.</span> <span class='ocrx_word' id='word_1_25' title='bbox 1970 1357 2004 1409; x_wconf 89' lang='lat'><strong><em>9</em></strong></span> 
     </span>
     <span class='ocr_line' id='line_1_7' title="bbox 394 1416 2001 1472; baseline 0.002 -6"><span class='ocrx_word' id='word_1_26' title='bbox 394 1418 457 1467; x_wconf 84' lang='lat' dir='ltr'><strong>In</strong></span> <span class='ocrx_word' id='word_1_27' title='bbox 490 1423 605 1467; x_wconf 80' lang='lat' dir='ltr'>tres</span> <span class='ocrx_word' id='word_1_28' title='bbox 631 1417 812 1468; x_wconf 81' lang='lat' dir='ltr'>libros</span> <span class='ocrx_word' id='word_1_29' title='bbox 837 1416 899 1468; x_wconf 89' lang='lat' dir='ltr'>de</span> <span class='ocrx_word' id='word_1_30' title='bbox 928 1416 1132 1470; x_wconf 69' lang='lat' dir='ltr'>ofﬁciis</span> <span class='ocrx_word' id='word_1_31' title='bbox 1161 1419 1475 1472; x_wconf 70' lang='lat' dir='ltr'>admonitio.</span> <span class='ocrx_word' id='word_1_32' title='bbox 1934 1421 2001 1469; x_wconf 80' lang='lat'>21</span> 
     </span>
    </p>
   </div>
   <div class='ocr_carea' id='block_1_7' title="bbox 440 1551 1892 1696">
    <p class='ocr_par' dir='ltr' id='par_1_7' title="bbox 440 1551 1892 1696">
     <span class='ocr_line' id='line_1_8' title="bbox 440 1551 1892 1696; baseline 0.001 -83"><span class='ocrx_word' id='word_1_33' title='bbox 440 1552 554 1613; x_wconf 89' lang='lat' dir='ltr'>DE</span> <span class='ocrx_word' id='word_1_34' title='bbox 599 1551 955 1614; x_wconf 89' lang='lat' dir='ltr'>OFFICIIS</span> <span class='ocrx_word' id='word_1_35' title='bbox 1001 1554 1616 1696; x_wconf 45' lang='lat' dir='ltr'>Mrf‘ll‘illaSéI‘RORUM</span> <span class='ocrx_word' id='word_1_36' title='bbox 1663 1554 1892 1616; x_wconf 85' lang='lat' dir='ltr'>LIBRI</span> 
     </span>
    </p>
   </div>
   <div class='ocr_carea' id='block_1_8' title="bbox 400 1791 922 1842">
    <p class='ocr_par' dir='ltr' id='par_1_8' title="bbox 400 1791 922 1842">
     <span class='ocr_line' id='line_1_9' title="bbox 400 1791 922 1842; baseline -0.004 0"><span class='ocrx_word' id='word_1_37' title='bbox 400 1793 608 1842; x_wconf 85' lang='lat' dir='ltr'>LIBER</span> <span class='ocrx_word' id='word_1_38' title='bbox 645 1791 922 1842; x_wconf 80' lang='lat' dir='ltr'>PRIMUS.</span> 
     </span>
    </p>
   </div>
   <div class='ocr_carea' id='block_1_9' title="bbox 397 1855 2002 1920">
    <p class='ocr_par' dir='ltr' id='par_1_9' title="bbox 397 1855 2002 1920">
     <span class='ocr_line' id='line_1_10' title="bbox 397 1855 2002 1920; baseline 0 -16"><span class='ocrx_word' id='word_1_39' title='bbox 397 1855 610 1920; x_wconf 76' lang='lat' dir='ltr'>CAp._I.</span> <span class='ocrx_word' id='word_1_40' title='bbox 651 1855 999 1920; x_wconf 87' lang='lat' dir='ltr'>—_Episcopi</span> <span class='ocrx_word' id='word_1_41' title='bbox 1040 1857 1310 1920; x_wconf 89' lang='lat' dir='ltr'>proprium</span> <span class='ocrx_word' id='word_1_42' title='bbox 1357 1870 1578 1916; x_wconf 90' lang='lat' dir='ltr'>munus,</span> <span class='ocrx_word' id='word_1_43' title='bbox 1626 1857 1850 1906; x_wconf 89' lang='lat' dir='ltr'>docere:</span> <span class='ocrx_word' id='word_1_44' title='bbox 1900 1857 2002 1906; x_wconf 91' lang='lat' dir='ltr'>sibi</span> 
     </span>
    </p>
   </div>
   <div class='ocr_carea' id='block_1_10' title="bbox 332 1917 2000 1974">
    <p class='ocr_par' dir='ltr' id='par_1_10' title="bbox 332 1917 2000 1974">
     <span class='ocr_line' id='line_1_11' title="bbox 332 1917 2000 1974; baseline 0.001 -9"><span class='ocrx_word' id='word_1_45' title='bbox 332 1924 504 1966; x_wconf 88' lang='lat' dir='ltr'>autem</span> <span class='ocrx_word' id='word_1_46' title='bbox 531 1917 840 1966; x_wconf 89' lang='lat' dir='ltr'>discendum</span> <span class='ocrx_word' id='word_1_47' title='bbox 874 1931 1009 1974; x_wconf 89' lang='lat' dir='ltr'>esse,</span> <span class='ocrx_word' id='word_1_48' title='bbox 1042 1917 1102 1966; x_wconf 79' lang='lat' dir='ltr'>ut</span> <span class='ocrx_word' id='word_1_49' title='bbox 1131 1917 1345 1967; x_wconf 80' lang='lat' dir='ltr'>doceat:</span> <span class='ocrx_word' id='word_1_50' title='bbox 1385 1922 1490 1968; x_wconf 91' lang='lat' dir='ltr'>imo</span> <span class='ocrx_word' id='word_1_51' title='bbox 1523 1922 1676 1968; x_wconf 91' lang='lat' dir='ltr'>etiam</span> <span class='ocrx_word' id='word_1_52' title='bbox 1710 1920 2000 1968; x_wconf 88' lang='lat' dir='ltr'>docendum</span> 
     </span>
    </p>
   </div>
   <div class='ocr_carea' id='block_1_11' title="bbox 369 1979 2003 2037">
    <p class='ocr_par' dir='ltr' id='par_1_11' title="bbox 369 1979 2003 2037">
     <span class='ocr_line' id='line_1_12' title="bbox 369 1979 2003 2037; baseline 0.001 -10"><span class='ocrx_word' id='word_1_53' title='bbox 369 1980 469 2028; x_wconf 91' lang='lat' dir='ltr'>uod</span> <span class='ocrx_word' id='word_1_54' title='bbox 511 1993 616 2027; x_wconf 92' lang='lat' dir='ltr'>non</span> <span class='ocrx_word' id='word_1_55' title='bbox 654 1979 911 2037; x_wconf 81' lang='lat' dir='ltr'>didicerit,</span> <span class='ocrx_word' id='word_1_56' title='bbox 944 1987 1033 2029; x_wconf 86' lang='lat' dir='ltr'>aut</span> <span class='ocrx_word' id='word_1_57' title='bbox 1072 1981 1254 2030; x_wconf 88' lang='lat' dir='ltr'>saltem</span> <span class='ocrx_word' id='word_1_58' title='bbox 1297 1987 1348 2030; x_wconf 90' lang='lat' dir='ltr'>et</span> <span class='ocrx_word' id='word_1_59' title='bbox 1393 1982 1702 2032; x_wconf 89' lang='lat' dir='ltr'>discendum</span> <span class='ocrx_word' id='word_1_60' title='bbox 1749 1981 1905 2031; x_wconf 83' lang='lat' dir='ltr'>simul</span> <span class='ocrx_word' id='word_1_61' title='bbox 1952 1993 2003 2030; x_wconf 85' lang='lat' dir='ltr'>et</span> 
     </span>
    </p>
   </div>
   <div class='ocr_carea' id='block_1_12' title="bbox 367 2041 2004 2091">
    <p class='ocr_par' dir='ltr' id='par_1_12' title="bbox 367 2041 2004 2091">
     <span class='ocr_line' id='line_1_13' title="bbox 367 2041 2004 2091; baseline 0.001 -1"><span class='ocrx_word' id='word_1_62' title='bbox 367 2041 644 2090; x_wconf 83' lang='lat' dir='ltr'>ocendum.</span> <span class='ocrx_word' id='word_1_63' title='bbox 1940 2044 2004 2091; x_wconf 76' lang='lat'><strong>25</strong></span> 
     </span>
    </p>
   </div>
   <div class='ocr_carea' id='block_1_13' title="bbox 393 2103 2002 2169">
    <p class='ocr_par' dir='ltr' id='par_1_13' title="bbox 393 2103 2002 2169">
     <span class='ocr_line' id='line_1_14' title="bbox 393 2103 2002 2169; baseline 0.001 -16"><span class='ocrx_word' id='word_1_64' title='bbox 393 2103 525 2153; x_wconf 80' lang='lat' dir='ltr'><strong>CAP.</strong></span> <span class='ocrx_word' id='word_1_65' title='bbox 559 2105 716 2169; x_wconf 15' lang='lat'><strong>11.7—</strong></span> <span class='ocrx_word' id='word_1_66' title='bbox 746 2104 1014 2169; x_wconf 70' lang='lat' dir='ltr'>Multiplex</span> <span class='ocrx_word' id='word_1_67' title='bbox 1043 2104 1307 2169; x_wconf 83' lang='lat' dir='ltr'>loquendo</span> <span class='ocrx_word' id='word_1_68' title='bbox 1337 2105 1533 2156; x_wconf 88' lang='lat' dir='ltr'>incurri</span> <span class='ocrx_word' id='word_1_69' title='bbox 1565 2105 1870 2169; x_wconf 88' lang='lat' dir='ltr'>periculum,</span> <span class='ocrx_word' id='word_1_70' title='bbox 1900 2118 2002 2154; x_wconf 86' lang='lat' dir='ltr'>cu-</span> 
     </span>
    </p>
   </div>
   <div class='ocr_carea' id='block_1_14' title="bbox 327 2164 2004 2278">
    <p class='ocr_par' dir='ltr' id='par_1_14' title="bbox 327 2164 2004 2278">
     <span class='ocr_line' id='line_1_15' title="bbox 327 2164 2004 2278; baseline 0.002 -65"><span class='ocrx_word' id='word_1_71' title='bbox 327 2164 423 2275; x_wconf 54' lang='lat' dir='ltr'>ju‘s</span> <span class='ocrx_word' id='word_1_72' title='bbox 453 2167 738 2215; x_wconf 81' lang='lat' dir='ltr'>remedium</span> <span class='ocrx_word' id='word_1_73' title='bbox 767 2164 1040 2229; x_wconf 82' lang='lat' dir='ltr'>Scriptura</span> <span class='ocrx_word' id='word_1_74' title='bbox 1075 2164 1130 2216; x_wconf 77' lang='lat' dir='ltr'>in</span> <span class='ocrx_word' id='word_1_75' title='bbox 1158 2167 1367 2217; x_wconf 87' lang='lat' dir='ltr'>silentio</span> <span class='ocrx_word' id='word_1_76' title='bbox 1395 2164 1720 2218; x_wconf 77' lang='lat' dir='ltr'>demonstrat</span> <span class='ocrx_word' id='word_1_77' title='bbox 1752 2182 1870 2216; x_wconf 83' lang='lat' dir='ltr'>esse</span> <span class='ocrx_word' id='word_1_78' title='bbox 1899 2181 2004 2278; x_wconf 40' lang='lat' dir='ltr'>pg:—3</span> 
     </span>
     <span class='ocr_line' id='line_1_16' title="bbox 331 2240 508 2276; baseline 0.006 -2"><span class='ocrx_word' id='word_1_79' title='bbox 331 2241 376 2275; x_wconf 76' lang='grc' dir='ltr'>ει</span> <span class='ocrx_word' id='word_1_80' title='bbox 401 2240 508 2276; x_wconf 90' lang='lat' dir='ltr'>um.</span> 
     </span>
    </p>
   </div>
   <div class='ocr_carea' id='block_1_15' title="bbox 331 2228 508 2276">
    <p class='ocr_par' dir='ltr' id='par_1_15' title="bbox 331 2228 508 2276">
     <span class='ocr_line' id='line_1_17' title="bbox 331 2228 508 2276; baseline 0.006 -2"><span class='ocrx_word' id='word_1_81' title='bbox 331 2228 508 2276; x_wconf 88' lang='lat' dir='ltr'>situm.</span> 
     </span>
    </p>
   </div>
   <div class='ocr_carea' id='block_1_16' title="bbox 388 2289 2002 2356">
    <p class='ocr_par' dir='ltr' id='par_1_16' title="bbox 388 2289 2002 2356">
     <span class='ocr_line' id='line_1_18' title="bbox 388 2289 2002 2356; baseline 0.001 -18"><span class='ocrx_word' id='word_1_82' title='bbox 388 2289 518 2356; x_wconf 69' lang='lat' dir='ltr'><strong>_CAr.</strong></span> <span class='ocrx_word' id='word_1_83' title='bbox 552 2291 643 2339; x_wconf 82' lang='grc' dir='ltr'><strong>ΙΙΙ.</strong></span> <span class='ocrx_word' id='word_1_84' title='bbox 673 2317 737 2328; x_wconf 89' lang='lat'>-—</span> <span class='ocrx_word' id='word_1_85' title='bbox 764 2291 882 2340; x_wconf 91' lang='lat' dir='ltr'>Non</span> <span class='ocrx_word' id='word_1_86' title='bbox 921 2298 1230 2356; x_wconf 87' lang='lat' dir='ltr'>perpetuum</span> <span class='ocrx_word' id='word_1_87' title='bbox 1267 2306 1362 2356; x_wconf 80' lang='lat' dir='ltr'>nec</span> <span class='ocrx_word' id='word_1_88' title='bbox 1391 2292 1622 2356; x_wconf 86' lang='lat' dir='ltr'>otiosum</span> <span class='ocrx_word' id='word_1_89' title='bbox 1659 2305 1779 2356; x_wconf 85' lang='lat' dir='ltr'>esse</span> <span class='ocrx_word' id='word_1_90' title='bbox 1808 2291 2002 2340; x_wconf 90' lang='lat' dir='ltr'>debere</span> 
     </span>
    </p>
   </div>
   <div class='ocr_carea' id='block_1_17' title="bbox 329 2352 1994 2418">
    <p class='ocr_par' dir='ltr' id='par_1_17' title="bbox 329 2352 1994 2418">
     <span class='ocr_line' id='line_1_19' title="bbox 329 2352 1994 2418; baseline 0.002 -20"><span class='ocrx_word' id='word_1_91' title='bbox 329 2352 627 2418; x_wconf 77' lang='lat' dir='ltr'>silentium:</span> <span class='ocrx_word' id='word_1_92' title='bbox 677 2359 868 2418; x_wconf 46' lang='lat' dir='ltr'>etuquo</span> <span class='ocrx_word' id='word_1_93' title='bbox 913 2352 1066 2418; x_wconf 69' lang='grc' dir='ltr'>ῥεοῐο</span> <span class='ocrx_word' id='word_1_94' title='bbox 1107 2355 1347 2418; x_wconf 82' lang='lat' dir='ltr'>custodia</span> <span class='ocrx_word' id='word_1_95' title='bbox 1385 2354 1530 2403; x_wconf 90' lang='lat' dir='ltr'>cordi</span> <span class='ocrx_word' id='word_1_96' title='bbox 1574 2367 1635 2404; x_wconf 88' lang='lat' dir='ltr'>ac</span> <span class='ocrx_word' id='word_1_97' title='bbox 1682 2355 1762 2402; x_wconf 91' lang='lat' dir='ltr'>ori</span> <span class='ocrx_word' id='word_1_98' title='bbox 1812 2360 1994 2418; x_wconf 79' lang='lat' dir='ltr'>contra</span> 
     </span>
    </p>
   </div>
   <div class='ocr_carea' id='block_1_18' title="bbox 329 2414 1996 2466">
    <p class='ocr_par' dir='ltr' id='par_1_18' title="bbox 329 2414 1996 2466">
     <span class='ocr_line' id='line_1_20' title="bbox 329 2414 1996 2466; baseline 0.001 -4"><span class='ocrx_word' id='word_1_99' title='bbox 329 2414 657 2462; x_wconf 76' lang='lat' dir='ltr'>inordinatos</span> <span class='ocrx_word' id='word_1_100' title='bbox 683 2414 930 2463; x_wconf 60' lang='lat' dir='ltr'>aﬂectus&#39;</span> <span class='ocrx_word' id='word_1_101' title='bbox 942 2417 1228 2466; x_wconf 89' lang='lat' dir='ltr'>adhibenda</span> <span class='ocrx_word' id='word_1_102' title='bbox 1255 2418 1339 2464; x_wconf 89' lang='lat' dir='ltr'>sit.</span> <span class='ocrx_word' id='word_1_103' title='bbox 1935 2415 1996 2464; x_wconf 79' lang='grc'>29</span> 
     </span>
    </p>
   </div>
   <div class='ocr_carea' id='block_1_19' title="bbox 391 2476 1997 2541">
    <p class='ocr_par' dir='ltr' id='par_1_19' title="bbox 391 2476 1997 2541">
     <span class='ocr_line' id='line_1_21' title="bbox 391 2476 1997 2541; baseline 0.002 -18"><span class='ocrx_word' id='word_1_104' title='bbox 391 2476 521 2541; x_wconf 66' lang='lat' dir='ltr'><strong>CAP.</strong></span> <span class='ocrx_word' id='word_1_105' title='bbox 557 2477 645 2524; x_wconf 87' lang='lat' dir='ltr'><strong>IV.</strong></span> <span class='ocrx_word' id='word_1_106' title='bbox 683 2503 747 2541; x_wconf 28' lang='lat' dir='ltr'>A—</span> <span class='ocrx_word' id='word_1_107' title='bbox 787 2478 977 2527; x_wconf 80' lang='lat' dir='ltr'>Eadem</span> <span class='ocrx_word' id='word_1_108' title='bbox 1014 2479 1254 2527; x_wconf 88' lang='lat' dir='ltr'>custodia</span> <span class='ocrx_word' id='word_1_109' title='bbox 1292 2479 1610 2541; x_wconf 73' lang='lat' dir='ltr'>prospicitur</span> <span class='ocrx_word' id='word_1_110' title='bbox 1647 2493 1710 2526; x_wconf 93' lang='lat' dir='ltr'>ne</span> <span class='ocrx_word' id='word_1_111' title='bbox 1749 2492 1777 2527; x_wconf 91' lang='lat' dir='ltr'>a</span> <span class='ocrx_word' id='word_1_112' title='bbox 1820 2479 1997 2540; x_wconf 83' lang='lat' dir='ltr'>pravis</span> 
     </span>
    </p>
   </div>
   <div class='ocr_carea' id='block_1_20' title="bbox 327 2537 1927 2602">
    <p class='ocr_par' dir='ltr' id='par_1_20' title="bbox 327 2537 1927 2602">
     <span class='ocr_line' id='line_1_22' title="bbox 327 2537 1927 2602; baseline 0.003 -18"><span class='ocrx_word' id='word_1_113' title='bbox 327 2538 575 2602; x_wconf 78' lang='lat' dir='ltr'>motibus,</span> <span class='ocrx_word' id='word_1_114' title='bbox 617 2537 710 2586; x_wconf 88' lang='lat' dir='ltr'>sed</span> <span class='ocrx_word' id='word_1_115' title='bbox 750 2546 970 2602; x_wconf 10' lang='lat' dir='ltr'>uirecta</span> <span class='ocrx_word' id='word_1_116' title='bbox 1027 2542 1226 2588; x_wconf 79' lang='lat' dir='ltr'>ratione</span> <span class='ocrx_word' id='word_1_117' title='bbox 1274 2537 1490 2602; x_wconf 78' lang='lat' dir='ltr'>prodeat</span> <span class='ocrx_word' id='word_1_118' title='bbox 1538 2541 1742 2589; x_wconf 86' lang='lat' dir='ltr'>oratio:</span> <span class='ocrx_word' id='word_1_119' title='bbox 1797 2537 1849 2588; x_wconf 80' lang='lat' dir='ltr'>in</span> <span class='ocrx_word' id='word_1_120' title='bbox 1895 2555 1927 2602; x_wconf 92' lang='lat' dir='ltr'>q</span> 
     </span>
    </p>
   </div>
   <div class='ocr_carea' id='block_1_21' title="bbox 327 2599 1438 2660">
    <p class='ocr_par' dir='ltr' id='par_1_21' title="bbox 327 2599 1438 2660">
     <span class='ocr_line' id='line_1_23' title="bbox 327 2599 1438 2660; baseline 0.004 -13"><span class='ocrx_word' id='word_1_121' title='bbox 327 2599 662 2660; x_wconf 88' lang='lat' dir='ltr'>potissimum</span> <span class='ocrx_word' id='word_1_122' title='bbox 690 2601 844 2650; x_wconf 88' lang='lat' dir='ltr'>nobis</span> <span class='ocrx_word' id='word_1_123' title='bbox 873 2602 1114 2651; x_wconf 84' lang='lat' dir='ltr'>diabolus</span> <span class='ocrx_word' id='word_1_124' title='bbox 1144 2599 1438 2651; x_wconf 79' lang='lat' dir='ltr'>insidiatur.</span> 
     </span>
    </p>
   </div>
   <div class='ocr_carea' id='block_1_22' title="bbox 388 2661 1996 2722">
    <p class='ocr_par' dir='ltr' id='par_1_22' title="bbox 388 2661 1996 2722">
     <span class='ocr_line' id='line_1_24' title="bbox 388 2661 1996 2722; baseline 0.002 -13"><span class='ocrx_word' id='word_1_125' title='bbox 388 2661 518 2710; x_wconf 75' lang='lat' dir='ltr'><strong>CAP.</strong></span> <span class='ocrx_word' id='word_1_126' title='bbox 554 2662 620 2710; x_wconf 95' lang='lat' dir='ltr'>V.</span> <span class='ocrx_word' id='word_1_127' title='bbox 647 2687 713 2700; x_wconf 89' lang='lat'>-—</span> <span class='ocrx_word' id='word_1_128' title='bbox 738 2663 932 2713; x_wconf 90' lang='lat' dir='ltr'>Contra</span> <span class='ocrx_word' id='word_1_129' title='bbox 970 2663 1238 2713; x_wconf 84' lang='lat' dir='ltr'>visibilem</span> <span class='ocrx_word' id='word_1_130' title='bbox 1271 2665 1424 2713; x_wconf 88' lang='lat' dir='ltr'>etiam</span> <span class='ocrx_word' id='word_1_131' title='bbox 1444 2664 1838 2722; x_wconf 84' lang='lat' dir='ltr'>adversarium,</span> <span class='ocrx_word' id='word_1_132' title='bbox 1874 2677 1996 2713; x_wconf 88' lang='lat' dir='ltr'>cum</span> 
     </span>
    </p>
   </div>
   <div class='ocr_carea' id='block_1_23' title="bbox 327 2725 1996 2790">
    <p class='ocr_par' dir='ltr' id='par_1_23' title="bbox 327 2725 1996 2790">
     <span class='ocr_line' id='line_1_25' title="bbox 327 2725 1996 2790; baseline 0.003 -19"><span class='ocrx_word' id='word_1_133' title='bbox 327 2736 428 2772; x_wconf 90' lang='lat' dir='ltr'>nos</span> <span class='ocrx_word' id='word_1_134' title='bbox 455 2725 688 2790; x_wconf 68' lang='lat' dir='ltr'>instigat,</span> <span class='ocrx_word' id='word_1_135' title='bbox 717 2727 968 2775; x_wconf 82' lang='lat' dir='ltr'>utendum</span> <span class='ocrx_word' id='word_1_136' title='bbox 1007 2727 1234 2790; x_wconf 80' lang='lat' dir='ltr'>silentio,</span> <span class='ocrx_word' id='word_1_137' title='bbox 1263 2727 1421 2788; x_wconf 83' lang='lat' dir='ltr'>cujus</span> <span class='ocrx_word' id='word_1_138' title='bbox 1449 2728 1609 2790; x_wconf 87' lang='lat' dir='ltr'>unius</span> <span class='ocrx_word' id='word_1_139' title='bbox 1637 2741 1732 2790; x_wconf 87' lang='lat' dir='ltr'>ope</span> <span class='ocrx_word' id='word_1_140' title='bbox 1761 2727 1996 2789; x_wconf 84' lang='lat' dir='ltr'>superio-</span> 
     </span>
    </p>
   </div>
   <div class='ocr_carea' id='block_1_24' title="bbox 327 2787 1994 2851">
    <p class='ocr_par' dir='ltr' id='par_1_24' title="bbox 327 2787 1994 2851">
     <span class='ocr_line' id='line_1_26' title="bbox 327 2787 1994 2851; baseline 0.002 -18"><span class='ocrx_word' id='word_1_141' title='bbox 327 2799 414 2833; x_wconf 87' lang='lat' dir='ltr'>res</span> <span class='ocrx_word' id='word_1_142' title='bbox 445 2787 732 2843; x_wconf 91' lang='lat' dir='ltr'>evadimus,</span> <span class='ocrx_word' id='word_1_143' title='bbox 771 2792 822 2835; x_wconf 91' lang='lat' dir='ltr'>et</span> <span class='ocrx_word' id='word_1_144' title='bbox 865 2788 1205 2838; x_wconf 84' lang='lat' dir='ltr'>humilitatem</span> <span class='ocrx_word' id='word_1_145' title='bbox 1249 2787 1366 2851; x_wconf 68' lang='lat' dir='ltr'>qua:</span> <span class='ocrx_word' id='word_1_146' title='bbox 1408 2787 1694 2838; x_wconf 79' lang='lat' dir='ltr'>exhibenda</span> <span class='ocrx_word' id='word_1_147' title='bbox 1734 2787 1994 2839; x_wconf 74' lang='lat' dir='ltr'>adversus</span> 
     </span>
    </p>
   </div>
   <div class='ocr_carea' id='block_1_25' title="bbox 1932 2553 1996 2652">
    <p class='ocr_par' dir='ltr' id='par_1_25' title="bbox 1932 2553 1996 2652">
     <span class='ocr_line' id='line_1_27' title="bbox 1932 2553 1996 2652; baseline -0.031 0"><span class='ocrx_word' id='word_1_148' title='bbox 1932 2553 1996 2652; x_wconf 66' lang='grc' dir='ltr'>ἓῗ</span> 
     </span>
    </p>
   </div>
   <div class='ocr_carea' id='block_1_26' title="bbox 327 2851 1995 2906">
    <p class='ocr_par' dir='ltr' id='par_1_26' title="bbox 327 2851 1995 2906">
     <span class='ocr_line' id='line_1_28' title="bbox 327 2851 1995 2906; baseline 0.004 -12"><span class='ocrx_word' id='word_1_149' title='bbox 327 2860 529 2906; x_wconf 88' lang='lat' dir='ltr'>omnes,</span> <span class='ocrx_word' id='word_1_150' title='bbox 558 2861 954 2899; x_wconf 77' lang='lat' dir='ltr'>conservemus.</span> <span class='ocrx_word' id='word_1_151' title='bbox 1931 2851 1995 2900; x_wconf 72' lang='lat'>3‘3</span> 
     </span>
    </p>
   </div>
   <div class='ocr_carea' id='block_1_27' title="bbox 387 2908 1992 2975">
    <p class='ocr_par' dir='ltr' id='par_1_27' title="bbox 387 2908 1992 2975">
     <span class='ocr_line' id='line_1_29' title="bbox 387 2908 1992 2975; baseline 0.003 -19"><span class='ocrx_word' id='word_1_152' title='bbox 387 2908 527 2975; x_wconf 61' lang='lat' dir='ltr'><strong>CAP.</strong></span> <span class='ocrx_word' id='word_1_153' title='bbox 551 2911 652 2975; x_wconf 89' lang='lat' dir='ltr'><strong>VI._</strong></span> <span class='ocrx_word' id='word_1_154' title='bbox 671 2937 735 2946; x_wconf 97' lang='lat'>—</span> <span class='ocrx_word' id='word_1_155' title='bbox 762 2913 872 2960; x_wconf 86' lang='lat' dir='ltr'>Hac</span> <span class='ocrx_word' id='word_1_156' title='bbox 904 2914 958 2961; x_wconf 93' lang='lat' dir='ltr'>in</span> <span class='ocrx_word' id='word_1_157' title='bbox 985 2927 1041 2961; x_wconf 90' lang='lat' dir='ltr'>re</span> <span class='ocrx_word' id='word_1_158' title='bbox 1062 2913 1322 2962; x_wconf 88' lang='lat' dir='ltr'>silentium</span> <span class='ocrx_word' id='word_1_159' title='bbox 1349 2919 1505 2975; x_wconf 91' lang='lat' dir='ltr'>atque</span> <span class='ocrx_word' id='word_1_160' title='bbox 1524 2913 1862 2963; x_wconf 82' lang='lat' dir='ltr'>humilitatem</span> <span class='ocrx_word' id='word_1_161' title='bbox 1885 2915 1992 2975; x_wconf 42' lang='lat' dir='ltr'>Da:</span> 
     </span>
    </p>
   </div>
   <div class='ocr_carea' id='block_1_28' title="bbox 323 2971 1994 3038">
    <p class='ocr_par' dir='ltr' id='par_1_28' title="bbox 323 2971 1994 3038">
     <span class='ocr_line' id='line_1_30' title="bbox 323 2971 1994 3038; baseline 0.004 -20"><span class='ocrx_word' id='word_1_162' title='bbox 323 2971 424 3038; x_wconf 81' lang='lat' dir='ltr'>vid_</span> <span class='ocrx_word' id='word_1_163' title='bbox 441 2973 688 3038; x_wconf 64' lang='lat' dir='ltr'>imitanda</span> <span class='ocrx_word' id='word_1_164' title='bbox 718 2987 852 3038; x_wconf 80' lang='lat' dir='ltr'>esse,</span> <span class='ocrx_word' id='word_1_165' title='bbox 887 2989 950 3023; x_wconf 88' lang='lat' dir='ltr'>ne</span> <span class='ocrx_word' id='word_1_166' title='bbox 984 2977 1129 3038; x_wconf 82' lang='lat' dir='ltr'>digni</span> <span class='ocrx_word' id='word_1_167' title='bbox 1162 2971 1680 3038; x_wconf 70' lang='lat' dir='ltr'>videamurinjuria.</span> <span class='ocrx_word' id='word_1_168' title='bbox 1931 2973 1994 3024; x_wconf 78' lang='grc'><strong>33</strong></span> 
     </span>
    </p>
   </div>
   <div class='ocr_carea' id='block_1_29' title="bbox 386 3033 1994 3099">
    <p class='ocr_par' dir='ltr' id='par_1_29' title="bbox 386 3033 1994 3099">
     <span class='ocr_line' id='line_1_31' title="bbox 386 3033 1994 3099; baseline 0.001 -16"><span class='ocrx_word' id='word_1_169' title='bbox 386 3033 530 3099; x_wconf 61' lang='grc' dir='ltr'>(ΖΑΡ.Δ</span> <span class='ocrx_word' id='word_1_170' title='bbox 546 3035 660 3082; x_wconf 88' lang='lat' dir='ltr'><strong>VII.</strong></span> <span class='ocrx_word' id='word_1_171' title='bbox 682 3061 746 3070; x_wconf 94' lang='lat'><strong>—</strong></span> <span class='ocrx_word' id='word_1_172' title='bbox 765 3037 928 3092; x_wconf 89' lang='lat' dir='ltr'>Quam</span> <span class='ocrx_word' id='word_1_173' title='bbox 948 3033 1166 3099; x_wconf 71' lang='lat' dir='ltr'>pulchre</span> <span class='ocrx_word' id='word_1_174' title='bbox 1185 3039 1424 3099; x_wconf 61' lang='lat' dir='ltr'>prooemii</span> <span class='ocrx_word' id='word_1_175' title='bbox 1440 3033 1554 3087; x_wconf 76' lang='lat' dir='ltr'>loco</span> <span class='ocrx_word' id='word_1_176' title='bbox 1579 3043 1862 3099; x_wconf 77' lang='lat' dir='ltr'>usurpatas</span> <span class='ocrx_word' id='word_1_177' title='bbox 1882 3039 1994 3086; x_wconf 86' lang='lat' dir='ltr'>fue-</span> 
     </span>
    </p>
   </div>
   <div class='ocr_carea' id='block_1_30' title="bbox 325 3095 1992 3168">
    <p class='ocr_par' dir='ltr' id='par_1_30' title="bbox 325 3095 1992 3168">
     <span class='ocr_line' id='line_1_32' title="bbox 325 3095 1992 3168; baseline 0.003 -26"><span class='ocrx_word' id='word_1_178' title='bbox 325 3095 392 3142; x_wconf 88' lang='lat' dir='ltr'>rit</span> <span class='ocrx_word' id='word_1_179' title='bbox 419 3096 658 3168; x_wconf 79' lang='lat' dir='ltr'>psalmus</span> <span class='ocrx_word' id='word_1_180' title='bbox 687 3111 908 3168; x_wconf 71' lang='lat' dir='ltr'>xxxviii,</span> <span class='ocrx_word' id='word_1_181' title='bbox 926 3095 1036 3168; x_wconf 64' lang='lat' dir='ltr'>quo</span> <span class='ocrx_word' id='word_1_182' title='bbox 1068 3095 1314 3168; x_wconf 52' lang='lat' dir='ltr'>indu—ctus</span> <span class='ocrx_word' id='word_1_183' title='bbox 1332 3101 1442 3168; x_wconf 35' lang='lat' dir='ltr'>.Vir</span> <span class='ocrx_word' id='word_1_184' title='bbox 1470 3095 1771 3168; x_wconf 71' lang='lat' dir='ltr'>sanctusde</span> <span class='ocrx_word' id='word_1_185' title='bbox 1792 3101 1992 3168; x_wconf 55' lang='lat' dir='ltr'>Ofﬁciis</span> 
     </span>
    </p>
   </div>
   <div class='ocr_carea' id='block_1_31' title="bbox 326 3159 1990 3224">
    <p class='ocr_par' dir='ltr' id='par_1_31' title="bbox 326 3159 1990 3224">
     <span class='ocr_line' id='line_1_33' title="bbox 326 3159 1990 3224; baseline 0.003 -20"><span class='ocrx_word' id='word_1_186' title='bbox 326 3159 559 3224; x_wconf 69' lang='lat' dir='ltr'>scribere</span> <span class='ocrx_word' id='word_1_187' title='bbox 579 3161 850 3208; x_wconf 84' lang='lat' dir='ltr'>constituit</span> <span class='ocrx_word' id='word_1_188' title='bbox 878 3173 890 3208; x_wconf 92' lang='lat'>:</span> <span class='ocrx_word' id='word_1_189' title='bbox 923 3159 1075 3223; x_wconf 84' lang='lat' dir='ltr'>idque</span> <span class='ocrx_word' id='word_1_190' title='bbox 1104 3162 1295 3224; x_wconf 89' lang='lat' dir='ltr'>potiori</span> <span class='ocrx_word' id='word_1_191' title='bbox 1318 3161 1444 3223; x_wconf 83' lang='lat' dir='ltr'>jure</span> <span class='ocrx_word' id='word_1_192' title='bbox 1473 3175 1627 3224; x_wconf 89' lang='lat' dir='ltr'>quam</span> <span class='ocrx_word' id='word_1_193' title='bbox 1657 3164 1780 3212; x_wconf 89' lang='lat' dir='ltr'>olim</span> <span class='ocrx_word' id='word_1_194' title='bbox 1808 3163 1990 3224; x_wconf 89' lang='lat' dir='ltr'>Cicero</span> 
     </span>
    </p>
   </div>
   <div class='ocr_carea' id='block_1_32' title="bbox 323 3218 1992 3284">
    <p class='ocr_par' dir='ltr' id='par_1_32' title="bbox 323 3218 1992 3284">
     <span class='ocr_line' id='line_1_34' title="bbox 323 3218 1992 3284; baseline 0.004 -18"><span class='ocrx_word' id='word_1_195' title='bbox 323 3218 596 3284; x_wconf 78' lang='lat' dir='ltr'>ad_ﬁlium,</span> <span class='ocrx_word' id='word_1_196' title='bbox 629 3227 680 3269; x_wconf 89' lang='lat' dir='ltr'>et</span> <span class='ocrx_word' id='word_1_197' title='bbox 704 3235 860 3284; x_wconf 89' lang='lat' dir='ltr'>quam</span> <span class='ocrx_word' id='word_1_198' title='bbox 889 3225 956 3272; x_wconf 85' lang='lat' dir='ltr'>ob</span> <span class='ocrx_word' id='word_1_199' title='bbox 984 3218 1214 3272; x_wconf 69' lang='lat' dir='ltr'>causam.</span> <span class='ocrx_word' id='word_1_200' title='bbox 1323 3218 1341 3223; x_wconf 93' lang='grc'>⁷</span> <span class='ocrx_word' id='word_1_201' title='bbox 1487 3218 1503 3224; x_wconf 83' lang='grc'>⁷</span> <span class='ocrx_word' id='word_1_202' title='bbox 1930 3223 1992 3272; x_wconf 75' lang='lat'>33</span> 
     </span>
    </p>
   </div>
   <div class='ocr_carea' id='block_1_33' title="bbox 385 3281 1988 3350">
    <p class='ocr_par' dir='ltr' id='par_1_33' title="bbox 385 3281 1988 3350">
     <span class='ocr_line' id='line_1_35' title="bbox 385 3281 1988 3350; baseline 0.002 -20"><span class='ocrx_word' id='word_1_203' title='bbox 385 3281 516 3350; x_wconf 57' lang='lat' dir='ltr'><strong>CAr.</strong></span> <span class='ocrx_word' id='word_1_204' title='bbox 548 3283 689 3332; x_wconf 87' lang='lat' dir='ltr'><strong>VIII.</strong></span> <span class='ocrx_word' id='word_1_205' title='bbox 717 3281 782 3350; x_wconf 64' lang='grc' dir='ltr'>ξ-</span> <span class='ocrx_word' id='word_1_206' title='bbox 811 3285 1011 3350; x_wconf 74' lang='lat' dir='ltr'>Nomen</span> <span class='ocrx_word' id='word_1_207' title='bbox 1059 3285 1249 3350; x_wconf 87' lang='lat' dir='ltr'>Ofﬁcii,</span> <span class='ocrx_word' id='word_1_208' title='bbox 1270 3299 1396 3350; x_wconf 87' lang='lat' dir='ltr'>non</span> <span class='ocrx_word' id='word_1_209' title='bbox 1434 3285 1606 3335; x_wconf 90' lang='lat' dir='ltr'>solum</span> <span class='ocrx_word' id='word_1_210' title='bbox 1644 3286 1988 3350; x_wconf 88' lang='lat' dir='ltr'>philosophis,</span> 
     </span>
    </p>
   </div>
   <div class='ocr_carea' id='block_1_34' title="bbox 321 3344 1991 3462">
    <p class='ocr_par' dir='ltr' id='par_1_34' title="bbox 321 3344 1991 3462">
     <span class='ocr_line' id='line_1_36' title="bbox 321 3344 1991 3462; baseline 0.004 -71"><span class='ocrx_word' id='word_1_211' title='bbox 321 3344 420 3453; x_wconf 53' lang='lat' dir='ltr'>se:</span> <span class='ocrx_word' id='word_1_212' title='bbox 443 3345 595 3454; x_wconf 55' lang='lat' dir='ltr'>etiam</span> <span class='ocrx_word' id='word_1_213' title='bbox 624 3347 973 3408; x_wconf 86' lang='lat' dir='ltr'>scriptoribus</span> <span class='ocrx_word' id='word_1_214' title='bbox 1002 3349 1171 3397; x_wconf 88' lang='lat' dir='ltr'>sacris</span> <span class='ocrx_word' id='word_1_215' title='bbox 1196 3349 1445 3397; x_wconf 86' lang='lat' dir='ltr'>usitatum</span> <span class='ocrx_word' id='word_1_216' title='bbox 1469 3362 1617 3410; x_wconf 87' lang='lat' dir='ltr'>esse;</span> <span class='ocrx_word' id='word_1_217' title='bbox 1644 3344 1698 3400; x_wconf 67' lang='lat' dir='ltr'>Eat</span> <span class='ocrx_word' id='word_1_218' title='bbox 1726 3344 1871 3399; x_wconf 73' lang='lat' dir='ltr'>unde</span> <span class='ocrx_word' id='word_1_219' title='bbox 1891 3350 1991 3462; x_wconf 56' lang='lat' dir='ltr'>hgg</span> 
     </span>
     <span class='ocr_line' id='line_1_37' title="bbox 357 3419 618 3456; baseline 0.004 -2"><span class='ocrx_word' id='word_1_220' title='bbox 357 3419 386 3454; x_wconf 79' lang='grc' dir='ltr'><strong>ο</strong></span> <span class='ocrx_word' id='word_1_221' title='bbox 425 3419 489 3455; x_wconf 92' lang='lat' dir='ltr'>uc</span> <span class='ocrx_word' id='word_1_222' title='bbox 514 3420 618 3456; x_wconf 83' lang='lat' dir='ltr'>um.</span> 
     </span>
    </p>
   </div>
   <div class='ocr_carea' id='block_1_35' title="bbox 357 3411 618 3456">
    <p class='ocr_par' dir='ltr' id='par_1_35' title="bbox 357 3411 618 3456">
     <span class='ocr_line' id='line_1_38' title="bbox 357 3411 618 3456; baseline 0.004 -2"><span class='ocrx_word' id='word_1_223' title='bbox 357 3411 618 3456; x_wconf 83' lang='lat' dir='ltr'>eductum.</span> 
     </span>
    </p>
   </div>
   <div class='ocr_carea' id='block_1_36' title="bbox 383 3467 1990 3533">
    <p class='ocr_par' dir='ltr' id='par_1_36' title="bbox 383 3467 1990 3533">
     <span class='ocr_line' id='line_1_39' title="bbox 383 3467 1990 3533; baseline 0.002 -16"><span class='ocrx_word' id='word_1_224' title='bbox 383 3467 514 3518; x_wconf 66' lang='lat' dir='ltr'>Car.</span> <span class='ocrx_word' id='word_1_225' title='bbox 540 3470 630 3533; x_wconf 80' lang='lat' dir='ltr'>IX.</span> <span class='ocrx_word' id='word_1_226' title='bbox 660 3495 725 3506; x_wconf 92' lang='lat'><strong>—</strong></span> <span class='ocrx_word' id='word_1_227' title='bbox 748 3471 987 3521; x_wconf 90' lang='lat' dir='ltr'>Ofﬁcium</span> <span class='ocrx_word' id='word_1_228' title='bbox 1009 3472 1075 3521; x_wconf 89' lang='lat' dir='ltr'>ab</span> <span class='ocrx_word' id='word_1_229' title='bbox 1094 3473 1315 3521; x_wconf 88' lang='lat' dir='ltr'>honesto</span> <span class='ocrx_word' id='word_1_230' title='bbox 1335 3476 1386 3521; x_wconf 91' lang='lat' dir='ltr'>et</span> <span class='ocrx_word' id='word_1_231' title='bbox 1407 3473 1536 3533; x_wconf 86' lang='lat' dir='ltr'>utili,</span> <span class='ocrx_word' id='word_1_232' title='bbox 1557 3488 1653 3523; x_wconf 88' lang='lat' dir='ltr'>nec</span> <span class='ocrx_word' id='word_1_233' title='bbox 1675 3489 1778 3523; x_wconf 89' lang='lat' dir='ltr'>non</span> <span class='ocrx_word' id='word_1_234' title='bbox 1798 3474 1862 3523; x_wconf 90' lang='lat' dir='ltr'>ab</span> <span class='ocrx_word' id='word_1_235' title='bbox 1882 3487 1990 3522; x_wconf 87' lang='lat' dir='ltr'>am-</span> 
     </span>
    </p>
   </div>
   <div class='ocr_carea' id='block_1_37' title="bbox 320 3530 1987 3597">
    <p class='ocr_par' dir='ltr' id='par_1_37' title="bbox 320 3530 1987 3597">
     <span class='ocr_line' id='line_1_40' title="bbox 320 3530 1987 3597; baseline 0.004 -19"><span class='ocrx_word' id='word_1_236' title='bbox 320 3530 507 3597; x_wconf 81' lang='lat' dir='ltr'>borum</span> <span class='ocrx_word' id='word_1_237' title='bbox 534 3531 671 3597; x_wconf 79' lang='lat' dir='ltr'>inter</span> <span class='ocrx_word' id='word_1_238' title='bbox 701 3546 757 3582; x_wconf 87' lang='lat' dir='ltr'>se</span> <span class='ocrx_word' id='word_1_239' title='bbox 790 3537 1176 3597; x_wconf 86' lang='lat' dir='ltr'>comparatione</span> <span class='ocrx_word' id='word_1_240' title='bbox 1207 3535 1450 3584; x_wconf 88' lang='lat' dir='ltr'>desumi:</span> <span class='ocrx_word' id='word_1_241' title='bbox 1487 3530 1579 3584; x_wconf 85' lang='lat' dir='ltr'>sed</span> <span class='ocrx_word' id='word_1_242' title='bbox 1607 3551 1637 3586; x_wconf 90' lang='lat' dir='ltr'>a</span> <span class='ocrx_word' id='word_1_243' title='bbox 1670 3535 1987 3586; x_wconf 67' lang='lat' dir='ltr'>Christianis</span> 
     </span>
    </p>
   </div>
   <div class='ocr_carea' id='block_1_38' title="bbox 321 3593 1988 3657">
    <p class='ocr_par' dir='ltr' id='par_1_38' title="bbox 321 3593 1988 3657">
     <span class='ocr_line' id='line_1_41' title="bbox 321 3593 1988 3657; baseline 0.004 -17"><span class='ocrx_word' id='word_1_244' title='bbox 321 3593 460 3653; x_wconf 87' lang='lat' dir='ltr'>quod</span> <span class='ocrx_word' id='word_1_245' title='bbox 486 3594 553 3642; x_wconf 90' lang='lat' dir='ltr'>ad</span> <span class='ocrx_word' id='word_1_246' title='bbox 579 3596 810 3645; x_wconf 82' lang='lat' dir='ltr'>futuram</span> <span class='ocrx_word' id='word_1_247' title='bbox 837 3593 1000 3646; x_wconf 68' lang='lat' dir='ltr'>vitam</span> <span class='ocrx_word' id='word_1_248' title='bbox 1029 3611 1135 3646; x_wconf 89' lang='lat' dir='ltr'>non</span> <span class='ocrx_word' id='word_1_249' title='bbox 1162 3599 1414 3657; x_wconf 87' lang='lat' dir='ltr'>conferat,</span> <span class='ocrx_word' id='word_1_250' title='bbox 1444 3599 1726 3648; x_wconf 90' lang='lat' dir='ltr'>honestum</span> <span class='ocrx_word' id='word_1_251' title='bbox 1752 3603 1842 3648; x_wconf 88' lang='lat' dir='ltr'>aut</span> <span class='ocrx_word' id='word_1_252' title='bbox 1863 3598 1988 3646; x_wconf 84' lang='lat' dir='ltr'>utile</span> 
     </span>
    </p>
   </div>
   <div class='ocr_carea' id='block_1_39' title="bbox 319 3657 1989 3724">
    <p class='ocr_par' dir='ltr' id='par_1_39' title="bbox 319 3657 1989 3724">
     <span class='ocr_line' id='line_1_42' title="bbox 319 3657 1989 3724; baseline 0.004 -22"><span class='ocrx_word' id='word_1_253' title='bbox 319 3657 577 3724; x_wconf 59' lang='lat' dir='ltr'>agnosci;</span> <span class='ocrx_word' id='word_1_254' title='bbox 615 3662 771 3719; x_wconf 89' lang='lat' dir='ltr'>atque</span> <span class='ocrx_word' id='word_1_255' title='bbox 803 3659 934 3708; x_wconf 87' lang='lat' dir='ltr'>adeo</span> <span class='ocrx_word' id='word_1_256' title='bbox 977 3673 1085 3708; x_wconf 89' lang='lat' dir='ltr'>non</span> <span class='ocrx_word' id='word_1_257' title='bbox 1126 3672 1572 3724; x_wconf 83' lang='lat' dir='ltr'>supervacaneum</span> <span class='ocrx_word' id='word_1_258' title='bbox 1610 3663 1720 3710; x_wconf 86' lang='lat' dir='ltr'>fore</span> <span class='ocrx_word' id='word_1_259' title='bbox 1751 3662 1890 3709; x_wconf 88' lang='lat' dir='ltr'>hunc</span> <span class='ocrx_word' id='word_1_260' title='bbox 1926 3661 1989 3724; x_wconf 77' lang='lat' dir='ltr'>de</span> 
     </span>
    </p>
   </div>
   <div class='ocr_carea' id='block_1_40' title="bbox 321 3717 1990 3772">
    <p class='ocr_par' dir='ltr' id='par_1_40' title="bbox 321 3717 1990 3772">
     <span class='ocr_line' id='line_1_43' title="bbox 321 3717 1990 3772; baseline 0.005 -8"><span class='ocrx_word' id='word_1_261' title='bbox 321 3717 506 3766; x_wconf 85' lang='lat' dir='ltr'>Ofﬁcio</span> <span class='ocrx_word' id='word_1_262' title='bbox 542 3717 834 3769; x_wconf 80' lang='lat' dir='ltr'>tractatum.</span> <span class='ocrx_word' id='word_1_263' title='bbox 1195 3717 1212 3724; x_wconf 81' lang='grc'>⁷</span> <span class='ocrx_word' id='word_1_264' title='bbox 1928 3721 1990 3772; x_wconf 76' lang='lat'>35</span> 
     </span>
    </p>
   </div>
   <div class='ocr_carea' id='block_1_41' title="bbox 380 3779 1988 3846">
    <p class='ocr_par' dir='ltr' id='par_1_41' title="bbox 380 3779 1988 3846">
     <span class='ocr_line' id='line_1_44' title="bbox 380 3779 1988 3846; baseline 0.003 -19"><span class='ocrx_word' id='word_1_265' title='bbox 380 3779 512 3846; x_wconf 74' lang='lat' dir='ltr'><strong>CAP.</strong></span> <span class='ocrx_word' id='word_1_266' title='bbox 545 3781 604 3846; x_wconf 83' lang='lat' dir='ltr'>X.</span> <span class='ocrx_word' id='word_1_267' title='bbox 639 3807 703 3818; x_wconf 91' lang='lat'><strong>—</strong></span> <span class='ocrx_word' id='word_1_268' title='bbox 735 3783 892 3846; x_wconf 85' lang='lat' dir='ltr'>Prius</span> <span class='ocrx_word' id='word_1_269' title='bbox 931 3785 984 3832; x_wconf 89' lang='lat' dir='ltr'>in</span> <span class='ocrx_word' id='word_1_270' title='bbox 1023 3785 1190 3833; x_wconf 87' lang='lat' dir='ltr'>sacris</span> <span class='ocrx_word' id='word_1_271' title='bbox 1223 3784 1437 3833; x_wconf 88' lang='lat' dir='ltr'>Litteris</span> <span class='ocrx_word' id='word_1_272' title='bbox 1466 3785 1714 3835; x_wconf 90' lang='lat' dir='ltr'>decorum</span> <span class='ocrx_word' id='word_1_273' title='bbox 1750 3797 1905 3846; x_wconf 87' lang='lat' dir='ltr'>quam</span> <span class='ocrx_word' id='word_1_274' title='bbox 1936 3786 1988 3834; x_wconf 91' lang='lat' dir='ltr'>in</span> 
     </span>
    </p>
   </div>
   <div class='ocr_carea' id='block_1_42' title="bbox 354 3841 1984 3911">
    <p class='ocr_par' dir='ltr' id='par_1_42' title="bbox 354 3841 1984 3911">
     <span class='ocr_line' id='line_1_45' title="bbox 354 3841 1984 3911; baseline 0.004 -23"><span class='ocrx_word' id='word_1_275' title='bbox 354 3841 747 3911; x_wconf 70' lang='lat' dir='ltr'>hilosophorum</span> <span class='ocrx_word' id='word_1_276' title='bbox 776 3845 926 3894; x_wconf 87' lang='lat' dir='ltr'>libris</span> <span class='ocrx_word' id='word_1_277' title='bbox 953 3849 1348 3911; x_wconf 6' lang='lat' dir='ltr'>frequentatum,</span> <span class='ocrx_word' id='word_1_278' title='bbox 1361 3859 1507 3911; x_wconf 84' lang='lat' dir='ltr'>esse:</span> <span class='ocrx_word' id='word_1_279' title='bbox 1538 3841 1886 3911; x_wconf 69' lang='lat' dir='ltr'>Pythagoram</span> <span class='ocrx_word' id='word_1_280' title='bbox 1917 3848 1984 3894; x_wconf 86' lang='lat' dir='ltr'>si-</span> 
     </span>
    </p>
   </div>
   <div class='ocr_carea' id='block_1_43' title="bbox 339 3904 1985 3973">
    <p class='ocr_par' dir='ltr' id='par_1_43' title="bbox 339 3904 1985 3973">
     <span class='ocr_line' id='line_1_46' title="bbox 339 3904 1985 3973; baseline 0.004 -22"><span class='ocrx_word' id='word_1_281' title='bbox 339 3904 461 3952; x_wconf 89' lang='lat' dir='ltr'>entii</span> <span class='ocrx_word' id='word_1_282' title='bbox 501 3907 583 3953; x_wconf 91' lang='lat' dir='ltr'>sui</span> <span class='ocrx_word' id='word_1_283' title='bbox 617 3904 1117 3973; x_wconf 57' lang='lat' dir='ltr'>legemmutuatu&#39;m</span> <span class='ocrx_word' id='word_1_284' title='bbox 1153 3909 1452 3973; x_wconf 86' lang='lat' dir='ltr'>aDavide:</span> <span class='ocrx_word' id='word_1_285' title='bbox 1494 3904 1784 3973; x_wconf 45' lang='lat' dir='ltr'>sed&#39;hujvus</span> <span class='ocrx_word' id='word_1_286' title='bbox 1817 3917 1985 3973; x_wconf 87' lang='lat' dir='ltr'>tamen</span> 
     </span>
    </p>
   </div>
   <div class='ocr_carea' id='block_1_44' title="bbox 317 3968 1985 4084">
    <p class='ocr_par' dir='ltr' id='par_1_44' title="bbox 317 3968 1985 4084">
     <span class='ocr_line' id='line_1_47' title="bbox 317 3968 1985 4084; baseline 0.003 -70"><span class='ocrx_word' id='word_1_287' title='bbox 317 3973 572 4076; x_wconf 47' lang='lat' dir='ltr'>ﬁgimus</span> <span class='ocrx_word' id='word_1_288' title='bbox 598 3968 947 4032; x_wconf 89' lang='lat' dir='ltr'>disciplinam,</span> <span class='ocrx_word' id='word_1_289' title='bbox 981 3985 1099 4019; x_wconf 90' lang='lat' dir='ltr'>cum</span> <span class='ocrx_word' id='word_1_290' title='bbox 1129 3972 1356 4033; x_wconf 89' lang='lat' dir='ltr'>primum</span> <span class='ocrx_word' id='word_1_291' title='bbox 1383 3973 1612 4021; x_wconf 90' lang='lat' dir='ltr'>ofﬁcium</span> <span class='ocrx_word' id='word_1_292' title='bbox 1647 3968 1714 4020; x_wconf 74' lang='lat' dir='ltr'>sit</span> <span class='ocrx_word' id='word_1_293' title='bbox 1737 3972 1985 4084; x_wconf 54' lang='lat' dir='ltr'>loquenélé</span> 
     </span>
     <span class='ocr_line' id='line_1_48' title="bbox 443 4043 525 4078; baseline 0.012 -1"><span class='ocrx_word' id='word_1_294' title='bbox 443 4043 525 4078; x_wconf 90' lang='lat' dir='ltr'>us.</span> 
     </span>
    </p>
   </div>
   <div class='ocr_carea' id='block_1_45' title="bbox 317 4036 1986 4082">
    <p class='ocr_par' dir='ltr' id='par_1_45' title="bbox 317 4036 1986 4082">
     <span class='ocr_line' id='line_1_49' title="bbox 317 4036 1986 4082; baseline 0.004 -6"><span class='ocrx_word' id='word_1_295' title='bbox 317 4036 525 4078; x_wconf 89' lang='lat' dir='ltr'>modus.</span> <span class='ocrx_word' id='word_1_296' title='bbox 1924 4036 1986 4082; x_wconf 77' lang='lat'>36</span> 
     </span>
    </p>
   </div>
   <div class='ocr_carea' id='block_1_46' title="bbox 379 4089 1983 4159">
    <p class='ocr_par' dir='ltr' id='par_1_46' title="bbox 379 4089 1983 4159">
     <span class='ocr_line' id='line_1_50' title="bbox 379 4089 1983 4159; baseline 0.002 -20"><span class='ocrx_word' id='word_1_297' title='bbox 379 4089 508 4159; x_wconf 47' lang='lat' dir='ltr'><strong>CAP:</strong></span> <span class='ocrx_word' id='word_1_298' title='bbox 542 4094 626 4159; x_wconf 85' lang='lat' dir='ltr'><strong>XI.</strong></span> <span class='ocrx_word' id='word_1_299' title='bbox 657 4119 722 4130; x_wconf 87' lang='lat'><strong>--</strong></span> <span class='ocrx_word' id='word_1_300' title='bbox 752 4093 994 4159; x_wconf 87' lang='lat' dir='ltr'>Ofﬁcium</span> <span class='ocrx_word' id='word_1_301' title='bbox 1015 4108 1184 4159; x_wconf 85' lang='lat' dir='ltr'>omne,</span> <span class='ocrx_word' id='word_1_302' title='bbox 1209 4100 1297 4143; x_wconf 89' lang='lat' dir='ltr'>aut</span> <span class='ocrx_word' id='word_1_303' title='bbox 1322 4095 1565 4159; x_wconf 87' lang='lat' dir='ltr'>medium,</span> <span class='ocrx_word' id='word_1_304' title='bbox 1588 4103 1677 4147; x_wconf 89' lang='lat' dir='ltr'>aut</span> <span class='ocrx_word' id='word_1_305' title='bbox 1699 4099 1983 4159; x_wconf 87' lang='lat' dir='ltr'>perfectum</span> 
     </span>
    </p>
   </div>
   <div class='ocr_carea' id='block_1_47' title="bbox 316 4153 1986 4223">
    <p class='ocr_par' dir='ltr' id='par_1_47' title="bbox 316 4153 1986 4223">
     <span class='ocr_line' id='line_1_51' title="bbox 316 4153 1986 4223; baseline 0.004 -24"><span class='ocrx_word' id='word_1_306' title='bbox 316 4166 434 4223; x_wconf 78' lang='lat' dir='ltr'>esse</span> <span class='ocrx_word' id='word_1_307' title='bbox 471 4153 762 4223; x_wconf 67' lang='lat' dir='ltr'>Scriptura:</span> <span class='ocrx_word' id='word_1_308' title='bbox 796 4158 1125 4223; x_wconf 79' lang='lat' dir='ltr'>testimoniis</span> <span class='ocrx_word' id='word_1_309' title='bbox 1155 4158 1486 4207; x_wconf 84' lang='lat' dir='ltr'>ostenditur:</span> <span class='ocrx_word' id='word_1_310' title='bbox 1525 4153 1609 4209; x_wconf 89' lang='lat' dir='ltr'>cui</span> <span class='ocrx_word' id='word_1_311' title='bbox 1643 4153 1986 4223; x_wconf 68' lang='lat' dir='ltr'>subjungitur</span> 
     </span>
    </p>
   </div>
   <div class='ocr_carea' id='block_1_48' title="bbox 317 4216 1984 4282">
    <p class='ocr_par' dir='ltr' id='par_1_48' title="bbox 317 4216 1984 4282">
     <span class='ocr_line' id='line_1_52' title="bbox 317 4216 1984 4282; baseline 0.005 -21"><span class='ocrx_word' id='word_1_312' title='bbox 317 4216 690 4282; x_wconf 65' lang='lat' dir='ltr'>misericordia:</span> <span class='ocrx_word' id='word_1_313' title='bbox 720 4218 853 4282; x_wconf 88' lang='lat' dir='ltr'>laus,</span> <span class='ocrx_word' id='word_1_314' title='bbox 883 4225 1037 4282; x_wconf 89' lang='lat' dir='ltr'>atque</span> <span class='ocrx_word' id='word_1_315' title='bbox 1065 4220 1130 4268; x_wconf 90' lang='lat' dir='ltr'>ad</span> <span class='ocrx_word' id='word_1_316' title='bbox 1160 4234 1272 4270; x_wconf 87' lang='lat' dir='ltr'>eam</span> <span class='ocrx_word' id='word_1_317' title='bbox 1301 4223 1606 4271; x_wconf 84' lang='lat' dir='ltr'>exhortatio.</span> <span class='ocrx_word' id='word_1_318' title='bbox 1745 4216 1762 4221; x_wconf 99' lang='grc'>⁷</span> <span class='ocrx_word' id='word_1_319' title='bbox 1847 4216 1874 4223; x_wconf 83' lang='grc'>⁷</span> <span class='ocrx_word' id='word_1_320' title='bbox 1923 4220 1984 4269; x_wconf 83' lang='grc'>37</span> 
     </span>
    </p>
   </div>
   <div class='ocr_carea' id='block_1_49' title="bbox 377 4276 1984 4344">
    <p class='ocr_par' dir='ltr' id='par_1_49' title="bbox 377 4276 1984 4344">
     <span class='ocr_line' id='line_1_53' title="bbox 377 4276 1984 4344; baseline 0.004 -20"><span class='ocrx_word' id='word_1_321' title='bbox 377 4276 506 4328; x_wconf 78' lang='lat' dir='ltr'><strong>CAP.</strong></span> <span class='ocrx_word' id='word_1_322' title='bbox 538 4281 647 4328; x_wconf 91' lang='lat' dir='ltr'><strong>XII.</strong></span> <span class='ocrx_word' id='word_1_323' title='bbox 679 4308 743 4317; x_wconf 97' lang='lat'><strong>—</strong></span> <span class='ocrx_word' id='word_1_324' title='bbox 768 4281 844 4330; x_wconf 88' lang='lat' dir='ltr'>Ne</span> <span class='ocrx_word' id='word_1_325' title='bbox 865 4276 984 4344; x_wconf 74' lang='lat' dir='ltr'>quis</span> <span class='ocrx_word' id='word_1_326' title='bbox 1005 4282 1070 4331; x_wconf 87' lang='lat' dir='ltr'>ab</span> <span class='ocrx_word' id='word_1_327' title='bbox 1089 4283 1377 4331; x_wconf 89' lang='lat' dir='ltr'>exercenda</span> <span class='ocrx_word' id='word_1_328' title='bbox 1396 4285 1755 4333; x_wconf 83' lang='lat' dir='ltr'>misericordia</span> <span class='ocrx_word' id='word_1_329' title='bbox 1776 4296 1984 4332; x_wconf 84' lang='lat' dir='ltr'>revoce-</span> 
     </span>
    </p>
   </div>
   <div class='ocr_carea' id='block_1_50' title="bbox 315 4340 1982 4408">
    <p class='ocr_par' dir='ltr' id='par_1_50' title="bbox 315 4340 1982 4408">
     <span class='ocr_line' id='line_1_54' title="bbox 315 4340 1982 4408; baseline 0.005 -25"><span class='ocrx_word' id='word_1_330' title='bbox 315 4340 937 4408; x_wconf 12' lang='lat' dir='ltr'>tur,_osten_dituereum</span> <span class='ocrx_word' id='word_1_331' title='bbox 968 4359 1154 4394; x_wconf 90' lang='lat' dir='ltr'>curare</span> <span class='ocrx_word' id='word_1_332' title='bbox 1181 4351 1332 4394; x_wconf 88' lang='lat' dir='ltr'>actus</span> <span class='ocrx_word' id='word_1_333' title='bbox 1361 4347 1646 4404; x_wconf 86' lang='lat' dir='ltr'>hominum,</span> <span class='ocrx_word' id='word_1_334' title='bbox 1678 4353 1728 4395; x_wconf 88' lang='lat' dir='ltr'>et</span> <span class='ocrx_word' id='word_1_335' title='bbox 1757 4346 1982 4408; x_wconf 86' lang='lat' dir='ltr'>quemli-</span> 
     </span>
    </p>
   </div>
   <div class='ocr_carea' id='block_1_51' title="bbox 314 4398 1986 4470">
    <p class='ocr_par' dir='ltr' id='par_1_51' title="bbox 314 4398 1986 4470">
     <span class='ocr_line' id='line_1_55' title="bbox 314 4398 1986 4470; baseline 0.006 -26"><span class='ocrx_word' id='word_1_336' title='bbox 314 4398 398 4446; x_wconf 93' lang='lat' dir='ltr'>bet</span> <span class='ocrx_word' id='word_1_337' title='bbox 419 4399 726 4470; x_wconf 77' lang='lat' dir='ltr'>improbum</span> <span class='ocrx_word' id='word_1_338' title='bbox 753 4407 807 4454; x_wconf 89' lang='lat' dir='ltr'>in</span> <span class='ocrx_word' id='word_1_339' title='bbox 837 4407 952 4469; x_wconf 89' lang='lat' dir='ltr'>ipsa</span> <span class='ocrx_word' id='word_1_340' title='bbox 982 4421 1140 4470; x_wconf 90' lang='lat' dir='ltr'>opum</span> <span class='ocrx_word' id='word_1_341' title='bbox 1158 4408 1423 4457; x_wconf 83' lang='lat' dir='ltr'>afﬂuentia</span> <span class='ocrx_word' id='word_1_342' title='bbox 1446 4398 1695 4458; x_wconf 75' lang='lat' dir='ltr'>miserum</span> <span class='ocrx_word' id='word_1_343' title='bbox 1724 4398 1843 4457; x_wconf 73' lang='lat' dir='ltr'>esse</span> <span class='ocrx_word' id='word_1_344' title='bbox 1865 4408 1986 4470; x_wconf 85' lang='lat' dir='ltr'>Jobi</span> 
     </span>
    </p>
   </div>
   <div class='ocr_carea' id='block_1_52' title="bbox 313 4465 1986 4519">
    <p class='ocr_par' dir='ltr' id='par_1_52' title="bbox 313 4465 1986 4519">
     <span class='ocr_line' id='line_1_56' title="bbox 313 4465 1986 4519; baseline 0.014 -12"><span class='ocrx_word' id='word_1_345' title='bbox 313 4465 622 4512; x_wconf 87' lang='lat' dir='ltr'>auctoritate</span> <span class='ocrx_word' id='word_1_346' title='bbox 652 4465 1059 4518; x_wconf 75' lang='lat' dir='ltr'>demonstratur.</span> <span class='ocrx_word' id='word_1_347' title='bbox 1924 4469 1986 4519; x_wconf 77' lang='lat'><strong>33</strong></span> 
     </span>
    </p>
   </div>
   <div class='ocr_carea' id='block_1_53' title="bbox 377 4523 1986 4596">
    <p class='ocr_par' dir='ltr' id='par_1_53' title="bbox 377 4523 1986 4596">
     <span class='ocr_line' id='line_1_57' title="bbox 377 4523 1986 4596; baseline 0.006 -25"><span class='ocrx_word' id='word_1_348' title='bbox 377 4523 681 4596; x_wconf 77' lang='lat' dir='ltr'>CAP._XIII.</span> <span class='ocrx_word' id='word_1_349' title='bbox 708 4555 775 4596; x_wconf 88' lang='lat'>__—</span> <span class='ocrx_word' id='word_1_350' title='bbox 796 4531 1120 4596; x_wconf 81' lang='lat' dir='ltr'>Ret‘elluntur</span> <span class='ocrx_word' id='word_1_351' title='bbox 1140 4533 1573 4596; x_wconf 85' lang='lat' dir='ltr'>philosophorum</span> <span class='ocrx_word' id='word_1_352' title='bbox 1595 4534 1870 4596; x_wconf 86' lang='lat' dir='ltr'>Opiniones</span> <span class='ocrx_word' id='word_1_353' title='bbox 1895 4532 1986 4593; x_wconf 90' lang='lat' dir='ltr'>qui</span> 
     </span>
    </p>
   </div>
   <div class='ocr_carea' id='block_1_54' title="bbox 314 4585 1985 4705">
    <p class='ocr_par' dir='ltr' id='par_1_54' title="bbox 314 4585 1985 4705">
     <span class='ocr_line' id='line_1_58' title="bbox 314 4585 1985 4659; baseline 0.005 -27"><span class='ocrx_word' id='word_1_354' title='bbox 314 4585 422 4634; x_wconf 88' lang='lat' dir='ltr'>Deo</span> <span class='ocrx_word' id='word_1_355' title='bbox 451 4587 534 4636; x_wconf 90' lang='lat' dir='ltr'>vel</span> <span class='ocrx_word' id='word_1_356' title='bbox 564 4590 745 4638; x_wconf 89' lang='lat' dir='ltr'>mundi</span> <span class='ocrx_word' id='word_1_357' title='bbox 766 4594 947 4651; x_wconf 90' lang='lat' dir='ltr'>totius,</span> <span class='ocrx_word' id='word_1_358' title='bbox 970 4595 1055 4643; x_wconf 91' lang='lat' dir='ltr'>vel</span> <span class='ocrx_word' id='word_1_359' title='bbox 1073 4585 1303 4657; x_wconf 71' lang='lat' dir='ltr'>alicujus</span> <span class='ocrx_word' id='word_1_360' title='bbox 1322 4585 1388 4644; x_wconf 71' lang='lat' dir='ltr'>ex</span> <span class='ocrx_word' id='word_1_361' title='bbox 1407 4596 1526 4658; x_wconf 89' lang='lat' dir='ltr'>ejus</span> <span class='ocrx_word' id='word_1_362' title='bbox 1545 4585 1783 4659; x_wconf 63' lang='lat' dir='ltr'>partibus</span> <span class='ocrx_word' id='word_1_363' title='bbox 1805 4585 1985 4644; x_wconf 78' lang='lat' dir='ltr'>curam</span> 
     </span>
     <span class='ocr_line' id='line_1_59' title="bbox 314 4648 1983 4705; baseline 0.005 -9"><span class='ocrx_word' id='word_1_364' title='bbox 314 4648 400 4705; x_wconf 85' lang='lat' dir='ltr'>abj</span> <span class='ocrx_word' id='word_1_365' title='bbox 410 4649 635 4700; x_wconf 88' lang='lat' dir='ltr'>udicant.</span> <span class='ocrx_word' id='word_1_366' title='bbox 1922 4656 1983 4705; x_wconf 80' lang='grc'>41.</span> 
     </span>
    </p>
   </div>
   <div class='ocr_carea' id='block_1_55' title="bbox 313 4661 635 4700">
    <p class='ocr_par' dir='ltr' id='par_1_55' title="bbox 313 4661 635 4700">
     <span class='ocr_line' id='line_1_60' title="bbox 313 4661 635 4700; baseline 0.009 -4"><span class='ocrx_word' id='word_1_367' title='bbox 313 4661 400 4700; x_wconf 64' lang='lat' dir='ltr'>an)</span> <span class='ocrx_word' id='word_1_368' title='bbox 410 4661 556 4699; x_wconf 71' lang='grc' dir='ltr'>ιιαιοε</span> <span class='ocrx_word' id='word_1_369' title='bbox 563 4661 635 4700; x_wconf 88' lang='lat' dir='ltr'>nt.</span> 
     </span>
    </p>
   </div>
   <div class='ocr_carea' id='block_1_56' title="bbox 395 4711 1980 4782">
    <p class='ocr_par' dir='ltr' id='par_1_56' title="bbox 395 4711 1980 4782">
     <span class='ocr_line' id='line_1_61' title="bbox 395 4711 1980 4782; baseline 0.005 -23"><span class='ocrx_word' id='word_1_370' title='bbox 395 4711 522 4782; x_wconf 31' lang='grc' dir='ltr'>ΙΑΡ..</span> <span class='ocrx_word' id='word_1_371' title='bbox 539 4714 672 4782; x_wconf 76' lang='lat' dir='ltr'><strong>XIV.</strong></span> <span class='ocrx_word' id='word_1_372' title='bbox 701 4717 886 4782; x_wconf 27' lang='lat' dir='ltr'>—-_‘Dei</span> <span class='ocrx_word' id='word_1_373' title='bbox 913 4718 1265 4782; x_wconf 76' lang='lat' dir='ltr'>cognitionem</span> <span class='ocrx_word' id='word_1_374' title='bbox 1296 4718 1422 4782; x_wconf 89' lang='lat' dir='ltr'>nihil</span> <span class='ocrx_word' id='word_1_375' title='bbox 1441 4721 1642 4781; x_wconf 65' lang='lat' dir='ltr'>fugere,</span> <span class='ocrx_word' id='word_1_376' title='bbox 1663 4724 1715 4768; x_wconf 84' lang='lat' dir='ltr'>et</span> <span class='ocrx_word' id='word_1_377' title='bbox 1735 4719 1980 4782; x_wconf 88' lang='lat' dir='ltr'>Scriptu-</span> 
     </span>
    </p>
   </div>
   <div class='ocr_carea' id='block_1_57' title="bbox 313 4779 1983 4844">
    <p class='ocr_par' dir='ltr' id='par_1_57' title="bbox 313 4779 1983 4844">
     <span class='ocr_line' id='line_1_62' title="bbox 313 4779 1983 4844; baseline 0.004 -24"><span class='ocrx_word' id='word_1_378' title='bbox 313 4785 490 4844; x_wconf 88' lang='lat' dir='ltr'>rarum</span> <span class='ocrx_word' id='word_1_379' title='bbox 512 4779 840 4844; x_wconf 85' lang='lat' dir='ltr'>testimoniis,</span> <span class='ocrx_word' id='word_1_380' title='bbox 862 4784 914 4827; x_wconf 87' lang='lat' dir='ltr'>et</span> <span class='ocrx_word' id='word_1_381' title='bbox 935 4779 1065 4844; x_wconf 82' lang='lat' dir='ltr'>solis</span> <span class='ocrx_word' id='word_1_382' title='bbox 1094 4781 1464 4844; x_wconf 80' lang='lat' dir='ltr'>comprobatur</span> <span class='ocrx_word' id='word_1_383' title='bbox 1491 4779 1726 4844; x_wconf 85' lang='lat' dir='ltr'>exemplo</span> <span class='ocrx_word' id='word_1_384' title='bbox 1756 4779 1983 4844; x_wconf 73' lang='lat' dir='ltr'>quilicet</span> 
     </span>
    </p>
   </div>
   <div class='ocr_carea' id='block_1_58' title="bbox 310 4841 1986 4953">
    <p class='ocr_par' dir='ltr' id='par_1_58' title="bbox 310 4841 1986 4953">
     <span class='ocr_line' id='line_1_63' title="bbox 310 4841 1986 4953; baseline 0.004 -68"><span class='ocrx_word' id='word_1_385' title='bbox 310 4842 551 4946; x_wconf 50' lang='lat' dir='ltr'>pgptura</span> <span class='ocrx_word' id='word_1_386' title='bbox 589 4841 678 4898; x_wconf 87' lang='lat' dir='ltr'>sit,</span> <span class='ocrx_word' id='word_1_387' title='bbox 711 4846 880 4889; x_wconf 89' lang='lat' dir='ltr'>tamen</span> <span class='ocrx_word' id='word_1_388' title='bbox 915 4842 998 4890; x_wconf 90' lang='lat' dir='ltr'>vel</span> <span class='ocrx_word' id='word_1_389' title='bbox 1036 4842 1246 4900; x_wconf 88' lang='lat' dir='ltr'>lumine,</span> <span class='ocrx_word' id='word_1_390' title='bbox 1279 4843 1364 4890; x_wconf 90' lang='lat' dir='ltr'>vel</span> <span class='ocrx_word' id='word_1_391' title='bbox 1390 4843 1563 4892; x_wconf 90' lang='lat' dir='ltr'>calore</span> <span class='ocrx_word' id='word_1_392' title='bbox 1601 4841 1789 4892; x_wconf 73' lang='lat' dir='ltr'>cuncta</span> <span class='ocrx_word' id='word_1_393' title='bbox 1819 4857 1986 4953; x_wconf 52' lang='lat' dir='ltr'>peni;</span> 
     </span>
    </p>
   </div>
   <div class='ocr_carea' id='block_1_59' title="bbox 337 4910 434 4946">
    <p class='ocr_par' dir='ltr' id='par_1_59' title="bbox 337 4910 434 4946">
     <span class='ocr_line' id='line_1_64' title="bbox 337 4910 434 4946; baseline 0.021 -2"><span class='ocrx_word' id='word_1_394' title='bbox 337 4910 434 4946; x_wconf 89' lang='lat' dir='ltr'>rat.</span> 
     </span>
    </p>
   </div>
   <div class='ocr_carea' id='block_1_60' title="bbox 331 4959 1985 5032">
    <p class='ocr_par' dir='ltr' id='par_1_60' title="bbox 331 4959 1985 5032">
     <span class='ocr_line' id='line_1_65' title="bbox 331 4959 1985 5032; baseline 0.004 -24"><span class='ocrx_word' id='word_1_395' title='bbox 331 5021 342 5032; x_wconf 39' lang='grc' dir='ltr'><strong>ο</strong></span> <span class='ocrx_word' id='word_1_396' title='bbox 373 4959 503 5032; x_wconf 61' lang='grc' dir='ltr'>εμπ.</span> <span class='ocrx_word' id='word_1_397' title='bbox 536 4963 646 5032; x_wconf 86' lang='lat' dir='ltr'>XV.</span> <span class='ocrx_word' id='word_1_398' title='bbox 677 4992 741 5032; x_wconf 67' lang='grc' dir='ltr'>-τ</span> <span class='ocrx_word' id='word_1_399' title='bbox 767 4966 1240 5032; x_wconf 14' lang='grc' dir='ltr'>Ομίδιιείάἰεριὶοθρ</span> <span class='ocrx_word' id='word_1_400' title='bbox 1267 4967 1406 5032; x_wconf 80' lang='lat' dir='ltr'>quod</span> <span class='ocrx_word' id='word_1_401' title='bbox 1437 4968 1592 5032; x_wconf 85' lang='lat' dir='ltr'>bonis</span> <span class='ocrx_word' id='word_1_402' title='bbox 1627 4967 1778 5022; x_wconf 87' lang='lat' dir='ltr'>male,</span> <span class='ocrx_word' id='word_1_403' title='bbox 1803 4973 1852 5015; x_wconf 92' lang='lat' dir='ltr'>et</span> <span class='ocrx_word' id='word_1_404' title='bbox 1880 4980 1985 5015; x_wconf 88' lang='lat' dir='ltr'>ma-</span> 
     </span>
    </p>
   </div>
   <div class='ocr_carea' id='block_1_61' title="bbox 309 5020 1983 5092">
    <p class='ocr_par' dir='ltr' id='par_1_61' title="bbox 309 5020 1983 5092">
     <span class='ocr_line' id='line_1_66' title="bbox 309 5020 1983 5092; baseline 0.006 -24"><span class='ocrx_word' id='word_1_405' title='bbox 309 5020 376 5092; x_wconf 82' lang='lat' dir='ltr'>lis</span> <span class='ocrx_word' id='word_1_406' title='bbox 412 5023 542 5092; x_wconf 75' lang='lat' dir='ltr'>bene</span> <span class='ocrx_word' id='word_1_407' title='bbox 581 5027 668 5083; x_wconf 86' lang='lat' dir='ltr'>sit,</span> <span class='ocrx_word' id='word_1_408' title='bbox 695 5020 994 5078; x_wconf 42' lang='lat' dir='ltr'>eis-Lazari</span> <span class='ocrx_word' id='word_1_409' title='bbox 1031 5020 1344 5092; x_wconf 43' lang='lat' dir='ltr'>exemplo-et</span> <span class='ocrx_word' id='word_1_410' title='bbox 1378 5031 1527 5079; x_wconf 88' lang='lat' dir='ltr'>Pauli</span> <span class='ocrx_word' id='word_1_411' title='bbox 1552 5020 1859 5079; x_wconf 84' lang='lat' dir='ltr'>auctoritate</span> <span class='ocrx_word' id='word_1_412' title='bbox 1889 5043 1983 5092; x_wconf 39' lang='lat' dir='ltr'>os;-</span> 
     </span>
    </p>
   </div>
   <div class='ocr_carea' id='block_1_62' title="bbox 308 5085 1983 5153">
    <p class='ocr_par' dir='ltr' id='par_1_62' title="bbox 308 5085 1983 5153">
     <span class='ocr_line' id='line_1_67' title="bbox 308 5085 1983 5153; baseline 0.006 -24"><span class='ocrx_word' id='word_1_413' title='bbox 308 5085 550 5153; x_wconf 40' lang='lat' dir='ltr'>tennditun</span> <span class='ocrx_word' id='word_1_414' title='bbox 560 5095 690 5153; x_wconf 78' lang='lat' dir='ltr'>post</span> <span class='ocrx_word' id='word_1_415' title='bbox 717 5093 875 5140; x_wconf 88' lang='lat' dir='ltr'>vitam</span> <span class='ocrx_word' id='word_1_416' title='bbox 907 5105 1088 5153; x_wconf 78' lang='lat' dir='ltr'>pcenas</span> <span class='ocrx_word' id='word_1_417' title='bbox 1115 5085 1414 5153; x_wconf 52' lang='lat' dir='ltr'>ac&#39;praamia</span> <span class='ocrx_word' id='word_1_418' title='bbox 1451 5095 1731 5141; x_wconf 89' lang='lat' dir='ltr'>reservari.</span> <span class='ocrx_word' id='word_1_419' title='bbox 1922 5091 1983 5139; x_wconf 74' lang='grc'><strong>44</strong></span> 
     </span>
    </p>
   </div>
   <div class='ocr_carea' id='block_1_63' title="bbox 347 5147 1984 5218">
    <p class='ocr_par' dir='ltr' id='par_1_63' title="bbox 347 5147 1984 5218">
     <span class='ocr_line' id='line_1_68' title="bbox 347 5147 1984 5218; baseline 0.005 -24"><span class='ocrx_word' id='word_1_420' title='bbox 347 5208 357 5218; x_wconf 46' lang='grc'>.</span> <span class='ocrx_word' id='word_1_421' title='bbox 373 5147 501 5218; x_wconf 67' lang='lat' dir='ltr'><strong>CAr.</strong></span> <span class='ocrx_word' id='word_1_422' title='bbox 534 5147 667 5218; x_wconf 78' lang='lat' dir='ltr'><strong>XVI.</strong></span> <span class='ocrx_word' id='word_1_423' title='bbox 694 5179 758 5188; x_wconf 97' lang='lat'>—</span> <span class='ocrx_word' id='word_1_424' title='bbox 785 5147 1102 5218; x_wconf 72' lang='lat' dir='ltr'>Conﬁrmato</span> <span class='ocrx_word' id='word_1_425' title='bbox 1124 5147 1262 5215; x_wconf 76' lang='lat' dir='ltr'>quod</span> <span class='ocrx_word' id='word_1_426' title='bbox 1286 5168 1447 5217; x_wconf 87' lang='lat' dir='ltr'>supra</span> <span class='ocrx_word' id='word_1_427' title='bbox 1468 5155 1528 5202; x_wconf 84' lang='lat' dir='ltr'>de</span> <span class='ocrx_word' id='word_1_428' title='bbox 1554 5154 1782 5218; x_wconf 63' lang='lat' dir='ltr'>praemiis</span> <span class='ocrx_word' id='word_1_429' title='bbox 1807 5160 1856 5202; x_wconf 91' lang='lat' dir='ltr'>et</span> <span class='ocrx_word' id='word_1_430' title='bbox 1877 5167 1984 5215; x_wconf 73' lang='lat' dir='ltr'>poe-</span> 
     </span>
    </p>
   </div>
   <div class='ocr_carea' id='block_1_64' title="bbox 306 5211 1982 5280">
    <p class='ocr_par' dir='ltr' id='par_1_64' title="bbox 306 5211 1982 5280">
     <span class='ocr_line' id='line_1_69' title="bbox 306 5211 1982 5280; baseline 0.005 -25"><span class='ocrx_word' id='word_1_431' title='bbox 306 5211 390 5256; x_wconf 89' lang='lat' dir='ltr'>nis</span> <span class='ocrx_word' id='word_1_432' title='bbox 411 5211 820 5280; x_wconf 62' lang='lat' dir='ltr'>dictunrfuerat,</span> <span class='ocrx_word' id='word_1_433' title='bbox 852 5211 1195 5280; x_wconf 76' lang='lat' dir='ltr'>subjungitur</span> <span class='ocrx_word' id='word_1_434' title='bbox 1216 5230 1322 5266; x_wconf 89' lang='lat' dir='ltr'>non</span> <span class='ocrx_word' id='word_1_435' title='bbox 1348 5211 1680 5280; x_wconf 52' lang='lat' dir='ltr'>mirum-esse</span> <span class='ocrx_word' id='word_1_436' title='bbox 1711 5217 1757 5264; x_wconf 89' lang='lat' dir='ltr'>si</span> <span class='ocrx_word' id='word_1_437' title='bbox 1787 5211 1982 5277; x_wconf 76' lang='lat' dir='ltr'>quibus</span> 
     </span>
    </p>
   </div>
   <div class='ocr_carea' id='block_1_65' title="bbox 306 5276 1980 5334">
    <p class='ocr_par' dir='ltr' id='par_1_65' title="bbox 306 5276 1980 5334">
     <span class='ocr_line' id='line_1_70' title="bbox 306 5276 1980 5334; baseline 0.004 -16"><span class='ocrx_word' id='word_1_438' title='bbox 306 5283 508 5321; x_wconf 89' lang='lat' dir='ltr'>merces</span> <span class='ocrx_word' id='word_1_439' title='bbox 530 5276 583 5322; x_wconf 89' lang='lat' dir='ltr'>in</span> <span class='ocrx_word' id='word_1_440' title='bbox 605 5278 778 5326; x_wconf 84' lang='lat' dir='ltr'>futuro</span> <span class='ocrx_word' id='word_1_441' title='bbox 800 5293 906 5326; x_wconf 92' lang='lat' dir='ltr'>non</span> <span class='ocrx_word' id='word_1_442' title='bbox 935 5276 1242 5334; x_wconf 78' lang='lat' dir='ltr'>destinatur,</span> <span class='ocrx_word' id='word_1_443' title='bbox 1273 5281 1358 5328; x_wconf 89' lang='lat' dir='ltr'>hic</span> <span class='ocrx_word' id='word_1_444' title='bbox 1385 5280 1459 5327; x_wconf 89' lang='lat' dir='ltr'>illi</span> <span class='ocrx_word' id='word_1_445' title='bbox 1490 5295 1594 5328; x_wconf 90' lang='lat' dir='ltr'>non</span> <span class='ocrx_word' id='word_1_446' title='bbox 1616 5276 1854 5328; x_wconf 85' lang='lat' dir='ltr'>laborent</span> <span class='ocrx_word' id='word_1_447' title='bbox 1884 5292 1980 5326; x_wconf 91' lang='lat' dir='ltr'>ne-</span> 
     </span>
    </p>
   </div>
   <div class='ocr_carea' id='block_1_66' title="bbox 304 5339 1980 5403">
    <p class='ocr_par' dir='ltr' id='par_1_66' title="bbox 304 5339 1980 5403">
     <span class='ocr_line' id='line_1_71' title="bbox 304 5339 1980 5403; baseline 0.002 -19"><span class='ocrx_word' id='word_1_448' title='bbox 304 5345 405 5393; x_wconf 87' lang='lat' dir='ltr'>que</span> <span class='ocrx_word' id='word_1_449' title='bbox 441 5339 758 5403; x_wconf 82' lang='lat' dir='ltr'>conﬂigant:</span> <span class='ocrx_word' id='word_1_450' title='bbox 799 5341 1110 5403; x_wconf 84' lang='lat' dir='ltr'>additurque</span> <span class='ocrx_word' id='word_1_451' title='bbox 1151 5343 1267 5389; x_wconf 86' lang='lat' dir='ltr'>ideo</span> <span class='ocrx_word' id='word_1_452' title='bbox 1311 5343 1612 5403; x_wconf 79' lang='lat' dir='ltr'>temporalia</span> <span class='ocrx_word' id='word_1_453' title='bbox 1661 5343 1796 5390; x_wconf 88' lang='lat' dir='ltr'>bona</span> <span class='ocrx_word' id='word_1_454' title='bbox 1846 5341 1980 5403; x_wconf 81' lang='lat' dir='ltr'>ipsis</span> 
     </span>
    </p>
   </div>
   <div class='ocr_carea' id='block_1_67' title="bbox 303 5399 1979 5464">
    <p class='ocr_par' dir='ltr' id='par_1_67' title="bbox 303 5399 1979 5464">
     <span class='ocr_line' id='line_1_72' title="bbox 303 5399 1979 5464; baseline 0.01 -22"><span class='ocrx_word' id='word_1_455' title='bbox 303 5399 636 5464; x_wconf 29' lang='lat' dir='ltr'>conceditne</span> <span class='ocrx_word' id='word_1_456' title='bbox 669 5415 772 5463; x_wconf 87' lang='lat' dir='ltr'>qua</span> <span class='ocrx_word' id='word_1_457' title='bbox 805 5399 1132 5464; x_wconf 75' lang='lat' dir='ltr'>relinquatur</span> <span class='ocrx_word' id='word_1_458' title='bbox 1160 5399 1450 5453; x_wconf 81' lang='lat' dir='ltr'>excusatio.</span> <span class='ocrx_word' id='word_1_459' title='bbox 1867 5399 1881 5402; x_wconf 81' lang='grc'>⁷</span> <span class='ocrx_word' id='word_1_460' title='bbox 1917 5402 1979 5450; x_wconf 73' lang='grc'>44</span> 
     </span>
    </p>
   </div>
   <div class='ocr_carea' id='block_1_68' title="bbox 365 5461 1977 5529">
    <p class='ocr_par' dir='ltr' id='par_1_68' title="bbox 365 5461 1977 5529">
     <span class='ocr_line' id='line_1_73' title="bbox 365 5461 1977 5529; baseline 0.004 -22"><span class='ocrx_word' id='word_1_461' title='bbox 365 5461 496 5529; x_wconf 61' lang='lat' dir='ltr'><strong>CAP.</strong></span> <span class='ocrx_word' id='word_1_462' title='bbox 527 5461 699 5511; x_wconf 55' lang='lat' dir='ltr'><strong>XVIII</strong></span> <span class='ocrx_word' id='word_1_463' title='bbox 729 5490 793 5529; x_wconf 92' lang='lat'>-_-</span> <span class='ocrx_word' id='word_1_464' title='bbox 823 5461 1188 5514; x_wconf 77' lang='lat' dir='ltr'>Adolescentis</span> <span class='ocrx_word' id='word_1_465' title='bbox 1217 5467 1406 5525; x_wconf 81' lang='lat' dir='ltr'>ofﬁcia,</span> <span class='ocrx_word' id='word_1_466' title='bbox 1449 5473 1498 5515; x_wconf 87' lang='lat' dir='ltr'>et</span> <span class='ocrx_word' id='word_1_467' title='bbox 1537 5465 1771 5529; x_wconf 85' lang='lat' dir='ltr'>exempla</span> <span class='ocrx_word' id='word_1_468' title='bbox 1809 5466 1977 5529; x_wconf 82' lang='lat' dir='ltr'>eidem</span> 
     </span>
    </p>
   </div>
   <div class='ocr_carea' id='block_1_69' title="bbox 304 5521 1977 5590">
    <p class='ocr_par' dir='ltr' id='par_1_69' title="bbox 304 5521 1977 5590">
     <span class='ocr_line' id='line_1_74' title="bbox 304 5521 1977 5590; baseline 0.013 -24"><span class='ocrx_word' id='word_1_469' title='bbox 304 5521 442 5590; x_wconf 62' lang='lat' dir='ltr'>tutati</span> <span class='ocrx_word' id='word_1_470' title='bbox 473 5527 809 5590; x_wconf 68' lang='lat' dir='ltr'>accommoda</span> <span class='ocrx_word' id='word_1_471' title='bbox 839 5534 1226 5590; x_wconf 86' lang='lat' dir='ltr'>proponuntur.</span> <span class='ocrx_word' id='word_1_472' title='bbox 1395 5521 1402 5525; x_wconf 47' lang='grc'>⁷</span> <span class='ocrx_word' id='word_1_473' title='bbox 1689 5521 1701 5529; x_wconf 73' lang='grc'>⁷</span> <span class='ocrx_word' id='word_1_474' title='bbox 1840 5589 1847 5590; x_wconf 21' lang='grc' dir='ltr'>ί</span> <span class='ocrx_word' id='word_1_475' title='bbox 1915 5526 1977 5575; x_wconf 68' lang='grc'>46</span> 
     </span>
    </p>
   </div>
   <div class='ocr_carea' id='block_1_70' title="bbox 365 5582 1972 5655">
    <p class='ocr_par' dir='ltr' id='par_1_70' title="bbox 365 5582 1972 5655">
     <span class='ocr_line' id='line_1_75' title="bbox 365 5582 1972 5655; baseline 0.004 -24"><span class='ocrx_word' id='word_1_476' title='bbox 365 5582 495 5634; x_wconf 70' lang='lat' dir='ltr'><strong>CAP.</strong></span> <span class='ocrx_word' id='word_1_477' title='bbox 527 5588 716 5640; x_wconf 83' lang='lat' dir='ltr'><strong>XVIII.</strong></span> <span class='ocrx_word' id='word_1_478' title='bbox 747 5615 811 5626; x_wconf 90' lang='lat'><strong>-</strong></span> <span class='ocrx_word' id='word_1_479' title='bbox 839 5582 914 5640; x_wconf 80' lang='lat' dir='ltr'>De</span> <span class='ocrx_word' id='word_1_480' title='bbox 940 5582 1190 5653; x_wconf 72' lang='lat' dir='ltr'>partibus</span> <span class='ocrx_word' id='word_1_481' title='bbox 1226 5593 1587 5642; x_wconf 65' lang='lat' dir='ltr'>verecundiae:</span> <span class='ocrx_word' id='word_1_482' title='bbox 1633 5589 1972 5655; x_wconf 87' lang='lat' dir='ltr'>quemadmo-</span> 
     </span>
    </p>
   </div>
   <div class='ocr_carea' id='block_1_71' title="bbox 2112 1292 3782 1358">
    <p class='ocr_par' dir='ltr' id='par_1_71' title="bbox 2112 1292 3782 1358">
     <span class='ocr_line' id='line_1_76' title="bbox 2112 1292 3782 1358; baseline 0.001 -13"><span class='ocrx_word' id='word_1_483' title='bbox 2112 1296 2236 1345; x_wconf 89' lang='lat' dir='ltr'>dum</span> <span class='ocrx_word' id='word_1_484' title='bbox 2265 1305 2560 1344; x_wconf 88' lang='lat' dir='ltr'>sermonem</span> <span class='ocrx_word' id='word_1_485' title='bbox 2588 1305 2650 1342; x_wconf 89' lang='lat' dir='ltr'>ac</span> <span class='ocrx_word' id='word_1_486' title='bbox 2679 1292 2940 1358; x_wconf 68' lang='lat' dir='ltr'>silentium</span> <span class='ocrx_word' id='word_1_487' title='bbox 2969 1298 3240 1358; x_wconf 86' lang='lat' dir='ltr'>temperet,</span> <span class='ocrx_word' id='word_1_488' title='bbox 3273 1293 3582 1358; x_wconf 79' lang='lat' dir='ltr'>pudicitiam</span> <span class='ocrx_word' id='word_1_489' title='bbox 3610 1295 3782 1346; x_wconf 91' lang='lat' dir='ltr'>comi-</span> 
     </span>
    </p>
   </div>
   <div class='ocr_carea' id='block_1_72' title="bbox 2111 1356 3782 1432">
    <p class='ocr_par' dir='ltr' id='par_1_72' title="bbox 2111 1356 3782 1432">
     <span class='ocr_line' id='line_1_77' title="bbox 2111 1356 3782 1432; baseline 0.001 -26"><span class='ocrx_word' id='word_1_490' title='bbox 2111 1363 2267 1431; x_wconf 76' lang='lat' dir='ltr'>tetur,</span> <span class='ocrx_word' id='word_1_491' title='bbox 2309 1371 2492 1432; x_wconf 72' lang='lat' dir='ltr'>preces</span> <span class='ocrx_word' id='word_1_492' title='bbox 2536 1360 2747 1432; x_wconf 74' lang='lat' dir='ltr'>nostras</span> <span class='ocrx_word' id='word_1_493' title='bbox 2791 1356 2897 1432; x_wconf 69' lang='lat' dir='ltr'>pec</span> <span class='ocrx_word' id='word_1_494' title='bbox 2938 1356 3290 1432; x_wconf 57' lang='lat' dir='ltr'>commendet;</span> <span class='ocrx_word' id='word_1_495' title='bbox 3319 1359 3550 1432; x_wconf 76' lang='lat' dir='ltr'>motibus</span> <span class='ocrx_word' id='word_1_496' title='bbox 3584 1372 3782 1432; x_wconf 67' lang='lat' dir='ltr'>corpo-</span> 
     </span>
    </p>
   </div>
   <div class='ocr_carea' id='block_1_73' title="bbox 2107 1419 3782 1477">
    <p class='ocr_par' dir='ltr' id='par_1_73' title="bbox 2107 1419 3782 1477">
     <span class='ocr_line' id='line_1_78' title="bbox 2107 1419 3782 1477; baseline 0.001 -9"><span class='ocrx_word' id='word_1_497' title='bbox 2107 1422 2213 1468; x_wconf 88' lang='lat' dir='ltr'>reis</span> <span class='ocrx_word' id='word_1_498' title='bbox 2243 1419 2572 1477; x_wconf 83' lang='lat' dir='ltr'>mOderetur;</span> <span class='ocrx_word' id='word_1_499' title='bbox 2618 1419 2704 1466; x_wconf 88' lang='lat' dir='ltr'>ubi</span> <span class='ocrx_word' id='word_1_500' title='bbox 2735 1419 2960 1466; x_wconf 79' lang='lat' dir='ltr'>refertur</span> <span class='ocrx_word' id='word_1_501' title='bbox 2989 1421 3207 1468; x_wconf 86' lang='lat' dir='ltr'>historia</span> <span class='ocrx_word' id='word_1_502' title='bbox 3237 1420 3299 1468; x_wconf 92' lang='lat' dir='ltr'>de</span> <span class='ocrx_word' id='word_1_503' title='bbox 3334 1421 3546 1470; x_wconf 88' lang='lat' dir='ltr'>duobus</span> <span class='ocrx_word' id='word_1_504' title='bbox 3575 1419 3782 1470; x_wconf 84' lang='lat' dir='ltr'>clericis</span> 
     </span>
    </p>
   </div>
   <div class='ocr_carea' id='block_1_74' title="bbox 2109 1480 3783 1545">
    <p class='ocr_par' dir='ltr' id='par_1_74' title="bbox 2109 1480 3783 1545">
     <span class='ocr_line' id='line_1_79' title="bbox 2109 1480 3783 1545; baseline 0.001 -15"><span class='ocrx_word' id='word_1_505' title='bbox 2109 1483 2385 1530; x_wconf 87' lang='lat' dir='ltr'>observatu</span> <span class='ocrx_word' id='word_1_506' title='bbox 2416 1481 2626 1545; x_wconf 86' lang='lat' dir='ltr'>minime</span> <span class='ocrx_word' id='word_1_507' title='bbox 2662 1480 2911 1545; x_wconf 82' lang='lat' dir='ltr'>indigna:</span> <span class='ocrx_word' id='word_1_508' title='bbox 2944 1486 3052 1529; x_wconf 89' lang='lat' dir='ltr'>tum</span> <span class='ocrx_word' id='word_1_509' title='bbox 3084 1481 3414 1531; x_wconf 86' lang='lat' dir='ltr'>subnectitur</span> <span class='ocrx_word' id='word_1_510' title='bbox 3443 1496 3546 1545; x_wconf 88' lang='lat' dir='ltr'>qua</span> <span class='ocrx_word' id='word_1_511' title='bbox 3580 1484 3783 1533; x_wconf 89' lang='lat' dir='ltr'>ratione</span> 
     </span>
    </p>
   </div>
   <div class='ocr_carea' id='block_1_75' title="bbox 2106 1542 3780 1607">
    <p class='ocr_par' dir='ltr' id='par_1_75' title="bbox 2106 1542 3780 1607">
     <span class='ocr_line' id='line_1_80' title="bbox 2106 1542 3780 1607; baseline 0.002 -15"><span class='ocrx_word' id='word_1_512' title='bbox 2106 1544 2502 1607; x_wconf 86' lang='lat' dir='ltr'>componendus</span> <span class='ocrx_word' id='word_1_513' title='bbox 2533 1556 2594 1590; x_wconf 89' lang='lat' dir='ltr'>ex</span> <span class='ocrx_word' id='word_1_514' title='bbox 2621 1542 2799 1607; x_wconf 82' lang='lat' dir='ltr'>eadem</span> <span class='ocrx_word' id='word_1_515' title='bbox 2831 1544 3022 1592; x_wconf 86' lang='lat' dir='ltr'>virtute</span> <span class='ocrx_word' id='word_1_516' title='bbox 3054 1545 3317 1602; x_wconf 87' lang='lat' dir='ltr'>incessus,</span> <span class='ocrx_word' id='word_1_517' title='bbox 3349 1542 3615 1607; x_wconf 77' lang='lat' dir='ltr'>quahtave</span> <span class='ocrx_word' id='word_1_518' title='bbox 3647 1559 3780 1595; x_wconf 88' lang='lat' dir='ltr'>cau-</span> 
     </span>
    </p>
   </div>
   <div class='ocr_carea' id='block_1_76' title="bbox 2106 1605 3781 1672">
    <p class='ocr_par' dir='ltr' id='par_1_76' title="bbox 2106 1605 3781 1672">
     <span class='ocr_line' id='line_1_81' title="bbox 2106 1605 3781 1672; baseline 0.001 -17"><span class='ocrx_word' id='word_1_519' title='bbox 2106 1607 2180 1672; x_wconf 78' lang='lat' dir='ltr'>tio</span> <span class='ocrx_word' id='word_1_520' title='bbox 2215 1605 2280 1654; x_wconf 81' lang='lat' dir='ltr'>ne</span> <span class='ocrx_word' id='word_1_521' title='bbox 2313 1606 2436 1666; x_wconf 89' lang='lat' dir='ltr'>quid</span> <span class='ocrx_word' id='word_1_522' title='bbox 2469 1605 2878 1672; x_wconf 74' lang='lat' dir='ltr'>inverecundum</span> <span class='ocrx_word' id='word_1_523' title='bbox 2913 1619 3003 1672; x_wconf 81' lang='lat' dir='ltr'>ore</span> <span class='ocrx_word' id='word_1_524' title='bbox 3036 1608 3350 1672; x_wconf 80' lang='lat' dir='ltr'>proferatur,</span> <span class='ocrx_word' id='word_1_525' title='bbox 3366 1605 3474 1656; x_wconf 33' lang='lat' dir='ltr'>‘aut</span> <span class='ocrx_word' id='word_1_526' title='bbox 3505 1607 3781 1672; x_wconf 65' lang='lat' dir='ltr'>detegantur</span> 
     </span>
    </p>
   </div>
   <div class='ocr_carea' id='block_1_77' title="bbox 2107 1666 3780 1734">
    <p class='ocr_par' dir='ltr' id='par_1_77' title="bbox 2107 1666 3780 1734">
     <span class='ocr_line' id='line_1_82' title="bbox 2107 1666 3780 1734; baseline 0.002 -18"><span class='ocrx_word' id='word_1_527' title='bbox 2107 1669 2158 1734; x_wconf 79' lang='lat' dir='ltr'>in</span> <span class='ocrx_word' id='word_1_528' title='bbox 2181 1667 2542 1734; x_wconf 71' lang='lat' dir='ltr'>_corpore_,__adl</span> <span class='ocrx_word' id='word_1_529' title='bbox 2565 1666 2750 1734; x_wconf 87' lang='lat' dir='ltr'>ibenda</span> <span class='ocrx_word' id='word_1_530' title='bbox 2781 1668 2881 1714; x_wconf 88' lang='lat' dir='ltr'>sit:</span> <span class='ocrx_word' id='word_1_531' title='bbox 2912 1673 2962 1715; x_wconf 90' lang='lat' dir='ltr'>et</span> <span class='ocrx_word' id='word_1_532' title='bbox 2989 1666 3102 1718; x_wconf 65' lang='lat' dir='ltr'>haec</span> <span class='ocrx_word' id='word_1_533' title='bbox 3131 1670 3306 1719; x_wconf 87' lang='lat' dir='ltr'>omnia</span> <span class='ocrx_word' id='word_1_534' title='bbox 3333 1667 3588 1734; x_wconf 85' lang='lat' dir='ltr'>exemplis</span> <span class='ocrx_word' id='word_1_535' title='bbox 3617 1666 3780 1734; x_wconf 63' lang='lat' dir='ltr'>lippo:</span> 
     </span>
    </p>
   </div>
   <div class='ocr_carea' id='block_1_78' title="bbox 2108 1729 3780 1782">
    <p class='ocr_par' dir='ltr' id='par_1_78' title="bbox 2108 1729 3780 1782">
     <span class='ocr_line' id='line_1_83' title="bbox 2108 1729 3780 1782; baseline 0.003 -5"><span class='ocrx_word' id='word_1_536' title='bbox 2108 1729 2378 1778; x_wconf 89' lang='lat' dir='ltr'>sitissimis</span> <span class='ocrx_word' id='word_1_537' title='bbox 2409 1729 2756 1777; x_wconf 85' lang='lat' dir='ltr'>illustrantur.</span> <span class='ocrx_word' id='word_1_538' title='bbox 3485 1729 3503 1734; x_wconf 92' lang='grc'>⁷</span> <span class='ocrx_word' id='word_1_539' title='bbox 3649 1729 3667 1733; x_wconf 90' lang='grc'>⁷</span> <span class='ocrx_word' id='word_1_540' title='bbox 3686 1729 3780 1782; x_wconf 72' lang='grc'>⁷47</span> 
     </span>
    </p>
   </div>
   <div class='ocr_carea' id='block_1_79' title="bbox 2169 1792 3779 1852">
    <p class='ocr_par' dir='ltr' id='par_1_79' title="bbox 2169 1792 3779 1852">
     <span class='ocr_line' id='line_1_84' title="bbox 2169 1792 3779 1852; baseline 0.002 -12"><span class='ocrx_word' id='word_1_541' title='bbox 2169 1792 2299 1841; x_wconf 77' lang='lat' dir='ltr'><strong>CAP.</strong></span> <span class='ocrx_word' id='word_1_542' title='bbox 2331 1793 2460 1840; x_wconf 88' lang='lat' dir='ltr'><strong>XIX.</strong></span> <span class='ocrx_word' id='word_1_543' title='bbox 2491 1817 2555 1826; x_wconf 89' lang='lat'>—</span> <span class='ocrx_word' id='word_1_544' title='bbox 2586 1792 2843 1839; x_wconf 90' lang='lat' dir='ltr'>Decorum</span> <span class='ocrx_word' id='word_1_545' title='bbox 2882 1793 3144 1852; x_wconf 86' lang='lat' dir='ltr'>quomodo</span> <span class='ocrx_word' id='word_1_546' title='bbox 3180 1793 3510 1846; x_wconf 79' lang='lat' dir='ltr'>describatur</span> <span class='ocrx_word' id='word_1_547' title='bbox 3538 1795 3604 1844; x_wconf 87' lang='lat' dir='ltr'>ab</span> <span class='ocrx_word' id='word_1_548' title='bbox 3639 1794 3779 1844; x_wconf 86' lang='lat' dir='ltr'>Ora-</span> 
     </span>
    </p>
   </div>
   <div class='ocr_carea' id='block_1_80' title="bbox 2105 1854 3780 1919">
    <p class='ocr_par' dir='ltr' id='par_1_80' title="bbox 2105 1854 3780 1919">
     <span class='ocr_line' id='line_1_85' title="bbox 2105 1854 3780 1919; baseline 0.002 -17"><span class='ocrx_word' id='word_1_549' title='bbox 2105 1859 2217 1902; x_wconf 88' lang='lat' dir='ltr'>tore</span> <span class='ocrx_word' id='word_1_550' title='bbox 2237 1869 2248 1902; x_wconf 83' lang='lat'><strong>.&#39;</strong></span> <span class='ocrx_word' id='word_1_551' title='bbox 2279 1867 2345 1902; x_wconf 89' lang='lat' dir='ltr'>an</span> <span class='ocrx_word' id='word_1_552' title='bbox 2366 1859 2416 1901; x_wconf 89' lang='lat' dir='ltr'>et</span> <span class='ocrx_word' id='word_1_553' title='bbox 2437 1858 2690 1915; x_wconf 85' lang='lat' dir='ltr'>quantum</span> <span class='ocrx_word' id='word_1_554' title='bbox 2715 1854 2777 1901; x_wconf 91' lang='lat' dir='ltr'>ad</span> <span class='ocrx_word' id='word_1_555' title='bbox 2799 1854 3044 1919; x_wconf 67' lang='lat' dir='ltr'>virtutem</span> <span class='ocrx_word' id='word_1_556' title='bbox 3067 1857 3302 1904; x_wconf 90' lang='lat' dir='ltr'>conferat</span> <span class='ocrx_word' id='word_1_557' title='bbox 3326 1858 3659 1906; x_wconf 82' lang='lat' dir='ltr'>formositas:</span> <span class='ocrx_word' id='word_1_558' title='bbox 3683 1871 3780 1919; x_wconf 82' lang='lat' dir='ltr'>po-</span> 
     </span>
    </p>
   </div>
   <div class='ocr_carea' id='block_1_81' title="bbox 2106 1916 3780 1977">
    <p class='ocr_par' dir='ltr' id='par_1_81' title="bbox 2106 1916 3780 1977">
     <span class='ocr_line' id='line_1_86' title="bbox 2106 1916 3780 1977; baseline 0.002 -13"><span class='ocrx_word' id='word_1_559' title='bbox 2106 1922 2301 1964; x_wconf 87' lang='lat' dir='ltr'>stremo</span> <span class='ocrx_word' id='word_1_560' title='bbox 2332 1930 2436 1977; x_wconf 89' lang='lat' dir='ltr'>qua</span> <span class='ocrx_word' id='word_1_561' title='bbox 2467 1930 2591 1963; x_wconf 89' lang='lat' dir='ltr'>cura</span> <span class='ocrx_word' id='word_1_562' title='bbox 2629 1929 2688 1963; x_wconf 91' lang='lat' dir='ltr'>ne</span> <span class='ocrx_word' id='word_1_563' title='bbox 2725 1916 2848 1976; x_wconf 84' lang='lat' dir='ltr'>quid</span> <span class='ocrx_word' id='word_1_564' title='bbox 2883 1917 3183 1966; x_wconf 66' lang='lat' dir='ltr'>affectatum</span> <span class='ocrx_word' id='word_1_565' title='bbox 3217 1924 3308 1967; x_wconf 90' lang='lat' dir='ltr'>aut</span> <span class='ocrx_word' id='word_1_566' title='bbox 3339 1916 3703 1969; x_wconf 70' lang='lat' dir='ltr'>effeminatum</span> <span class='ocrx_word' id='word_1_567' title='bbox 3723 1919 3780 1968; x_wconf 89' lang='lat' dir='ltr'>in</span> 
     </span>
    </p>
   </div>
   <div class='ocr_carea' id='block_1_82' title="bbox 2105 1977 3780 2041">
    <p class='ocr_par' dir='ltr' id='par_1_82' title="bbox 2105 1977 3780 2041">
     <span class='ocr_line' id='line_1_87' title="bbox 2105 1977 3780 2041; baseline 0.002 -15"><span class='ocrx_word' id='word_1_568' title='bbox 2105 1980 2260 2027; x_wconf 89' lang='lat' dir='ltr'>nobis</span> <span class='ocrx_word' id='word_1_569' title='bbox 2293 1984 2558 2041; x_wconf 86' lang='lat' dir='ltr'>appareat,</span> <span class='ocrx_word' id='word_1_570' title='bbox 2594 1978 2922 2041; x_wconf 83' lang='lat' dir='ltr'>efﬁciendum</span> <span class='ocrx_word' id='word_1_571' title='bbox 2945 1977 2988 2041; x_wconf 15' lang='grc' dir='ltr'>τί</span> <span class='ocrx_word' id='word_1_572' title='bbox 3715 1980 3780 2030; x_wconf 73' lang='grc'>52</span> 
     </span>
    </p>
   </div>
   <div class='ocr_carea' id='block_1_83' title="bbox 2167 2039 3776 2106">
    <p class='ocr_par' dir='ltr' id='par_1_83' title="bbox 2167 2039 3776 2106">
     <span class='ocr_line' id='line_1_88' title="bbox 2167 2039 3776 2106; baseline 0.002 -18"><span class='ocrx_word' id='word_1_573' title='bbox 2167 2041 2296 2106; x_wconf 73' lang='lat' dir='ltr'><strong>CAP.</strong></span> <span class='ocrx_word' id='word_1_574' title='bbox 2328 2039 2434 2106; x_wconf 18' lang='lat' dir='ltr'><strong>XIX.</strong></span> <span class='ocrx_word' id='word_1_575' title='bbox 2465 2067 2528 2106; x_wconf 93' lang='lat'>—_-</span> <span class='ocrx_word' id='word_1_576' title='bbox 2553 2039 2634 2087; x_wconf 89' lang='lat' dir='ltr'>Ad</span> <span class='ocrx_word' id='word_1_577' title='bbox 2665 2040 3079 2106; x_wconf 83' lang='lat' dir='ltr'>conservandam</span> <span class='ocrx_word' id='word_1_578' title='bbox 3113 2043 3482 2106; x_wconf 87' lang='lat' dir='ltr'>verecundiam</span> <span class='ocrx_word' id='word_1_579' title='bbox 3516 2044 3776 2106; x_wconf 87' lang='lat' dir='ltr'>intempe-</span> 
     </span>
    </p>
   </div>
   <div class='ocr_carea' id='block_1_84' title="bbox 2103 2103 3775 2161">
    <p class='ocr_par' dir='ltr' id='par_1_84' title="bbox 2103 2103 3775 2161">
     <span class='ocr_line' id='line_1_89' title="bbox 2103 2103 3775 2161; baseline 0.003 -11"><span class='ocrx_word' id='word_1_580' title='bbox 2103 2105 2328 2151; x_wconf 88' lang='lat' dir='ltr'>rantium</span> <span class='ocrx_word' id='word_1_581' title='bbox 2371 2104 2637 2149; x_wconf 88' lang='lat' dir='ltr'>hominum</span> <span class='ocrx_word' id='word_1_582' title='bbox 2675 2103 2956 2157; x_wconf 86' lang='lat' dir='ltr'>consortia,</span> <span class='ocrx_word' id='word_1_583' title='bbox 3001 2105 3244 2152; x_wconf 85' lang='lat' dir='ltr'>convivia</span> <span class='ocrx_word' id='word_1_584' title='bbox 3284 2103 3775 2161; x_wconf 47' lang='lat' dir='ltr'>extraneorumfac</span> 
     </span>
    </p>
   </div>
   <div class='ocr_carea' id='block_1_85' title="bbox 2103 2164 3776 2216">
    <p class='ocr_par' dir='ltr' id='par_1_85' title="bbox 2103 2164 3776 2216">
     <span class='ocr_line' id='line_1_90' title="bbox 2103 2164 3776 2216; baseline 0.002 -3"><span class='ocrx_word' id='word_1_585' title='bbox 2103 2164 2379 2213; x_wconf 88' lang='lat' dir='ltr'>mulierum</span> <span class='ocrx_word' id='word_1_586' title='bbox 2420 2165 2733 2212; x_wconf 87' lang='lat' dir='ltr'>commercia</span> <span class='ocrx_word' id='word_1_587' title='bbox 2764 2165 3006 2212; x_wconf 82' lang='lat' dir='ltr'>vitanda:</span> <span class='ocrx_word' id='word_1_588' title='bbox 3041 2166 3131 2211; x_wconf 84' lang='lat' dir='ltr'>scd</span> <span class='ocrx_word' id='word_1_589' title='bbox 3167 2169 3331 2214; x_wconf 89' lang='lat' dir='ltr'>otium</span> <span class='ocrx_word' id='word_1_590' title='bbox 3362 2175 3603 2216; x_wconf 89' lang='lat' dir='ltr'>nostrum</span> <span class='ocrx_word' id='word_1_591' title='bbox 3635 2169 3776 2216; x_wconf 88' lang='lat' dir='ltr'>domi</span> 
     </span>
    </p>
   </div>
   <div class='ocr_carea' id='block_1_86' title="bbox 2103 2225 3778 2287">
    <p class='ocr_par' dir='ltr' id='par_1_86' title="bbox 2103 2225 3778 2287">
     <span class='ocr_line' id='line_1_91' title="bbox 2103 2225 3778 2287; baseline 0.002 -13"><span class='ocrx_word' id='word_1_592' title='bbox 2103 2227 2155 2274; x_wconf 87' lang='lat' dir='ltr'>in</span> <span class='ocrx_word' id='word_1_593' title='bbox 2187 2228 2286 2287; x_wconf 89' lang='lat' dir='ltr'>piis</span> <span class='ocrx_word' id='word_1_594' title='bbox 2317 2227 2658 2287; x_wconf 82' lang='lat' dir='ltr'>honestisque</span> <span class='ocrx_word' id='word_1_595' title='bbox 2689 2226 2880 2272; x_wconf 84' lang='lat' dir='ltr'>studiis</span> <span class='ocrx_word' id='word_1_596' title='bbox 2909 2225 3295 2282; x_wconf 82' lang='lat' dir='ltr'>insumendum.</span> <span class='ocrx_word' id='word_1_597' title='bbox 3713 2229 3778 2279; x_wconf 83' lang='lat'><strong>53</strong></span> 
     </span>
    </p>
   </div>
   <div class='ocr_carea' id='block_1_87' title="bbox 2212 2283 3778 2353">
    <p class='ocr_par' dir='ltr' id='par_1_87' title="bbox 2212 2283 3778 2353">
     <span class='ocr_line' id='line_1_92' title="bbox 2212 2283 3778 2353; baseline 0.003 -17"><span class='ocrx_word' id='word_1_598' title='bbox 2212 2303 2297 2336; x_wconf 78' lang='lat' dir='ltr'>Ar.</span> <span class='ocrx_word' id='word_1_599' title='bbox 2323 2289 2452 2353; x_wconf 85' lang='lat' dir='ltr'><strong>XXI.</strong></span> <span class='ocrx_word' id='word_1_600' title='bbox 2475 2313 2539 2322; x_wconf 93' lang='lat'><strong>—</strong></span> <span class='ocrx_word' id='word_1_601' title='bbox 2560 2283 2883 2353; x_wconf 72' lang='lat' dir='ltr'>iracundiam</span> <span class='ocrx_word' id='word_1_602' title='bbox 2909 2289 3216 2353; x_wconf 88' lang='lat' dir='ltr'>priusquam</span> <span class='ocrx_word' id='word_1_603' title='bbox 3239 2289 3455 2348; x_wconf 88' lang='lat' dir='ltr'>oriatur,</span> <span class='ocrx_word' id='word_1_604' title='bbox 3477 2304 3778 2353; x_wconf 62' lang='lat' dir='ltr'>praecaven-</span> 
     </span>
    </p>
   </div>
   <div class='ocr_carea' id='block_1_88' title="bbox 2105 2349 3772 2415">
    <p class='ocr_par' dir='ltr' id='par_1_88' title="bbox 2105 2349 3772 2415">
     <span class='ocr_line' id='line_1_93' title="bbox 2105 2349 3772 2415; baseline 0.003 -17"><span class='ocrx_word' id='word_1_605' title='bbox 2105 2349 2334 2415; x_wconf 7' lang='lat' dir='ltr'>damp;psi</span> <span class='ocrx_word' id='word_1_606' title='bbox 2364 2351 2550 2415; x_wconf 83' lang='lat' dir='ltr'>oborta</span> <span class='ocrx_word' id='word_1_607' title='bbox 2583 2351 2754 2415; x_wconf 82' lang='lat' dir='ltr'>fuerit,</span> <span class='ocrx_word' id='word_1_608' title='bbox 2792 2351 3174 2415; x_wconf 77' lang='lat' dir='ltr'>reprimendam</span> <span class='ocrx_word' id='word_1_609' title='bbox 3209 2365 3272 2415; x_wconf 85' lang='lat' dir='ltr'>ac</span> <span class='ocrx_word' id='word_1_610' title='bbox 3304 2349 3679 2415; x_wconf 71' lang='lat' dir='ltr'>mitigandam;</span> <span class='ocrx_word' id='word_1_611' title='bbox 3723 2353 3772 2404; x_wconf 90' lang='lat' dir='ltr'>si</span> 
     </span>
    </p>
   </div>
   <div class='ocr_carea' id='block_1_89' title="bbox 2105 2411 3779 2475">
    <p class='ocr_par' dir='ltr' id='par_1_89' title="bbox 2105 2411 3779 2475">
     <span class='ocr_line' id='line_1_94' title="bbox 2105 2411 3779 2475; baseline 0.003 -15"><span class='ocrx_word' id='word_1_612' title='bbox 2105 2427 2197 2460; x_wconf 91' lang='lat' dir='ltr'>nec</span> <span class='ocrx_word' id='word_1_613' title='bbox 2228 2413 2276 2460; x_wconf 83' lang='lat' dir='ltr'>id</span> <span class='ocrx_word' id='word_1_614' title='bbox 2309 2414 2522 2474; x_wconf 79' lang='lat' dir='ltr'>assequi</span> <span class='ocrx_word' id='word_1_615' title='bbox 2544 2411 2883 2475; x_wconf 82' lang='lat' dir='ltr'>valuerimus,</span> <span class='ocrx_word' id='word_1_616' title='bbox 2907 2411 3138 2475; x_wconf 79' lang='lat' dir='ltr'>linguam</span> <span class='ocrx_word' id='word_1_617' title='bbox 3160 2412 3344 2462; x_wconf 85' lang='lat' dir='ltr'>saltem</span> <span class='ocrx_word' id='word_1_618' title='bbox 3363 2427 3393 2463; x_wconf 88' lang='lat' dir='ltr'>a</span> <span class='ocrx_word' id='word_1_619' title='bbox 3415 2411 3675 2464; x_wconf 69' lang='lat' dir='ltr'>conviciis</span> <span class='ocrx_word' id='word_1_620' title='bbox 3690 2429 3779 2465; x_wconf 86' lang='lat' dir='ltr'>co-</span> 
     </span>
    </p>
   </div>
   <div class='ocr_carea' id='block_1_90' title="bbox 2103 2474 3777 2537">
    <p class='ocr_par' dir='ltr' id='par_1_90' title="bbox 2103 2474 3777 2537">
     <span class='ocr_line' id='line_1_95' title="bbox 2103 2474 3777 2537; baseline 0.004 -15"><span class='ocrx_word' id='word_1_621' title='bbox 2103 2475 2408 2528; x_wconf 88' lang='lat' dir='ltr'>ercendam:</span> <span class='ocrx_word' id='word_1_622' title='bbox 2441 2481 2494 2523; x_wconf 93' lang='lat' dir='ltr'>ut</span> <span class='ocrx_word' id='word_1_623' title='bbox 2522 2474 2630 2522; x_wconf 88' lang='lat' dir='ltr'>sint</span> <span class='ocrx_word' id='word_1_624' title='bbox 2661 2480 2833 2522; x_wconf 89' lang='lat' dir='ltr'>molus</span> <span class='ocrx_word' id='word_1_625' title='bbox 2864 2474 3032 2522; x_wconf 82' lang='lat' dir='ltr'>nostri</span> <span class='ocrx_word' id='word_1_626' title='bbox 3057 2475 3334 2537; x_wconf 89' lang='lat' dir='ltr'>puerilium</span> <span class='ocrx_word' id='word_1_627' title='bbox 3363 2479 3777 2528; x_wconf 87' lang='lat' dir='ltr'>commotionum</span> 
     </span>
    </p>
   </div>
   <div class='ocr_carea' id='block_1_91' title="bbox 2102 2537 3778 2603">
    <p class='ocr_par' dir='ltr' id='par_1_91' title="bbox 2102 2537 3778 2603">
     <span class='ocr_line' id='line_1_96' title="bbox 2102 2537 3778 2603; baseline 0.004 -19"><span class='ocrx_word' id='word_1_628' title='bbox 2102 2537 2316 2603; x_wconf 76' lang='lat' dir='ltr'>similes.</span> <span class='ocrx_word' id='word_1_629' title='bbox 2333 2537 2547 2603; x_wconf 76' lang='lat' dir='ltr'>Dictum</span> <span class='ocrx_word' id='word_1_630' title='bbox 2569 2537 2815 2603; x_wconf 66' lang='lat' dir='ltr'>Archyta:</span> <span class='ocrx_word' id='word_1_631' title='bbox 2837 2542 3170 2603; x_wconf 78' lang='lat' dir='ltr'>memoratur,</span> <span class='ocrx_word' id='word_1_632' title='bbox 3195 2538 3598 2603; x_wconf 79' lang='lat' dir='ltr'>ostenditurun</span> <span class='ocrx_word' id='word_1_633' title='bbox 3620 2541 3778 2603; x_wconf 52' lang='lat' dir='ltr'>Davie</span> 
     </span>
    </p>
   </div>
   <div class='ocr_carea' id='block_1_92' title="bbox 2099 2599 3778 2663">
    <p class='ocr_par' dir='ltr' id='par_1_92' title="bbox 2099 2599 3778 2663">
     <span class='ocr_line' id='line_1_97' title="bbox 2099 2599 3778 2663; baseline 0.004 -17"><span class='ocrx_word' id='word_1_634' title='bbox 2099 2599 2214 2663; x_wconf 83' lang='lat' dir='ltr'>dem</span> <span class='ocrx_word' id='word_1_635' title='bbox 2246 2600 2344 2662; x_wconf 87' lang='lat' dir='ltr'>ipsi</span> <span class='ocrx_word' id='word_1_636' title='bbox 2363 2601 2475 2663; x_wconf 86' lang='lat' dir='ltr'>hac</span> <span class='ocrx_word' id='word_1_637' title='bbox 2502 2600 2554 2647; x_wconf 90' lang='lat' dir='ltr'>in</span> <span class='ocrx_word' id='word_1_638' title='bbox 2585 2612 2641 2647; x_wconf 91' lang='lat' dir='ltr'>re</span> <span class='ocrx_word' id='word_1_639' title='bbox 2669 2600 2821 2646; x_wconf 87' lang='lat' dir='ltr'>factis</span> <span class='ocrx_word' id='word_1_640' title='bbox 2842 2605 2899 2663; x_wconf 90' lang='lat' dir='ltr'>_et</span> <span class='ocrx_word' id='word_1_641' title='bbox 2927 2599 3146 2661; x_wconf 90' lang='lat' dir='ltr'>scriptis</span> <span class='ocrx_word' id='word_1_642' title='bbox 3173 2601 3469 2663; x_wconf 66' lang='lat' dir='ltr'>praeivisse.</span> <span class='ocrx_word' id='word_1_643' title='bbox 3509 2599 3528 2603; x_wconf 91' lang='grc'>⁷</span> <span class='ocrx_word' id='word_1_644' title='bbox 3711 2602 3778 2653; x_wconf 72' lang='grc'>54</span> 
     </span>
    </p>
   </div>
   <div class='ocr_carea' id='block_1_93' title="bbox 2161 2661 3775 2728">
    <p class='ocr_par' dir='ltr' id='par_1_93' title="bbox 2161 2661 3775 2728">
     <span class='ocr_line' id='line_1_98' title="bbox 2161 2661 3775 2728; baseline 0.003 -18"><span class='ocrx_word' id='word_1_645' title='bbox 2161 2661 2291 2710; x_wconf 72' lang='lat' dir='ltr'><strong>CAP.</strong></span> <span class='ocrx_word' id='word_1_646' title='bbox 2328 2662 2484 2709; x_wconf 85' lang='lat' dir='ltr'><strong>XXII.</strong></span> <span class='ocrx_word' id='word_1_647' title='bbox 2525 2688 2589 2728; x_wconf 89' lang='lat'>_—</span> <span class='ocrx_word' id='word_1_648' title='bbox 2621 2663 2699 2728; x_wconf 86' lang='lat' dir='ltr'>_De</span> <span class='ocrx_word' id='word_1_649' title='bbox 2735 2661 3271 2728; x_wconf 51' lang='lat' dir='ltr'>cogitationibusfet</span> <span class='ocrx_word' id='word_1_650' title='bbox 3281 2665 3558 2728; x_wconf 81' lang='lat' dir='ltr'>appetitu:</span> <span class='ocrx_word' id='word_1_651' title='bbox 3602 2664 3775 2728; x_wconf 85' lang='lat' dir='ltr'>deque</span> 
     </span>
    </p>
   </div>
   <div class='ocr_carea' id='block_1_94' title="bbox 2099 2723 3770 2839">
    <p class='ocr_par' dir='ltr' id='par_1_94' title="bbox 2099 2723 3770 2839">
     <span class='ocr_line' id='line_1_99' title="bbox 2099 2723 3770 2839; baseline 0.002 -67"><span class='ocrx_word' id='word_1_652' title='bbox 2099 2723 2289 2834; x_wconf 59' lang='lat' dir='ltr'>decc:er</span> <span class='ocrx_word' id='word_1_653' title='bbox 2319 2725 2580 2773; x_wconf 88' lang='lat' dir='ltr'>sermonis</span> <span class='ocrx_word' id='word_1_654' title='bbox 2617 2723 2671 2772; x_wconf 92' lang='lat' dir='ltr'>in</span> <span class='ocrx_word' id='word_1_655' title='bbox 2699 2723 3115 2773; x_wconf 86' lang='lat' dir='ltr'>confabulatione</span> <span class='ocrx_word' id='word_1_656' title='bbox 3142 2738 3205 2774; x_wconf 90' lang='lat' dir='ltr'>ac</span> <span class='ocrx_word' id='word_1_657' title='bbox 3241 2723 3620 2789; x_wconf 68' lang='lat' dir='ltr'>disceptatione</span> <span class='ocrx_word' id='word_1_658' title='bbox 3647 2723 3770 2839; x_wconf 59' lang='grc' dir='ltr'>86ἓᾶ</span> 
     </span>
     <span class='ocr_line' id='line_1_100' title="bbox 2099 2799 2288 2835; baseline 0 -1"><span class='ocrx_word' id='word_1_659' title='bbox 2099 2799 2198 2835; x_wconf 91' lang='lat' dir='ltr'>van</span> <span class='ocrx_word' id='word_1_660' title='bbox 2241 2800 2288 2834; x_wconf 90' lang='grc' dir='ltr'>ο.</span> 
     </span>
    </p>
   </div>
   <div class='ocr_carea' id='block_1_95' title="bbox 2097 2791 3736 2839">
    <p class='ocr_par' dir='ltr' id='par_1_95' title="bbox 2097 2791 3736 2839">
     <span class='ocr_line' id='line_1_101' title="bbox 2097 2791 3736 2839; baseline 0.003 -5"><span class='ocrx_word' id='word_1_661' title='bbox 2097 2791 2288 2835; x_wconf 91' lang='lat' dir='ltr'>vando.</span> <span class='ocrx_word' id='word_1_662' title='bbox 3705 2791 3736 2839; x_wconf 82' lang='grc'><strong>5</strong></span> 
     </span>
    </p>
   </div>
   <div class='ocr_carea' id='block_1_96' title="bbox 2158 2848 3764 2912">
    <p class='ocr_par' dir='ltr' id='par_1_96' title="bbox 2158 2848 3764 2912">
     <span class='ocr_line' id='line_1_102' title="bbox 2158 2848 3764 2912; baseline 0.002 -14"><span class='ocrx_word' id='word_1_663' title='bbox 2158 2851 2286 2898; x_wconf 77' lang='lat' dir='ltr'><strong>CAP.</strong></span> <span class='ocrx_word' id='word_1_664' title='bbox 2330 2848 2509 2912; x_wconf 83' lang='lat' dir='ltr'><strong>XXIII.</strong></span> <span class='ocrx_word' id='word_1_665' title='bbox 2546 2875 2610 2884; x_wconf 91' lang='lat'><strong><em>—</em></strong></span> <span class='ocrx_word' id='word_1_666' title='bbox 2644 2848 2806 2897; x_wconf 82' lang='lat' dir='ltr'>Jocos</span> <span class='ocrx_word' id='word_1_667' title='bbox 2847 2849 2946 2897; x_wconf 85' lang='lat' dir='ltr'>etsi</span> <span class='ocrx_word' id='word_1_668' title='bbox 2985 2862 3358 2912; x_wconf 87' lang='lat' dir='ltr'>nonnunquam</span> <span class='ocrx_word' id='word_1_669' title='bbox 3399 2851 3606 2908; x_wconf 84' lang='lat' dir='ltr'>honesti</span> <span class='ocrx_word' id='word_1_670' title='bbox 3641 2853 3764 2911; x_wconf 89' lang='lat' dir='ltr'>sint,</span> 
     </span>
    </p>
   </div>
   <div class='ocr_carea' id='block_1_97' title="bbox 2096 2911 3764 2975">
    <p class='ocr_par' dir='ltr' id='par_1_97' title="bbox 2096 2911 3764 2975">
     <span class='ocr_line' id='line_1_103' title="bbox 2096 2911 3764 2975; baseline 0.004 -17"><span class='ocrx_word' id='word_1_671' title='bbox 2096 2915 2263 2958; x_wconf 89' lang='lat' dir='ltr'>tamen</span> <span class='ocrx_word' id='word_1_672' title='bbox 2290 2912 2340 2958; x_wconf 91' lang='lat' dir='ltr'>in</span> <span class='ocrx_word' id='word_1_673' title='bbox 2376 2911 2748 2959; x_wconf 88' lang='lat' dir='ltr'>ecclesiasticis</span> <span class='ocrx_word' id='word_1_674' title='bbox 2785 2913 2918 2959; x_wconf 89' lang='lat' dir='ltr'>viris</span> <span class='ocrx_word' id='word_1_675' title='bbox 2952 2914 3163 2961; x_wconf 88' lang='lat' dir='ltr'>omnino</span> <span class='ocrx_word' id='word_1_676' title='bbox 3198 2911 3625 2975; x_wconf 79' lang='lat' dir='ltr'>proscribendos,</span> <span class='ocrx_word' id='word_1_677' title='bbox 3663 2929 3764 2964; x_wconf 88' lang='lat' dir='ltr'>vo-</span> 
     </span>
    </p>
   </div>
   <div class='ocr_carea' id='block_1_98' title="bbox 2095 2975 3768 3037">
    <p class='ocr_par' dir='ltr' id='par_1_98' title="bbox 2095 2975 3768 3037">
     <span class='ocr_line' id='line_1_104' title="bbox 2095 2975 3768 3037; baseline 0.004 -17"><span class='ocrx_word' id='word_1_678' title='bbox 2095 2986 2209 3037; x_wconf 82' lang='lat' dir='ltr'>cem</span> <span class='ocrx_word' id='word_1_679' title='bbox 2235 2978 2410 3021; x_wconf 86' lang='lat' dir='ltr'>autem</span> <span class='ocrx_word' id='word_1_680' title='bbox 2441 2987 2620 3037; x_wconf 84' lang='lat' dir='ltr'>puram</span> <span class='ocrx_word' id='word_1_681' title='bbox 2647 2987 2707 3022; x_wconf 92' lang='lat' dir='ltr'>ac</span> <span class='ocrx_word' id='word_1_682' title='bbox 2739 2975 3024 3035; x_wconf 79' lang='lat' dir='ltr'>simplicem</span> <span class='ocrx_word' id='word_1_683' title='bbox 3053 2989 3171 3023; x_wconf 88' lang='lat' dir='ltr'>esse</span> <span class='ocrx_word' id='word_1_684' title='bbox 3202 2981 3459 3037; x_wconf 90' lang='lat' dir='ltr'>oportere.</span> <span class='ocrx_word' id='word_1_685' title='bbox 3701 2976 3768 3026; x_wconf 88' lang='grc'>58</span> 
     </span>
    </p>
   </div>
   <div class='ocr_carea' id='block_1_99' title="bbox 2158 2989 3768 3099">
    <p class='ocr_par' dir='ltr' id='par_1_99' title="bbox 2158 2989 3768 3099">
     <span class='ocr_line' id='line_1_105' title="bbox 2159 2989 3768 3082; baseline 0.004 -62"><span class='ocrx_word' id='word_1_686' title='bbox 2159 2989 2209 3021; x_wconf 88' lang='lat' dir='ltr'>m</span> <span class='ocrx_word' id='word_1_687' title='bbox 2235 2989 2410 3021; x_wconf 72' lang='lat' dir='ltr'>illlle</span> <span class='ocrx_word' id='word_1_688' title='bbox 2438 2989 2620 3082; x_wconf 46' lang='lat' dir='ltr'>p’uram</span> <span class='ocrx_word' id='word_1_689' title='bbox 2647 2989 2707 3022; x_wconf 88' lang='lat' dir='ltr'>ac</span> <span class='ocrx_word' id='word_1_690' title='bbox 2739 2989 3024 3035; x_wconf 78' lang='lat' dir='ltr'>sunpucetn</span> <span class='ocrx_word' id='word_1_691' title='bbox 3053 2989 3171 3023; x_wconf 88' lang='lat' dir='ltr'>esse</span> <span class='ocrx_word' id='word_1_692' title='bbox 3202 2989 3459 3037; x_wconf 86' lang='lat' dir='ltr'>oportere.</span> <span class='ocrx_word' id='word_1_693' title='bbox 3701 2989 3768 3026; x_wconf 77' lang='grc' dir='ltr'>οδ</span> 
     </span>
     <span class='ocr_line' id='line_1_106' title="bbox 2158 3035 3768 3099; baseline 0.002 -15"><span class='ocrx_word' id='word_1_694' title='bbox 2158 3035 2288 3084; x_wconf 80' lang='lat' dir='ltr'><strong>CAP.</strong></span> <span class='ocrx_word' id='word_1_695' title='bbox 2321 3037 2430 3083; x_wconf 83' lang='lat' dir='ltr'>XXI</span> <span class='ocrx_word' id='word_1_696' title='bbox 2489 3071 2500 3082; x_wconf 95' lang='lat'>.</span> <span class='ocrx_word' id='word_1_697' title='bbox 2531 3063 2594 3070; x_wconf 98' lang='lat'>—</span> <span class='ocrx_word' id='word_1_698' title='bbox 2622 3036 2743 3084; x_wconf 87' lang='lat' dir='ltr'>Tria</span> <span class='ocrx_word' id='word_1_699' title='bbox 2774 3038 2825 3085; x_wconf 91' lang='lat' dir='ltr'>in</span> <span class='ocrx_word' id='word_1_700' title='bbox 2854 3038 2974 3084; x_wconf 79' lang='lat' dir='ltr'>vita:</span> <span class='ocrx_word' id='word_1_701' title='bbox 3005 3039 3209 3086; x_wconf 91' lang='lat' dir='ltr'>actibus</span> <span class='ocrx_word' id='word_1_702' title='bbox 3237 3038 3586 3099; x_wconf 87' lang='lat' dir='ltr'>observanda,</span> <span class='ocrx_word' id='word_1_703' title='bbox 3613 3039 3768 3087; x_wconf 89' lang='lat' dir='ltr'>nimi-</span> 
     </span>
    </p>
   </div>
   <div class='ocr_carea' id='block_1_100' title="bbox 2095 3099 3766 3162">
    <p class='ocr_par' dir='ltr' id='par_1_100' title="bbox 2095 3099 3766 3162">
     <span class='ocr_line' id='line_1_107' title="bbox 2095 3099 3766 3162; baseline 0.004 -18"><span class='ocrx_word' id='word_1_704' title='bbox 2095 3111 2208 3144; x_wconf 89' lang='lat' dir='ltr'>rum</span> <span class='ocrx_word' id='word_1_705' title='bbox 2242 3103 2294 3145; x_wconf 88' lang='lat' dir='ltr'>ut</span> <span class='ocrx_word' id='word_1_706' title='bbox 2326 3100 2511 3162; x_wconf 82' lang='lat' dir='ltr'>rationi</span> <span class='ocrx_word' id='word_1_707' title='bbox 2547 3100 2808 3162; x_wconf 86' lang='lat' dir='ltr'>appetitus</span> <span class='ocrx_word' id='word_1_708' title='bbox 2851 3099 3182 3159; x_wconf 80' lang='lat' dir='ltr'>subjiciatur,</span> <span class='ocrx_word' id='word_1_709' title='bbox 3213 3105 3270 3146; x_wconf 91' lang='lat' dir='ltr'>ut</span> <span class='ocrx_word' id='word_1_710' title='bbox 3306 3100 3359 3148; x_wconf 90' lang='lat' dir='ltr'>in</span> <span class='ocrx_word' id='word_1_711' title='bbox 3389 3101 3582 3149; x_wconf 88' lang='lat' dir='ltr'>studiis</span> <span class='ocrx_word' id='word_1_712' title='bbox 3613 3101 3766 3162; x_wconf 85' lang='lat' dir='ltr'>justa</span> 
     </span>
    </p>
   </div>
   <div class='ocr_carea' id='block_1_101' title="bbox 2095 3159 3761 3224">
    <p class='ocr_par' dir='ltr' id='par_1_101' title="bbox 2095 3159 3761 3224">
     <span class='ocr_line' id='line_1_108' title="bbox 2095 3159 3761 3224; baseline 0.002 -17"><span class='ocrx_word' id='word_1_713' title='bbox 2095 3166 2334 3224; x_wconf 76' lang='lat' dir='ltr'>servetur</span> <span class='ocrx_word' id='word_1_714' title='bbox 2363 3159 2665 3213; x_wconf 83' lang='lat' dir='ltr'>moderatio.</span> <span class='ocrx_word' id='word_1_715' title='bbox 2693 3161 2918 3224; x_wconf 85' lang='lat' dir='ltr'>denique</span> <span class='ocrx_word' id='word_1_716' title='bbox 2947 3166 3004 3208; x_wconf 91' lang='lat' dir='ltr'>ut</span> <span class='ocrx_word' id='word_1_717' title='bbox 3022 3174 3130 3224; x_wconf 82' lang='lat' dir='ltr'>suo</span> <span class='ocrx_word' id='word_1_718' title='bbox 3164 3174 3386 3224; x_wconf 71' lang='lat' dir='ltr'>qumque</span> <span class='ocrx_word' id='word_1_719' title='bbox 3408 3159 3650 3224; x_wconf 67' lang='lat' dir='ltr'>tempore</span> <span class='ocrx_word' id='word_1_720' title='bbox 3676 3168 3761 3212; x_wconf 87' lang='lat' dir='ltr'>at-</span> 
     </span>
    </p>
   </div>
   <div class='ocr_carea' id='block_1_102' title="bbox 2093 3222 3766 3285">
    <p class='ocr_par' dir='ltr' id='par_1_102' title="bbox 2093 3222 3766 3285">
     <span class='ocr_line' id='line_1_109' title="bbox 2093 3222 3766 3285; baseline 0.002 -15"><span class='ocrx_word' id='word_1_721' title='bbox 2093 3235 2193 3282; x_wconf 89' lang='lat' dir='ltr'>que</span> <span class='ocrx_word' id='word_1_722' title='bbox 2224 3223 2406 3285; x_wconf 89' lang='lat' dir='ltr'>ordine</span> <span class='ocrx_word' id='word_1_723' title='bbox 2433 3227 2702 3285; x_wconf 77' lang='lat' dir='ltr'>gerantur.</span> <span class='ocrx_word' id='word_1_724' title='bbox 2738 3222 2864 3285; x_wconf 64' lang='lat' dir='ltr'>Qua;</span> <span class='ocrx_word' id='word_1_725' title='bbox 2893 3223 3066 3271; x_wconf 88' lang='lat' dir='ltr'>omnia</span> <span class='ocrx_word' id='word_1_726' title='bbox 3095 3224 3147 3270; x_wconf 90' lang='lat' dir='ltr'>in</span> <span class='ocrx_word' id='word_1_727' title='bbox 3177 3223 3379 3272; x_wconf 86' lang='lat' dir='ltr'>sanctis</span> <span class='ocrx_word' id='word_1_728' title='bbox 3407 3222 3617 3273; x_wconf 81' lang='lat' dir='ltr'>Veteris</span> <span class='ocrx_word' id='word_1_729' title='bbox 3638 3225 3766 3273; x_wconf 87' lang='lat' dir='ltr'>Tes-</span> 
     </span>
    </p>
   </div>
   <div class='ocr_carea' id='block_1_103' title="bbox 2093 3283 3762 3347">
    <p class='ocr_par' dir='ltr' id='par_1_103' title="bbox 2093 3283 3762 3347">
     <span class='ocr_line' id='line_1_110' title="bbox 2093 3283 3762 3347; baseline 0.003 -17"><span class='ocrx_word' id='word_1_730' title='bbox 2093 3283 2320 3347; x_wconf 77' lang='lat' dir='ltr'>tamenti</span> <span class='ocrx_word' id='word_1_731' title='bbox 2341 3283 2474 3332; x_wconf 75' lang='lat' dir='ltr'>viris</span> <span class='ocrx_word' id='word_1_732' title='bbox 2510 3285 2639 3333; x_wconf 88' lang='lat' dir='ltr'>adeo</span> <span class='ocrx_word' id='word_1_733' title='bbox 2677 3283 3067 3347; x_wconf 67' lang='lat' dir='ltr'>praefulserunt,</span> <span class='ocrx_word' id='word_1_734' title='bbox 3097 3290 3154 3333; x_wconf 90' lang='lat' dir='ltr'>ut</span> <span class='ocrx_word' id='word_1_735' title='bbox 3190 3285 3522 3334; x_wconf 84' lang='lat' dir='ltr'>manifestum</span> <span class='ocrx_word' id='word_1_736' title='bbox 3565 3287 3634 3335; x_wconf 90' lang='lat' dir='ltr'>sit</span> <span class='ocrx_word' id='word_1_737' title='bbox 3669 3301 3762 3336; x_wconf 88' lang='lat' dir='ltr'>eos</span> 
     </span>
    </p>
   </div>
   <div class='ocr_carea' id='block_1_104' title="bbox 2093 3344 3764 3460">
    <p class='ocr_par' dir='ltr' id='par_1_104' title="bbox 2093 3344 3764 3460">
     <span class='ocr_line' id='line_1_111' title="bbox 2093 3344 3764 3460; baseline 0.002 -66"><span class='ocrx_word' id='word_1_738' title='bbox 2093 3344 2466 3455; x_wconf 57' lang='lat' dir='ltr'>pardinalibus,</span> <span class='ocrx_word' id='word_1_739' title='bbox 2507 3359 2640 3409; x_wconf 90' lang='lat' dir='ltr'>quas</span> <span class='ocrx_word' id='word_1_740' title='bbox 2677 3344 2884 3405; x_wconf 76' lang='lat' dir='ltr'>vocant,</span> <span class='ocrx_word' id='word_1_741' title='bbox 2919 3347 3204 3396; x_wconf 85' lang='lat' dir='ltr'>virtutibus</span> <span class='ocrx_word' id='word_1_742' title='bbox 3233 3347 3443 3411; x_wconf 78' lang='lat' dir='ltr'>egregie</span> <span class='ocrx_word' id='word_1_743' title='bbox 3469 3348 3764 3460; x_wconf 66' lang='lat' dir='ltr'>instructg;</span> 
     </span>
     <span class='ocr_line' id='line_1_112' title="bbox 2117 3423 2277 3457; baseline -0.006 0"><span class='ocrx_word' id='word_1_744' title='bbox 2117 3423 2277 3457; x_wconf 80' lang='lat' dir='ltr'>uisse.</span> 
     </span>
    </p>
   </div>
   <div class='ocr_carea' id='block_1_105' title="bbox 2117 3423 2277 3457">
    <p class='ocr_par' dir='ltr' id='par_1_105' title="bbox 2117 3423 2277 3457">
     <span class='ocr_line' id='line_1_113' title="bbox 2117 3423 2277 3457; baseline -0.006 0"><span class='ocrx_word' id='word_1_745' title='bbox 2117 3423 2277 3457; x_wconf 69' lang='lat'>01868.</span> 
     </span>
    </p>
   </div>
   <div class='ocr_carea' id='block_1_106' title="bbox 2155 3471 3758 3534">
    <p class='ocr_par' dir='ltr' id='par_1_106' title="bbox 2155 3471 3758 3534">
     <span class='ocr_line' id='line_1_114' title="bbox 2155 3471 3758 3534; baseline 0.001 -14"><span class='ocrx_word' id='word_1_746' title='bbox 2155 3471 2284 3520; x_wconf 73' lang='lat' dir='ltr'><strong>CAP.</strong></span> <span class='ocrx_word' id='word_1_747' title='bbox 2312 3471 2464 3519; x_wconf 90' lang='lat' dir='ltr'><strong>XXV.</strong></span> <span class='ocrx_word' id='word_1_748' title='bbox 2493 3497 2557 3506; x_wconf 91' lang='lat'><strong>—</strong></span> <span class='ocrx_word' id='word_1_749' title='bbox 2586 3472 2839 3534; x_wconf 83' lang='lat' dir='ltr'>Exposito</span> <span class='ocrx_word' id='word_1_750' title='bbox 2880 3484 2975 3520; x_wconf 86' lang='lat' dir='ltr'>cur</span> <span class='ocrx_word' id='word_1_751' title='bbox 3005 3471 3222 3520; x_wconf 88' lang='lat' dir='ltr'>ductum</span> <span class='ocrx_word' id='word_1_752' title='bbox 3257 3483 3362 3521; x_wconf 92' lang='lat' dir='ltr'>non</span> <span class='ocrx_word' id='word_1_753' title='bbox 3391 3472 3550 3521; x_wconf 87' lang='lat' dir='ltr'>fuerit</span> <span class='ocrx_word' id='word_1_754' title='bbox 3588 3485 3618 3521; x_wconf 88' lang='lat' dir='ltr'>a</span> <span class='ocrx_word' id='word_1_755' title='bbox 3647 3487 3758 3522; x_wconf 88' lang='lat' dir='ltr'>me-</span> 
     </span>
    </p>
   </div>
   <div class='ocr_carea' id='block_1_107' title="bbox 2091 3533 3761 3592">
    <p class='ocr_par' dir='ltr' id='par_1_107' title="bbox 2091 3533 3761 3592">
     <span class='ocr_line' id='line_1_115' title="bbox 2091 3533 3761 3592; baseline 0.002 -12"><span class='ocrx_word' id='word_1_756' title='bbox 2091 3535 2307 3581; x_wconf 87' lang='lat' dir='ltr'>moratis</span> <span class='ocrx_word' id='word_1_757' title='bbox 2331 3533 2572 3582; x_wconf 88' lang='lat' dir='ltr'>Patribus</span> <span class='ocrx_word' id='word_1_758' title='bbox 2598 3535 2886 3592; x_wconf 83' lang='lat' dir='ltr'>exordium,</span> <span class='ocrx_word' id='word_1_759' title='bbox 2911 3534 3120 3583; x_wconf 81' lang='lat' dir='ltr'>easdem</span> <span class='ocrx_word' id='word_1_760' title='bbox 3149 3535 3203 3582; x_wconf 90' lang='lat' dir='ltr'>in</span> <span class='ocrx_word' id='word_1_761' title='bbox 3222 3534 3492 3584; x_wconf 85' lang='lat' dir='ltr'>veteribus</span> <span class='ocrx_word' id='word_1_762' title='bbox 3517 3534 3761 3585; x_wconf 87' lang='lat' dir='ltr'>Patribus</span> 
     </span>
    </p>
   </div>
   <div class='ocr_carea' id='block_1_108' title="bbox 2091 3596 3761 3658">
    <p class='ocr_par' dir='ltr' id='par_1_108' title="bbox 2091 3596 3761 3658">
     <span class='ocr_line' id='line_1_116' title="bbox 2091 3596 3761 3658; baseline 0.002 -14"><span class='ocrx_word' id='word_1_763' title='bbox 2091 3596 2358 3644; x_wconf 80' lang='lat' dir='ltr'>exstitisse</span> <span class='ocrx_word' id='word_1_764' title='bbox 2383 3597 2623 3658; x_wconf 83' lang='lat' dir='ltr'>pressius</span> <span class='ocrx_word' id='word_1_765' title='bbox 2655 3596 3060 3644; x_wconf 88' lang='lat' dir='ltr'>demonstratur.</span> <span class='ocrx_word' id='word_1_766' title='bbox 3697 3596 3761 3647; x_wconf 73' lang='lat'>62</span> 
     </span>
    </p>
   </div>
   <div class='ocr_carea' id='block_1_109' title="bbox 2153 3658 3759 3722">
    <p class='ocr_par' dir='ltr' id='par_1_109' title="bbox 2153 3658 3759 3722">
     <span class='ocr_line' id='line_1_117' title="bbox 2153 3658 3759 3722; baseline 0.002 -16"><span class='ocrx_word' id='word_1_767' title='bbox 2153 3658 2283 3706; x_wconf 80' lang='lat' dir='ltr'><strong>CAP.</strong></span> <span class='ocrx_word' id='word_1_768' title='bbox 2317 3659 2498 3706; x_wconf 80' lang='lat' dir='ltr'><strong>XXVI.</strong></span> <span class='ocrx_word' id='word_1_769' title='bbox 2531 3685 2593 3693; x_wconf 90' lang='lat'>—</span> <span class='ocrx_word' id='word_1_770' title='bbox 2623 3659 2682 3722; x_wconf 92' lang='lat' dir='ltr'>l_n</span> <span class='ocrx_word' id='word_1_771' title='bbox 2712 3658 3021 3718; x_wconf 82' lang='lat' dir='ltr'>inquirenda</span> <span class='ocrx_word' id='word_1_772' title='bbox 3049 3659 3269 3707; x_wconf 85' lang='lat' dir='ltr'>veritate</span> <span class='ocrx_word' id='word_1_773' title='bbox 3292 3663 3476 3722; x_wconf 75' lang='lat' dir='ltr'>contra</span> <span class='ocrx_word' id='word_1_774' title='bbox 3501 3673 3598 3709; x_wconf 84' lang='lat' dir='ltr'>sua</span> <span class='ocrx_word' id='word_1_775' title='bbox 3625 3674 3759 3722; x_wconf 70' lang='lat' dir='ltr'>prte-</span> 
     </span>
    </p>
   </div>
   <div class='ocr_carea' id='block_1_110' title="bbox 2090 3719 3756 3784">
    <p class='ocr_par' dir='ltr' id='par_1_110' title="bbox 2090 3719 3756 3784">
     <span class='ocr_line' id='line_1_118' title="bbox 2090 3719 3756 3784; baseline 0.001 -16"><span class='ocrx_word' id='word_1_776' title='bbox 2090 3725 2241 3781; x_wconf 89' lang='lat' dir='ltr'>cepta</span> <span class='ocrx_word' id='word_1_777' title='bbox 2272 3733 2516 3784; x_wconf 87' lang='lat' dir='ltr'>peccasse</span> <span class='ocrx_word' id='word_1_778' title='bbox 2543 3719 2912 3784; x_wconf 84' lang='lat' dir='ltr'>philosophos:</span> <span class='ocrx_word' id='word_1_779' title='bbox 2945 3722 3164 3782; x_wconf 72' lang='lat' dir='ltr'>Moysen</span> <span class='ocrx_word' id='word_1_780' title='bbox 3190 3734 3316 3769; x_wconf 91' lang='lat' dir='ltr'>vero</span> <span class='ocrx_word' id='word_1_781' title='bbox 3345 3719 3449 3784; x_wconf 88' lang='lat' dir='ltr'>illis</span> <span class='ocrx_word' id='word_1_782' title='bbox 3478 3719 3756 3784; x_wconf 81' lang='lat' dir='ltr'>sapientio-</span> 
     </span>
    </p>
   </div>
   <div class='ocr_carea' id='block_1_111' title="bbox 2092 3783 3756 3844">
    <p class='ocr_par' dir='ltr' id='par_1_111' title="bbox 2092 3783 3756 3844">
     <span class='ocr_line' id='line_1_119' title="bbox 2092 3783 3756 3844; baseline 0.002 -15"><span class='ocrx_word' id='word_1_783' title='bbox 2092 3795 2202 3830; x_wconf 88' lang='lat' dir='ltr'>rem</span> <span class='ocrx_word' id='word_1_784' title='bbox 2230 3795 2287 3830; x_wconf 90' lang='lat' dir='ltr'>se</span> <span class='ocrx_word' id='word_1_785' title='bbox 2317 3783 2624 3843; x_wconf 78' lang='lat' dir='ltr'>praebuisse.</span> <span class='ocrx_word' id='word_1_786' title='bbox 2661 3784 2736 3830; x_wconf 84' lang='lat' dir='ltr'>Eo</span> <span class='ocrx_word' id='word_1_787' title='bbox 2765 3783 2954 3844; x_wconf 85' lang='lat' dir='ltr'>majori</span> <span class='ocrx_word' id='word_1_788' title='bbox 2983 3783 3157 3832; x_wconf 85' lang='lat' dir='ltr'>studio</span> <span class='ocrx_word' id='word_1_789' title='bbox 3187 3783 3486 3832; x_wconf 88' lang='lat' dir='ltr'>enitendum</span> <span class='ocrx_word' id='word_1_790' title='bbox 3511 3783 3576 3833; x_wconf 80' lang='lat' dir='ltr'>ad</span> <span class='ocrx_word' id='word_1_791' title='bbox 3605 3799 3756 3833; x_wconf 88' lang='lat' dir='ltr'>com-</span> 
     </span>
    </p>
   </div>
   <div class='ocr_carea' id='block_1_112' title="bbox 2091 3843 3759 3953">
    <p class='ocr_par' dir='ltr' id='par_1_112' title="bbox 2091 3843 3759 3953">
     <span class='ocr_line' id='line_1_120' title="bbox 2091 3843 3759 3953; baseline 0.001 -61"><span class='ocrx_word' id='word_1_792' title='bbox 2091 3844 2367 3906; x_wconf 89' lang='lat' dir='ltr'>parandam</span> <span class='ocrx_word' id='word_1_793' title='bbox 2403 3845 2726 3905; x_wconf 88' lang='lat' dir='ltr'>sapientiam,</span> <span class='ocrx_word' id='word_1_794' title='bbox 2756 3843 2861 3906; x_wconf 84' lang='lat' dir='ltr'>quo</span> <span class='ocrx_word' id='word_1_795' title='bbox 2895 3844 3068 3953; x_wconf 64' lang='lat' dir='ltr'>major</span> <span class='ocrx_word' id='word_1_796' title='bbox 3095 3851 3177 3893; x_wconf 91' lang='lat' dir='ltr'>est</span> <span class='ocrx_word' id='word_1_797' title='bbox 3208 3846 3383 3908; x_wconf 88' lang='lat' dir='ltr'>ipsius</span> <span class='ocrx_word' id='word_1_798' title='bbox 3408 3845 3656 3910; x_wconf 75' lang='lat' dir='ltr'>dignitas,</span> <span class='ocrx_word' id='word_1_799' title='bbox 3691 3843 3759 3896; x_wconf 84' lang='lat' dir='ltr'>ad</span> 
     </span>
     <span class='ocr_line' id='line_1_121' title="bbox 2091 3907 3759 3953; baseline 0 0"><span class='ocrx_word' id='word_1_800' title='bbox 2091 3919 2245 3953; x_wconf 82' lang='lat' dir='ltr'>uuam</span> <span class='ocrx_word' id='word_1_801' title='bbox 2277 3919 2460 3953; x_wconf 78' lang='lat' dir='ltr'>omnes</span> <span class='ocrx_word' id='word_1_802' title='bbox 2493 3907 2603 3953; x_wconf 77' lang='lat' dir='ltr'>ipsa</span> <span class='ocrx_word' id='word_1_803' title='bbox 2641 3913 2822 3953; x_wconf 83' lang='lat' dir='ltr'>natura</span> <span class='ocrx_word' id='word_1_804' title='bbox 2844 3907 2980 3953; x_wconf 88' lang='lat' dir='ltr'>imne</span> <span class='ocrx_word' id='word_1_805' title='bbox 3004 3907 3198 3953; x_wconf 81' lang='lat' dir='ltr'>luntur.</span> <span class='ocrx_word' id='word_1_806' title='bbox 3697 3907 3759 3953; x_wconf 71' lang='grc'>64</span> 
     </span>
    </p>
   </div>
   <div class='ocr_carea' id='block_1_113' title="bbox 2091 3907 3760 3968">
    <p class='ocr_par' dir='ltr' id='par_1_113' title="bbox 2091 3907 3760 3968">
     <span class='ocr_line' id='line_1_122' title="bbox 2091 3907 3760 3968; baseline 0.003 -14"><span class='ocrx_word' id='word_1_807' title='bbox 2091 3919 2245 3967; x_wconf 83' lang='lat' dir='ltr'>quam</span> <span class='ocrx_word' id='word_1_808' title='bbox 2277 3919 2460 3953; x_wconf 78' lang='lat' dir='ltr'>omnes</span> <span class='ocrx_word' id='word_1_809' title='bbox 2493 3907 2603 3967; x_wconf 88' lang='lat' dir='ltr'>ipsa</span> <span class='ocrx_word' id='word_1_810' title='bbox 2626 3913 2822 3968; x_wconf 83' lang='lat' dir='ltr'>natura</span> <span class='ocrx_word' id='word_1_811' title='bbox 2844 3907 3198 3968; x_wconf 80' lang='lat' dir='ltr'>impelluntur.</span> <span class='ocrx_word' id='word_1_812' title='bbox 3237 3907 3242 3908; x_wconf 55' lang='grc'>⁷</span> <span class='ocrx_word' id='word_1_813' title='bbox 3471 3907 3490 3910; x_wconf 95' lang='grc'>⁷</span> <span class='ocrx_word' id='word_1_814' title='bbox 3697 3907 3760 3960; x_wconf 70' lang='grc'>64</span> 
     </span>
    </p>
   </div>
   <div class='ocr_carea' id='block_1_114' title="bbox 2152 3967 3756 4032">
    <p class='ocr_par' dir='ltr' id='par_1_114' title="bbox 2152 3967 3756 4032">
     <span class='ocr_line' id='line_1_123' title="bbox 2152 3967 3756 4032; baseline 0.001 -15"><span class='ocrx_word' id='word_1_815' title='bbox 2152 3968 2280 4017; x_wconf 80' lang='lat' dir='ltr'><strong>CAP.</strong></span> <span class='ocrx_word' id='word_1_816' title='bbox 2309 3969 2514 4032; x_wconf 87' lang='lat' dir='ltr'><strong>XXVII.</strong></span> <span class='ocrx_word' id='word_1_817' title='bbox 2538 3995 2601 4003; x_wconf 95' lang='lat'><strong>—</strong></span> <span class='ocrx_word' id='word_1_818' title='bbox 2623 3967 2850 4032; x_wconf 83' lang='lat' dir='ltr'>Primum</span> <span class='ocrx_word' id='word_1_819' title='bbox 2873 3967 3030 4016; x_wconf 80' lang='lat' dir='ltr'>ofﬁcii</span> <span class='ocrx_word' id='word_1_820' title='bbox 3051 3971 3246 4018; x_wconf 83' lang='lat' dir='ltr'>fontem</span> <span class='ocrx_word' id='word_1_821' title='bbox 3266 3983 3386 4019; x_wconf 88' lang='lat' dir='ltr'>esse</span> <span class='ocrx_word' id='word_1_822' title='bbox 3410 3969 3756 4032; x_wconf 86' lang='lat' dir='ltr'>prudentiam,</span> 
     </span>
    </p>
   </div>
   <div class='ocr_carea' id='block_1_115' title="bbox 2088 4031 3760 4095">
    <p class='ocr_par' dir='ltr' id='par_1_115' title="bbox 2088 4031 3760 4095">
     <span class='ocr_line' id='line_1_124' title="bbox 2088 4031 3760 4095; baseline 0.002 -16"><span class='ocrx_word' id='word_1_823' title='bbox 2088 4045 2154 4080; x_wconf 88' lang='lat' dir='ltr'>ex</span> <span class='ocrx_word' id='word_1_824' title='bbox 2182 4044 2284 4091; x_wconf 89' lang='lat' dir='ltr'>qua</span> <span class='ocrx_word' id='word_1_825' title='bbox 2313 4031 2558 4078; x_wconf 85' lang='lat' dir='ltr'>derivatae</span> <span class='ocrx_word' id='word_1_826' title='bbox 2582 4037 2690 4077; x_wconf 89' lang='lat' dir='ltr'>tres</span> <span class='ocrx_word' id='word_1_827' title='bbox 2716 4031 2835 4095; x_wconf 77' lang='lat' dir='ltr'>aliae</span> <span class='ocrx_word' id='word_1_828' title='bbox 2853 4031 3093 4089; x_wconf 87' lang='lat' dir='ltr'>virtutes,</span> <span class='ocrx_word' id='word_1_829' title='bbox 3126 4033 3194 4080; x_wconf 89' lang='lat' dir='ltr'>ita</span> <span class='ocrx_word' id='word_1_830' title='bbox 3209 4045 3344 4095; x_wconf 83' lang='lat' dir='ltr'>_cum</span> <span class='ocrx_word' id='word_1_831' title='bbox 3362 4031 3426 4082; x_wconf 79' lang='lat' dir='ltr'>ea</span> <span class='ocrx_word' id='word_1_832' title='bbox 3447 4038 3604 4095; x_wconf 88' lang='lat' dir='ltr'>atque</span> <span class='ocrx_word' id='word_1_833' title='bbox 3625 4034 3760 4082; x_wconf 89' lang='lat' dir='ltr'>inter</span> 
     </span>
    </p>
   </div>
   <div class='ocr_carea' id='block_1_116' title="bbox 2090 4093 3761 4206">
    <p class='ocr_par' dir='ltr' id='par_1_116' title="bbox 2090 4093 3761 4206">
     <span class='ocr_line' id='line_1_125' title="bbox 2090 4093 3761 4206; baseline 0.001 -64"><span class='ocrx_word' id='word_1_834' title='bbox 2090 4108 2146 4142; x_wconf 88' lang='lat' dir='ltr'>se</span> <span class='ocrx_word' id='word_1_835' title='bbox 2185 4107 2434 4202; x_wconf 50' lang='lat' dir='ltr'>connexa;</span> <span class='ocrx_word' id='word_1_836' title='bbox 2464 4099 2604 4150; x_wconf 87' lang='lat' dir='ltr'>sunt,</span> <span class='ocrx_word' id='word_1_837' title='bbox 2638 4097 2694 4141; x_wconf 91' lang='lat' dir='ltr'>ut</span> <span class='ocrx_word' id='word_1_838' title='bbox 2730 4094 2794 4141; x_wconf 89' lang='lat' dir='ltr'>ab</span> <span class='ocrx_word' id='word_1_839' title='bbox 2824 4093 3049 4142; x_wconf 88' lang='lat' dir='ltr'>invicem</span> <span class='ocrx_word' id='word_1_840' title='bbox 3085 4093 3264 4143; x_wconf 88' lang='lat' dir='ltr'>divelli</span> <span class='ocrx_word' id='word_1_841' title='bbox 3289 4108 3352 4144; x_wconf 89' lang='lat' dir='ltr'>ac</span> <span class='ocrx_word' id='word_1_842' title='bbox 3392 4093 3629 4159; x_wconf 73' lang='lat' dir='ltr'>separari</span> <span class='ocrx_word' id='word_1_843' title='bbox 3661 4109 3761 4206; x_wconf 56' lang='grc' dir='ltr'>ηεξ</span> 
     </span>
     <span class='ocr_line' id='line_1_126' title="bbox 2090 4169 2302 4206; baseline -0.014 0"><span class='ocrx_word' id='word_1_844' title='bbox 2090 4169 2260 4206; x_wconf 81' lang='lat' dir='ltr'>uuean</span> <span class='ocrx_word' id='word_1_845' title='bbox 2292 4191 2302 4203; x_wconf 94' lang='lat'>.</span> 
     </span>
    </p>
   </div>
   <div class='ocr_carea' id='block_1_117' title="bbox 2089 4160 2302 4217">
    <p class='ocr_par' dir='ltr' id='par_1_117' title="bbox 2089 4160 2302 4217">
     <span class='ocr_line' id='line_1_127' title="bbox 2089 4160 2302 4217; baseline 0 -14"><span class='ocrx_word' id='word_1_846' title='bbox 2089 4160 2302 4217; x_wconf 84' lang='lat' dir='ltr'>queant.</span> 
     </span>
    </p>
   </div>
   <div class='ocr_carea' id='block_1_118' title="bbox 2151 4216 3761 4280">
    <p class='ocr_par' dir='ltr' id='par_1_118' title="bbox 2151 4216 3761 4280">
     <span class='ocr_line' id='line_1_128' title="bbox 2151 4216 3761 4280; baseline 0 -14"><span class='ocrx_word' id='word_1_847' title='bbox 2151 4218 2281 4267; x_wconf 76' lang='lat' dir='ltr'><strong>CAP.</strong></span> <span class='ocrx_word' id='word_1_848' title='bbox 2313 4218 2544 4266; x_wconf 82' lang='lat' dir='ltr'><strong>XXVIII.</strong></span> <span class='ocrx_word' id='word_1_849' title='bbox 2576 4245 2638 4253; x_wconf 94' lang='lat'>—</span> <span class='ocrx_word' id='word_1_850' title='bbox 2663 4216 2972 4266; x_wconf 68' lang='lat' dir='ltr'>Sorietatem</span> <span class='ocrx_word' id='word_1_851' title='bbox 3001 4223 3244 4268; x_wconf 88' lang='lat' dir='ltr'>constare</span> <span class='ocrx_word' id='word_1_852' title='bbox 3266 4217 3478 4280; x_wconf 88' lang='lat' dir='ltr'>justitia</span> <span class='ocrx_word' id='word_1_853' title='bbox 3506 4223 3555 4267; x_wconf 88' lang='lat' dir='ltr'>et</span> <span class='ocrx_word' id='word_1_854' title='bbox 3569 4218 3761 4280; x_wconf 84' lang='lat' dir='ltr'>beneﬁ-</span> 
     </span>
    </p>
   </div>
   <div class='ocr_carea' id='block_1_119' title="bbox 2089 4278 3760 4343">
    <p class='ocr_par' dir='ltr' id='par_1_119' title="bbox 2089 4278 3760 4343">
     <span class='ocr_line' id='line_1_129' title="bbox 2089 4278 3760 4343; baseline 0.001 -17"><span class='ocrx_word' id='word_1_855' title='bbox 2089 4282 2256 4328; x_wconf 90' lang='lat' dir='ltr'>centia</span> <span class='ocrx_word' id='word_1_856' title='bbox 2278 4293 2300 4343; x_wconf 15' lang='grc' dir='ltr'>εί</span> <span class='ocrx_word' id='word_1_857' title='bbox 2322 4280 2462 4328; x_wconf 90' lang='lat' dir='ltr'>illius</span> <span class='ocrx_word' id='word_1_858' title='bbox 2484 4285 2658 4341; x_wconf 81' lang='lat' dir='ltr'>partes</span> <span class='ocrx_word' id='word_1_859' title='bbox 2685 4282 2818 4328; x_wconf 86' lang='lat' dir='ltr'>duas</span> <span class='ocrx_word' id='word_1_860' title='bbox 2847 4281 3094 4328; x_wconf 87' lang='lat' dir='ltr'>ultionem</span> <span class='ocrx_word' id='word_1_861' title='bbox 3115 4286 3163 4343; x_wconf 84' lang='lat' dir='ltr'>et</span> <span class='ocrx_word' id='word_1_862' title='bbox 3186 4278 3442 4343; x_wconf 79' lang='lat' dir='ltr'>privatam</span> <span class='ocrx_word' id='word_1_863' title='bbox 3461 4278 3760 4342; x_wconf 84' lang='lat' dir='ltr'>possessio-</span> 
     </span>
    </p>
   </div>
   <div class='ocr_carea' id='block_1_120' title="bbox 2089 4342 3762 4414">
    <p class='ocr_par' dir='ltr' id='par_1_120' title="bbox 2089 4342 3762 4414">
     <span class='ocr_line' id='line_1_130' title="bbox 2089 4342 3762 4414; baseline 0.001 -25"><span class='ocrx_word' id='word_1_864' title='bbox 2089 4356 2204 4389; x_wconf 90' lang='lat' dir='ltr'>nem</span> <span class='ocrx_word' id='word_1_865' title='bbox 2219 4356 2254 4414; x_wconf 35' lang='lat' dir='ltr'>Ia</span> <span class='ocrx_word' id='word_1_866' title='bbox 2275 4342 2591 4389; x_wconf 86' lang='lat' dir='ltr'>Christianis</span> <span class='ocrx_word' id='word_1_867' title='bbox 2616 4357 2717 4390; x_wconf 86' lang='lat' dir='ltr'>non</span> <span class='ocrx_word' id='word_1_868' title='bbox 2746 4344 2994 4414; x_wconf 57' lang='lat' dir='ltr'>agnosci:</span> <span class='ocrx_word' id='word_1_869' title='bbox 3027 4342 3166 4414; x_wconf 68' lang='lat' dir='ltr'>quod</span> <span class='ocrx_word' id='word_1_870' title='bbox 3187 4342 3324 4414; x_wconf 44' lang='lat' dir='ltr'>vero</span> <span class='ocrx_word' id='word_1_871' title='bbox 3344 4342 3408 4391; x_wconf 89' lang='lat' dir='ltr'>de</span> <span class='ocrx_word' id='word_1_872' title='bbox 3432 4356 3606 4414; x_wconf 65' lang='lat' dir='ltr'>rerum</span> <span class='ocrx_word' id='word_1_873' title='bbox 3626 4355 3762 4414; x_wconf 79' lang='lat' dir='ltr'>com-</span> 
     </span>
    </p>
   </div>
   <div class='ocr_carea' id='block_1_121' title="bbox 2089 4403 3758 4465">
    <p class='ocr_par' dir='ltr' id='par_1_121' title="bbox 2089 4403 3758 4465">
     <span class='ocr_line' id='line_1_131' title="bbox 2089 4403 3758 4465; baseline 0 -15"><span class='ocrx_word' id='word_1_874' title='bbox 2089 4406 2336 4452; x_wconf 85' lang='lat' dir='ltr'>munitate</span> <span class='ocrx_word' id='word_1_875' title='bbox 2365 4419 2425 4451; x_wconf 86' lang='lat' dir='ltr'>ac</span> <span class='ocrx_word' id='word_1_876' title='bbox 2447 4412 2625 4451; x_wconf 89' lang='lat' dir='ltr'>mutuo</span> <span class='ocrx_word' id='word_1_877' title='bbox 2648 4403 2840 4451; x_wconf 82' lang='lat' dir='ltr'>auxilio</span> <span class='ocrx_word' id='word_1_878' title='bbox 2865 4404 3074 4452; x_wconf 86' lang='lat' dir='ltr'>tradunt</span> <span class='ocrx_word' id='word_1_879' title='bbox 3096 4404 3274 4461; x_wconf 86' lang='lat' dir='ltr'>Stoici,</span> <span class='ocrx_word' id='word_1_880' title='bbox 3302 4405 3402 4452; x_wconf 89' lang='lat' dir='ltr'>hoc</span> <span class='ocrx_word' id='word_1_881' title='bbox 3420 4417 3512 4451; x_wconf 90' lang='lat' dir='ltr'>eos</span> <span class='ocrx_word' id='word_1_882' title='bbox 3529 4418 3556 4451; x_wconf 91' lang='lat' dir='ltr'>e</span> <span class='ocrx_word' id='word_1_883' title='bbox 3573 4403 3758 4465; x_wconf 88' lang='lat' dir='ltr'>Scrip-</span> 
     </span>
    </p>
   </div>
   <div class='ocr_carea' id='block_1_122' title="bbox 2090 4465 3761 4528">
    <p class='ocr_par' dir='ltr' id='par_1_122' title="bbox 2090 4465 3761 4528">
     <span class='ocr_line' id='line_1_132' title="bbox 2090 4465 3761 4528; baseline -0.001 -15"><span class='ocrx_word' id='word_1_884' title='bbox 2090 4467 2224 4513; x_wconf 89' lang='lat' dir='ltr'>turis</span> <span class='ocrx_word' id='word_1_885' title='bbox 2256 4467 2422 4513; x_wconf 84' lang='lat' dir='ltr'>sacris</span> <span class='ocrx_word' id='word_1_886' title='bbox 2454 4471 2717 4512; x_wconf 86' lang='lat' dir='ltr'>mutuatos</span> <span class='ocrx_word' id='word_1_887' title='bbox 2748 4480 2884 4513; x_wconf 85' lang='lat' dir='ltr'>esse.</span> <span class='ocrx_word' id='word_1_888' title='bbox 2903 4466 3142 4528; x_wconf 84' lang='lat' dir='ltr'>Quantus</span> <span class='ocrx_word' id='word_1_889' title='bbox 3167 4465 3389 4528; x_wconf 66' lang='lat' dir='ltr'>justitia:</span> <span class='ocrx_word' id='word_1_890' title='bbox 3415 4465 3680 4528; x_wconf 88' lang='lat' dir='ltr'>splendor,</span> <span class='ocrx_word' id='word_1_891' title='bbox 3711 4471 3761 4513; x_wconf 91' lang='lat' dir='ltr'>et</span> 
     </span>
    </p>
   </div>
   <div class='ocr_carea' id='block_1_123' title="bbox 2088 4527 3761 4590">
    <p class='ocr_par' dir='ltr' id='par_1_123' title="bbox 2088 4527 3761 4590">
     <span class='ocr_line' id='line_1_133' title="bbox 2088 4527 3761 4590; baseline 0 -14"><span class='ocrx_word' id='word_1_892' title='bbox 2088 4531 2300 4590; x_wconf 79' lang='lat' dir='ltr'>quinam</span> <span class='ocrx_word' id='word_1_893' title='bbox 2325 4528 2528 4589; x_wconf 84' lang='lat' dir='ltr'>scopuli</span> <span class='ocrx_word' id='word_1_894' title='bbox 2557 4540 2830 4574; x_wconf 87' lang='lat' dir='ltr'>accessum</span> <span class='ocrx_word' id='word_1_895' title='bbox 2861 4527 2925 4576; x_wconf 82' lang='lat' dir='ltr'>ad</span> <span class='ocrx_word' id='word_1_896' title='bbox 2957 4527 3094 4576; x_wconf 89' lang='lat' dir='ltr'>illam</span> <span class='ocrx_word' id='word_1_897' title='bbox 3123 4527 3460 4589; x_wconf 72' lang='lat' dir='ltr'>praepediant.</span> <span class='ocrx_word' id='word_1_898' title='bbox 3697 4529 3761 4576; x_wconf 80' lang='lat'>66</span> 
     </span>
    </p>
   </div>
   <div class='ocr_carea' id='block_1_124' title="bbox 2151 4589 3762 4652">
    <p class='ocr_par' dir='ltr' id='par_1_124' title="bbox 2151 4589 3762 4652">
     <span class='ocr_line' id='line_1_134' title="bbox 2151 4589 3762 4652; baseline -0.002 -13"><span class='ocrx_word' id='word_1_899' title='bbox 2151 4592 2280 4639; x_wconf 77' lang='lat' dir='ltr'><strong>CAP.</strong></span> <span class='ocrx_word' id='word_1_900' title='bbox 2309 4591 2484 4638; x_wconf 88' lang='lat' dir='ltr'><strong>XXIX.</strong></span> <span class='ocrx_word' id='word_1_901' title='bbox 2515 4615 2578 4624; x_wconf 94' lang='lat'><strong>—</strong></span> <span class='ocrx_word' id='word_1_902' title='bbox 2606 4590 2873 4637; x_wconf 83' lang='lat' dir='ltr'>Justitiam</span> <span class='ocrx_word' id='word_1_903' title='bbox 2898 4591 2949 4636; x_wconf 90' lang='lat' dir='ltr'>in</span> <span class='ocrx_word' id='word_1_904' title='bbox 2981 4589 3112 4637; x_wconf 90' lang='lat' dir='ltr'>bello</span> <span class='ocrx_word' id='word_1_905' title='bbox 3140 4593 3292 4652; x_wconf 88' lang='lat' dir='ltr'>etiam</span> <span class='ocrx_word' id='word_1_906' title='bbox 3311 4596 3464 4650; x_wconf 89' lang='lat' dir='ltr'>atque</span> <span class='ocrx_word' id='word_1_907' title='bbox 3483 4589 3620 4652; x_wconf 81' lang='lat' dir='ltr'>ipsis</span> <span class='ocrx_word' id='word_1_908' title='bbox 3637 4591 3762 4637; x_wconf 85' lang='lat' dir='ltr'>hos-</span> 
     </span>
    </p>
   </div>
   <div class='ocr_carea' id='block_1_125' title="bbox 2091 4651 3760 4714">
    <p class='ocr_par' dir='ltr' id='par_1_125' title="bbox 2091 4651 3760 4714">
     <span class='ocr_line' id='line_1_135' title="bbox 2091 4651 3760 4714; baseline -0.002 -13"><span class='ocrx_word' id='word_1_909' title='bbox 2091 4655 2230 4702; x_wconf 88' lang='lat' dir='ltr'>tibus</span> <span class='ocrx_word' id='word_1_910' title='bbox 2261 4653 2462 4701; x_wconf 87' lang='lat' dir='ltr'>servari</span> <span class='ocrx_word' id='word_1_911' title='bbox 2493 4657 2732 4713; x_wconf 89' lang='lat' dir='ltr'>oportere</span> <span class='ocrx_word' id='word_1_912' title='bbox 2762 4652 2961 4714; x_wconf 73' lang='lat' dir='ltr'>Moysis</span> <span class='ocrx_word' id='word_1_913' title='bbox 2990 4664 3050 4699; x_wconf 90' lang='lat' dir='ltr'>ac</span> <span class='ocrx_word' id='word_1_914' title='bbox 3088 4651 3260 4698; x_wconf 66' lang='lat' dir='ltr'>Elisaai</span> <span class='ocrx_word' id='word_1_915' title='bbox 3292 4651 3546 4714; x_wconf 82' lang='lat' dir='ltr'>exemplis</span> <span class='ocrx_word' id='word_1_916' title='bbox 3575 4657 3760 4700; x_wconf 85' lang='lat' dir='ltr'>osten-</span> 
     </span>
    </p>
   </div>
   <div class='ocr_carea' id='block_1_126' title="bbox 2090 4715 3762 4774">
    <p class='ocr_par' dir='ltr' id='par_1_126' title="bbox 2090 4715 3762 4774">
     <span class='ocr_line' id='line_1_136' title="bbox 2090 4715 3762 4774; baseline 0 -12"><span class='ocrx_word' id='word_1_917' title='bbox 2090 4717 2230 4764; x_wconf 86' lang='lat' dir='ltr'>ditur</span> <span class='ocrx_word' id='word_1_918' title='bbox 2262 4731 2273 4763; x_wconf 93' lang='lat'>:</span> <span class='ocrx_word' id='word_1_919' title='bbox 2319 4716 2384 4764; x_wconf 87' lang='lat' dir='ltr'>ab</span> <span class='ocrx_word' id='word_1_920' title='bbox 2425 4715 2663 4762; x_wconf 62' lang='lat' dir='ltr'>Hebraeis</span> <span class='ocrx_word' id='word_1_921' title='bbox 2702 4719 2882 4762; x_wconf 87' lang='lat' dir='ltr'>mutuo</span> <span class='ocrx_word' id='word_1_922' title='bbox 2919 4719 3121 4762; x_wconf 87' lang='lat' dir='ltr'>veteres</span> <span class='ocrx_word' id='word_1_923' title='bbox 3159 4715 3448 4774; x_wconf 89' lang='lat' dir='ltr'>accepisse,</span> <span class='ocrx_word' id='word_1_924' title='bbox 3489 4719 3544 4761; x_wconf 90' lang='lat' dir='ltr'>ut</span> <span class='ocrx_word' id='word_1_925' title='bbox 3581 4715 3762 4762; x_wconf 89' lang='lat' dir='ltr'>hostes</span> 
     </span>
    </p>
   </div>
   <div class='ocr_carea' id='block_1_127' title="bbox 2087 4775 3760 4840">
    <p class='ocr_par' dir='ltr' id='par_1_127' title="bbox 2087 4775 3760 4840">
     <span class='ocr_line' id='line_1_137' title="bbox 2087 4775 3760 4840; baseline -0.001 -14"><span class='ocrx_word' id='word_1_926' title='bbox 2087 4777 2408 4840; x_wconf 74' lang='lat' dir='ltr'>appellarent</span> <span class='ocrx_word' id='word_1_927' title='bbox 2434 4776 2644 4824; x_wconf 89' lang='lat' dir='ltr'>nomine</span> <span class='ocrx_word' id='word_1_928' title='bbox 2672 4776 2927 4835; x_wconf 84' lang='lat' dir='ltr'>molliori;</span> <span class='ocrx_word' id='word_1_929' title='bbox 2959 4775 3182 4840; x_wconf 85' lang='lat' dir='ltr'>denique</span> <span class='ocrx_word' id='word_1_930' title='bbox 3207 4775 3430 4840; x_wconf 63' lang='lat' dir='ltr'>justitia</span> <span class='ocrx_word' id='word_1_931' title='bbox 3449 4775 3760 4840; x_wconf 57' lang='lat' dir='ltr'>fundameng</span> 
     </span>
    </p>
   </div>
   <div class='ocr_carea' id='block_1_128' title="bbox 2089 4838 3764 4895">
    <p class='ocr_par' dir='ltr' id='par_1_128' title="bbox 2089 4838 3764 4895">
     <span class='ocr_line' id='line_1_138' title="bbox 2089 4838 3764 4895; baseline -0.001 -8"><span class='ocrx_word' id='word_1_932' title='bbox 2089 4838 2196 4887; x_wconf 86' lang='lat' dir='ltr'>tum</span> <span class='ocrx_word' id='word_1_933' title='bbox 2227 4841 2278 4887; x_wconf 91' lang='lat' dir='ltr'>in</span> <span class='ocrx_word' id='word_1_934' title='bbox 2309 4840 2408 4887; x_wconf 86' lang='lat' dir='ltr'>ﬁde</span> <span class='ocrx_word' id='word_1_935' title='bbox 2437 4853 2574 4895; x_wconf 87' lang='lat' dir='ltr'>esse,</span> <span class='ocrx_word' id='word_1_936' title='bbox 2607 4853 2665 4885; x_wconf 90' lang='lat' dir='ltr'>ac</span> <span class='ocrx_word' id='word_1_937' title='bbox 2696 4841 2913 4885; x_wconf 85' lang='lat' dir='ltr'>formam</span> <span class='ocrx_word' id='word_1_938' title='bbox 2945 4839 2998 4885; x_wconf 92' lang='lat' dir='ltr'>in</span> <span class='ocrx_word' id='word_1_939' title='bbox 3029 4839 3280 4886; x_wconf 87' lang='lat' dir='ltr'>Ecclesia.</span> <span class='ocrx_word' id='word_1_940' title='bbox 3702 4838 3764 4886; x_wconf 87' lang='lat'>68</span> 
     </span>
    </p>
   </div>
   <div class='ocr_carea' id='block_1_129' title="bbox 2153 4898 3760 4959">
    <p class='ocr_par' dir='ltr' id='par_1_129' title="bbox 2153 4898 3760 4959">
     <span class='ocr_line' id='line_1_139' title="bbox 2153 4898 3760 4959; baseline -0.001 -9"><span class='ocrx_word' id='word_1_941' title='bbox 2153 4904 2281 4951; x_wconf 74' lang='lat' dir='ltr'><strong>CAP.</strong></span> <span class='ocrx_word' id='word_1_942' title='bbox 2316 4903 2466 4950; x_wconf 88' lang='lat' dir='ltr'><strong>XXX.</strong></span> <span class='ocrx_word' id='word_1_943' title='bbox 2491 4927 2552 4936; x_wconf 89' lang='lat'>—-</span> <span class='ocrx_word' id='word_1_944' title='bbox 2577 4901 2650 4948; x_wconf 90' lang='lat' dir='ltr'>De</span> <span class='ocrx_word' id='word_1_945' title='bbox 2674 4901 3030 4948; x_wconf 89' lang='lat' dir='ltr'>beneﬁcientia</span> <span class='ocrx_word' id='word_1_946' title='bbox 3054 4907 3103 4948; x_wconf 91' lang='lat' dir='ltr'>et</span> <span class='ocrx_word' id='word_1_947' title='bbox 3125 4900 3244 4959; x_wconf 83' lang='lat' dir='ltr'>ejus</span> <span class='ocrx_word' id='word_1_948' title='bbox 3269 4898 3507 4959; x_wconf 91' lang='lat' dir='ltr'>partibus</span> <span class='ocrx_word' id='word_1_949' title='bbox 3528 4900 3760 4949; x_wconf 83' lang='lat' dir='ltr'>benevo-</span> 
     </span>
    </p>
   </div>
   <div class='ocr_carea' id='block_1_130' title="bbox 2088 4961 3763 5026">
    <p class='ocr_par' dir='ltr' id='par_1_130' title="bbox 2088 4961 3763 5026">
     <span class='ocr_line' id='line_1_140' title="bbox 2088 4961 3763 5026; baseline -0.001 -15"><span class='ocrx_word' id='word_1_950' title='bbox 2088 4963 2244 5013; x_wconf 86' lang='lat' dir='ltr'>lentia</span> <span class='ocrx_word' id='word_1_951' title='bbox 2265 4969 2314 5012; x_wconf 91' lang='lat' dir='ltr'>et</span> <span class='ocrx_word' id='word_1_952' title='bbox 2347 4963 2652 5026; x_wconf 85' lang='lat' dir='ltr'>liberalitate</span> <span class='ocrx_word' id='word_1_953' title='bbox 2677 4976 2690 5022; x_wconf 90' lang='lat'>;</span> <span class='ocrx_word' id='word_1_954' title='bbox 2721 4962 2981 5026; x_wconf 83' lang='lat' dir='ltr'>quomodo</span> <span class='ocrx_word' id='word_1_955' title='bbox 3010 4961 3107 5010; x_wconf 75' lang='lat' dir='ltr'>illac</span> <span class='ocrx_word' id='word_1_956' title='bbox 3136 4961 3290 5009; x_wconf 90' lang='lat' dir='ltr'>simul</span> <span class='ocrx_word' id='word_1_957' title='bbox 3303 4961 3600 5026; x_wconf 11' lang='lat' dir='ltr'>_junﬁgendm</span> <span class='ocrx_word' id='word_1_958' title='bbox 3630 4964 3763 5026; x_wconf 85' lang='lat' dir='ltr'>sint;</span> 
     </span>
    </p>
   </div>
   <div class='ocr_carea' id='block_1_131' title="bbox 2088 5023 3766 5088">
    <p class='ocr_par' dir='ltr' id='par_1_131' title="bbox 2088 5023 3766 5088">
     <span class='ocr_line' id='line_1_141' title="bbox 2088 5023 3766 5088; baseline -0.001 -14"><span class='ocrx_word' id='word_1_959' title='bbox 2088 5040 2393 5088; x_wconf 60' lang='lat' dir='ltr'>qus‘namve</span> <span class='ocrx_word' id='word_1_960' title='bbox 2419 5025 2688 5086; x_wconf 82' lang='lat' dir='ltr'>adjuncta.</span> <span class='ocrx_word' id='word_1_961' title='bbox 2712 5031 2769 5071; x_wconf 89' lang='lat' dir='ltr'>ut</span> <span class='ocrx_word' id='word_1_962' title='bbox 2788 5024 3144 5088; x_wconf 87' lang='lat' dir='ltr'>liberalitatem</span> <span class='ocrx_word' id='word_1_963' title='bbox 3166 5037 3286 5073; x_wconf 91' lang='lat' dir='ltr'>cum</span> <span class='ocrx_word' id='word_1_964' title='bbox 3303 5023 3456 5073; x_wconf 73' lang='lat' dir='ltr'>laude</span> <span class='ocrx_word' id='word_1_965' title='bbox 3480 5038 3543 5074; x_wconf 88' lang='lat' dir='ltr'>ac</span> <span class='ocrx_word' id='word_1_966' title='bbox 3571 5025 3766 5088; x_wconf 62' lang='lat' dir='ltr'>merito</span> 
     </span>
    </p>
   </div>
   <div class='ocr_carea' id='block_1_132' title="bbox 2087 5084 3768 5151">
    <p class='ocr_par' dir='ltr' id='par_1_132' title="bbox 2087 5084 3768 5151">
     <span class='ocr_line' id='line_1_142' title="bbox 2087 5084 3768 5151; baseline -0.002 -15"><span class='ocrx_word' id='word_1_967' title='bbox 2087 5084 2206 5151; x_wconf 78' lang='lat' dir='ltr'>quis</span> <span class='ocrx_word' id='word_1_968' title='bbox 2237 5084 2504 5142; x_wconf 49' lang='lat' dir='ltr'>exerceat;</span> <span class='ocrx_word' id='word_1_969' title='bbox 2524 5087 2840 5147; x_wconf 78' lang='lat' dir='ltr'>requirant?</span> <span class='ocrx_word' id='word_1_970' title='bbox 2992 5147 3002 5151; x_wconf 92' lang='lat'>_</span> <span class='ocrx_word' id='word_1_971' title='bbox 3134 5149 3147 5151; x_wconf 95' lang='lat'><em>_</em></span> <span class='ocrx_word' id='word_1_972' title='bbox 3195 5148 3204 5151; x_wconf 88' lang='lat'>_</span> <span class='ocrx_word' id='word_1_973' title='bbox 3343 5147 3356 5151; x_wconf 90' lang='lat'>_</span> <span class='ocrx_word' id='word_1_974' title='bbox 3461 5147 3472 5151; x_wconf 23' lang='grc' dir='ltr'><strong>Α</strong></span> <span class='ocrx_word' id='word_1_975' title='bbox 3543 5148 3552 5151; x_wconf 26' lang='grc' dir='ltr'><strong>Α</strong></span> <span class='ocrx_word' id='word_1_976' title='bbox 3705 5084 3768 5134; x_wconf 89' lang='grc'>70</span> 
     </span>
    </p>
   </div>
   <div class='ocr_carea' id='block_1_133' title="bbox 2149 5147 3764 5212">
    <p class='ocr_par' dir='ltr' id='par_1_133' title="bbox 2149 5147 3764 5212">
     <span class='ocr_line' id='line_1_143' title="bbox 2149 5147 3764 5212; baseline -0.002 -14"><span class='ocrx_word' id='word_1_977' title='bbox 2149 5151 2276 5198; x_wconf 77' lang='lat' dir='ltr'><strong>CAP.</strong></span> <span class='ocrx_word' id='word_1_978' title='bbox 2324 5151 2498 5198; x_wconf 88' lang='lat' dir='ltr'><strong>XXXI.</strong></span> <span class='ocrx_word' id='word_1_979' title='bbox 2551 5175 2614 5184; x_wconf 94' lang='lat'><strong>—</strong></span> <span class='ocrx_word' id='word_1_980' title='bbox 2657 5152 2944 5210; x_wconf 83' lang='lat' dir='ltr'>Acceptum</span> <span class='ocrx_word' id='word_1_981' title='bbox 2992 5147 3298 5212; x_wconf 84' lang='lat' dir='ltr'>beneﬁcium</span> <span class='ocrx_word' id='word_1_982' title='bbox 3343 5147 3556 5212; x_wconf 76' lang='lat' dir='ltr'>largiori</span> <span class='ocrx_word' id='word_1_983' title='bbox 3607 5159 3764 5212; x_wconf 76' lang='lat' dir='ltr'>manu</span> 
     </span>
    </p>
   </div>
   <div class='ocr_carea' id='block_1_134' title="bbox 2086 5208 3761 5273">
    <p class='ocr_par' dir='ltr' id='par_1_134' title="bbox 2086 5208 3761 5273">
     <span class='ocr_line' id='line_1_144' title="bbox 2086 5208 3761 5273; baseline -0.003 -13"><span class='ocrx_word' id='word_1_984' title='bbox 2086 5213 2455 5260; x_wconf 87' lang='lat' dir='ltr'>remetiendum</span> <span class='ocrx_word' id='word_1_985' title='bbox 2483 5217 2637 5259; x_wconf 71' lang='lat' dir='ltr'>terra)</span> <span class='ocrx_word' id='word_1_986' title='bbox 2667 5208 2971 5273; x_wconf 75' lang='lat' dir='ltr'>praecipitur</span> <span class='ocrx_word' id='word_1_987' title='bbox 3000 5211 3264 5273; x_wconf 83' lang='lat' dir='ltr'>exemplo:</span> <span class='ocrx_word' id='word_1_988' title='bbox 3297 5225 3392 5273; x_wconf 85' lang='lat' dir='ltr'>nec</span> <span class='ocrx_word' id='word_1_989' title='bbox 3424 5208 3529 5259; x_wconf 75' lang='lat' dir='ltr'>non</span> <span class='ocrx_word' id='word_1_990' title='bbox 3559 5208 3761 5258; x_wconf 89' lang='lat' dir='ltr'>adduc-</span> 
     </span>
    </p>
   </div>
   <div class='ocr_carea' id='block_1_135' title="bbox 2085 5272 3767 5334">
    <p class='ocr_par' dir='ltr' id='par_1_135' title="bbox 2085 5272 3767 5334">
     <span class='ocr_line' id='line_1_145' title="bbox 2085 5272 3767 5334; baseline -0.003 -11"><span class='ocrx_word' id='word_1_991' title='bbox 2085 5282 2171 5324; x_wconf 89' lang='lat' dir='ltr'>tus</span> <span class='ocrx_word' id='word_1_992' title='bbox 2197 5275 2259 5322; x_wconf 92' lang='lat' dir='ltr'>ad</span> <span class='ocrx_word' id='word_1_993' title='bbox 2291 5274 2521 5322; x_wconf 88' lang='lat' dir='ltr'>eamdem</span> <span class='ocrx_word' id='word_1_994' title='bbox 2551 5287 2658 5320; x_wconf 92' lang='lat' dir='ltr'>rem</span> <span class='ocrx_word' id='word_1_995' title='bbox 2687 5272 2984 5322; x_wconf 82' lang='lat' dir='ltr'>Salomonis</span> <span class='ocrx_word' id='word_1_996' title='bbox 3011 5272 3073 5321; x_wconf 88' lang='lat' dir='ltr'>de</span> <span class='ocrx_word' id='word_1_997' title='bbox 3103 5273 3351 5322; x_wconf 90' lang='lat' dir='ltr'>convivio</span> <span class='ocrx_word' id='word_1_998' title='bbox 3380 5272 3550 5331; x_wconf 86' lang='lat' dir='ltr'>locus,</span> <span class='ocrx_word' id='word_1_999' title='bbox 3583 5277 3767 5334; x_wconf 63' lang='lat' dir='ltr'>postea</span> 
     </span>
    </p>
   </div>
   <div class='ocr_carea' id='block_1_136' title="bbox 2087 5331 3760 5399">
    <p class='ocr_par' dir='ltr' id='par_1_136' title="bbox 2087 5331 3760 5399">
     <span class='ocr_line' id='line_1_146' title="bbox 2087 5331 3760 5399; baseline -0.003 -14"><span class='ocrx_word' id='word_1_1000' title='bbox 2087 5336 2306 5399; x_wconf 86' lang='lat' dir='ltr'>spiritali</span> <span class='ocrx_word' id='word_1_1001' title='bbox 2337 5349 2499 5399; x_wconf 81' lang='lat' dir='ltr'>sensu</span> <span class='ocrx_word' id='word_1_1002' title='bbox 2526 5336 2845 5399; x_wconf 42' lang='lat' dir='ltr'>exponitur,</span> <span class='ocrx_word' id='word_1_1003' title='bbox 3064 5397 3072 5399; x_wconf 94' lang='lat'><em>_</em></span> <span class='ocrx_word' id='word_1_1004' title='bbox 3096 5396 3108 5399; x_wconf 86' lang='lat'>_</span> <span class='ocrx_word' id='word_1_1005' title='bbox 3281 5395 3291 5399; x_wconf 83' lang='lat'><em>_</em></span> <span class='ocrx_word' id='word_1_1006' title='bbox 3419 5395 3432 5399; x_wconf 87' lang='lat'><strong>_</strong></span> <span class='ocrx_word' id='word_1_1007' title='bbox 3583 5331 3600 5334; x_wconf 85' lang='grc'>⁷</span> <span class='ocrx_word' id='word_1_1008' title='bbox 3697 5331 3760 5399; x_wconf 49' lang='grc'>74</span> 
     </span>
    </p>
   </div>
   <div class='ocr_carea' id='block_1_137' title="bbox 2147 5395 3768 5460">
    <p class='ocr_par' dir='ltr' id='par_1_137' title="bbox 2147 5395 3768 5460">
     <span class='ocr_line' id='line_1_147' title="bbox 2147 5395 3768 5460; baseline -0.003 -13"><span class='ocrx_word' id='word_1_1009' title='bbox 2147 5399 2276 5448; x_wconf 74' lang='lat' dir='ltr'><strong>CAP.</strong></span> <span class='ocrx_word' id='word_1_1010' title='bbox 2319 5397 2520 5446; x_wconf 89' lang='lat' dir='ltr'><strong>XXXII.</strong></span> <span class='ocrx_word' id='word_1_1011' title='bbox 2561 5395 2624 5432; x_wconf 59' lang='grc' dir='ltr'>-ἑ-</span> <span class='ocrx_word' id='word_1_1012' title='bbox 2663 5397 2946 5460; x_wconf 67' lang='lat' dir='ltr'>Prmmisso</span> <span class='ocrx_word' id='word_1_1013' title='bbox 2985 5396 3111 5457; x_wconf 91' lang='lat' dir='ltr'>quid</span> <span class='ocrx_word' id='word_1_1014' title='bbox 3157 5395 3362 5460; x_wconf 72' lang='lat' dir='ltr'>gratiae</span> <span class='ocrx_word' id='word_1_1015' title='bbox 3386 5395 3768 5460; x_wconf 74' lang='lat' dir='ltr'>ob_memorati</span> 
     </span>
    </p>
   </div>
   <div class='ocr_carea' id='block_1_138' title="bbox 2084 5457 3770 5516">
    <p class='ocr_par' dir='ltr' id='par_1_138' title="bbox 2084 5457 3770 5516">
     <span class='ocr_line' id='line_1_148' title="bbox 2084 5457 3770 5516; baseline -0.003 -5"><span class='ocrx_word' id='word_1_1016' title='bbox 2084 5462 2313 5511; x_wconf 89' lang='lat' dir='ltr'>convivii</span> <span class='ocrx_word' id='word_1_1017' title='bbox 2345 5460 2539 5508; x_wconf 89' lang='lat' dir='ltr'>fercula</span> <span class='ocrx_word' id='word_1_1018' title='bbox 2565 5461 2634 5507; x_wconf 90' lang='lat' dir='ltr'>sit</span> <span class='ocrx_word' id='word_1_1019' title='bbox 2663 5459 3010 5516; x_wconf 87' lang='lat' dir='ltr'>referendum,</span> <span class='ocrx_word' id='word_1_1020' title='bbox 3043 5457 3203 5508; x_wconf 61' lang='lat' dir='ltr'>variis</span> <span class='ocrx_word' id='word_1_1021' title='bbox 3239 5457 3493 5506; x_wconf 88' lang='lat' dir='ltr'>reddendi</span> <span class='ocrx_word' id='word_1_1022' title='bbox 3527 5457 3770 5507; x_wconf 83' lang='lat' dir='ltr'>beneﬁcii</span> 
     </span>
    </p>
   </div>
   <div class='ocr_carea' id='block_1_139' title="bbox 2086 5519 3768 5580">
    <p class='ocr_par' dir='ltr' id='par_1_139' title="bbox 2086 5519 3768 5580">
     <span class='ocr_line' id='line_1_149' title="bbox 2086 5519 3768 5580; baseline -0.002 -9"><span class='ocrx_word' id='word_1_1023' title='bbox 2086 5525 2312 5572; x_wconf 88' lang='lat' dir='ltr'>rationes</span> <span class='ocrx_word' id='word_1_1024' title='bbox 2333 5528 2697 5580; x_wconf 88' lang='lat' dir='ltr'>recensentur;</span> <span class='ocrx_word' id='word_1_1025' title='bbox 2733 5522 2822 5568; x_wconf 89' lang='lat' dir='ltr'>ubi</span> <span class='ocrx_word' id='word_1_1026' title='bbox 2851 5527 2902 5568; x_wconf 91' lang='lat' dir='ltr'>et</span> <span class='ocrx_word' id='word_1_1027' title='bbox 2921 5521 2982 5569; x_wconf 91' lang='lat' dir='ltr'>de</span> <span class='ocrx_word' id='word_1_1028' title='bbox 3002 5519 3384 5570; x_wconf 76' lang='lat' dir='ltr'>benevolentia:</span> <span class='ocrx_word' id='word_1_1029' title='bbox 3408 5519 3581 5580; x_wconf 90' lang='lat' dir='ltr'>laude,</span> <span class='ocrx_word' id='word_1_1030' title='bbox 3611 5520 3768 5568; x_wconf 70' lang='lat' dir='ltr'>effec-</span> 
     </span>
    </p>
   </div>
   <div class='ocr_carea' id='block_1_140' title="bbox 2081 5581 3772 5648">
    <p class='ocr_par' dir='ltr' id='par_1_140' title="bbox 2081 5581 3772 5648">
     <span class='ocr_line' id='line_1_150' title="bbox 2081 5581 3772 5648; baseline -0.001 -14"><span class='ocrx_word' id='word_1_1031' title='bbox 2081 5587 2151 5636; x_wconf 88' lang='lat' dir='ltr'>tis</span> <span class='ocrx_word' id='word_1_1032' title='bbox 2175 5591 2326 5648; x_wconf 89' lang='lat' dir='ltr'>atque</span> <span class='ocrx_word' id='word_1_1033' title='bbox 2370 5584 2550 5634; x_wconf 87' lang='lat' dir='ltr'>ordine</span> <span class='ocrx_word' id='word_1_1034' title='bbox 2582 5583 2883 5632; x_wconf 88' lang='lat' dir='ltr'>disseritur.</span> <span class='ocrx_word' id='word_1_1035' title='bbox 3710 5581 3772 5634; x_wconf 83' lang='lat'>76</span> 
     </span>
    </p>
   </div>
  </div>
