4136 6182
406 292 561 358 1595

466 490 596 540 CAP.
627 490 856 539 XXXIII.
898 516 961 525 —
998 489 1418 539 Benevolentiam
1457 491 1508 538 in
1546 490 1777 539 Ecclesia
1821 491 2066 547 maxime,

402 558 453 601 et
482 553 779 600 earumdem
808 556 898 601 aut
923 552 1160 601 afﬁnium
1192 554 1445 601 virtutum
1481 554 1780 602 hominibus
1816 565 2067 621 perseve:

404 626 598 724 raCeAP.
630 675 855 725 XXXIV.
887 702 950 712 —-
975 676 1093 726 Alia
1122 674 1377 725 nonnulla
1398 675 1772 725 benevolentiae
1801 615 2070 725 commodi

403 743 775 787 memorantur.
2009 738 2072 787 79

461 801 591 849 CAP.
620 801 822 848 XXXV.
854 827 917 836 -
948 801 1021 851 De
1051 800 1378 858 fortitudine,
1410 813 1529 863 qum
1554 800 1808 851 dividitur
1836 800 1891 847 in
1917 799 2069 848 belli-

396 876 508 912 cam
539 868 698 924 atque
722 863 1062 912 domesticam
1086 877 1098 911 :
1128 866 1355 925 primam
1383 862 1498 911 sine
1528 862 1737 925 justitia
1764 867 1815 911 et
1837 863 2070 924 pruden-

395 926 465 973 tia
490 926 739 1035 vgtutem
764 939 869 974 non
897 940 1016 975 esse
1041 938 1052 974 :
1083 927 1298 975 alteram
1324 926 1546 973 maxime
1577 927 1629 973 in
1656 925 1931 973 tolerantia
1955 938 2075 1037 saga

396 1001 520 1037 Post
578 1001 643 1035 m.

412 987 643 1035 sositam.

396 1003 643 1050 poenam.
2011 1003 2074 1037 δυ

459 1049 592 1099 CAP.
622 1049 851 1099 XXXVI.
883 1076 947 1085 —
991 1049 1343 1098 Fortitudinis
1381 1048 1613 1097 ofﬁcium
1651 1046 1791 1097 aliud
1838 1059 1973 1107 esse,
2018 1054 2074 1097 ut

394 1111 646 1173 injuriam
667 1124 698 1161 a
726 1111 964 1160 debiliori
992 1111 1313 1175 depellamus
1341 1123 1353 1157 :
1384 1110 1524 1160 aliud
1555 1116 1613 1159 ut
1641 1124 1746 1159 non
1766 1116 1941 1159 rectos
1965 1112 2073 1159 ani-

395 1176 467 1221 mi
496 1179 676 1222 motus
705 1173 1078 1223 coerceamus:
1103 1173 1243 1222 aliud
1274 1173 1484 1222 demum
1517 1179 1625 1222 tum
1648 1178 1703 1221 ut
1730 1185 2073 1235 aspernemur

394 1236 624 1293 humilia,
670 1240 780 1284 tum
819 1242 876 1285 ut
914 1238 1135 1285 honesta
1173 1237 1395 1284 infracto
1436 1236 1609 1284 animo
1667 1248 2069 1296 prosequamur.

400 1298 529 1355 Qum
553 1300 619 1346 ab
650 1298 918 1347 universis
940 1298 1147 1360 quidem
1178 1297 1508 1355 Christianis,
1535 1297 1625 1344 sed
1657 1298 1989 1359 potissimum
2008 1299 2072 1346 ab

398 1360 930 1423 ecclesiasticisviris
959 1361 1257 1423 praestanda
1288 1361 1761 1423 demonstrantur.7
1852 1422 1855 1423 7
2010 1360 2070 1410 81

460 1424 589 1471 CAP.
623 1422 878 1471 XXXVII.
909 1421 973 1458 -έ
1001 1423 1326 1471 Servandam
1357 1426 1415 1484 ut
1442 1422 1497 1469 in
1521 1421 1811 1484 prosperis,
1845 1422 1915 1471 ita
1941 1427 1992 1470 et
2022 1423 2073 1471 in

396 1484 638 1595 advers?
665 1484 854 1533 mentis
892 1484 1273 1546 (equalitatem:
1318 1483 1451 1532 mala
1481 1483 1660 1532 tamen
1683 1484 1946 1533 interdum
1974 1485 2073 1597 ὀξὶ-

398 1560 425 1595 c
449 1560 569 1594 man
611 1561 657 1595 a.

398 1560 657 1595 cnnanda.

418 1618 419 1621 ‘
461 1608 591 1657 CAP.
611 1608 900 1658 XXXVIII.
921 1635 985 1646 —
1002 1609 1279 1658 Adversus
1302 1610 1482 1657 futura
1502 1605 1828 1658 incommoda
1848 1614 2073 1657 mentem

398 1672 765 1734 exercitatione
794 1671 1163 1731 roborandam,
1200 1685 1295 1720 nec
1336 1685 1442 1734 non
1483 1670 1892 1734 confirmandam
1930 1684 2069 1734 prm-

397 1733 627 1782 videntia
651 1749 663 1780 :
691 1739 741 1781 et
760 1746 879 1795 qua:
907 1735 990 1783 hic
1018 1734 1289 1782 incurrant
1320 1732 1673 1781 difﬁcultates.
1932 1732 1948 1734 ⁷
2009 1733 2073 1783 85

462 1795 597 1844 CAP.
637 1794 863 1844 XXXIX.
912 1821 977 1831 —
1014 1796 1392 1844 Fortitudinem
1433 1794 1694 1843 adversus
1738 1796 1910 1845 omnia
1948 1795 2074 1845 vitia

399 1857 646 1921 dimicare
684 1856 888 1921 debere,
918 1859 1182 1920 praecipue
1209 1857 1470 1906 adversus
1501 1858 1808 1906 avaritiam:
1851 1858 1990 1921 quod
2020 1859 2073 1905 in

402 1925 584 1968 sancto
612 1919 714 1967 Job
743 1919 962 1967 docetur
980 1921 1193 1968 factum.
1870 1919 1882 1921 ⁷
2010 1920 2075 1969 86

464 1980 594 2030 CAP.
628 1981 734 2029 XL.
763 2007 827 2016 -
857 1981 1115 2030 Virtutem
1158 1980 1395 2032 bellicam
1424 1981 1624 2030 nostris
1658 1981 1812 2030 etiam
1840 1995 1945 2030 non
1975 1981 2071 2030 de-

405 2043 597 2107 fuisse,
623 2047 858 2091 veterum
887 2043 1156 2107 exemplis,
1186 2046 1513 2106 maximeque
1550 2043 1800 2105 praeclaro
1840 2044 2074 2107 Eleazari

404 2107 541 2154 facto
570 2105 979 2153 demonstratur.
1036 2105 1052 2107 ⁷
1439 2105 1443 2106 ⁷
2011 2106 2073 2156 87

465 2168 599 2232 CAP.
628 2166 759 2215 XLI.
791 2193 854 2202 —
885 2168 1115 2232 Laudata
1146 2169 1299 2218 Juds:
1333 2180 1394 2216 ac
1436 2168 1676 2232 Jonathie
1712 2166 2075 2232 magnitudine

402 2230 579 2294 animi,
610 2234 898 2294 martyrum
925 2230 978 2294 in
1005 2231 1277 2294 tolerando
1311 2230 1625 2294 constantia,
1658 2243 1775 2294 quae
1806 2230 1934 2294 pars
1969 2243 2074 2294 non

401 2292 985 2357 minimafertitudinjs,
1017 2293 1083 2343 ob
1113 2293 1299 2342 oculos
1324 2293 1579 2357 ponitur._
1676 2292 1689 2294 ⁷
1808 2292 1826 2294 ⁷
1937 2354 1949 2357 _
1994 2292 2076 2357 Δ89

465 2354 599 2418 CAP.
628 2354 881 2418 XLII.7—
907 2355 1196 2404 Potestates
1226 2354 1341 2405 non‘
1362 2354 1665 2413 irritandae,
1698 2368 1864 2418 neque
1888 2354 2073 2418 adula-g

403 2416 536 2465 tioni
563 2416 875 2478 praebendas
901 2429 1076 2466 aures.
1782 2416 1798 2418 ⁷
2015 2417 2077 2466 92

468 2478 599 2527 CAP.
633 2478 816 2544 XLIII.
847 2506 911 2516 —-
937 2481 1010 2544 De
1041 2481 1381 2544 temperantia
1412 2484 1461 2528 et
1494 2480 1777 2544 praecipuis
1803 2479 1924 2544 ejus
1949 2493 2074 2544 par-

405 2541 566 2599 tibus,
586 2541 843 2605 _nimirum
874 2543 1032 2605 animi
1071 2541 1461 2605 tranquillitate
1480 2555 1541 2591 ac
1562 2541 2075 2602 moderationefbo-

406 2603 629 2651 nestatis
658 2616 802 2660 cura,
833 2610 883 2652 et
911 2604 1120 2653 decoris
1150 2603 1585 2653 consideratione.
2016 2605 2080 2654 92

472 2664 603 2714 CAP.
633 2666 817 2730 XLIV.
847 2693 910 2702 —
938 2668 1123 2716 Ofﬁcio
1166 2668 1279 2730 sibi
1304 2678 1540 2730 congruo
1574 2678 1831 2729 quemque
1869 2667 2079 2717 studere

410 2733 683 2792 oportere:
729 2728 821 2776 sed
874 2730 1068 2778 multos
1118 2729 1356 2792 impediri
1404 2728 1761 2792 paternorum
1796 2731 2080 2792 imitatione

410 2790 725 2853 studiorum,
752 2795 935 2840 contra
964 2804 1121 2853 quam
1148 2790 1491 2840 ecclesiastici
1517 2791 1618 2839 viri
1646 2791 1858 2853 faciunt.
2018 2791 2080 2841 94

428 2852 602 2916 ηηϐΑιξ.
630 2853 787 2916 XLV.
816 2878 880 2888 —
899 2852 1221 2916 De’pulchro
1243 2858 1292 2902 et
1318 2855 1569 2912 honesto;
1601 2852 1725 2914 quid
1748 2855 1967 2903 sitinter
1994 2854 2081 2916 illa

416 2913 865 2978 diecriministam
885 2913 1024 2978 apud
1047 2917 1299 2978 profanos
1319 2922 1582 2973 auctores,
1610 2913 1767 2978 quam
1788 2929 1990 2965 sacros.
2019 2915 2083 2965 94

476 2975 607 3025 CAP.
640 2976 823 3026 XLVI.
853 2975 1260 3041 —‘Proponitur
1287 2979 1445 3027 biﬁda
1474 2975 1654 3041 decori
1695 2979 1887 3028 divisio
1912 2991 1923 3026 :
1973 2984 2084 3027 tum

411 3043 692 3149 postquam
738 3044 1012 3088 ostensum
1054 3045 1137 3088 est
1182 3041 1321 3103 quod
1370 3040 1661 3089 secundum
1701 3046 1940 3090 naturam
1984 3041 2081 3098 sit,

428 3107 723 3148 ‘onestum:
755 3102 897 3149 quod
935 3115 1109 3149 secus.
1152 3108 1302 3149 turne
1332 3102 1653 3149 censendum
1680 3115 1692 3149 :
1735 3103 1987 3149 exemnlis
2016 3103 2080 3149 il-

428 3107 723 3167 ionestum;
755 3102 897 3167 quod
935 3115 1131 3167 secus,
1152 3108 1302 3166 turpe
1332 3102 1653 3151 censendum
1680 3115 1692 3163 ;
1735 3103 1987 3167 exemplis
2016 3103 2080 3167 i7l-7-

415 3163 674 3226 luetratur
699 3164 810 3213 11ωο
841 3165 954 3226 ipsa
978 3165 1186 3213 divisio.
1238 3163 1255 3166 ⁷
1885 3163 1902 3167 ⁷
2021 3164 2085 3214 96

421 3240 427 3245 ·
477 3224 605 3274 CAP.
639 3224 934 3275 XLVIIC—
960 3227 1026 3277 Ut
1046 3228 1101 3275 in
1121 3228 1228 3276 vita
1250 3232 1429 3277 nostra
1449 3229 1646 3278 eluceat
1666 3226 1914 3278 decorum
1936 3227 2081 3285 illud,

421 3287 548 3351 quid
576 3292 830 3351 praestare
859 3303 957 3338 nos
989 3294 1243 3352 oporteat,
1274 3304 1474 3353 quosve
1506 3291 1770 3353 appetitus
1801 3292 2086 3401 refrenat?)

479 3413 608 3463 CAP.
639 3412 875 3463 XLVIII.
902 3440 967 3450 —
995 3416 1249 3479 Repetitio
1269 3416 1673 3479 compescenda
1696 3415 1983 3479 iracundia
2005 3428 2087 3463 ar-

414 3481 684 3540 gumento,
725 3480 830 3525 tres
869 3490 1050 3540 eorum
1070 3476 1183 3540 ‘qui
1219 3476 1553 3527 lacessimtur
1600 3478 1832 3540 injuriis,
1873 3478 2086 3527 ordines

417 3538 777 3603 explicantur;
829 3538 894 3588 ad
932 3538 1155 3601 quorum
1203 3538 1993 3603 perfectissimum'Apostolus
2025 3553 2087 3587 ac

418 3600 585 3664 David
632 3600 880 3649 dicuntur
928 3600 1269 3664 pervenisse:
1312 3604 1400 3652 ubi
1434 3616 1499 3652 ex
1536 3600 1814 3652 occasio—ne
1848 3602 2087 3664 quasdam

416 3662 583 3724 hujus
613 3676 673 3711 ac
701 3664 890 3712 futura
918 3662 1039 3713 vitae
1069 3666 1349 3715 traduntur
1384 3665 1703 3714 discrimina.
1863 3662 1880 3664 ⁷
2026 3664 2088 3713 98

428 3738 432 3742 ·
481 3725 820 3790 CAP.7XLIX.
846 3751 910 3762 —
932 3727 1028 3775 Hic
1053 3727 1366 3777 servandam
1387 3727 1441 3775 in
1460 3728 1612 3775 nobis
1634 3728 1888 3776 virtutum
1909 3727 2089 3790 imagi-

418 3799 558 3852 nem,
586 3786 779 3852 diaboli
807 3801 933 3852 vero
981 3794 1031 3837 et
1066 3791 1315 3839 vitiorum
1351 3790 1681 3848 eradendam,
1710 3802 1772 3839 ac
1808 3790 1863 3837 in
1898 3786 2088 3852 primis

418 3850 678 3914 avaritia}:
709 3862 827 3914 quis
858 3850 1145 3900 libertatem
1176 3854 1328 3901 nobis
1357 3852 1565 3914 adimit,
1597 3852 1864 3914 variisque
1900 3850 2087 3914 turba-7-

419 3912 1101 3979 toevanitatibus_iniagine
1130 3915 1222 3964 Dei
1252 3913 1460 3979 spoliat.
1557 3976 1601 3979 7_
1706 3976 1731 3979 7_
1778 3912 1796 3914 ⁷
1993 3913 2081 3979 101

484 3971 615 4040 CAP.
654 3973 716 4021 L.
750 3971 1065 4040 —_Levit'as_
1109 3989 1139 4025 a
1185 3971 1409 4040 terrenis
1449 3976 1822 4040 cupiditatibus
1867 3976 2090 4024 maxime

418 4032 622 4101 alienos
650 4047 769 4083 esse
798 4036 1001 4101 debere.
1034 4038 1161 4097 Qum
1191 4040 1297 4086 sint
1326 4032 1537 4088 illorum
1565 4041 1789 4089 virtutes
1818 4053 1881 4087 ex
1910 4041 2086 4101 Apos-

420 4095 566 4164 t_elo,_
584 4101 845 4158 quantave
874 4099 925 4148 in
954 4095 1085 4162 ipsis
1114 4101 1420 4164 castimonia
1450 4103 1782 4164 requiratur:
1823 4102 1944 4150 item
1957 4095 2090 4164 fquae

422 4157 656 4227 dignitas
676 4171 859 4209 eorum
886 4157 1318 4227 atquebfﬁcium,
1350 4164 1416 4212 ad
1443 4157 1582 4226 quod
1625 4165 1897 4227 primaria
1917 4157 2089 4227 virtu-

417 4221 507 4289 te_s'_
532 4221 639 4268 sint
666 4221 1215 4289 necessariis.7_ﬂasce
1250 4221 1477 4289 ignotas'
1497 4239 1603 4274 non
1625 4221 1808 4289 'fuisse
1849 4224 2088 4288 philoso-

419 4283 559 4345 phis,
589 4282 681 4331 sed
710 4284 770 4349 in
793 4285 987 4349 ordine
1005 4285 1124 4334 illos
1159 4282 1496 4349 pecc'avisse:
1542 4287 1791 4337 nonnulla
1833 4282 1952 4337 esse
1995 4300 2090 4335 na-

418 4347 865 4412 tura7secundum
909 4347 1307 4412 ofﬁcium,'qua:
1353 4351 1419 4399 ob
1457 4350 1708 4412 adjuncta
1747 4351 1872 4400 ﬁant
1906 4354 2093 4399 contra

424 4407 675 4476 9fﬁc7i7um,
703 4409 841 4457 unde
870 4410 1136 4476 colligitur
1169 4407 1390 4476 quantas
1428 4407 1579 4476 dotes
1606 4413 1835 4475 postulet
1864 4412 2093 4476 dignitas

424 4470 759 4538 Levitarum;
797 4485 914 4538 quis
945 4470 1495 4538 se'quitur'verborum
1525 4470 1727 4538 Mo—ysis
1769 4470 2092 4538 tribui'levif

423 4532 913 4597 ticgebenedicentis
933 4532 1208 4597 expositio.
1617 4532 1633 4538 ⁷
1999 4536 2089 4585 103

489 4594 699 4644 LIBER
731 4594 1115 4647 SECUNDUS.

488 4656 619 4725 CA_P_.
655 4658 693 4725 I7.
725 4685 787 4725 τ-
816 4659 1344 4725 Vitzebeatitudinem
1370 4660 1570 4725 acquiri
1590 4662 1879 4719 honestate,
1902 4661 2095 4723 quippe

425 4730 526 4779 qua
552 4719 888 4788 Christianus
914 4720 1134 4788 gloriam
1163 4730 1213 4773 et
1237 4719 1465 4788 favores
1490 4725 1772 4788 hominum
1817 4719 2089 4788 spernens,

427 4793 580 4847 opera
609 4794 703 4847 sua
733 4782 841 4847 Deo
862 4782 974 4847 soli
1002 4785 1205 4847 placere
1232 4786 1287 4834 in
1316 4787 1460 4835 votis
1488 4786 1656 4836 habet.
1844 4782 1862 4788 ⁷
2002 4784 2094 4834 109

489 4842 617 4916 CAP.
652 4844 715 4891 II.
739 4845 920 4916 Variae
959 4842 1396 4916 philosophorum
1430 4848 1494 4897 de
1529 4848 1847 4899 beatitudine
1881 4848 2091 4916 opinio-

426 4915 522 4950 nes
542 4915 571 4974 ;_
595 4917 706 4974 eam
735 4908 787 4953 in
817 4908 920 4974 _Dei
958 4908 1255 4973 cognitione
1283 4924 1344 4959 ac
1384 4912 1640 4959 bonorum
1673 4925 1888 4974 cperum
1915 4908 2091 4959 studio

426 4969 722 5041 consistere.
748 4969 973 5041 primum
1022 4969 1274 5041 probatur
1321 4986 1384 5021 ex
1433 4969 1753 5041 Evangelid:
1804 4979 1913 5023 tum
1945 4986 2093 5041 7ne7_a

425 5027 766 5100 philesophis;
793 5027 1038 5100 videatur
1073 5036 1171 5083 hoc
1209 5040 1491 5098 sumptum,
1522 5027 1897 5099 prophetarum
1938 5036 2090 5100 testi-7

423 5092 616 5138 moniis
635 5092 991 5142 conﬁrmatur.
1327 5092 1345 5098 ⁷
1480 5092 1484 5094 ⁷
1522 5092 1540 5098 ⁷
1623 5092 1639 5099 ⁷
1999 5098 2091 5146 110

488 5151 752 5227 CAP._77III.
785 5180 849 5227 -_—-
888 5156 1050 5227 Petita
1087 5173 1113 5227 e
1152 5158 1441 5227 Scripturis
1480 5160 1816 5227 beatitudinis
1859 5160 2091 5209 deﬁnitio

424 5216 753 5287 cxpenditur,
784 5216 1289 5287 demonstraturquef
1308 5223 1434 5271 nihil
1478 5224 1583 5284 ipsi
1619 5224 1704 5287 vel
1742 5229 1957 5287 propter
1993 5236 2090 5287 ex:

421 5282 572 5357 terna
593 5279 729 5357 bona
750 5280 1011 5357 accedere,
1030 5282 1112 5330 vel
1129 5279 1378 5333 decedere
1388 5279 1605 5357 propter
1620 5279 1980 5357 imcomnioda.
1999 5283 2094 5357 112

485 5338 627 5414 CAP.7
648 5341 737 5414 IV_.
759 5369 822 5378 —
851 5338 1410 5414 Idom'argumentmn:
1433 5338 1633 5397 scilicet
1666 5350 1827 5399 rebus
1856 5348 2092 5414 externis

423 5415 532 5475 non
553 5406 724 5475 minui
755 5419 924 5469 neque
952 5406 1134 5471 augeri
1162 5408 1556 5469 beatitudinem,
1578 5418 1813 5461 veterum
1839 5409 2092 5475 exemplie

421 5465 735 5516 illustratur.
838 5465 856 5469 ⁷
1025 5465 1051 5471 ⁷
1544 5465 1552 5469 ⁷
1990 5465 2094 5520 ⁷113

486 5529 632 5598 CAP._
645 5530 709 5598 V.
726 5556 791 5567 —
806 5532 940 5598 Quos
957 5536 1211 5595 putantur
1225 5533 1378 5594 bona,
1399 5532 1705 5598 plerumque
1724 5534 2092 5598 impedimento

396 5602 543 5659 ‘esse
570 5592 636 5639 ad
663 5591 865 5659 beatam
893 5591 1081 5644 vitam:
1118 5601 1169 5644 et
1195 5610 1314 5659 quas
1342 5591 1493 5656 mala,
1532 5591 1815 5647 materiam'
1828 5611 1950 5648 esse
1978 5597 2092 5659 vir:

422 5656 617 5722 tutum:
642 5657 784 5722 quod
806 5658 1144 5722 beatitudinis
1156 5656 1226 5709 ac
1231 5659 1349 5709 aliis
1362 5659 1613 5722 exemplis
1632 5662 1987 5709 conﬁrmatur.
2004 5656 2095 5708 I14

486 5715 616 5765 CAP.
649 5717 738 5765 VI.
778 5743 840 5784 —_
869 5721 943 5784 De
972 5720 1095 5784 utili
1116 5736 1221 5770 non
1262 5715 1566 5784 quaastuoéo
1593 5722 1703 5781 illo,
1745 5723 1838 5771 sed
1866 5722 2016 5784 justo
2045 5724 2097 5784 et

421 5778 663 5851 honesto,
694 5782 834 5840 quod
874 5778 1604 5851 etiam_damnis'qua:ritur:
1641 5778 1703 5836 ac
1742 5778 2096 5851 dividitur}!

423 5839 548 5892 utile
577 5839 890 5905 corporeum
920 5849 969 5896 et
996 5845 1225 5909 pietatis.
1328 5839 1345 5848 ⁷
2002 5844 2096 5897 116

1837 285 2070 357 ORDO
2117 286 2446 358 RERUM.

3695 288 3854 357 1596

2243 486 2372 536 CAP.
2405 487 2520 535 VII.
2552 510 2612 524 —
2635 486 2920 536 Utilitatem
2948 487 3082 535 idem
3109 499 3229 535 esse
3262 499 3322 534 ac
3340 486 3698 545 honestatem;
3726 485 3853 532 nihil

2181 556 2353 598 autem
2383 548 2562 597 utilius
2593 549 2882 608 dilectione,
2923 563 3040 611 qua:
3084 548 3499 605 mansuetudine,
3530 548 3851 604 affabilitate,

2180 612 2538 667 beneﬁcentia,
2555 611 2760 673 justitia
2779 613 3002 673 aliisque
3030 612 3314 659 virtutibus
3334 616 3670 672 comparatur
3698 624 3856 671 :que-

2176 674 2510 722 madmodum
2542 688 2604 720 ex
2649 674 2848 736 Moysis
2895 680 3050 736 atque
3081 674 3294 721 Davidis
3323 673 3546 720 historia
3578 673 3735 720 datur
3768 674 3855 719 in-

2176 736 2337 799 telligi
2368 750 2380 785 :
2415 740 2683 797 postremo
2709 742 2758 784 et
2788 750 2814 783 e
2857 737 3136 784 dilectione
3168 736 3321 784 ﬁdem
3351 736 3518 791 nasci,
3569 741 3620 782 et
3662 747 3857 799 rursus

2176 812 2203 846 e
2234 796 2334 845 ﬁde
2363 796 2708 846 dilectionem.
3767 796 3859 845 118

2237 859 2368 908 CAP.
2403 860 2545 908 VIII.
2575 885 2634 897 —
2667 859 2807 908 Nihil
2834 860 2899 908 ad
2928 859 3308 910 conciliandam
3336 859 3557 923 gratiam
3577 857 3751 922 magis
3776 871 3860 906 va-

2178 922 2281 970 lere
2316 936 2471 983 quam
2517 923 2780 971 consilia:
2815 923 2906 970 sed
2955 926 3034 971 eis
3075 922 3529 984 confidere'posse
3575 923 3856 977 neminem,

2178 984 2282 1032 nisi
2309 985 2516 1046 justitia
2545 986 2777 1047 nitantur
2822 998 2883 1033 ac
2916 986 3191 1047 prudentia
3221 999 3234 1035 :
3266 989 3519 1046 quantum
3554 987 3733 1047 autem
3777 985 3857 1031 hae

2178 1047 2294 1095 dua)
2312 1044 2544 1095 virtutes
2573 1046 2834 1095 eluxerint
2862 1044 2934 1095 in'
2952 1046 3248 1104 Salomone,
3278 1044 3341 1094 ex
3369 1047 3542 1108 ipsius
3573 1044 3855 1108 celeberri-

2179 1122 2263 1157 mo
2288 1108 2490 1171 judicio
2520 1109 2691 1171 palam
2719 1110 2848 1157 ﬁeri.
3230 1170 3233 1171 7
3336 1170 3342 1171 7
3388 1106 3406 1108 ⁷
3768 1106 3853 1156 121

2242 1171 2373 1220 CAP.
2404 1172 2488 1220 IX.
2518 1170 2582 1207 4'—
2604 1172 2856 1228 Quamvis
2887 1171 3170 1221 individuis
3192 1170 3299 1218 sint
3319 1170 3531 1233 justitia
3554 1173 3715 1231 atque
3738 1184 3862 1232 pru-

2179 1234 2371 1291 dentia,
2404 1234 2556 1297 vulgi
2582 1238 2751 1282 tamen
2779 1234 3073 1283 cardinales
3103 1236 3327 1283 virtutes
3362 1233 3742 1296 distinguentis
3774 1233 3859 1297 in:

2179 1297 2334 1360 genio
2369 1292 2705 1360 serviendum
2735 1309 2871 1360 esse.
2977 1359 2982 1360 7
3448 1356 3460 1360 _
3531 1292 3571 1360 '7
3768 1292 3860 1360 1μὲ

2242 1358 2370 1406 CAP.
2403 1359 2464 1407 X.
2502 1384 2560 1395 —
2592 1356 2820 1407 Salutem
2851 1359 2986 1421 justi
3016 1360 3119 1407 viri
3147 1370 3317 1421 quam
3328 1356 3608 1419 prudentis
3634 1356 3860 1421 consilio

2180 1421 2347 1483 magis
2364 1421 2617 1468 committi
2642 1436 2652 1468 :
2686 1434 2804 1468 eum
2832 1420 3006 1469 autem
3041 1420 3497 1483 quijustitiamac
3522 1420 3862 1483 prudentiam

2178 1484 2230 1530 in
2260 1481 2318 1530 se
2351 1483 2707 1544 conjunxerit,
2741 1483 2804 1531 ab
2851 1481 3101 1531 omnibus
3145 1483 3316 1544 expeti
3351 1481 3547 1542 solere;
3579 1482 3862 1544 hujusrei

2178 1543 2471 1608 exemplum
2518 1547 2687 1593 fuisse
2718 1549 2828 1592 tum
2857 1543 3436 1608 Salomonem,’de_quo
3465 1545 3633 1608 verba
3659 1543 3861 1608 regina

2180 1605 2346 1656 Saba!
2363 1613 2714 1669 exponuntur;
2746 1612 2857 1655 tum
2888 1608 3195 1668 Josephum,
3229 1611 3277 1653 et
3305 1605 3590 1669 Danielem.
3669 1667 3677 1669 7
3730 1605 3744 1607 ⁷
3768 1606 3861 1655 123

2240 1669 2369 1717 CAP.
2404 1667 2487 1717 XI.
2517 1694 2575 1706 —
2602 1669 2775 1717 Tertia
2804 1667 3035 1717 conditio
3078 1683 3195 1730 qua:
3222 1669 3286 1717 ad
3321 1668 3478 1715 ﬁdem
3524 1667 3859 1730 alicuicon-

2177 1731 2456 1780 ciliandam
2499 1731 2654 1791 valet,
2693 1733 2747 1779 in
2790 1731 2999 1794 Moyse,
3032 1729 3244 1780 Daniele
3283 1742 3345 1778 ac
3370 1730 3606 1792 Josepho
3636 1729 3858 1794 fulsisse

2182 1794 2496 1842 ostenditur.
2887 1792 2896 1794 ⁷
3768 1792 3859 1841 1ῧ

2240 1856 2373 1904 CAP.
2406 1856 2520 1905 XII.
2551 1880 2611 1893 -
2644 1856 2913 1904 Neminem
2958 1855 3023 1904 ab
3064 1855 3273 1905 homine
3321 1855 3464 1903 vittis
3505 1855 3858 1903 contaminato

2179 1919 2458 1981 consilium
2487 1930 2733 1980 poscere:
2768 1932 2862 1967 nec
2891 1931 3084 1967 rursus
3117 1932 3148 1967 a
3176 1929 3390 1981 moroso
3421 1923 3472 1965 et
3502 1917 3733 1975 difﬁcili;
3765 1916 3860 1981 sed

2177 1982 2241 2030 ab
2271 1994 2331 2029 eo
2361 1978 2666 2042 cuiusmodi
2697 1981 2962 2042 exemplar
2989 1981 3241 2028 habemus
3270 1980 3325 2026 in
3354 1980 3666 2042 Scripturis.
3771 1978 3862 2027 126

2242 2043 2371 2091 CAP.
2403 2043 2539 2091 XIII.
2575 2068 2634 2080 —
2663 2043 2941 2092 Declarata
2989 2044 3183 2091 divinis
3229 2042 3544 2090 testimoniis
3591 2042 3861 2104 sapientia

2178 2106 2583 2169 pulchritudine,
2628 2106 2693 2153 ad
2721 2106 3046 2167 probandam
3075 2106 3195 2167 ejus
3244 2116 3364 2152 cum
3410 2103 3705 2153 virtutibus
3743 2103 3861 2169 aliig

2182 2165 2503 2225 societatem,
2535 2165 2739 2215 transit
2757 2169 2942 2216 oratio.
3107 2165 3118 2167 ⁷
3772 2165 3864 2214 127

2245 2230 2376 2278 CAP.
2410 2229 2545 2278 XIV.
2570 2253 2628 2267 —
2647 2229 2983 2279 Prudentiam
3002 2242 3121 2278 cum
3152 2231 3396 2280 omnibus
3424 2229 3717 2278 virtutibus
3733 2242 3862 2276 con-

2174 2293 2413 2356 junctam
2431 2306 2578 2356 esse,
2610 2292 2830 2356 maxime
2863 2306 2988 2356 vero
3014 2305 3135 2340 cum
3161 2305 3321 2356 opum
3349 2293 3710 2356 despicientia.
3772 2290 3863 2338 127

2242 2355 2371 2403 CAP.
2403 2355 2511 2402 XV.
2553 2377 2612 2392 --
2661 2354 2735 2402 De
2779 2354 3100 2403 liberalitate.
3146 2354 3471 2412 Quibusnam
3522 2355 3862 2416 potissimum

2181 2418 2550 2479 impartienda:
2580 2422 2630 2465 et
2659 2429 2760 2478 qua
2789 2419 2988 2465 ratione
3016 2417 3154 2465 illam
3183 2418 3439 2466 tenuioris
3466 2429 3669 2464 census
3696 2419 3823 2464 hom
3840 2438 3864 2454 -

2180 2478 2276 2528 nes
2298 2492 2453 2542 opera
2483 2483 2534 2527 et
2553 2479 2792 2527 consiliis
2822 2486 3118 2528 exerceant.
3505 2541 3508 2542 7
3772 2478 3862 2527 123

2244 2541 2373 2592 CAP.
2411 2542 2546 2590 XVI.
2577 2566 2636 2578 --
2660 2542 2871 2590 Modum
2892 2544 2944 2590 in
2967 2542 3268 2591 liberalitate
3288 2541 3629 2599 servandum,
3656 2555 3723 2589 ne
3744 2554 3863 2604 pro-

2182 2606 2436 2669 fundatur
2465 2606 2522 2669 in
2569 2605 2818 2667 indignos
2855 2606 2994 2669 quod
3037 2606 3370 2669 dignioribus
3419 2606 3711 2669 debentur;
3757 2616 3861 2651 non

2184 2673 2357 2716 tamen
2385 2667 2542 2714 nimis
2564 2680 2718 2729 parce
2746 2679 2807 2715 ac
2834 2667 3008 2715 timide
3037 2667 3415 2716 ministrandas
3444 2667 3811 2727 eleemosynas
3846 2681 3859 2716 :

2185 2729 2276 2777 sed
2307 2730 2616 2777 imitandum
2641 2730 2847 2777 beatum
2878 2730 3092 2791 Joseph,
3123 2730 3281 2792 cujus
3304 2729 3585 2792 prudentia
3611 2729 3861 2792 prolixio-

2184 2793 2335 2840 ribus
2369 2792 2547 2839 verbis
2573 2792 2989 2841 commendatur.
3008 2790 3021 2791 ⁷
3194 2790 3205 2792 ⁷
3305 2790 3323 2792 ⁷
3614 2790 3629 2792 ⁷
3775 2790 3863 2840 130

2246 2855 2378 2903 CAP.
2401 2854 2561 2902 XVII.
2599 2880 2662 2889 —
2694 2855 2835 2911 Quas
2862 2856 3093 2902 virtutes
3121 2855 3175 2902 in
3214 2868 3275 2902 eo
3312 2867 3469 2916 quem
3497 2852 3858 2916 consulamus,

2186 2916 2237 2964 in
2272 2930 2390 2964 esse
2419 2921 2684 2978 Oporteat;
2714 2924 2766 2964 et
2796 2929 2896 2978 qua
2925 2918 3123 2965 ratione
3152 2914 3558 2978 iisdeniJoseph
3576 2930 3641 2964 ac
3668 2914 3858 2963 Paulus

2187 2979 2354 3026 ornati
2382 2979 2574 3025 fuerint
2593 2978 2616 3025 ?
3773 2978 3859 3026 134

2249 3041 2378 3089 CAP.
2412 3040 2601 3103 XVIII.
2631 3065 2691 3077 —
2719 3039 2981 3098 Quantum
3024 3041 3187 3103 iniqui
3234 3040 3528 3090 consiliarii
3556 3040 3735 3087 damni
3782 3043 3859 3086 af-

2187 3104 2371 3167 ferant,
2407 3102 2641 3165 exemplo
2661 3104 2871 3167 77decem
2898 3102 3131 3152 tribuum
3174 3117 3205 3152 a
3232 3118 3356 3167 rege
3392 3104 3630 3152 Rohoam
3657 3103 3858 3167 cisseis:

2187 3166 2416 3214 centium
2444 3171 2525 3213 sat
2552 3164 2787 3228 intelligi.
3296 3164 3318 3167 ⁷
3672 3227 3680 3228 7
3726 3164 3863 3228 7713‘:

2250 3229 2380 3277 CAP.
2412 3228 2544 3276 XIX.
2591 3253 2655 3263 —
2703 3227 2917 3277 Justitia
2966 3233 3016 3275 et
3060 3227 3421 3277 benevolentia
3465 3234 3519 3275 et
3563 3227 3863 3276 aﬂhbilitate

2188 3290 2448 3354 plurimos
2473 3290 2745 3354 conciliari
2769 3302 2790 3354 7:7
2823 3292 2916 3339 sed
2943 3290 3074 3354 hanc
3101 3291 3358 3340 sinceram
3377 3305 3499 3339 esse
3527 3290 3739 3354 debere.
3776 3287 3864 3354 1375

2252 3352 2381 3401 CAP.
2412 3353 2516 3400 XX.
2538 3378 2602 3388 —
2624 3353 2881 3401 Omnibus
2902 3353 3125 3416 multum
3145 3354 3400 3416 prodesse
3428 3355 3697 3401 bonorum
3722 3352 3862 3416 ςφᾶς

2190 3414 2479 3473 liaritatem,
2511 3416 2733 3463 maxime
2770 3429 2898 3463 vero
2926 3414 3346 3464 adolescentibus
3380 3431 3392 3462 :
3421 3417 3523 3463 hoc
3561 3416 3694 3463 Jesu
3723 3414 3863 3462 Nave

2189 3492 2249 3525 ac
2278 3478 2463 3539 Moysi,
2514 3478 2734 3539 aliisque
2774 3478 3026 3540 exemplis
3064 3479 3277 3540 probari
3306 3493 3318 3527 :
3351 3479 3545 3539 quibus
3579 3477 3863 3537 subjicitur

2190 3541 2281 3601 qui
2308 3546 2457 3588 aetate
2487 3547 2610 3587 sunt
2639 3542 2895 3603 dispares,
2937 3542 3129 3603 virtute
3157 3542 3416 3589 interdum
3455 3553 3613 3602 pares
3642 3543 3862 3603 essent

2192 3599 2378 3651 Petrus
2406 3616 2468 3651 ac
2500 3599 2742 3651 Joannes
2761 3602 3094 3665 patefaciunt.
3455 3599 3474 3602 ⁷
3522 3664 3529 3665 7
3600 3664 3603 3665 7
3775 3599 3863 3665 137

2254 3666 2383 3714 CAP.
2420 3666 2551 3715 XXI.
2581 3690 2643 3700 --
2668 3664 2956 3713 Plurimum
2977 3670 3153 3713 vatere
3174 3665 3239 3714 ad
3264 3664 3786 3722 commendationem,
3818 3664 3861 3709 si

2192 3727 2438 3791 defendas
2467 3729 2725 3786 inﬁrmos,
2776 3734 2865 3776 aut
2908 3730 3219 3791 peregrinos
3266 3729 3550 3791 suscipias,
3605 3725 3861 3791 similiave

2192 3790 2362 3838 ofﬁcia
2391 3791 2655 3847 exhibeas,
2700 3795 2752 3838 et
2787 3791 2887 3838 hoc
2929 3789 3151 3838 maxime
3189 3791 3323 3839 viris
3350 3789 3613 3853 probatis.
3650 3789 3750 3837 Ubi
3777 3790 3859 3853 in-

2186 3853 2328 3914 jecta
2351 3854 2597 3917 avaritia
2627 3853 3030 3915 vituperatione,
3061 3851 3399 3915 potissimum
3437 3853 3793 3917 prodigalitas
3813 3851 3863 3917 in

2193 3912 2557 3978 sacerdotibus
2586 3912 2926 3978 improbatur.
3062 3912 3079 3915 ⁷
3438 3912 3456 3915 ⁷
3600 3912 3622 3917 ⁷
3778 3912 3863 3961 138

2255 3977 2386 4025 CAP.
2419 3977 2576 4026 XXII.
2608 3977 2673 4014 -'
2721 3979 2935 4026 Modum
2982 3978 3119 4025 inter
3151 3978 3364 4026 nimiam
3410 3978 3781 4026 remissionem
3805 3987 3864 4023 ac

2195 4040 2525 4087 severitatem
2570 4054 2689 4088 esse
2743 4040 3104 4100 statuendum;
3154 4053 3246 4088 eos
3300 4042 3438 4087 enim
3484 4040 3577 4101 qui
3629 4041 3865 4101 aﬁ'ectata

2193 4103 2508 4149 remissione
2549 4102 2604 4149 in
2633 4103 2857 4150 aliorum
2883 4098 3098 4150 animos
3131 4103 3365 4164 irrepere
3392 4098 3704 4158 moliuntur,
3735 4098 3865 4164 soli-

2194 4165 2318 4211 dum
2353 4177 2414 4227 ac
2461 4165 2770 4213 duraturum
2820 4165 2945 4212 nihil
2985 4163 3290 4226 consequi:
3321 4165 3461 4227 quod
3511 4163 3867 4227 Abessalonis

2195 4226 2488 4288 exemplum
2517 4228 2646 4275 satis
2676 4228 2923 4285 ostendit.
3167 4224 3182 4226 ⁷
3338 4224 3355 4227 ⁷
3780 4224 3866 4274 141

2258 4289 2388 4338 CAP.
2423 4290 2604 4337 XXIII.
2636 4314 2698 4327 —
2733 4291 2929 4337 Eorum
2956 4290 3047 4351 qui
3078 4288 3162 4338 vel
3193 4291 3411 4351 pecunia
3437 4289 3518 4337 vel
3549 4288 3754 4337 ambitu
3782 4302 3868 4351 re:

2196 4351 2389 4413 dempti
2422 4352 2632 4409 fuerint,
2665 4353 2858 4400 ﬁuxam
2883 4349 3038 4399 ﬁdem
3068 4349 3209 4400 esse:
3742 4412 3749 4413 7
3779 4349 3872 4398 1ιῖ

2259 4412 2389 4463 CAP.
2421 4414 2600 4462 XXIV.
2636 4439 2697 4452 --
2728 4414 2890 4462 Bonis
2936 4415 3140 4462 artibus
3185 4415 3251 4462 ad
3293 4416 3523 4463 honores
3574 4412 3870 4468 nitendum,

2196 4477 2416 4524 maxime
2447 4477 2835 4524 ecclesiasticos
2868 4489 2879 4523 :
2911 4477 3154 4538 adeptum
3197 4491 3322 4524 vero
3370 4490 3565 4525 munus
3607 4477 3873 4523 moderate

2195 4552 2255 4586 ac
2285 4540 2545 4601 sapienter
2571 4540 3061 4587 administrandum.
3097 4540 3205 4587 Nec
3238 4540 3517 4587 inferiores
3544 4541 3763 4586 ordines
3794 4539 3868 4583 si-

2196 4601 2409 4665 mulatis
2438 4602 2724 4665 virtutibus
2754 4602 3002 4665 episcopo
3033 4602 3304 4665 derogare,
3355 4615 3450 4649 nec
3498 4602 3623 4648 item
3656 4602 3870 4665 episco-

2197 4676 2320 4725 pum
2350 4663 2474 4710 cleri
2504 4664 2734 4711 invidum
2765 4677 2884 4711 esse
2917 4664 3123 4721 debere,
3155 4663 3245 4711 sed
3266 4666 3476 4726 justum
3514 4666 3570 4711 in
3599 4664 3870 4726 omnibus,

2197 4731 2349 4786 atque
2377 4726 2680 4787 comprimis
2704 4728 2756 4773 in
2781 4726 3089 4786 judicando.
3276 4724 3284 4726 ⁷
3780 4724 3873 4772 1-13

2260 4788 2389 4836 CAP.
2422 4788 2576 4836 XXV.
2606 4815 2669 4823 —
2699 4787 2955 4837 Beneﬁcia
2984 4791 3035 4835 in
3065 4801 3321 4850 pauperes
3344 4790 3522 4850 potius
3551 4790 3871 4836 conferenda

2196 4862 2353 4910 quam
2382 4851 2435 4897 in
2480 4853 2695 4907 divites;
2728 4854 2826 4898 hos
2854 4853 2991 4898 enim
3026 4858 3117 4897 aut
3159 4856 3435 4912 quasnam
3480 4866 3511 4898 a
3540 4865 3598 4898 se
3630 4851 3871 4899 beneﬁcii

2197 4914 2362 4976 vicem
2391 4917 2592 4973 putare,
2614 4919 2724 4960 .aut
2753 4914 3016 4976 indignari
3058 4917 3199 4973 quod
3247 4915 3527 4961 videantur
3570 4915 3693 4960 hinc
3746 4914 3871 4960 facti

2196 4974 2494 5033 debitores;
2526 4987 2783 5037 pauperes
2811 4974 2942 5023 vo'ro
2976 4980 3026 5022 et
3053 4977 3338 5024 debitorem
3367 4989 3469 5037 pro
3504 4989 3563 5023 se
3592 4977 3761 5023 Deum
3784 4976 3866 5036 ip-

2196 5049 2316 5102 sum
2360 5041 2787 5102 constituere,_et
2831 5037 3052 5102 libenter
3079 5046 3286 5101 accepta
3315 5039 3566 5102 beneﬁcia
3606 5037 3865 5102 conﬁteri.

2195 5100 2397 5163 Quibus
2431 5101 2640 5148 additur
2666 5100 2730 5148 ad
2760 5100 2993 5162 pecunia
3019 5098 3372 5163 contemptum
3393 5100 3706 5149 adhortatio.
3778 5098 3866 5163 144

2259 5161 2387 5209 CAP.
2418 5163 2605 5219 XXVI,
2628 5186 2688 5200 -
2718 5165 2883 5219 Quam
2906 5168 3058 5210 vetus
3086 5161 3280 5212 malum
3308 5164 3379 5210 sit
3417 5164 3657 5217 avaritia.
3689 5161 3867 5210 multis

2196 5224 2403 5273 Veteris
2433 5225 2750 5273 'I‘estamenti
2780 5225 3030 5287 exemplis
3058 5224 3256 5273 clarum
3283 5237 3437 5286 esse;
3467 5227 3697 5288 hincque
3723 5237 3865 5288 prae:-

2197 5292 2334 5350 terea
2362 5293 2535 5348 patere
2564 5300 2718 5348 quam
2750 5285 3009 5337 inanis’sit
3033 5289 3373 5349 pecuniarum
3399 5285 3697 5350 possessio.
3726 5285 3739 5287 ⁷
3776 5285 3865 5334 145

2259 5349 2389 5397 CAP.
2423 5350 2630 5399 XXVII.
2659 5376 2722 5386 -
2751 5351 2809 5398 In
2843 5354 3078 5411 pecuniae
3104 5349 3410 5412 contemptu’
3428 5351 3609 5399 inesse
3645 5353 3867 5412 formam

2193 5411 2416 5474 justitise
2441 5426 2452 5457 :
2484 5425 2639 5473 quam
2668 5410 2919 5461 virtutem
2942 5424 3039 5460 nec
3070 5425 3175 5461 non
3204 5410 3334 5461 alias
3365 5413 3647 5460 nonnullas
3676 5410 3867 5459 sectari

2197 5474 2385 5521 debent
2430 5480 2533 5522 tam
2575 5475 2752 5522 clerici
2781 5487 2936 5535 quam
2985 5474 3246 5522 antistites
3279 5490 3290 5522 :
3323 5475 3411 5523 ubi
3438 5475 3775 5537 potissimum
3803 5474 3869 5537 d9

2196 5549 2302 5599 non
2331 5538 2542 5584 ferenda
2571 5534 2957 5599 praecipitanter
2983 5534 3537 5586 excommunicatione.
3776 5534 3866 5585 ιη

2260 5598 2391 5662 CAP.
2423 5598 2658 5649 XXVIII.
2675 5625 2740 5635 -—-
2760 5600 3175 5648 Misericordiam
3202 5599 3354 5648 etiam
3381 5612 3503 5648 cum
3521 5599 3724 5648 invidia
3752 5610 3869 5662 prp-

2196 5661 2309 5724 pria
2341 5660 2542 5725 largius
2573 5664 2916 5711 exercendam
2950 5677 2961 5710 :
2992 5663 3056 5711 ad
3092 5664 3230 5724 quod
3261 5664 3485 5710 refertur
3512 5660 3869 5711 memorabilis

2196 5736 2447 5788 vasorum
2481 5738 2755 5773 sacrorum
2783 5726 2837 5773 in
2858 5726 3186 5788 captivorum
3212 5726 3622 5788 redemptionem
3650 5728 3720 5774 ab
3735 5728 3865 5774 Am-

2196 5785 2377 5851 brosio
2413 5788 2698 5836 fractorum
2726 5785 2962 5846 historia,
2995 5793 3044 5837 et
3076 5785 3422 5851 pulcherrima
3449 5789 3514 5836 de
3547 5789 3665 5840 auri
3696 5793 3747 5836 et
3774 5799 3867 5836 ar-

2198 5849 2343 5916 genti
2371 5862 2489 5915 quae
2526 5850 2761 5903 Ecclesia
2785 5852 3039 5917 possidet,
3071 5849 3301 5921 legitimo
3333 5863 3435 5903 usu
3462 5851 3865 5919 praecipiuntur.
