4162 6192
363 342 514 409 1601

360 545 650 608 monstrato
680 542 1057 608 non_majorem
1078 544 1131 592 in
1153 544 1266 608 ipsa
1283 544 1605 608 fortitudinis
1628 558 1781 607 quam
1807 544 2028 608 pruden-

360 605 444 668 tiae
472 603 673 668 laudem
706 603 943 665 emicare,
974 603 1187 655 summa
1202 607 1320 668 ejus
1350 607 1403 654 in
1435 611 1575 656 tanto
1607 603 1892 656 successsu
1921 621 2028 655 mo-

363 666 526 713 destia
561 665 867 715 declaratur.
1231 665 1246 668 ⁷
1938 670 2030 720 2’38

422 728 553 776 CAP.
584 729 723 793 \j'llI.
759 757 821 764 —
852 729 1034 778 Plures
1055 730 1182 778 alias
1205 731 1390 780 viduas
1415 746 1532 793 quae
1555 733 1744 780 virtute
1765 731 1828 780 ad
1848 732 2027 780 Judith

359 791 695 846 accesserint,
729 793 994 840 exstitisse
1012 793 1079 840 ait
1100 794 1182 840 vir
1203 791 1446 849 sanctus,—
1466 801 1517 842 at
1553 795 1614 842 de
1647 795 1757 842 sola
1787 795 2028 842 Debbora

360 865 498 917 nunc
527 866 584 899 se
617 853 895 902 dicturum.
935 856 1139 912 Quanta
1165 856 1471 904 documenta
1505 857 1679 905 viduis
1713 871 1770 905 ea
1797 856 2024 917 relique-

357 915 444 968 rit,
476 917 762 981 quam_viri
791 929 818 963 a
855 931 953 978 qua
995 922 1298 980 regerentur
1347 919 1867 981 defenderenturque,
1912 915 2024 966 ele-

357 977 884 1043 geru_nt.hMaximam
906 977 1112 1040 quoque
1139 981 1278 1028 illius
1297 979 1532 1043 gloriam
1565 981 1682 1030 inde
1711 977 1994 1043 profectam
2012 1019 2024 1037 ,

357 1037 496 1105 quod
527 1037 687 1105 tilium
717 1054 746 1088 a
776 1055 833 1105 se
867 1037 1198 1105 informatum
1231 1037 1364 1091 bello
1398 1037 1726 1105 przefecerit;
1739 1045 1824 1092 hic
1853 1048 2024 1091 autem

357 1101 556 1167 copias,
589 1102 690 1149 nisi
729 1103 936 1167 adesset
966 1103 1068 1159 illa,
1107 1106 1373 1167 negaverit
1398 1101 1517 1153 sese
1548 1106 1844 1154 ducturum.
1897 1107 2024 1154 Eam

357 1163 516 1224 igitur
534 1169 600 1229 _et
633 1166 881 1229 exercitui
915 1163 1200 1226 praefuisse
1238 1173 1286 1214 et
1332 1169 1715 1229 praenuntiasse
1753 1167 1872 1216 belli
1909 1168 2022 1215 exi-

355 1229 496 1292 tum;
532 1225 583 1272 in
613 1239 715 1292 qua
745 1225 993 1292 Ecclesia)
1021 1243 1211 1292 pugnm
1239 1243 1299 1277 ac
1329 1225 1592 1292 triumphi,
1626 1244 1827 1279 necnon
1859 1231 2019 1292 spiri-

353 1287 472 1335 talia
500 1299 644 1336 arma
673 1288 942 1351 designata
979 1287 1134 1338 sunt‘:
1169 1291 1418 1340 historice
1450 1287 1574 1340 vero
1605 1293 1810 1341 feminis
1841 1287 2023 1341 omnes

354 1351 664 1397 auferuntur
696 1352 1012 1400 infirmitatis
1041 1355 1421 1402 excusationes.
1932 1353 2024 1403 260

418 1411 548 1476 CAP.
576 1413 660 1459 IX.
695 1440 758 1448 —
788 1415 979 1462 Earum
1005 1429 1121 1476 quae
1156 1415 1467 1472 dictitarent,
1499 1417 1597 1465 sibi
1622 1417 1807 1465 melius
1837 1419 1943 1466 fore
1978 1418 2024 1464 si

353 1471 486 1540 lectis
517 1475 853 1540 successibus
883 1471 1220 1535 abundarent,
1253 1471 1534 1540 objectibni
1566 1481 1813 1535 occurrit,
1850 1485 2022 1527 osten-

353 1535 483 1583 dens
513 1550 539 1605 e
569 1539 735 1586 sacris
771 1539 983 1605 Litteris
1014 1541 1250 1588 subsidia
1275 1535 1449 1605 viduis
1471 1542 1524 1589 in
1554 1542 1684 1605 filiis
1711 1543 2022 1605 generisque

355 1604 629 1662 suppetere
649 1611 659 1646 :
689 1600 828 1660 quod
864 1607 1141 1662 postquam
1166 1604 1400 1662 exemplo
1423 1618 1613 1652 socrus
1636 1600 1866 1653 Simonis
1888 1600 2019 1653 con-

354 1659 614 1728 firmatum
641 1659 744 1718 est,
781 1659 880 1711 eos'
897 1659 1140 1728 hortatur
1171 1672 1224 1713 ut
1267 1659 1332 1713 ad
1365 1666 1634 1727 apostolos
1677 1672 1921 1728 tanquam
1956 1667 2020 1716 ad

352 1723 622 1783 proximos
652 1728 806 1790 atque
856 1723 1413 1790 aftlnesiconfugianti
1457 1728 1544 1776 ubi
1587 1723 1932 1790 pulcherrime
1957 1730 2020 1778 de

354 1790 656 1853 sanctorum
689 1785 1015 1853 invocatione
1045 1785 1275 1837 disserit.
1303 1785 1505 1850 Postea,
1537 1785 1879 1853 querimoniis
1909 1793 2020 1852 qui-

351 1846 568 1914 busdam
602 1847 662 1894 de
683 1848 972 1914 solitudine
1005 1865 1064 1899 ac
1100 1854 1392 1914 patrimonii
1422 1846 1769 1902 conscrvandi
1794 1846 2020 1902 necessi-

350 1914 450 1956 tate
481 1910 743 1966 rel'utatis,
770 1910 1251 1962 indecentissimum
1296 1929 1412 1963 esse
1458 1916 1778 1964 demonstrat
1807 1916 2018 1965 viduam

350 1971 568 2039 cui_filize
579 1972 693 2039 jam
711 1973 914 2039 nubiles
933 1980 1021 2039 aut
1037 1976 1147 2038 jam
1169 1985 1341 2039 nupta:
1365 1979 1486 2035 sint,
1505 1978 1672 2026 adhuc
1692 1977 1902 2026 nubere.
1926 1978 2020 2030 963

412 2032 542 2100 CAP_.
578 2035 636 2100 X.
667 2061 732 2071 —-
757 2037 837 2100 Ad
856 2032 1123 2100 Christum
1146 2032 1294 2096 redit,
1313 2032 1744 2100 cujus-summam
1761 2041 1811 2088 in
1833 2041 2020 2090 adeun-

349 2091 432 2162 dis
463 2096 1022 2162 miserisﬂquibuslibct
1052 2091 1422 2162 benignitatem
1450 2103 1686 2158 laudans,
1733 2115 1843 2151 eam
1888 2117 2016 2152 oeu-

348 2154 645 2235 iisdnostris
678 2154 944 2235 Evangelii
980 2154 1551 2235 beneflc'io‘subjectam
1593 2154 1732 2213 dicit.
1765 2165 1876 2235 Sub
1905 2167 2018 2214 hmo

348 2223 552 2277 varias,
603 2223 792 2282 quibus
833 2223 886 2272 in
931 2225 1162 2274 curando
1207 2227 1340 2275 idem
1363 2223 1619 2276 'medicus
1657 2232 1837 2274 noster
1884 2241 2016 2276 usus

347 2284 605 2349 poscitur,
643 2285 870 2349 rationes
901 2294 1110 2335 narrat:
1135 2288 1318 2336 deinde
1353 2289 1640 2336 curationis
1667 2287 1912 2349 praedicat
1932 2303 2012 2336 ce-

345 2341 612 2412 ieritatem,
644 2346 938 2412 dummodo
956 2349 1199 2412 invocare
1229 2349 1486 2398 medicum
1521 2364 1625 2399 non
1651 2341 1977 2412 negligamus
2002 2362 2014 2397 :

342 2406 464 2472 istis
487 2407 746 2456 subnectit
775 2409 1026 2472 moralem
1057 2411 1118 2458 de
1151 2413 1420 2459 voluntate
1457 2425 1614 2472 quam
1641 2413 1693 2460 in
1719 2406 1884 2460 socru
1915 2412 2014 2460 Pe-

347 2468 954 2537 tri_expre_ssant_docet,
995 2474 1384 2537 acceptionem:
1429 2468 1694 2534 postremo
1726 2476 1813 2522 ubi
1849 2490 2014 2537 expo-

348 2530 454 2576 suit
485 2530 691 2638 gualem
723 2530 919 2580 Christi
949 2530 1266 2592 ministrum,
1308 2530 1530 2584 maxime
1557 2550 1682 2584 vero
1712 2530 2014 2600 episcopum

348 2605 461 2638 esse
522 2598 680 2638 eceat.
715 2595 952 2638 insorum
982 2597 1052 2638 ait
1087 2610 1204 2638 esse
1240 2599 1506 2638 nrnnrinm
1544 2613 1634 2638 nar
1657 2601 1870 2638 nralinm
1897 2614 2014 2638 sum-

347 2605 461 2639 esse
485 2595 680 2650 deceat,
715 2595 952 2656 ipsorum
982 2597 1052 2643 ait
1087 2610 1204 2645 esse
1238 2599 1509 2661 proprium
1542 2613 1634 2661 per
1657 2595 1873 2662 gratiam
1891 2595 2014 2710 ἐμὲιὲ-

347 2667 482 2710 gere.
1987 2665 2014 2710 5

345 2667 482 2716 gere.
1922 2665 2016 2710 265

406 2716 533 2784 CAP.
563 2717 648 2766 XI.
679 2745 742 2784 _—
770 2719 960 2784 Causis
978 2735 1092 2782 qua:
1117 2736 1209 2782 pro
1233 2723 1529 2784 nuptiarum
1550 2723 1818 2772 iteratione
1837 2724 2011 2773 aﬂ'erri

345 2778 830 2845 sole_nt,‘explosis.
873 2778 1148 2845 profitetur
1194 2798 1224 2833 a
1268 2778 1323 2832 se
1366 2799 1469 2833 non
1511 2786 1745 2835 damnari
1785 2787 2013 2836 secunda

343 2841 620 2911 conjugia_;_
648 2841 890 2911 :quorum'
916 2846 1033 2893 licet
1061 2861 1126 2911 ex
1153 2847 1408 2909 Apostolo
1433 2849 1759 2897 incommoda
1789 2863 2010 2911 percur-

342 2910 436 2959 rat,
469 2904 816 2969 c_onditionem
847 2911 1015 2956 tamen
1049 2904 1633 2969 afﬁrmatapprobatam
1663 2912 1714 2959 in
1738 2904 2007 2962 Ecclesia:

342 2925 436 2959 rat,
469 2925 816 2954 cuuutuoncm
847 2925 1015 2956 tamen
1049 2925 1278 2958 alnrmat
1296 2925 1361 2969 ap
1403 2925 1633 2959 rooatam
1663 2927 1714 2959 tn
1738 2925 2007 2962 EccteSla:

341 2980 445 3027 quo
492 2965 606 3036 loco
652 2968 930 3036 haereticos
978 2971 1066 3032 qui
1114 2925 1570 3036 eaprohigebant,
1604 2975 1843 3036 castigat.
1877 2975 2010 3026 Cum

339 3035 508 3093 autem
538 3028 760 3093 diversae
789 3028 1121 3081 diverso-rum
1155 3028 1259 3081 sint
1293 3036 1463 3093 vires,
1498 3028 1615 3084 hinc
1646 3028 1838 3086 factvum
1869 3039 2008 3086 scri-

343 3092 434 3155 bit,
467 3096 521 3139 ut
551 3106 655 3140 non
687 3091 1028 3155 imperaretur
1061 3098 1303 3153 castitas,
1337 3097 1427 3145 sed
1450 3091 1785 3146 'suaderetur.
1919 3101 2013 3150 269

405 3154 532 3222 CAR.
568 3154 772 3222 XII.‘—'
797 3157 1057 3206 Nonnulla
1087 3159 1364 3222 traduntur
1410 3161 1657 3221 prtecepti
1693 3166 1847 3222 atque
1877 3177 2010 3211 con-

341 3215 442 3282 silii
471 3216 796 3282 discrimina,
828 3232 943 3282 qua:
992 3226 1047 3267 ut
1085 3220 1253 3268 adhuc
1290 3215 1615 3270 innotescarit
1660 3215 2008 3282 manifestius,

338 3277 518 3326 divitis
542 3277 908 3346 adolescentis,
932 3282 1093 3342 cujus
1118 3282 1458 3346 Evangelium
1482 3285 1730 3340 meminit,
1754 3277 2007 3338 historiai

336 3353 432 3387 nec
471 3354 571 3410 non
609 3342 944 3410 peamiorum
977 3344 1216 3393 consiliis
1265 3342 1649 3408 praeceptisque
1694 3351 2007 3410 proposito-

337 3415 451 3450 rum
483 3403 765 3452 diversitas
797 3412 1086 3454 enarratur.
1265 3403 1283 3407 ⁷
1439 3403 1455 3408 ⁷
1563 3403 1578 3406 ⁷
1694 3403 1709 3408 ⁷
1800 3403 1814 3410 ⁷
1916 3411 2009 3460 270

397 3464 696 3534 CAP._.\'III.
728 3492 790 3502 —
818 3467 988 3534 Allato
1019 3469 1288 3534 Evangelii
1309 3470 1422 3534 loco
1453 3470 1515 3519 de
1546 3472 1890 3534 spadonibus,
1915 3489 2006 3522 eos

336 3528 426 3587 qui
469 3526 548 3575 vel
600 3533 783 3576 natura
827 3529 926 3593 vel
957 3526 1224 3593 hominum
1268 3533 1511 3582 violentia
1547 3526 1676 3584 tales
1713 3538 1832 3585 facti
1865 3526 2005 3593 sunt,

336 3603 439 3636 non
474 3602 786 3660 magnopere
821 3592 888 3640 ob
918 3592 965 3660 id_
998 3592 1286 3660 laudandos
1311 3607 1334 3660 :_
1359 3597 1446 3656 qui
1474 3610 1598 3660 vero
1619 3599 1862 3660 proprias
1891 3592 2004 3647 ma?

335 3665 437 3699 nus
483 3653 536 3715 in
568 3666 623 3700 se
670 3656 1042 3711 converterint,
1079 3653 1404 3706 damnandos
1436 3659 1531 3715 ait;
1580 3653 2004 3711 hanc'actionem

333 3714 620 3785 ostendens
650 3728 816 3785 neque
843 3715 1018 3764 utilem
1055 3732 1189 3776 esse,
1220 3733 1345 3785 cum
1389 3714 1575 3770 mentis
1619 3724 2000 3785 concupiscen-

333 3776 454 3841 tiam
490 3776 698 3824 minime
724 3779 924 3841 auferat
956 3791 968 3824 :
1007 3794 1168 3841 neque
1218 3783 1518 3838 honestam,
1567 3797 1685 3832 cum
1736 3776 2004 3834 certamini

332 3838 504 3886 locum
535 3851 639 3908 non
671 3838 957 3908 reiinquat._
982 3838 1140 3908 Solos
1171 3843 1331 3908 igitur
1368 3845 1718 3908 predicandos
1757 3847 1878 3896 illos
1913 3847 2003 3908 qui

331 3913 423 3961 per
458 3901 826 3970 continentiam
864 3915 921 3949 se
946 3903 1047 3970 ipsi
1075 3901 1330 3953 vicerint:
1361 3901 1453 3970 sed
1483 3909 1778 3970 cogendum
1807 3909 1870 3957 ad
1904 3901 2003 3957 lioc

337 3963 594 4033 neminem
625 3964 1003 4033 esse,_q_uando
1032 3980 1126 4013 nec
1154 3968 1444 4033 Apostolus
1486 3963 1580 4017 nec
1617 3970 1862 4033 Christus
1890 3972 2002 4033 ipse

327 4031 591 4096 praecepto
637 4027 1012 4096 constrinxerit
1059 4041 1169 4096 eam
1201 4027 1490 4096 'virtutem;
1543 4031 1680 4096 unde
1739 4027 2002 4096 intelligas

326 4101 431 4135 non
467 4087 751 4148 improbari
782 4089 1098 4138 matrimonii
1124 4096 1243 4139 vota
1265 4130 1278 4148 ,
1315 4093 1407 4140 sed
1448 4094 1702 4142 castitatis
1735 4087 1997 4143 antefeFri.

387 4210 518 4280 CAP.
541 4211 691 4280 XIV.
716 4238 778 4247 —
807 4211 919 4280 Etsi
939 4212 1093 4262 vidua
1118 4227 1220 4262 non
1237 4217 1494 4278 acceperit
1516 4225 1852 4280 praeceptum,
1877 4233 2000 4268 con-

328 4273 702 4343 siliumtamen
733 4280 839 4343 tam
874 4275 1119 4343 frequens
1153 4273 1995 4343 tamque:utile'illam'accepisse,

328 4341 383 4382 ut
409 4336 843 4404 contemnendum
880 4350 1011 4404 non_
1030 4336 1290 4404 videatur:
1331 4341 1481 4390 Nolle
1523 4355 1581 4390 se
1623 4336 1867 4404 cuiquam
1918 4336 1995 4392 la;

329 4397 784 4466 queum_injicerc,
806 4412 935 4466 cum
974 4399 1222 4449 Ecclesia:
1242 4416 1382 4466 ager
1419 4405 1535 4465 ipso
1576 4397 1783 4466 quoque
1809 4405 2000 4456 ditetur

326 4457 577 4520 conjugio
601 4457 614 4504 ἑ
637 4459 736 4526 sed
768 4461 1069 4509 viduitatem
1105 4477 1218 4524 qua:
1242 4457 1480 4513 laudatur
1509 4467 1574 4516 ab
1593 4457 1875 4526 'Apostolo,
1907 4468 1999 4517 bo-

325 4533 444 4566 nam
473 4523 648 4590 negari
680 4536 1003 4590 nequaquam
1038 4523 1223 4590 posse;
1256 4527 1391 4574 unde
1423 4542 1525 4576 non
1560 4523 1910 4590 perfunctorie
1945 4533 1997 4579 in

326 4596 417 4630 eos
446 4584 571 4645 agit,
601 4596 823 4644 quorum
846 4584 1052 4648 legibus
1073 4586 1213 4635 illam
1237 4596 1451 4638 noverat
1479 4584 1598 4638 esse
1625 4593 1993 4654 proscriptam.

384 4706 516 4755 CAP.
551 4707 660 4770 XV.
696 4733 760 4743 -
789 4709 983 4756 Earum
1017 4723 1133 4770 qua;
1164 4708 1447 4762 liberorum
1477 4714 1768 4764 obtendunt
1797 4716 1998 4766 deside-

321 4769 473 4836 rium,
509 4769 641 4816 tollit
671 4769 1058 4836 excusationem
1085 4784 1119 4836 εγ
1151 4773 1239 4836 sed
1287 4776 1548 4836 praecipue
1592 4785 1826 4826 moratur
1855 4781 1996 4829 circa

325 4831 440 4878 illas
473 4846 588 4892 quas
615 4845 677 4901 ex
707 4833 867 4892 priori
903 4835 1156 4901 conjugio
1190 4831 1581 4901 ﬁliosﬂhab'ent:
1615 4853 1830 4901 gravem
1860 4842 1994 4889 enim

321 4907 502 4958 earum?
528 4895 864 4958 servitutem,
903 4895 1114 4944 futuras
1142 4897 1274 4944 inter
1309 4898 1501 4948 liberos
1532 4895 1828 4950 inimicitias
1847 4941 1858 4958 ,
1906 4917 1992 4951 ra-

320 4969 428 5026 ram
477 4957 698 5026 denique
745 4957 880 5026 inter
922 4957 1184 5021 conjuges
1213 4961 1374 5026 ipsos
1410 4963 1746 5012 concordiam
1778 4957 1993 5026 pulchre

321 5016 571 5088 describit
603 5016 624 5064 :7
665 5025 928 5080 postremo
972 5016 1040 5068 ne
1073 5016 1173 5082 q'ua
1209 5016 1497 5084 scriptura)
1531 5016 1791 5088 exemplis
1814 5028 1909 5076 hac
1942 5028 1991 5075 in

318 5091 373 5123 re
403 5079 676 5135 abutatur,
695 5087 864 5128 cavet.
1090 5079 1102 5082 ⁷
1330 5079 1345 5084 ⁷
1680 5079 1698 5088 ⁷
1903 5089 1992 5136 274

382 5139 441 5185 In
478 5139 680 5187 librum
713 5141 774 5189 de
805 5143 1133 5204 Virginitate
1163 5145 1482 5196 admonitio.
1903 5151 1992 5199 275

502 5217 610 5276 DE
654 5219 1210 5284 VIRGINITATE
1257 5225 1513 5288 LIBER
1557 5229 1808 5291 UNUS.

381 5316 513 5381 CAP._
544 5317 581 5381 _I.
615 5342 687 5381 -Δ
708 5317 804 5364 Ubi
837 5316 1134 5381 salomonis
1160 5321 1416 5381 judicium
1444 5326 1576 5373 inter
1592 5327 1724 5374 duas
1746 5327 1989 5377 mulieres

317 5378 470 5449 intum
504 5377 756 5449 historico
789 5379 939 5426 modo
975 5377 1254 5449 enarravit,
1286 5385 1427 5432 addit
1458 5389 1555 5436 hoc
1590 5389 1762 5449 ipsum
1795 5389 1987 5439 ideirco

314 5439 500 5488 litteris
529 5439 823 5488 mandatum
860 5455 996 5496 esse,
1030 5444 1101 5490 uti
1142 5457 1425 5494 noscamus
1457 5449 1537 5496 vel
1568 5439 1986 5501 réeonditissima

315 5503 366 5549 in
396 5501 780 5568 lucem_promi.
811 5503 1009 5568 Deinde
1030 5505 1091 5551 ad
1117 5510 1425 5567 mysterium
1459 5524 1772 5568 conversus,
1805 5513 1986 5562 falsam

315 5569 531 5611 matrem
553 5564 614 5610 de
645 5565 942 5619 tentatione,
975 5580 1149 5614 veram
1175 5564 1237 5614 de
1270 5569 1387 5625 fide,
1409 5575 1716 5622 machaeram
1742 5564 1802 5621 de
1823 5576 1985 5624 verbo

316 5626 406 5733 Εῗὶ
453 5627 684 5687 exponit.
736 5627 966 5688 Denique
1007 5629 1071 5676 ad
1112 5631 1381 5681 historiam
1411 5636 1591 5697 Jephte
1621 5636 1863 5684 lectorem

310 5694 403 5733 rat.
1473 5694 1487 5697 ⁷
1889 5694 1986 5748 ἒ79

373 5750 499 5820 CAP.
536 5750 599 5822 Ii.
623 5776 683 5786 —
700 5751 1119 5822 Nuncupatuma
1145 5756 1328 5822 Jephte
1355 5759 1406 5805 in
1430 5773 1604 5822 pugna
1627 5766 1825 5819 votum,
1849 5764 1986 5810 redi-

312 5817 396 5857 tus
427 5811 663 5876 ejusdem
691 5814 873 5876 adepta
898 5811 1140 5870 'victoria,
1179 5811 1226 5864 et
1258 5820 1375 5868 filia:
1399 5811 1661 5871 occursus
1687 5811 1981 5872 memoran—

315 5879 413 5930 tur,
453 5874 634 5940 inquo
665 5874 979 5940 etsiifactum
1021 5877 1396 5940 damnandum,
1444 5885 1495 5932 in
1533 5885 1786 5934 solvendo
1817 5893 1984 5936 tamen

311 5939 434 5983 voto
469 5935 600 5983 ttdes
631 5949 732 5985 non
763 5938 1121 6002 improbanda.
1145 5942 1251 5991 Cur
1272 5935 1413 5994 Deus
1439 5960 1555 5996 cum
1579 5949 1802 5999 Abrahze
1827 5935 1985 5998 Sacri;

1274 347 1477 420 QUZE
1521 347 1606 410 IN
1652 346 1827 410 HOC
1864 345 2108 410 TOMO
2157 345 2786 411 CONTINENTUR.

3657 332 3809 400 I602

2137 545 2312 594 ficium
2352 545 2725 608 prohibuisset,
2762 545 2945 608 Jephte
2975 543 3314 607 parricidium
3348 555 3452 591 non
3497 540 3806 604 impedierit,

2137 608 2448 652 disnutatur.
3713 603 3806 652 280

2137 608 2448 656 disnutatur.

2199 622 2448 669 sputatur.
3713 622 3806 652 zou

2199 670 2309 742 CAP
2362 672 2454 719 III.
2490 698 2552 706 —
2582 671 2800 742 Miratur
2831 675 3045 742 sanctus
3073 669 3153 742 vir
3173 668 3464 742 quodcum
3483 666 3666 742 Jephte
3688 680 3806 738 par-

2137 732 2374 795 ricidium
2407 748 2554 780 nemo
2583 733 2920 794 prohibuerit,
2953 731 3114 792 aliqui
3147 729 3464 795 virginitatis
3505 735 3686 776 votum
3721 729 3808 795 im;

2132 793 2259 856 pleri
2296 790 2636 856 prohibeant;
2691 796 2817 854 quin
2858 796 3007 842 etiam
3039 790 3262 855 ipsemet
3316 796 3608 856 accusetur,
3661 790 3802 852 quod

2135 854 2198 904 ne
2224 854 2375 920 virgo
2411 871 2560 906 sacra
2591 858 2825 914 nuberet,
2857 854 3094 920 vetuerit.
3130 856 3184 920 Id
3215 854 3373 902 officii
3403 855 3483 902 sui
3514 854 3678 920 fuisse
3701 866 3804 920 non

2135 914 2336 967 tantum
2379 920 2627 981 Baptista:
2675 918 2906 980 exemplo
2952 924 3000 965 et
3049 919 3335 981 Scriptura:
3366 916 3669 981 praeceptis,
3712 914 3804 963 sed

2135 932 2332 967 tantum
2379 932 2627 981 baptista)
2675 932 2906 980 exempto
2952 932 3000 965 et
3049 932 3335 1028 DCI‘IBIUI‘a}
3366 932 3669 978 praeceptis,
3712 932 3803 963 seu

2133 981 2285 1043 etiam
2318 981 2446 1042 ipsis
2476 981 2748 1043 gentilium
2779 981 3034 1028 institutis
3069 993 3163 1043 pro
3203 985 3290 1043 at:
3336 992 3396 1027 ac
3427 979 3633 1027 demum
3663 992 3803 1040 prm-

2132 1042 2267 1106 dicat
2320 1057 2384 1091 ex
2429 1042 2500 1092 eoi
2539 1043 2914 1106 virginitatem,
2973 1042 3113 1104 quod
3159 1042 3394 1105 virgines
3447 1046 3805 1106 resurgentem

2134 1104 2401 1154 Christum
2431 1102 2881 1167 primze‘viderint.
2961 1102 3006 1167 Δ⁷
3250 1102 3269 1105 ⁷
3357 1165 3363 1167 _
3525 1165 3532 1167 ξ
3609 1102 3621 1167 ξ
3709 1102 3801 1167 282

2196 1167 2329 1231 éIAP.
2363 1164 2448 1215 ινῑ
2475 1194 2538 1203 —
2559 1167 2875 1231 Magdalenab
2888 1164 3172 1231 dubitantis
3187 1165 3467 1231 occasione
3484 1165 3717 1231 virgines
3737 1164 3802 1231 ad

2132 1228 2282 1276 ﬁdem
2313 1231 2615 1278 cohortatur
2638 1226 2666 1276 ;⁷
2687 1235 2734 1277 et
2767 1243 2884 1290 qua:
2913 1229 2975 1275 de
3005 1229 3198 1277 Christi
3241 1241 3361 1276 cum
3401 1227 3513 1289 ipsa
3543 1226 3802 1290 colloquio

2131 1290 2379 1362 leguntur
2416 1292 2561 1362 apud
2605 1288 2862 1362 Joannem
2905 1291 3319 1354 Evangelistam,
3368 1288 3588 1352 spiritali
3641 1301 3802 1362 sensu

2125 1350 2512 1413 jucundissime
2544 1355 2816 1413 percurrit.
3057 1350 3081 1354 ⁷
3397 1350 3413 1352 ⁷
3707 1350 3799 1400 283

2194 1415 2321 1479 CAP.
2357 1417 2423 1479 V.
2450 1443 2514 1451 --
2543 1414 2694 1464 Redit
2719 1430 2748 1464 a
2771 1415 3096 1479 digressione
3125 1415 3198 1479 ad
3242 1428 3391 1464 suam
3421 1414 3794 1479 defensionem,

2130 1481 2179 1540 et
2209 1477 2308 1540 sibi
2339 1477 2544 1540 objecta
2574 1493 2677 1526 non
2701 1477 2898 1526 tantum
2919 1477 3175 1540 agnoscit,
3203 1491 3386 1525 verum
3408 1478 3558 1525 etiam
3581 1477 3800 1525 ulterius

2130 1539 2366 1597 intendit,
2402 1539 2592 1603 cupere
2620 1542 2772 1588 etiam
2809 1539 3064 1601 nupturas
3096 1539 3159 1588 ad
3207 1541 3527 1604 virginitatis
3568 1540 3800 1604 studium

2129 1614 2374 1664 revocare
2410 1602 2593 1664 spente
2624 1604 2919 1664 professus.
3299 1602 3314 1604 ⁷
3701 1602 3790 1652 285

2190 1663 2319 1712 CAP.
2351 1664 2395 1710 ν
2401 1663 2533 1712 15-
2561 1663 2643 1712 Ad
2671 1665 3022 1738 virginitatem
3055 1677 3469 1738 provocarenec
3501 1664 3796 1738 improbum

2127 1737 2265 1789 esse,
2296 1740 2388 1789 nec
2420 1739 2630 1789 novum,
2663 1741 2756 1774 nec
2779 1727 2957 1789 inutile
2983 1738 2994 1772 :
3028 1739 3249 1787 quorum
3281 1728 3449 1788 primo
3475 1727 3646 1789 capite
3668 1741 3800 1789 pau-

2126 1788 2204 1834 cis
2224 1787 2484 1847 absoluto,
2512 1788 2730 1836 alterum
2752 1788 2948 1836 scilicet
2966 1801 3162 1836 novum
3186 1787 3294 1835 non
3311 1803 3427 1836 esse
3459 1787 3656 1838 Christi
3669 1787 3795 1837 sen-

2125 1849 2300 1904 tentia,
2325 1849 2526 1913 judicio
2557 1850 2932 1913 apostolorum,
2962 1864 3022 1898 ac
3052 1850 3412 1913 puerulorum,
3436 1851 3669 1913 exemplo
3691 1850 3790 1898 do-

2126 1915 2238 1959 cet:
2276 1917 2384 1960 tum
2414 1912 2733 1960 damnandas
2765 1926 2868 1962 non
2909 1926 3027 1960 esse
3063 1912 3274 1973 nuptias
3323 1912 3793 1968 monens,’earum

2127 1978 2295 2022 tamen
2328 1974 2520 2022 multas
2550 1981 2597 2022 et
2627 1989 2819 2037 graves
2849 1974 3118 2037 molestias
3146 1973 3373 2037 declarat
3405 1987 3416 2021 :
3463 1981 3619 2037 utque
3658 1988 3796 2022 neu-

2127 2040 2259 2144 trarg
2289 2037 2474 2144 parum
2513 2035 2874 2086 conditionum
2909 2036 3190 2099 quisquam
3217 2035 3480 2093 traducat,
3516 2035 3801 2148 prudenzgag

2127 2111 2220 2145 sua
2262 2113 2286 2144 e
2318 2134 2328 2146 .

2126 2101 2328 2146 suadet.
3702 2101 3792 2146 286

2186 2160 2316 2207 CAP.
2349 2160 2463 2208 VII.
2496 2186 2559 2196 -
2587 2161 2818 2224 Tertium
2839 2164 2994 2222 caput
3022 2173 3329 2224 aggressus,
3367 2175 3550 2223 nempe
3572 2162 3794 2224 virgini-

2125 2223 2414 2284 tatemnon
2443 2235 2560 2269 esse
2590 2221 2836 2278 inutilem,
2873 2226 3027 2284 negat
3055 2221 3216 2284 ullum
3244 2223 3364 2284 hinc
3385 2221 3690 2284 reipublicae
3712 2225 3794 2272 af-

2124 2283 2246 2329 ferri
2279 2282 2549 2341 damnum;
2601 2284 2727 2344 quin
2767 2285 2870 2332 imo
2900 2283 2987 2330 ubi
3018 2283 3238 2331 maxime
3269 2283 3351 2331 ille
3381 2282 3553 2332 status
3581 2285 3763 2334 ﬂoreat
3783 2323 3796 2339 ,

2123 2344 2192 2391 ibi
2223 2345 2649 2406 copiosissimam
2683 2344 2872 2394 civium
2903 2358 3019 2393 esse
3052 2347 3402 2408 frequentiam
3431 2346 3614 2394 docet:
3652 2347 3793 2408 quod

2123 2412 2179 2454 ut
2206 2419 2362 2454 secus
2393 2413 2550 2464 esset,
2587 2409 2724 2455 hunc
2757 2412 2921 2455 tamen
2952 2420 3012 2468 eo
3052 2420 3156 2455 non
3193 2407 3624 2468 improbandum;
3673 2407 3792 2457 cum

2123 2469 2174 2515 in
2207 2469 2462 2517 uxoribus
2489 2475 2630 2542 caste
2661 2469 2960 2544 viventibus
3080 2467 3465 2544 nonculpetur.
3489 2470 3791 2544 _P£stquam

2119 2544 2245 2578 vero
2276 2545 2458 2579 eorum
2484 2532 2571 2592 qui
2605 2531 2870 2593 juventuti
2915 2529 3126 2591 nuptias
3159 2530 3280 2580 hinc
3301 2529 3433 2582 'tleri
3473 2529 3794 2581 difficiliores

2121 2593 2457 2658 objicicbant,
2491 2593 2866 2642 demonstravit
2894 2593 3212 2658 inanitatem,
3242 2594 3306 2641 iis
3331 2595 3420 2658 qui
3442 2595 3675 2658 virgines
3698 2610 3786 2644 se-

2121 2655 2232 2702 rius
2255 2655 2514 2720 velandae
2543 2670 2661 2720 esse
2694 2655 3091 2720 contendebant,
3125 2656 3408 2718 respondet
3437 2655 3788 2720 hie'episeOpi

2120 2718 2316 2778 requiri
2358 2719 2733 2780 prudentiam:
2782 2725 2832 2766 at
2879 2718 3044 2766 solam
3102 2723 3304 2766 aatatem
3351 2718 3787 2770 considerandam

2120 2792 2225 2826 non
2257 2793 2380 2844 esse
2407 2787 2692 2844 martyrum
2729 2780 2998 2844 exemplis,
3030 2792 3090 2829 ac
3124 2793 3404 2842 puerorum
3433 2781 3499 2830 ad
3525 2780 3792 2836 Christum

2118 2841 2492 2899 accedentium,
2525 2841 2727 2904 probat.
2878 2841 2897 2844 ⁷
3127 2841 3137 2842 ⁷
3698 2845 3790 2896 288

2181 2904 2311 2952 CAP.
2339 2905 2478 2954 VIII.
2498 2932 2560 2941 —
2576 2905 2802 2953 JEtatem
2821 2918 3025 2954 omnem
3045 2906 3326 2966 quaerendo
3347 2906 3558 2956 Christo
3569 2906 3790 2956 habilem

2118 2979 2236 3014 esse
2267 2980 2426 3028 supra
2455 2967 2656 3034 docuit,
2683 2969 2789 3034 Δ1]ῖο
2821 2967 3020 3034 ουῌμηι
3051 2968 3222 3034 locum
3253 2969 3316 3017 ad
3353 2969 3402 3034 id
3435 2977 3788 3034 opportunum

2117 3042 2368 3105 nonesse
2398 3030 2640 3102 ostendit.
2675 3029 2781 3078 Cur
2810 3031 3075 3105 occidente
3110 3030 3220 3102 sole
3250 3031 3390 3105 aegri
3412 3029 3788 3105 atie’ranturad

2118 3090 2404 3146 Christum,
2440 3092 2486 3139 is
2503 3099 2676 3155 autem
2697 3096 2965 3153 quaeratur
2995 3097 3108 3155 orto
3134 3090 3390 3155 jamidie?
3423 3094 3511 3142 ubi
3543 3099 3592 3142 et
3615 3095 3676 3142 de
3696 3095 3785 3155 ja-

2117 3155 2310 3201 ctantia
2338 3154 2547 3202 vitanda
2577 3155 2896 3216 praacipitur.
2929 3153 3008 3202 Ad
3032 3154 3357 3216 sequendum
3378 3167 3472 3216 per
3493 3156 3626 3203 diem
3649 3153 3792 3205 Chri-

2118 3221 2256 3280 stum
2297 3217 2623 3280 exhortatio:
2661 3230 2776 3280 cum
2810 3229 2947 3280 vero
2981 3217 3155 3280 nec_in
3186 3217 3329 3274 foro,
3374 3231 3466 3264 nec
3498 3218 3548 3266 in
3578 3217 3783 3280 plateis,

2116 3277 2203 3340 ubi
2230 3278 2493 3326 vulnerari
2518 3292 2576 3326 ac
2608 3278 2819 3340 spoliari
2850 3279 3041 3326 dicitur
3076 3278 3303 3340 Sponsa,
3334 3277 3594 3340 reperietJ
3693 3281 3784 3330 290

2177 3339 2307 3388 CAP.
2344 3341 2424 3388 IX.
2457 3367 2519 3375 —
2561 3339 2910 3398 Quaerendum
2960 3339 3222 3388 Christum
3266 3342 3317 3388 in
3356 3339 3624 3390 montibus
3660 3356 3784 3391 aro-

2113 3407 2308 3450 matum
2337 3409 2490 3463 atque
2522 3404 2572 3450 in
2603 3402 2807 3451 deserto
2842 3415 2852 3448 :
2885 3403 3049 3464 hujus
3078 3403 3388 3460 fecunditas,
3420 3405 3658 3465 exposito
3687 3419 3781 3453 cur

2113 3465 2211 3512 flos
2240 3472 2394 3526 atque
2425 3465 2590 3512 lilium
2619 3465 2820 3513 dicatur
2846 3465 3106 3524 Christus,
3140 3465 3456 3513 describitur
3482 3479 3492 3512 :
3525 3472 3576 3515 et
3608 3467 3787 3515 induci

2110 3526 2164 3573 in
2211 3526 2425 3592 domum
2466 3527 2601 3592 vini,
2661 3526 2995 3588 ordinarique
3045 3527 3096 3574 in
3148 3541 3203 3576 se
3243 3529 3544 3577 charitatcm
3597 3530 3786 3592 cupere

2111 3596 2354 3637 narratur
2389 3589 2643 3638 Ecclesia.
3665 3589 3679 3592 ⁷
3697 3591 3788 3641 293

2173 3651 2302 3700 CAP.
2338 3653 2398 3700 Χ.
2429 3678 2492 3686 -
2515 3652 2582 3716 Ut
2614 3652 2810 3716 Christi
2831 3653 3197 3716 mereamurin
3224 3666 3322 3700 nos
3345 3651 3645 3701 adventum.
3670 3654 3785 3716 Spi-

2110 3712 2267 3779 ritum
2298 3718 2535 3762 sanctum
2564 3714 2798 3779 invocari
2829 3713 3042 3779 debere;
3087 3714 3231 3764 illum
3262 3716 3400 3779 enim
3441 3727 3544 3764 non
3575 3712 3782 3779 semper

2108 3776 2319 3833 venire,
2369 3790 2533 3838 neque
2577 3777 2640 3825 ad
2673 3789 2886 3824 omnes:
2921 3776 3011 3824 sed
3041 3779 3105 3827 ad
3139 3791 3248 3825 eam
3277 3777 3502 3826 animam
3547 3791 3664 3838 qua)
3688 3776 3778 3828 'ita

2111 3841 2408 3902 terrestrem
2452 3841 2651 3902 exuerit
2685 3840 3040 3902 tunicamLut
3079 3841 3241 3902 ipsam
3275 3844 3455 3902 postea
3487 3853 3590 3887 non
3627 3853 3782 3889 resu-

2109 3906 2230 3947 mat.
2266 3899 2458 3964 Peduin
2488 3901 2613 3964 lotio
2637 3899 3113 3964 quidsigniffleetf
3136 3909 3184 3950 et
3227 3899 3526 3964 quodidicit
3558 3902 3784 3964 Sponsa,

2108 3961 2368 4070 guamodo
2397 3961 2692 4036 inquinabo
2722 3962 2856 4010 illos
2881 3964 2905 4008 ἒ)
2934 3963 3169 4025 Denique
3193 3961 3458 4026 spiritales
3486 3961 3780 4070 enin—1113;?

2145 4037 2200 4070 es
2232 4025 2332 4070 hoc
2365 4024 2480 4070 loco
2515 4024 2878 4070 intelligendos
2902 4038 3021 4070 esse
3051 4025 3460 4070 demonstratur.
3727 4027 3776 4070 -4

2145 4037 2200 4087 es
2232 4025 2332 4073 hoc
2365 4024 2482 4074 loco
2515 4024 2878 4087 intelligendos
2902 4038 3021 4073 esse
3051 4024 3460 4076 demonstratur.
3684 4024 3776 4077 (294

2170 4085 2299 4151 CAP.
2335 4087 2423 4136 ΧΙ.
2448 4114 2511 4121 -
2540 4085 2742 4136 Bonum
2769 4101 2890 4134 esse
2918 4087 2981 4135 ad
3009 4101 3282 4136 accessum
3301 4088 3494 4137 Christi
3523 4090 3779 4151 trepidare

2105 4160 2165 4195 ac
2194 4150 2479 4214 festinare:
2511 4163 2628 4214 eum
2661 4164 2764 4197 non
2787 4163 2919 4214 cum
2947 4152 3146 4199 venerit
3177 4151 3375 4207 solum,
3428 4152 3517 4198 sed
3549 4150 3777 4214 etprius

2106 4223 2259 4274 quam
2291 4213 2489 4270 veniat,
2527 4212 2740 4260 solitum
2769 4211 2969 4260 deferre
3012 4214 3326 4270 mercedem,
3375 4218 3430 4260 ut
3459 4211 3668 4274 myrrha
3695 4214 3776 4260 di-

2105 4273 2197 4335 giti
2227 4287 2285 4320 ac
2315 4287 2502 4322 manus
2532 4275 2711 4330 ﬂuant,
2746 4276 2843 4322 hoc
2871 4279 2970 4330 est,
2995 4281 3052 4322 ut
3076 4276 3351 4324 credamus
3381 4273 3650 4323 ChriStum
3673 4287 3776 4322 non

2104 4334 2302 4400 vidisse
2350 4337 2765 4400 corruptionem,
2811 4349 2930 4383 eum
2962 4337 3388 4400 sitiunguentum
3416 4338 3641 4400 cll‘usum
3673 4350 3781 4400 no_-

2105 4409 2220 4460 rnen
2251 4396 2386 4460 ejus.
2417 4398 2529 4445 Hoc
2561 4403 2883 4460 unguentum
2914 4398 3053 4458 quod
3091 4396 3295 4460 semper
3327 4399 3590 4460 fragrabat
3631 4398 3771 4459 apud

2105 4457 2327 4516 Patrem,
2361 4459 2412 4506 in
2442 4457 2672 4520 tempore
2708 4459 2874 4506 Filius
2914 4457 3120 4519 eﬂ'udit;
3168 4457 3260 4508 sed
3303 4457 3624 4508 exin—anitum
3665 4457 3774 4509 “fuit

2102 4521 2155 4568 in
2185 4520 2402 4576 Judaeis,
2439 4527 2488 4583 et
2527 4533 2558 4569 a
2587 4520 2868 4582 gentilibus
2909 4521 3210 4579 collectum,
3241 4534 3464 4583 cumque
3497 4522 3774 4571 etiamnum

2102 4583 2253 4639 ﬂuat,
2284 4582 2540 4644 quotidie,
2593 4583 2866 4646 diligenter
2904 4583 3265 4646 excipiendum
3295 4582 3402 4642 est,
3451 4590 3506 4632 ut
3549 4584 3774 4646 animam

2103 4651 2336 4707 nostram
2364 4650 2525 4694 totam
2553 4645 2805 4707 penetret.
3021 4645 3034 4646 ⁷
3685 4645 3778 4695 295

2165 4706 2294 4756 CAP.
2334 4708 2445 4772 XII.
2476 4706 2910 4772 —’anibus__et
2939 4708 3162 4772 maxime
3183 4707 3481 4772 virginibus
3509 4707 3776 4758 Christum

2101 4770 2508 4833 exspectandum
2534 4785 2545 4818 :
2575 4770 2618 4818 si
2655 4783 2778 4818 vero
2810 4769 2896 4833 ille
2926 4770 3226 4833 tardaverit,
3265 4769 3402 4831 quod
3440 4785 3644 4833 semper
3667 4772 3774 4820 ani-

2101 4845 2197 4878 ma:
2232 4834 2286 4878 ﬁt
2317 4832 2590 4888 socordia,
2635 4832 2966 4894 surgendum
2997 4837 3045 4879 et
3074 4832 3331 4880 donorum
3360 4833 3424 4879 ab
3451 4846 3511 4879 eo
3538 4832 3647 4893 jam
3678 4847 3770 4882 ae-

2099 4900 2367 4961 ceptorn_m
2389 4893 2822 4961 contemplatione
2847 4894 3193 4942 invocandum
3217 4895 3476 4961 Spiritum
3493 4902 3735 4961 sanctum
3755 4909 3770 4961 _:

2099 4955 2356 5017 extemplo
2405 4957 2540 5004 enim
2591 4955 2852 5018 Sponsum
2897 4955 3299 5019 responsurum.
3347 4957 3479 5015 Quid
3525 4959 3591 5006 sit
3630 4959 3770 5019 quod

2099 5024 2254 5078 caput
2283 5031 2342 5065 ac
2371 5019 2642 5067 cincinnos
2673 5031 2801 5066 suos
2833 5019 3074 5081 humidos
3105 5019 3262 5077 dicat,
3295 5032 3395 5081 quo
3427 5020 3544 5068 loco
3577 5021 3769 5068 inseri-

2096 5085 2184 5126 tur
2219 5093 2248 5127 a
2295 5081 2602 5141 capillorum
2646 5081 2907 5128 cincinnis
2956 5080 3263 5130 dehortatio.
3307 5080 3504 5131 Deinde
3534 5082 3620 5129 ubi
3651 5082 3768 5129 ani-

2096 5155 2232 5206 mam
2255 5155 2445 5190 rursus
2471 5144 2540 5206 ad
2564 5142 2874 5206 servandam
2903 5143 3266 5206 innocentiam,
3300 5149 3350 5191 et
3374 5145 3684 5206 capiendum
3707 5158 3770 5191 ex

2095 5204 2300 5268 actibus
2318 5218 2388 5268 iac
2417 5205 2516 5252 fide
2547 5205 2757 5252 odorem
2789 5204 3075 5266 spiritalem
3125 5206 3354 5268 impulit,
3405 5204 3629 5268 spondet
3657 5219 3767 5252 eam

2096 5265 2172 5313 sic
2232 5267 2520 5320 tacituram.
2547 5265 2994 5328 accessurumque
3014 5268 3077 5316 ad
3101 5265 3269 5329 ipsam
3292 5265 3661 5324 Christum,ne
3703 5282 3768 5315 ue

2096 5341 2150 5375 se
2182 5281 2253 5375 ini
2286 5329 2386 5375 nisi
2433 5329 2733 5375 tentationis
2771 5343 2931 5375 causa
2974 5329 3386 5375 subducturum:
3437 5336 3592 5375 atauo
3635 5281 3764 5375 adeo

2095 5341 2150 5375 se
2182 5328 2253 5376 illi
2286 5329 2386 5376 nisi
2433 5329 2733 5376 tentationis
2771 5343 2931 5377 causa
2974 5328 3386 5388 subducturum;
3437 5336 3592 5391 atque
3635 5328 3764 5376 adeo

2094 5395 2378 5438 tentatores
2402 5405 2520 5438 esse
2545 5391 2888 5452 spernendos.
3675 5391 3768 5439 297

2154 5453 2282 5501 CAP.
2313 5454 2450 5500 XIII.
2473 5479 2535 5488 —
2551 5451 2868 5501 Discendum
2887 5453 3040 5501 nobis
3061 5468 3178 5502 esse
3200 5453 3263 5500 ab
3285 5453 3518 5501 Ecclesia
3537 5467 3640 5514 quo
3657 5466 3771 5515 pac-

2092 5518 2145 5562 to
2181 5516 2425 5578 Sponsus
2473 5516 2638 5563 teneri
2679 5520 2860 5578 queat,
2915 5517 3145 5578 vinculis
3179 5515 3380 5564 scilicet
3419 5517 3690 5565 eharitatis
3719 5521 3770 5564 et

2093 5577 2467 5638 suppliciorum
2501 5577 2776 5631 beneﬂcio;
2811 5577 3242 5626 introducendum
3263 5578 3414 5625 etiam
3445 5592 3562 5626 eum
3595 5579 3647 5626 in
3676 5579 3760 5624 in-

2093 5641 2332 5687 teriorem
2368 5640 2596 5694 domum,
2632 5641 2721 5687 sed
2740 5642 2928 5687 virtute
2961 5641 3107 5700 prius
3131 5646 3449 5688 exornatam.
3481 5642 3577 5689 l’cr
3608 5654 3763 5701 quam

2091 5702 2366 5749 fenestram
2401 5715 2608 5750 manum
2639 5704 2839 5751 mittere
2869 5702 3072 5750 dicatur
3101 5705 3345 5764 Sponsus
3367 5740 3378 5759 ,
3425 5709 3473 5751 et
3509 5703 3762 5764 quemad-

2092 5765 2299 5810 umlum
2330 5765 2569 5812 fenestra)
2601 5766 2795 5826 virgini
2827 5767 2930 5812 sint
2961 5765 3238 5825 parandae?
3268 5765 3393 5813 Eam
3423 5779 3633 5826 quoque
3670 5765 3755 5826 ja-

2094 5839 2208 5873 nnze
2230 5840 2340 5873 sua)
2371 5826 2560 5874 silentii
2593 5841 2737 5875 seras
2761 5840 3025 5888 apponere
3046 5827 3249 5882 debere,
3282 5827 3420 5888 quod
3453 5842 3642 5889 magno
3669 5841 3766 5874 suo

2089 5889 2220 5935 malo
2249 5890 2355 5937 Eva
2378 5902 2479 5935 non
2511 5889 2650 5936 fecit.
2667 5891 2814 5937 'I‘une
2835 5889 3251 5938 mortificationis
3273 5903 3333 5937 ac
3357 5890 3763 5938 resurrectionis

2089 5953 2352 6012 myrrham
2375 5952 2680 6001 sudatur-am
2705 5964 2715 5998 :
2751 5953 2796 6000 si
2819 5951 2974 6002 modo
2993 5953 3144 6016 virgo
3175 5952 3260 6002 illa
3291 5951 3410 6004 talis
3443 5954 3598 6003 fuerit
3627 5965 3757 6016 qua-
