4162 6192
403 339 561 407 1603

408 538 477 612 lis
506 555 623 592 esse
641 542 859 612 jubetur
886 544 950 595 ab
980 547 1262 612 Apostolo;
1300 547 1390 597 sed
1420 549 1684 598 Christum
1706 549 1899 612 inquiri
1927 548 2076 612 velle,

406 610 561 673 atque
590 608 727 673 odio_
737 608 928 673 habere
957 608 1332 673 garrulitatem.
1779 608 1795 612 “
1988 611 2081 661 299

517 682 611 733 AP._
636 669 771 733 XIV.
802 696 865 705 -—
893 669 1153 733 Sponsam
1178 673 1403 722 inveniri
1430 685 1457 722 a
1503 674 1813 724 custodibus
1849 674 2080 723 caelestis

407 729 698 803 gerusalem
731 729 990 803 inquam
1032 734 1104 782 illi
1147 736 1572 803 ingrediendum,
1626 742 1686 803 et_
1716 750 1816 798 qua
1857 739 2074 803 ratione.

410 792 665 861 Ejusdem
697 792 924 861 civitatis
945 796 1136 861 iumen,
1170 792 1322 853 muri,
1346 804 1527 860 portae.
1559 812 1618 846 ac
1643 792 1786 847 cives
1809 800 2073 861 explican-

408 858 510 927 μιν.
544 854 812 927 Quomodo
839 854 1158 927 inielligatur
1178 854 1361 927 anima
1387 860 1598 927 spoliari
1623 874 1651 908 a
1681 854 2074 927 sanctis'a'nge-

406 915 473 990 lis
496 928 524 990 ε,
545 918 806 990 quomodo
841 915 1140 990 etiam'quae
1171 915 1438 990 Christum
1466 925 1516 973 in
1546 925 1736 990 foro_7et
1756 924 1942 990 plateis
1970 915 2077 986 my-

407 981 557 1051 sticis
585 981 866 1051 qumsitum
894 981 1171 1051 invenerit,
1199 984 1722 1051 ab77eisdem_angelis
1752 981 2071 1051 vulneretur.

408 1039 614 1110 Quibus
632 1041 889 1110 jungitur
906 1044 1005 1110 alia
1031 1046 1172 1107 pallii
1198 1046 1398 1110 utiliter
1424 1039 1885 1110 ablativexpositio.
1984 1048 2071 1099 301

348 1110 360 1121 '
408 1176 411 1177 7
442 1103 600 1177 “CAP.
631 1103 837 1153 Χνῑ-
863 1103 1303 1177 Adquierendum
1322 1109 1484 1177 Deum
1502 1103 1728 1177 animam
1745 1111 2073 1177 excitat,_ex7-

403 1162 697 1228 plicatoque
727 1180 821 1216 cur
848 1181 905 1218 ea
931 1162 1177 1218 feminino
1208 1171 1465 1220 vocabulo
1495 1172 1713 1228 dicatur,
1749 1178 1922 1221 monet
1945 1162 2076 1222 'divi-

405 1240 531 1299 num
558 1230 790 1299 favorem
820 1244 939 1299 esse
968 1232 1459 1299 implorandum,7_u7t
1479 1234 1656 1299 eadem
1678 1234 1742 1283 ab
1769 1235 1859 1283 illo
1889 1235 2074 1299 guber-

404 1294 559 1357 netur
588 1292 755 1340 instar
791 1292 1070 1357 cujusdam
1097 1309 1322 1356 currus;
1370 1296 1443 1345 illi
1482 1297 1619 1351 enim
1647 1302 1872 1357 quatuor
1892 1292 2074 1346 Enetus

404 1364 524 1422 esse
549 1356 795 1422 tanquam
824 1356 1036 1422 totidem
1053 1371 1246 1422 equos,
1267 1371 1296 1406 a
1324 1359 1517 1422 quibus
1538 1356 1798 1421 raptatur;
1832 1374 1967 1422 quos
1985 1360 2074 1422 do-

405 1419 504 1480 cet_
508 1415 707 1480 ratione
734 1430 796 1466 ac
825 1415 1494 1480 prudentia'modera'ndos.
1597 1415 1615 1421 ’
1785 1415 1790 1416 ⁷
1848 1415 1863 1422 ’
1982 1421 2073 1473 804

468 1474 599 1526 CAP.
632 1479 767 1546 XVI.
887 1481 1201 1546 Verbumin
1224 1483 1439 1546 hortum
1459 1486 1612 1533 nucis
1637 1497 1754 1546 qum
1773 1484 2073 1535 temtationis

407 1538 576 1609 ﬁgura
604 1545 700 1598 est,
723 1542 998 1609 invitatur;
1031 1545 1235 1609 uttldei
1268 1558 1327 1594 ac
1357 1545 1612 1594 virtutum
1652 1538 1845 1596 odores
1886 1548 2071 1609 capiat,

405 1600 609 1671 m'elque
639 1602 938 1671 manducet._
969 1600 1027 1671 In
1053 1605 1261 1656 Christo
1288 1608 1530 1656 omnibus
1553 1610 1725 1671 omnia
1757 1600 2030 1671 suppetere
2058 1600 2071 1656 ξ

405 1676 468 1738 ac
494 1665 712 1738 proinde
740 1666 976 1738 exemplo
1010 1669 1432 1738 hmmorrhoissae
1461 1670 1704 1738 mulieris
1720 1665 2075 1738 accedendum

405 1725 672 1807 adipsum
690 1725 991 1807 eumiirima
1014 1731 1134 1807 fide,
1155 1731 1316 1807 cujus
1339 1733 1602 1782 mirabiles
1633 1734 1849 1807 elfecius
1873 1734 2073 1807 praedi-

405 1794 608 1857 cantur.
634 1791 1138 1857 Adjiciendamtldei
1157 1791 1403 1842 humilem
1425 1808 1633 1857 quoque
1653 1791 2071 1855 confessionem;

405 1863 501 1915 nec
530 1851 605 1899 eis
634 1851 732 1915 qui
748 1852 964 1915 Christo
994 1853 1282 1913 detrahant,
1305 1851 1756 1915 respondendum;
1797 1857 1889 1906 sed
1919 1851 2072 1915 ejus-'-

405 1866 501 1897 nec
530 1866 605 1899 eis
671 1867 724 1900 ut
754 1866 964 1902 unristo
994 1866 1282 1913 detrahant,
1305 1869 1392 1903 res
1433 1866 1756 1915 ondendum;
1797 1866 1889 1906 sed
1919 1866 2071 1906 e‘us-

405 1910 523 1960 dem
556 1866 789 1962 mu1ieris
819 1928 963 1962 more
993 1915 1264 1965 dicendum
1293 1930 1304 1964 :
1347 1871 1469 1967 Ngn
1503 1919 1764 1975 laboravi,
1795 1925 1893 1967 etc.
1938 1873 2071 1968 Pos-

407 1977 571 2047 iremo
612 1976 696 2047 ad
722 1976 1100 2047 conciliandam
1152 1981 1356 2047 feminae
1402 1982 1665 2047 confitenti
1713 1984 2072 2047 auctoritatem

409 2033 550 2084 Petri
579 2042 629 2085 et
658 2037 804 2106 Pauli
843 2039 1075 2102 exempla
1104 2042 1169 2091 ad
1200 2042 1433 2091 eamdem
1479 2044 1723 2092 virtutem
1767 2045 2074 2106 pertinentia

407 2105 795 2160 proponuntur.
1773 2105 1778 2106 ⁷
1983 2106 2075 2157 305

474 2160 800 2228 CAP._XVII.
832 2190 895 2200 —
919 2165 1212 2215 Cavendam
1236 2165 1537 2228 jactantiam
1582 2167 1765 2216 suadet
1802 2182 1920 2218 cum
1958 2168 2075 2217 aliis

410 2224 679 2286 exemplis,
723 2231 832 2274 tum
878 2230 1217 2289 potissimum
1240 2224 1499 2290 'apiculae;
1544 2230 1731 2279 habere
1778 2231 1915 2279 enim
1956 2232 2072 2280 ani-

409 2298 545 2355 mam
569 2293 802 2355 nostram
824 2302 954 2355 suos
975 2290 1417 2355 vol7atus,7quibus
1441 2293 1634 2340 mundo
1659 2294 1792 2341 facta
1814 2295 2070 2355 superior,

410 2346 515 2396 Deo
545 2351 861 2416 aeternisque
887 2346 1467 2416 virtutibus—jungatur.
1503 2357 1610 2403 Has
1633 2368 1793 2416 supra
1823 2346 2074 2404 mundum

408 2422 528 2479 esse
557 2411 707 2479 docet
734 2413 969 2479 exemplo
999 2411 1215 2471 Christi,
1232 2411 1492 2479 ad'cujus
1520 2423 1674 2478 atque
1698 2411 2071 2479 apostolorum

406 2472 756 2554 imitationem
777 2472 1001 2554 animam
1027 2477 1308 2554 urgetANe
1332 2472 1777 2554 t_amen_videatti'r
1806 2479 2072 2554 exemplar

406 2534 702 2607 sublimius,
732 2538 967 2607 hortatur
992 2534 1364 2607 utfiatChristi
1394 2541 1668 2607 discipula,
1701 2554 1813 2607 quo
1836 2534 2072 2607 oratione

404 2596 722 2665 adjuvetur;
758 2600 962 2665 interim
996 2601 1316 2665 diligentiam
1350 2596 1613 2661 adhibeat,
1662 2596 1732 2653 ac'
1763 2603 1889 2652 vitia
1926 2606 2070 2654 varia

406 2658 667 2721 relinquat
699 2663 847 2711 foris.
1091 2658 1117 2665 ⁷
1602 2658 1609 2661 ν
1978 2665 2070 2717 307

467 2722 598 2790 CAP.
623 2724 810 2773 XVIII.
832 2753 894 2790 τ
910 2725 1058 2784 Quod
1085 2741 1114 2776 a
1137 2728 1307 2789 poetis
1327 2727 1511 2777 animae
1534 2740 1743 2782 currus.
1776 2729 1895 2790 equi
1913 2734 1962 2776 et
1975 2729 2069 2778 alae

406 2785 782 2853 attribuuntur,
832 2787 882 2853 id
926 2785 1150 2850 petitum—
1189 2803 1218 2838 a
1264 2791 1511 2851 propheta
1557 2785 1839 2839 Ezechiele:
1891 2792 2070 2853 Hujus

407 2853 640 2915 quatuor
659 2850 956 2898 animalium
988 2853 1186 2901 formas
1214 2850 1409 2915 quibus
1439 2857 1664 2915 quatuor
1702 2850 2072 2915 exprimuntur

408 2910 760 2973 evangelista.
788 2918 1012 2973 quatuor
1039 2915 1190 2962 etiam
1222 2910 1562 2964 cardinalium
1589 2910 1841 2963 virtutum
1872 2917 2070 2973 ﬁguras

405 2974 893 3051 esseuost‘enditum
948 2976 1113 3024 David
1161 2976 1313 3051 etiam
1343 2976 1417 3051 7de
1467 2978 1665 3051 anima-7
1703 2977 1801 3025 alis
1835 2974 2071 3051 pulchre

403 3033 621 3100 dixisse.
647 3036 899 3100 Accendit
921 3051 1047 3100 ergo
1073 3051 1168 3086 nos
1191 3038 1254 3087 ad
1271 3038 1502 3088 volatum
1525 3045 1741 3087 sanctus
1762 3033 2003 3096 antistes,
2022 3045 2072 3089 et

403 3109 521 3172 quas
548 3097 794 3172 fugienda
825 3097 1032 3172 moneat
1070 3100 1628 3172 Icari__lapsus.7nobis
1659 3103 1840 3172 aperit.
1875 3102 2071 3172 Deinde

403 3158 634 3237 volandi
658 3160 959 3237 difiicuitate
996 3158 1476 3237 propositafdgcet
1508 3164 1557 3237 si
1592 3158 1940 3237 actusnnostri
1969 3165 2070 3237 sibi

403 3224 789 3288 consenserint,
822 3225 934 3273 fore
965 3230 1019 3273 ut
1055 3224 1325 3275 videamus
1356 3225 1620 3275 Christum
1649 3226 1701 3274 in
1730 3226 1943 3285 throno,
1979 3227 2069 3288 qui

403 3296 502 3332 nos
517 3285 721 3351 dirigat
745 3299 905 3351 :_cum
927 3301 1054 3336 vero
1083 3288 1286 3351 legatur
1314 3289 1470 3337 modo
1499 3294 1724 3336 montem
1754 3288 1946 3337 solitus
1974 3285 2069 3338 as-

402 3347 826 3413 cendere,'_modo
856 3351 1065 3409 navim;
1106 3347 1203 3400 hac
1231 3365 1413 3400 ansam
1445 3356 1648 3409 nactus,
1682 3350 1834 3400 navis
1863 3364 1921 3399 ac
1950 3352 2067 3413 pie-3

401 3411 622 3473 cationis
657 3410 796 3459 Petri
827 3412 1100 3473 mysticam
1132 3414 1321 3462 enodat
1350 3413 1678 3462 sententiam.
1950 3410 2069 3464 ‘808

463 3471 592 3539 CA7r7.
626 3474 757 3523 XIX.
784 3501 847 3510 —
867 3471 1119 3539 Hortatur
1136 3476 1369 3539 virgines
1386 3481 1442 3539 ut
1467 3475 1688 3539 subeant
1708 3476 1833 3523 retia
1856 3475 2067 3539 sapien-

306 3584 311 3591 ,
400 3535 505 3600 tiae,
535 3535 598 3600 id
618 3542 702 3600 est
724 3550 943 3600 regnum
973 3535 1246 3594 caelorum:
1268 3551 1370 3600 quo
1400 3537 1589 3586 ducere
1613 3538 1828 3600 jubetur
1859 3535 2063 3587 Petrus.

399 3597 514 3663 Alia
553 3597 805 3663 ejusdem
844 3601 1090 3661 praecepti
1139 3597 1297 3663 datur
1338 3597 1695 3661 acceptiofut
1725 3613 1818 3648 cor
1847 3601 1947 3649 viri
1976 3614 2069 3663 per

400 3660 562 3724 altum
592 3661 945 3724 intelligamus
974 3660 1127 3724 atque
1160 3662 1447 3711 Ecclesiam
1466 3660 1483 3710 Ξ
1526 3676 1646 3709 mox
1676 3660 1993 3724 proponitur
2019 3668 2068 3711 et

403 3723 551 3786 tertia
581 3722 643 3772 de
674 3722 788 3786 ipso
819 3722 1059 3783 Christoi
1089 3724 1225 3773 unde
1254 3730 1303 3773 et
1343 3724 1623 3786 respondet
1671 3722 1808 3786 idem
1846 3730 2065 3786 aposto-

330 3830 340 3840 ,
402 3784 487 3833 lus
510 3784 777 3834 incassum
810 3800 901 3847 per
930 3792 1133 3835 noctem
1166 3801 1222 3836 se
1255 3784 1542 3836 labora—sse.
1577 3785 1849 3844 Quomodo
1877 3784 2065 3835 etiam-

401 3861 527 3895 num
556 3848 733 3896 eadem
764 3848 1009 3897 Christus
1034 3862 1095 3898 ac
1127 3849 1313 3898 Petrus
1344 3849 1534 3897 dicant.
1569 3849 1801 3910 Denique
1836 3848 2064 3910 subjun-

401 3910 540 3971 gitur
569 3911 859 3973 exhortatio
889 3916 945 3958 ut
975 3911 1021 3959 si
1043 3912 1267 3973 pretium
1292 3911 1432 3973 quod
1452 3911 1662 3961 Christo
1680 3910 1948 3970 debemus,
1981 3915 2063 3960 to-

401 3976 513 4035 tum
551 3971 756 4020 solvere
785 3974 957 4021 minus
986 3971 1154 4031 liceat,
1179 3971 1360 4023 saltem
1390 3988 1487 4022 nos
1525 3973 1643 4035 ejus
1678 3973 1927 4021 beneﬂcio
1958 3988 2066 4022 non

402 4031 647 4099 indignos
675 4035 1036 4099 exhibeamus;
1070 4050 1132 4099 ne
1164 4041 1410 4097 queratur
1446 4031 1644 4085 frustra
1674 4035 1995 4099 sanguinem
2009 4051 2066 4099 se

401 4093 720 4159 profudisse,
745 4109 805 4144 ac
823 4096 1007 4159 iocum
1025 4093 1265 4146 subiisse
1297 4099 1674 4159 corruptionis.
1774 4093 1800 4099 '
1973 4098 2068 4147 312

464 4157 587 4206 CAP.
610 4157 715 4205 ΧΧ.
738 4184 801 4193 -
822 4157 953 4207 Petit
978 4173 1177 4220 preces,
1205 4157 1545 4232 piscationem
1568 4173 1716 4232 suam
1736 4172 2066 4232 cognoscens

399 4232 706 4284 prosperam
743 4234 862 4284 esse
906 4235 1009 4270 non
1041 4235 1198 4283 posse
1228 4223 1342 4284 sine
1371 4222 1548 4270 favore
1577 4222 1668 4270 Dei
1689 4259 1700 4277 ,
1746 4222 1831 4284 cui
1869 4223 2066 4284 gratias

400 4281 540 4358 quod
571 4281 672 4330 sibi
696 4281 1178 4358 auxiliumnmittere
1195 4283 1271 4358 sit
1297 4283 1717 4358 dign_aLus,7agit.
1742 4281 1954 4358 Sgis‘se
1983 4299 2064 4358 re:

399 4343 542 4409 tibus
562 4358 666 4393 non
698 4345 1085 4409 utiisigniﬂcat,
1118 4345 1209 4394 sed
1228 4343 1435 4394 Petriet
1455 4343 1677 4402 Paulifa
1707 4346 1899 4409 quibus
1924 4352 2066 4409 optat

396 4406 934 4480 virgine37v'iviilc7a'ri.
968 4407 1134 4480 Quam
1162 4409 1286 4457 utile
1312 4408 1501 4457 Joanni
1546 4409 1701 4480 fuerit
1722 4406 1920 4480 :omnia
1961 4406 2064 4470 pro

398 4467 962 4544 ςὲιιῐίίἓξρ.(ἰεεεθιζιιὶιεξθἸ
982 4470 1140 4544 cujus
1165 4484 1393 4544 perso’na
1422 4484 1526 4544 quo
1560 4471 1666 4544 fuit
1685 4470 1860 4544 vilior,
1880 4484 1939 4544 eo
1962 4467 2065 4544 ina:

393 4529 485 4641 ὕπ’
514 4530 588 4606 ilii
607 4531 787 4605 haberi
819 4529 1572 4606 debetauctoritas.7Quantum
1601 4532 1755 4580 etiam
1778 4532 1900 4580 illud
1925 4533 2064 4592 quod

455 4607 571 4641 ovsi
598 4606 658 4641 ac
683 4593 809 4641 Elim
830 4600 1116 4641 piscatores
1138 4609 1165 4641 a
1185 4596 1396 4641 Christo
1420 4598 1706 4641 sociantur.
1728 4595 1928 4641 Horum
1946 4607 2064 4641 cum

455 4594 571 4655 oysi
598 4606 658 4656 ac
683 4593 809 4642 Eliae
830 4594 1116 4656 piscatores
1138 4609 1165 4643 a
1185 4596 1396 4644 Christo
1420 4595 1706 4643 sociantur.
1728 4595 1928 4642 Horum
1946 4607 2064 4642 cum

398 4653 580 4717 Moyse
606 4653 844 4717 jucunda
870 4657 1159 4706 instituitur
1184 4656 1408 4705 collatio.
1602 4716 1606 4717 7
1970 4656 2062 4705 314

459 4716 522 4766 In
551 4716 753 4767 librum
787 4717 849 4767 de
876 4718 1227 4768 Institutione
1265 4718 1517 4782 Virginis
1545 4716 1858 4767 admonitio.
1970 4719 2062 4768 315

400 4795 512 4857 DE
535 4797 1135 4860 INSTITUTIONE
1150 4798 1533 4858 VIRGINIS
1550 4797 1655 4858 ET
1671 4796 1737 4858 S.
1766 4797 2061 4859 MARIIE

479 4877 1032 4938 VIRGINITATE
1089 4878 1548 4940 PERPETUA
1606 4876 1723 4939 AD
1785 4878 2059 4941 EUSE-

482 4955 726 5033 BIUM,
775 4956 1033 5020 LIBER
1074 4958 1327 5022 UNUS.

462 5055 585 5106 CAP.
617 5054 663 5104 1.
694 5082 757 5091 -
787 5054 1097 5105 Parentibus
1126 5057 1308 5105 merito
1330 5069 1516 5118 curam
1535 5070 1652 5105 esse
1681 5056 1931 5118 majorem
1949 5057 2062 5106 vir-

399 5118 537 5183 ginis
568 5130 731 5192 sacraa
761 5130 917 5192 quam
952 5118 1165 5192 reliqua:
1195 5117 1411 5192 sobolis.
1447 5118 1622 5192 Quam
1671 5117 1955 5192 praestans
1981 5120 2066 5192 iila

399 5180 725 5243 consecratio
758 5192 770 5227 :
802 5180 889 5228 ubi
920 5180 1181 5243 praecipue
1210 5180 1272 5229 de
1311 5181 1545 5238 silentio,
1578 5180 1716 5243 quod
1746 5181 2066 5243 virginitatis

397 5242 767 5306 verecundiam
794 5242 1120 5306 commendat
1144 5256 1249 5291 non
1271 5256 1425 5292 secus
1454 5242 1610 5306 atque
1641 5242 1944 5299 Ecclesium,
1968 5256 2064 5292 cu-

394 5304 488 5380 jus
517 5306 689 5355 omnis
718 5304 884 5370 gloria
911 5305 976 5354 ab
1006 5304 1166 5363 intus,
1197 5310 1247 5354 et
1275 5318 1430 5369 quam
1460 5304 1560 5355 nos
1597 5306 1789 5355 imitari
1822 5307 2067 5355 convenit

401 5382 455 5416 in
482 5368 700 5417 orando.
1975 5366 2068 5417 319

401 5382 455 5416 ω
482 5381 700 5417 οιιαῑιαο.

462 5431 584 5479 CAP.
615 5431 678 5479 Il.
701 5456 765 5465 —
782 5428 1083 5479 Orationem
1103 5429 1334 5479 inchoari
1357 5429 1541 5480 debere
1557 5445 1587 5479 a
1605 5430 1695 5479 Dei
1722 5430 1982 5488 laudibus,
2016 5437 2065 5478 et

400 5498 521 5555 post
553 5492 787 5555 exposita
816 5492 1076 5553 postulata
1106 5497 1282 5541 nostra
1320 5494 1370 5542 in
1401 5494 1684 5555 gratiarum
1714 5494 1948 5541 actiones
1977 5492 2063 5540 de-

402 5554 594 5603 sinere.
626 5554 876 5604 Eamdem
908 5569 1039 5617 pace
1073 5569 1133 5604 ac
1162 5554 1532 5617 tranquillitate
1568 5554 2060 5617 commendandam;

401 5617 817 5680 qua_7occasione
864 5615 1200 5680 evangelicus
1234 5615 1397 5680 iocus
1447 5629 1602 5677 quam
1636 5615 2063 5680 luculentissime

400 5677 703 5741 explicatur,
735 5677 1169 5741 quemjubentur
1197 5679 1481 5728 observare
1512 5678 1761 5741 virgines.
1970 5677 2057 5729 321

498 5754 584 5788 AP.
615 5740 706 5787 III.
736 5766 799 5775 —
827 5739 1147 5801 Culpandum
1177 5755 1280 5790 non
1311 5755 1428 5790 esse
1458 5739 1731 5788 femineum
1765 5753 1946 5788 sexum
1977 5742 2061 5789 cui

399 5807 428 5840 8
459 5801 566 5849 Deo
587 5805 727 5849 tanta
758 5802 892 5849 dona
921 5801 1105 5850 collata
1134 5803 1324 5850 fuerint
1356 5816 1367 5850 :
1401 5804 1563 5852 Deum
1585 5802 1721 5849 enim
1741 5802 1935 5850 idcirco
1958 5817 2062 5851 non

402 5863 585 5924 statim
610 5867 763 5922 atque
794 5864 949 5911 homo
980 5870 1189 5911 creatus
1218 5869 1297 5912 est
1316 5902 1328 5921 ,
1381 5864 1527 5913 illum
1558 5863 1907 5924 approbasse,
1953 5869 2063 5912 tum

401 5923 522 5982 quia
541 5923 659 5984 ejus
689 5924 914 5985 dignitas
938 5938 1045 5975 non
1071 5925 1125 5973 in
1155 5939 1394 5988 corpore,
1422 5926 1512 5976 sed
1539 5923 1791 5976 inanima
1815 5929 1863 5973 et
1895 5925 1949 5975 in
1979 5925 2062 5974 di-

1831 349 2064 413 ORDO
2111 349 2439 414 RERUM.

3701 344 3862 408 1604

2185 547 2305 596 vina
2331 546 2554 608 imagine
2581 546 2855 605 causistat,
2886 552 2994 596 tum
3025 546 3146 608 quia
3176 550 3370 593 tantum
3404 546 3455 593 in
3487 544 3665 608 operis
3698 545 3854 593 totius

2186 610 2286 658 fine
2331 608 2622 658 laudandus
2671 610 2861 670 homo,
2902 623 2963 658 ac
3004 608 3210 657 demum
3241 608 3359 670 quia
3403 608 3641 670 nondum
3686 614 3857 655 creata

2184 676 2293 720 erat
2326 671 2527 729 mulier,
2561 685 2676 732 quae
2706 676 2756 720 et
2783 669 2992 733 ex'ipso
3013 672 3229 720 formata
3253 669 3350 727 est,
3381 675 3432 717 et
3461 683 3584 718 cum
3609 669 3729 730 ipso
3758 683 3861 717 ma-

2183 734 2274 796 gni
2303 735 2612 781 sacramenti
2632 735 2853 797 figuram
2876 738 3348 795 eratexpressura;
3380 746 3441 781 ex
3465 745 3572 793 quo
3597 738 3643 778 et
3666 744 3859 797 nomen

2181 793 2448 857 accepisse
2476 797 2593 857 ipsa
2622 793 2934 844 declaratur.
3067 793 3082 795 “
3182 856 3191 857 7
3398 856 3403 857 7
3448 855 3456 857 7
3765 793 3859 842 323

2244 855 2365 907 CAP.
2398 855 2576 919 IVI—
2603 857 2837 906 Mulieris
2867 870 3021 919 quam
3049 857 3153 905 viri
3182 856 3351 904 levius
3387 855 3556 919 fuisse
3584 862 3858 918 peccatum

2181 920 2351 968 evinci
2379 918 2682 981 disparitate
2716 918 2897 975 sexus,
2926 919 3225 968 tentationis
3255 919 3475 981 ratione,
3517 918 3699 981 divina
3731 931 3854 965 sen-

2180 982 2340 1053 tentia
2369 986 2418 1030 et
2446 979 2883 1053 responsionibus
2913 981 3207 1053 amborum.
3259 980 3399 1053 Post
3430 994 3550 1053 qua;
3591 979 3857 1053 adversus

2179 1043 2455 1092 mulierum
2482 1042 2795 1094 teutationes
2827 1044 2957 1092 viris
2987 1042 3221 1106 remedia
3241 1042 3656 1106 praecipiuntur:
3691 1043 3743 1090 in
3762 1042 3853 1106 his

2178 1107 2401 1154 maxime
2429 1106 2729 1155 earumdem
2751 1106 3108 1167 jejunantium
3138 1103 3372 1154 imitatio.
3392 1103 3420 1167 7'
3464 1165 3479 1167 7
3755 1103 3851 1153 θῶ

2241 1169 2365 1216 CAP.
2396 1168 2459 1214 V.
2482 1194 2545 1204 —
2562 1170 2725 1217 Evam
2741 1165 3090 1217 damnationis
3109 1167 3365 1216 sententia
3385 1166 3438 1214 in
3457 1165 3586 1215 Sara
3606 1171 3855 1226 tanquam

2181 1229 2570 1294 solutam77esse,
2603 1230 2695 1278 sed
2726 1229 2887 1294 multo
2917 1230 3085 1294 magis
3112 1231 3162 1294 in
3186 1228 3365 1294 Maria,
3395 1242 3513 1294 qua
3542 1228 3855 1294 virginitate

2179 1291 2381 1366 integra
2411 1292 2574 1366 Deum
2602 1293 2811 1366 genuit,
2856 1291 3057 1366 necndn
3097 1291 3337 1364 ejusdem
3384 1291 3596 1338 virtutis
3641 1292 3856 1366 signum

2179 1353 2377 1402 extulit.
2411 1354 2575 1412 Quam
2609 1353 2940 1417 impudenter
2976 1355 3145 1417 ipsam
3183 1353 3438 1417 virginem
3483 1365 3856 1417 perseverasse

2178 1416 2416 1480 negarint
2447 1414 2700 1474 haeretici,
2728 1429 2954 1478 quorum
2983 1414 3293 1481 argumenta
3324 1428 3386 1464 ex
3419 1414 3724 1478 Evangeliis
3757 1429 3855 1526 ge-

2179 1478 2271 1526 tita
2305 1477 2594 1526 diluuntur.
3793 1477 3855 1524 27

2179 1477 2272 1526 tita
2305 1477 2594 1528 diluuntur.
2747 1477 2750 1478 ⁷
3049 1477 3068 1481 ’⁷
3578 1477 3591 1478 ί
3758 1477 3855 1526 327

2241 1539 2371 1589 CAP.
2405 1540 2495 1588 VI.
2512 1567 2575 1576 —
2594 1539 2795 1589 Solutis
2811 1540 2928 1591 aliis
2946 1539 3152 1590 duabus
3172 1539 3314 1588 circa
3332 1538 3560 1588 eamdem
3577 1551 3689 1586 rem
3709 1539 3856 1599 obje-

2179 1602 2470 1662 ctionibus;
2502 1601 2713 1652 additur
2726 1603 3014 1652 absurdum
3036 1602 3163 1650 illud
3183 1603 3417 1651 futurum
3436 1601 3621 1656 fuisse,
3641 1600 3688 1648 si
3704 1601 3853 1649 Chri—

2180 1668 2296 1712 stus
2327 1670 2540 1728 matrem
2567 1666 2618 1713 in
2647 1666 2945 1728 virginitate
2975 1678 3077 1728 non
3100 1667 3549 1728 perseveraturum
3581 1662 3852 1728 elegisset,

2177 1731 2267 1790 aut
2294 1726 2337 1774 ei
2368 1722 2773 1790 praeclarissima
2795 1722 3117 1790 virginitatis
3128 1740 3342 1790 munera
3360 1722 3695 1787 denegasset.
3760 1722 3856 1790 830

2240 1787 2510 1852 CAP.’VII.
2543 1815 2606 1852 7—
2637 1789 2735 1838 Ubi
2763 1787 3039 1852 probatum
3063 1793 3143 1852 est
3160 1788 3371 1837 Mariam
3394 1800 3768 1852 perseverasse
3798 1787 3853 1834 in

2179 1850 2473 1925 integritate
2496 1848 2841 1925 virginem—ex
2871 1865 2949 1925 e07
2959 1850 3099 1925 quod
3131 1851 3185 1898 in
3214 1848 3430 1925 matrem
3450 1848 3711 1925 discipulo
3732 1849 3854 1925 data

2176 1912 2364 1976 fuerit;
2390 1912 3079 1976 conﬁrmaturvirginitatis
3110 1912 3537 1976 proposit7um_a_b7
3563 1924 3621 1959 ea
3639 1912 3854 1976 minime

2179 1975 2371 2024 mutari
2401 1975 2638 2037 potuisse
2665 1975 2825 2037 cujus
2849 1973 2989 2024 tanta
3020 1973 3313 2037 constantia
3339 1974 3393 2021 in
3423 1973 3560 2037 Filii
3580 1974 3851 2037 passione,

2179 2034 2623 2100 tantaqudvirtus
2653 2037 2705 2085 in
2735 2034 2983 2100 Baptista:
3008 2035 3354 2100 exsultatione
3382 2034 3720 2100 prmhils'erit.
3754 2034 3853 2100 383

2241 2097 2364 2148 CAP.
2397 2099 2535 2148 VIII.
2557 2126 2620 2135 —
2651 2097 2936 2148 Ezechielis
2953 2099 3267 2155 testimonia,
3286 2103 3336 2146 et
3357 2098 3691 2160 potissimum
3707 2097 3849 2159 quod

2177 2161 2333 2210 habet
2359 2160 2422 2208 de
2449 2167 2601 2223 porta
2640 2175 2742 2210 non
2777 2161 3070 2224 aperienda,
3103 2162 3154 2208 in
3188 2160 3404 2224 Mariam
3433 2160 3721 2224 quadrare;
3759 2165 3850 2207 ut-

2178 2228 2313 2285 pote,
2343 2221 2619 2286 perquam
2650 2237 2752 2273 non
2782 2221 3061 2272 reseratam
3091 2223 3359 2271 transierit
3386 2221 3560 2286 7solu7s
3606 2223 3851 2286 Christus

2179 2284 2359 2347 sicque
2388 2284 2528 2333 illam
2559 2286 2932 2335 confortaverit
2960 2291 3017 2334 ut
3050 2289 3232 2348 postea
3276 2298 3340 2332 ne
3373 2284 3603 2347 Josepho
3638 2284 3854 2345 quidem

2179 2350 2430 2395 patefacta
2459 2348 2544 2395 sit.
3758 2344 3855 2395 334

2214 2350 2430 2396 atefacta
2459 2348 2544 2395 sit.

2177 2362 2430 2409 pateiacta
2459 2362 2544 2395 sit.
3758 2362 3855 2395 sua

2240 2409 2370 2458 CAP.
2403 2410 2488 2458 IX.
2514 2436 2582 2472 7—
2610 2408 2881 2467 Quomodo
2909 2410 3072 2458 variis
3091 2409 3353 2472 symbolis
3368 2407 3646 2472 virginitas
3677 2407 3855 2471 signi-

3466 2470 3650 2519 ebeant
3679 2470 3851 2518 saera:

2176 2471 2376 2545 ﬂeetur,
2402 2471 2593 2581 q7uidve
2624 2486 2687 2520 ex
2717 2485 2899 2521 eorum
2928 2471 3155 2536 singulis
3195 2472 3396 2520 discere
3430 2471 3650 2519 debeant
3679 2484 3851 2582 εειιὲιὲ

2176 2548 2410 2582 νιιιαιηθε

2174 2534 2410 2582 virgines
2425 2534 2448 2581 7

2281 2611 2366 2645 AP.
2398 2596 2453 2646 Χ.
2484 2621 2548 2631 —
2577 2596 2817 2645 Innuitur
2838 2596 3188 2659 virginitatem
3208 2607 3457 2659 coronam
3471 2607 3599 2659 esse_
3608 2596 3663 2643 in
3687 2608 3850 2643 manu

2175 2657 2402 2715 Domini,
2433 2671 2587 2720 quem
2616 2671 2778 2706 unum
2808 2672 2913 2706 non
2929 2657 3225 2707 secundum
3254 2657 3469 2720 perinde
3486 2670 3547 2705 ac
3571 2657 3779 2705 Patrem
3797 2662 3854 2720 7et

2175 2720 2430 2783 Spiritum
2449 2718 2693 2782 produnt
2727 2720 3033 2783 scripturae.
3074 2722 3129 2768 In
3158 2718 3265 2768 hoc
3287 2718 3553 2783 objiciunt
3574 2718 3850 2783 Evangelii

2174 2781 2371 2845 textum
2401 2781 2656 2845 hairetici,
2684 2788 2747 2845 at
2774 2781 2864 2830 illo
2897 2797 2990 2845 per
3023 2782 3122 2831 alia
3151 2782 3447 2830 testimonia
3476 2781 3683 2838 soluto,
3715 2781 3851 2845 ﬁdes

2174 2844 2425 2893 catholica
2454 2844 2518 2892 de
2548 2844 2801 2892 Trinitate
2830 2842 3186 2893 confirmatur.
3751 2842 3851 2892 θῶ

2235 2908 2360 2956 CAP.
2378 2907 2466 2970 7X1.
2489 2933 2554 2970 7—7
2580 2907 2711 2970 Cum
2740 2912 3008 2970 tantopere
3036 2920 3131 2969 pro
3165 2906 3317 2970 nobis
3350 2904 3666 2970 laboraverit
3689 2904 3848 2955 Chri-

2175 2975 2309 3026 stus,
2343 2969 2389 3016 ei
2419 2969 2509 3016 uni
2543 2968 2781 3017 laborare
2810 2966 2911 3017 nos
2929 2966 3186 3031 oportere.
3211 2969 3391 3030 Ipsum
3420 2980 3525 3015 non
3546 2966 3649 3030 legi
3665 2980 3848 3015 secun-

2173 3031 2298 3079 dum
2343 3043 2494 3085 esse,
2543 3032 2644 3079 nisi
2686 3036 2885 3093 tantum
2929 3036 3185 3093 quatenus
3224 3031 3379 3093 homo
3418 3034 3514 3086 est,
3547 3042 3654 3093 quo
3682 3042 3847 3093 sensu

2175 3094 2327 3141 etiam
2357 3094 2679 3155 novissimus
2720 3091 3026 3155 appellatur.
3073 3094 3137 3141 Et
3177 3094 3279 3141 huc
3318 3091 3467 3141 locus
3505 3092 3849 3155 Ecclesiastis

2172 3161 2327 3217 atque
2358 3154 2533 3203 Elisaai
2563 3153 2856 3216 exemplum
2885 3156 3214 3217 adaptanlur.
3288 3215 3298 3217 7
3472 3216 3477 3217 7
3601 3215 3610 3217 7
3660 3216 3689 3217 77
3747 3153 3843 3217 ξπ

2274 3232 2359 3265 AP.
2390 3217 2496 3266 XII.
2515 3241 2574 3254 —
2596 3215 2855 3267 Christum
2873 3215 3090 3279 juvenis
3107 3215 3323 3266 secundi
3344 3216 3551 3279 nomine
3569 3215 3634 3279 ab
3657 3215 3845 3264 Eccle-

2174 3280 2333 3353 siaste
2349 3279 2706 3353 designatum
2723 3292 2840 3328 cum
2868 3277 3164 3353 aliis77locis,
3197 3284 3305 3327 tum
3332 3277 3495 3353 hujus
3524 3277 3699 3351 ipsius
3726 3291 3850 3327 con-

2171 3341 2465 3406 tinuatione
2490 3340 2709 3406 intelligi
2734 3353 2746 3388 :
2782 3355 2897 3390 eum
2929 3343 3090 3406 igitur
3118 3354 3236 3406 esse
3255 3341 3346 3406 qui
3368 3346 3417 3406 et
3439 3340 3700 3388 transisse
3715 3354 3845 3406 per:

2174 3409 2294 3460 tam,
2317 3408 2366 3451 et
2397 3404 2448 3451 in
2480 3416 2537 3451 ea
2575 3402 2764 3451 sedens
2790 3402 3134 3452 manducasse
3158 3402 3491 3451 describitur.
3720 3402 3725 3403 “
3748 3402 3847 3452 338

2233 3467 2357 3516 CAP.
2390 3466 2529 3528 XIII.
2552 3491 2616 3501 --
2646 3466 2825 3515 Mariae
2853 3464 3442 3528 virginitatempulchre
3463 3464 3731 3528 designari
3750 3479 3845 3527 per

2172 3526 2328 3576 ollam
2357 3540 2417 3576 ac
2448 3527 2638 3576 nubem
2680 3528 2882 3576 levem:
2931 3526 3095 3589 hujus
3134 3526 3292 3576 nubis
3329 3526 3560 3589 pluviam
3592 3526 3845 3589 pluribus

2171 3591 2312 3653 typis
2339 3591 2392 3638 in
2429 3589 2856 3662 Veterifmdere
2881 3588 3258 3662 praesignatarn
3272 3603 3302 3637 a
3326 3588 3624 3662 virginibus
3646 3588 3842 3662 colligi,

2171 3651 2276 3700 non
2297 3665 2453 3701 secus
2486 3666 2547 3700 ac
2580 3651 3002 3700 efficacissimum
3031 3651 3170 3700 illius
3192 3651 3310 3700 olla;
3330 3651 3655 3714 unguentum
3674 3651 3845 3714 excipi

2171 3721 2429 3776 oportere,
2466 3728 2560 3762 nec
2585 3718 2936 3777 paupertatem
2965 3715 3029 3763 ab
3050 3714 3156 3762 ullo
3179 3713 3587 3777 praetexeudam,
3620 3713 3712 3762 sed
3743 3713 3840 3777 ad:

2168 3774 2445 3826 bibendam
2472 3774 2922 3838 praeparationem.
3180 3774 3196 3777 ⁷
3372 3836 3402 3838 77
3627 3836 3637 3838 7
3669 3837 3676 3838 7
3702 3837 3713 3838 7
3747 3774 3845 3824 339

2233 3790 2445 3826 bennam
2508 3790 2922 3838 reparationem.
3747 3790 3843 3824 δδυ

2233 3838 2362 3902 CAP.
2394 3790 2524 3888 Χιθ.
2555 3865 2621 3874 --
2647 3838 2761 3902 Quo
2789 3839 3025 3902 virgines
3044 3838 3218 3888 acrius
3236 3836 3566 3902 impellantur
3579 3836 3642 3886 ad
3666 3837 3843 3902 Maria:

2170 3901 2526 3960 imitationem,
2560 3900 2855 3949 ostenditur
2881 3899 3043 3950 inulta
3069 3914 3186 3963 qum
3216 3899 3433 3962 mystice
3464 3899 3602 3948 dicta
3628 3900 3844 3963 sunt_de

2172 3963 2633 4026 Ecclesia,777eidem_
2645 3975 2854 4026 quoque
2883 3961 3119 4026 Deipart'e
3147 3961 3342 4026 virgini
3371 3968 3681 4026 competere.
3747 3961 3844 4011 3&0

2233 4026 2362 4075 CAP.
2392 4025 2497 4088 XV.
2524 4049 2588 4088 -τ-
2615 4022 2862 4088 Virgines
2891 4022 3117 4088 quodam
3140 4022 3393 4088 singulari
3410 4022 3565 4072 modo
3590 4022 3692 4073 dici
3712 4038 3843 4086 pose

2169 4087 2277 4136 lilia
2301 4087 2508 4143 Christi,
2531 4086 2792 4136 Christum
2824 4101 2951 4135 vero
2980 4087 3153 4148 ipsum
3187 4086 3325 4134 racte
3355 4099 3449 4148 per
3471 4099 3719 4134 acervum
3749 4088 3841 4134 tri-

2172 4102 2277 4136 nua
2301 4102 2508 4143 unrisu,
2531 4102 2792 4136 unristum
2824 4102 2951 4135 vero
2980 4103 2995 4134 ι
3037 4102 3153 4135 sum
3187 4102 3325 4134 reete
3355 4102 3449 4148 per
3471 4102 3719 4134 acervum
3749 4102 3841 4134 m-

2172 4150 2258 4198 tici
2288 4149 2409 4197 liliis
2438 4148 2815 4210 circumdatum
2844 4102 3165 4207 adumbrari,
3200 4149 3392 4210 quippe
3432 4148 3520 4209 qui
3564 4152 3616 4195 et
3656 4148 3843 4197 Eccle-

2172 4213 2301 4261 siam
2332 4209 2719 4270 fecundaverit,
2760 4216 2812 4259 et
2839 4211 3169 4259 diversorum
3199 4209 3433 4258 retulerit
3462 4223 3692 4258 coronas
3722 4225 3843 4259 cer-

2170 4274 2437 4322 taminum.
3100 4280 3103 4281 '
3749 4273 3847 4321 3&2

2231 4337 2355 4386 CAP.
2386 4335 2517 4400 7XVI.
2549 4359 2610 4400 7—7-
2639 4334 2949 4400 Virginibus
2977 4334 3268 4384 exeundum
3301 4333 3509 4383 obviam
3536 4335 3761 4392 Christo,
3795 4342 3847 4400 et

2170 4411 2270 4471 qua
2300 4397 2518 4471 ratione.
2552 4397 2944 4471 iiunc7c1uidem
2977 4410 3007 4445 a
3040 4402 3202 4471 matre
3221 4401 3552 4471 coronatum‘
3566 4410 3715 4454 esse,
3739 4398 3842 4471 sed

2171 4458 2340 4509 tamen
2368 4459 2431 4508 de
2466 4459 2634 4522 ipsius
2668 4458 2939 4522 divinitate
2963 4472 3067 4508 non
3098 4458 3483 4522 ambigendum.
3516 4458 3841 4508 Sumendam

2169 4522 2341 4583 itaque
2370 4521 2648 4583 perfectam
2678 4521 2831 4570 tldem
2868 4522 2919 4569 in
2959 4535 3079 4571 esca
3109 4521 3193 4569 illa
3232 4521 3387 4582 quam
3421 4523 3629 4583 paravit
3655 4522 3841 4579 Jacob,

2170 4589 2219 4633 et
2248 4585 2302 4647 in
2329 4584 2465 4647 stola
2494 4597 2647 4647 quam
2678 4583 2911 4646 prudens
2927 4583 3111 4647 mulier
3127 4584 3411 4638 contexuit,
3430 4583 3841 4647 prasilguratam,

2168 4651 2226 4710 ut
2252 4645 2843 4710 virgo,7bene7dictiones
2876 4659 2917 4710 a7
2934 4645 3144 4694 Christo
3165 4653 3463 4710 consecuta
3483 4682 3496 4700 ,
3544 4645 3602 4710 in
3627 4646 3839 4694 homine

2168 4707 2549 4766 Deum'videat,
2585 4709 2690 4756 imo
2718 4721 2843 4756 vero
2873 4709 3135 4757 Christum
3162 4708 3370 4765 induat,
3417 4707 3679 4770 simulque
3723 4720 3835 4756 om-

2166 4771 2312 4819 nium
2346 4776 2649 4819 ornamenta
2674 4770 2948 4819 virtutum.
3748 4770 3840 4819 3-53

2230 4832 2360 4883 CAP.
2390 4832 2547 4906 7X7VII.
2565 4859 2629 4868 -—
2653 4832 2898 4906 Aguntur
2918 4833 3026 4906 Deo
3048 4832 3389 4906 gratiie7quod
3411 4832 3717 4906 angelorum
3735 4835 3839 4881 vita

2166 4898 2219 4945 in
2245 4895 2490 4968 paradiso
2519 4894 2781 4968 quonda‘m
2808 4895 3010 4968 perdita
3038 4894 3153 4968 jam
3182 4894 3381 4968 fulgeat
3420 4894 3833 4968 iit-virginibus;

2168 4956 2412 5022 quodque
2455 4956 2651 5022 mundo
2697 4956 2965 5022 Christum
2992 4956 3194 5022 edere,
3244 4956 3703 5022 aique7Hebrazos
3747 4971 3840 5022 per

2169 5018 2557 5083 mare’educere
2585 5018 2742 5083 digna
2768 5019 2924 5068 fuerit
2952 5019 3243 5083 virginitas.
3270 5019 3395 5066 Post
3416 5019 3527 5083 haec
3557 5018 3838 5067 Ambrosia

2169 5084 2282 5145 ipsa
2313 5082 2419 5130 Deo
2440 5081 2838 5145 commendatur
2862 5095 2923 5145 ac
2939 5081 3188 5145 effertur,
3220 5086 3277 5129 ut
3307 5093 3462 5145 suum
3500 5082 3553 5128 in
3597 5095 3663 5145 ea
3691 5086 3832 5145 tuea-

2170 5142 2256 5193 tur
2289 5157 2507 5200 munus,
2556 5148 2604 5190 et
2645 5143 2711 5191 ad
2753 5142 3013 5204 spiritales
3039 5148 3224 5205 partus
3252 5142 3450 5192 caelesti
3476 5144 3741 5191 connubio
3770 5143 3833 5190 il-

2170 5206 2271 5269 lam
2299 5205 2603 5269 conjungat,
2640 5205 2870 5269 virtutes
2894 5205 3033 5254 dotis
3061 5211 3219 5265 atque
3255 5209 3680 5254 ornamentorum
3722 5205 3833 5253 loco

2171 5268 2380 5341 tribuat,
2404 5266 2627 5341 quarum
2657 5266 2906 5341 beneflcio
2939 5280 3192 5341 sponsum
3231 5281 3388 5341 suum
3430 5275 3602 5341 genere
3632 5280 3829 5341 merea-

2170 5336 2271 5377 tur.
2306 5328 2539 5390 Denique
2568 5330 2811 5379 Christus
2841 5328 3166 5388 obsecratur,
3198 5333 3255 5378 ut
3288 5328 3530 5379 famulam
3561 5343 3711 5378 suam
3740 5329 3831 5377 lse-

2172 5398 2256 5441 tus
2283 5392 2518 5454 excipiat.
2610 5453 2614 5454 7
2813 5452 2858 5454 η
2965 5453 3031 5454 77
3128 5453 3134 5454 7
3253 5453 3258 5454 7
3744 5392 3833 5454 34.37

2232 5454 2293 5502 In
2324 5452 2773 5502 Eiihortationem
2812 5452 3167 5517 Virginitatis
3196 5453 3509 5504 admonitio.
3747 5452 3835 5502 317

2396 5532 2963 5595 EXHORTATIO’
2999 5533 3602 5595 VIRGINITATIS.

2231 5616 2353 5665 CAP.
2387 5615 2426 5662 Ι.
2455 5641 2519 5650 -
2549 5614 2866 5663 Ambrosius
2894 5614 3128 5664 Bononia
3147 5615 3364 5663 veniens
3382 5612 3446 5661 ad
3477 5627 3568 5662 eos
3588 5627 3618 5662 a
3642 5612 3835 5674 quibus

2166 5679 2333 5727 fuerat
2362 5678 2611 5725 invitatus
2627 5714 2651 5739 ,7
2671 5682 2849 5726 narrat
2873 5678 3191 5739 apOphoreta
3236 5690 3292 5725 se
3333 5674 3616 5739 detulisse,
3654 5688 3840 5736 nempe

2167 5739 2414 5803 reliquias
2441 5737 2796 5803 Agricoleeac
2820 5737 3015 5803 Vitatis
3042 5743 3345 5801 martyrum.
3390 5738 3598 5803 Horum
3627 5738 3832 5786 tametsi

2171 5801 2298 5850 alter
2328 5801 2570 5850 dominus
2597 5801 2871 5858 exstiterit,
2902 5801 3033 5849 alter
3061 5813 3274 5858 servus,
3314 5801 3635 5861 comparatio
3666 5805 3834 5847 tamen

2172 5864 2485 5923 instituitur;
2514 5875 2737 5924 cumque
2766 5864 2851 5911 hic
2876 5863 2946 5912 illi
2968 5863 3233 5925 praeiverit
3258 5862 3323 5912 ad
3354 5863 3685 5923 martyrium,
3718 5862 3839 5909 hinc

2172 5926 2512 5989 cognoscitur
2545 5925 2683 5988 apud
2713 5925 2978 5975 Christum
3007 5925 3375 5988 impedimento
3402 5925 3709 5975 servitutem
3734 5937 3838 5972 non
