4162 6192
284 336 440 401 1605

285 549 422 584 esse.
474 535 608 582 Tum
651 532 925 580 amborum
979 534 1239 578 certamen
1285 527 1597 576 describitur
1647 540 1658 576 :
1709 524 1850 587 quod
1893 537 1956 587 ex

285 599 563 658 utriusque
607 595 836 658 nominis
882 591 1142 654 praesagio
1190 591 1418 658 Sanctus
1461 585 1956 658 illustratheinde

287 674 442 720 quam
470 651 519 706 i'n
557 657 860 706 Judaaorum
882 651 1198 720 acceperant
1224 651 1957 720 tumulis,sepult.ura_com‘-

290 711 571 820 mcmorata
604 723 796 781 quanto
828 730 949 765 cum
981 711 1171 779 gaudio
1206 714 1395 762 detecti
1441 711 1591 774 atque
1623 712 1793 760 educti
1832 711 1953 820 εὲτὲιί

290 798 344 820 τδρ
369 788 462 820 ert.

289 786 464 831 refert.

353 845 481 893 CAP.
519 844 582 891 II.
615 868 676 878 —
694 842 869 890 Primo
892 839 1229 900 reliquiarum
1251 838 1470 900 pretium
1492 834 1788 900 ampliﬁcat,
1817 833 1958 900 dein-

288 907 350 954 de
382 906 643 955 Julianam
663 905 892 959 viduam,
923 897 1038 964 quin
1061 901 1164 948 illis
1195 897 1492 964 donaretur,
1513 897 1723 961 dignam
1748 897 1954 964 asserit;

287 971 418 1017 hanc
447 969 584 1016 enini
611 981 728 1015 cum
759 958 1114 1013 honerandam
1145 976 1206 1009 ex
1232 961 1507 1023 Apostolo,
1542 958 1648 1008 tum
1679 973 1739 1006 eo
1769 958 1958 1023 prmdi-

289 1030 503 1130 capdam
548 1029 691 1090 quod
723 1027 972 1077 Ecclesiae
1017 1025 1204 1073 damna
1231 1021 1384 1086 quam
1419 1024 1629 1086 propria
1665 1035 1760 1070 sua
1789 1021 1957 1130 magis

327 1107 356 1130 n
378 1099 499 1130 aret.,

291 1092 502 1142 doleret.

350 1155 480 1204 CAP.
515 1153 680 1200 III.—
703 1150 921 1199 Julian£
951 1149 1016 1197 ad
1046 1148 1240 1196 liberos
1270 1147 1583 1195 exhortatio.
1617 1145 1725 1194 Illie
1754 1145 1956 1206 princi-

295 1217 381 1279 pio
431 1217 594 1279 tilium
624 1219 801 1279 monet
850 1225 966 1260 eum
1010 1217 1350 1279 no_n_temere
1391 1209 1569 1279 vocari
1598 1209 1956 1279 Laurentium,

293 1271 382 1348 sed
413 1277 552 1340 quod
581 1276 828 1348 martyris
851 1273 1180 1348 cognominis
1195 1272 1497 1348 patrocinio
1526 1274 1811 1348 conceptus
1840 1271 1956 1348 rule-

291 1341 376 1396 rit,
402 1333 553 1401 atque
579 1333 745 1385 eidem
770 1333 1086 1401 promissus.
1117 1333 1298 1382 Solvat
1329 1335 1486 1397 igitur
1516 1338 1788 1401 parentum
1815 1336 1955 1401 vota.

293 1393 430 1450 Nihil
462 1393 709 1464 i'psiresse
752 1393 856 1460 quo
887 1398 1197 1464 retardetur,
1219 1393 1596 1464 _cum_'czeteris
1620 1395 1782 1464 rebus
1818 1393 1956 1464 divi-

293 1478 416 1512 num
442 1456 714 1511 servitium
741 1456 1082 1522 praestantius
1110 1459 1195 1516 sit,
1219 1458 1488 1522 hominum
1515 1461 1686 1522 autem
1716 1457 1822 1522 vita
1856 1456 1956 1502 mi-

293 1526 511 1574 serrima
545 1537 556 1571 :
589 1517 765 1586 patere
797 1528 962 1570 tamen
993 1521 1275 1586 exit_um__ex
1303 1520 1422 1586 ejus
1453 1517 1620 1586 maiis,
1652 1518 1806 1565 modo
1836 1531 1958 1586 cas-

294 1590 486 1636 titatem
518 1581 605 1634 illi'
620 1587 830 1648 eligant,
881 1585 964 1632 cui
994 1583 1230 1646 conjugii
1261 1584 1493 1630 servitus
1539 1581 1625 1628 hic
1655 1581 1962 1689 opponitg'rf;

1901 1656 1930 1689 υ

1871 1643 1930 1689 35

356 1711 484 1760 CAP.
525 1710 610 1759 IV.
653 1734 712 1748 —
744 1708 1061 1771 Integritatis
1110 1705 1357 1771 dignitate
1405 1703 1627 1771 strictim
1670 1704 1958 1771 proposita,

294 1789 410 1836 qua:
437 1773 501 1822 ad
533 1786 591 1821 ea
615 1766 1013 1836 fugienda'iilas
1043 1771 1244 1836 excitet.
1267 1766 1519 1836 Apostoli
1550 1767 1856 1836 sententiam
1877 1771 1956 1813 at-

295 1830 394 1898 que
424 1830 716 1897 exemplum
737 1835 790 1880 in
819 1833 1044 1898 medium
1064 1832 1230 1878 aifcrt.
1265 1831 1401 1898 ilinc
1425 1830 1724 1898 memoratis
1751 1833 1799 1874 et
1829 1841 1960 1888 quas

298 1891 347 1946 tn
383 1891 709 1946 matrimonio
753 1895 982 1957 pertulit,
1014 1898 1064 1941 et
1092 1905 1224 1957 quas
1272 1892 1322 1939 in
1352 1891 1599 1938 viduitate
1645 1903 1961 1957 perpessure

293 1966 374 2009 est
402 1959 647 2014 miseriis,
668 1952 889 2006 afli'rmat
914 1959 1022 2004 fore
1052 1952 1230 2002 utilite
1255 1967 1437 2002 omnes
1459 1966 1639 2000 earum
1665 1952 1962 2015 virginitate

295 2027 618 2084 reparentur,
637 2013 746 2084 nec
776 2019 1141 2084 ipsa_pos_thac
1171 2017 1416 2084 praesidio
1436 2015 1558 2084 _ullo
1591 2013 1835 2084 indigeat.

357 2075 486 2132 CAP.
513 2084 576 2131 V.
607 2075 664 2120 ἔ·-
685 2075 995 2144 νὶιιέίηἰὺῖιε
1018 2075 1317 2144 ἰηγιιιῐῖοῳιθ
1347 2078 1538 2144 fcedere
1556 2075 1778 2144 palmam
1799 2075 1962 2144 publi-

295 2161 369 2195 cae
399 2146 584 2194 salutis
611 2139 930 2198 attributam,
981 2143 1259 2201 variasque
1307 2139 1646 2202 mysticarum
1695 2139 1961 2202 virginum

295 2208 475 2257 laudes
505 2207 833 2256 celebratas:
868 2206 1092 2265 itemque
1140 2200 1464 2265 designatam
1509 2200 1646 2248 horti
1688 2213 1753 2265 ac
1794 2200 1961 2265 vinea:

296 2272 461 2333 figura
477 2270 847 2333 virginitatem,
873 2280 977 2314 non
995 2261 1149 2333 secus
1162 2278 1222 2333 ac
1245 2261 1478 2333 discrum
1496 2269 1618 2333 typo
1633 2261 1959 2333 co_nj_ugium;

297 2322 432 2380 unde
461 2322 596 2379 filios
623 2322 884 2385 admonet,
918 2334 973 2376 ut
1001 2325 1216 2388 rejectis
1262 2327 1440 2388 Achab
1471 2322 1534 2371 et,
1557 2322 1779 2388 Jezabel
1800 2322 1960 2388 spiri-

295 2393 540 2450 tualibus,
571 2406 752 2441 verum
783 2384 927 2439 illum
951 2384 1156 2437 Nab'oth
1176 2386 1552 2450 amplectantur
1577 2398 1672 2447 pro
1695 2384 1849 2450 nobis
1870 2397 1957 2432 ac-

297 2445 537 2504 cusatum
565 2459 719 2515 atque
748 2455 1000 2501 occisum.
1032 2445 1380 2515 Quamobrem
1418 2445 1628 2495 venisse
1675 2445 1961 2515 praedictus

298 2519 366 2565 sit
396 2531 555 2578 super
587 2509 774 2564 nubem
807 2515 990 2571 levem,
1008 2519 1058 2578 et
1079 2525 1174 2560 cur
1195 2511 1356 2578 etiam
1367 2516 1583 2578 matrem
1604 2522 1750 2578 suam
1772 2509 1962 2578 Joanni

297 2570 752 2628 commendaverit.
787 2570 1056 2634 Quomodo
1088 2573 1295 2621 tandem
1344 2573 1427 2619 hic
1471 2573 1560 2634 qui
1612 2577 1667 2619 ut
1707 2570 1963 2634 mysticus

301 2643 431 2691 Levi
461 2641 585 2690 nihil
619 2631 856 2697 habebat,
889 2637 1078 2699 legitur
1111 2649 1224 2699 eam
1253 2631 1520 2699 accepisse
1550 2635 1608 2699 in_
1637 2631 1777 2682 sua?
1871 2631 1964 2682 359

364 2705 494 2753 CAP.
527 2703 618 2752 VI.
649 2727 710 2738 —
730 2697 1098 2763 Adaptatiiliis
1127 2698 1262 2746 dicta
1290 2697 1556 2763 superius,
1580 2697 1732 2763 docet
1760 2708 1861 2756 qua
1887 2708 1966 2743 ra-

298 2767 436 2815 tione
467 2767 572 2828 ipsi
603 2766 767 2813 nubes
793 2759 932 2828 leves
969 2775 1108 2828 esse
1130 2765 1322 2828 queant
1361 2773 1454 2820 per
1483 2759 1830 2828 virginitatem
1871 2773 1884 2807 :
1915 2762 1965 2805 et

296 2829 420 2877 dare
449 2822 579 2877 L'evi
610 2839 764 2875 veros
795 2825 932 2888 ejus,
969 2825 1013 2872 si
1047 2822 1172 2870 tales
1199 2823 1442 2888 nimirum
1463 2826 1816 2888 permaneant,
1840 2833 1966 2888 qua-

297 2891 373 2938 les
401 2892 551 2952 primi
576 2883 958 2951 parentcs'ante
984 2891 1272 2948 peccatum.
1299 2885 1500 2952 Horum
1521 2883 1657 2952 filios
1675 2897 1809 2952 quos
1831 2883 1964 2943 ejec-

298 2953 334 3000 ti
363 2946 666 3015 e'parad'iso
701 2946 1013 3015 genuerunt,
1045 2951 1313 3008 comparat
1348 2962 1359 2997 :
1393 2953 1442 2994 et
1472 2947 1665 3008 prioris
1696 2946 1784 3015 iilii
1814 2958 1964 2992 occa-

301 3014 448 3063 sione
479 3028 609 3062 suos
647 3014 908 3069 hortatur,
936 3017 992 3058 ut
1018 3015 1310 3058 mundanas
1340 3023 1444 3056 non
1475 3014 1712 3070 quaerant
1740 3021 1962 3069 posses-

300 3077 497 3134 siones,
539 3089 672 3136 quas
702 3075 821 3123 illia:
853 3072 1105 3136 Salphaad
1137 3071 1444 3136 ambierunt.
1476 3070 1608 3136 Quid
1621 3083 1731 3136 _pe_r
1759 3071 1961 3136 hocsi-

297 3129 592 3201 gnitlcetur,
627 3151 824 3201 quasve
855 3129 1026 3201 sortes
1056 3133 1457 3201 hevijubemur
1483 3133 1606 3201 darc
1620 3129 1963 3201 [Dominicis

297 3192 357 3248 ac
380 3192 620 3248 Mosaica:
643 3192 935 3246 sortitionis
953 3192 1216 3258 quodnam
1227 3192 1601 3258 discrimineni
1623 3193 1963 3258 Harumualte-

297 3275 355 3310 ra
384 3261 798 3316 matrimonium,
829 3255 990 3307 altera
1024 3257 1373 3320 virginitatem
1405 3256 1624 3318 signari,
1657 3269 1772 3318 qua:
1799 3255 1961 3320 liber-5

297 3329 453 3372 tatem
484 3324 846 3370 ministrorum
876 3319 1071 3368 Christi
1102 3318 1235 3381 pone
1266 3319 1523 3379 sequitur.
1871 3318 1958 3367 361

362 3387 492 3435 CAP.
528 3385 638 3432 Vll.
675 3410 738 3418 —
761 3379 1423 3446 Virginumhs—terilitatem,
1454 3381 1679 3446 aliarum
1700 3381 1962 3429 foecundi-

301 3454 400 3496 tate
431 3449 684 3510 potiorem
717 3442 1007 3510 essefcum
1037 3442 1280 3510 Ecclesiae
1311 3444 1536 3491 imitetur
1565 3443 1812 3510 copiosos
1847 3455 1964 3510 par-

300 3517 406 3567 tus,
431 3506 528 3572 qui
560 3514 720 3572 sorte,
755 3509 852 3572 hoc
888 3513 967 3554 est
987 3507 1167 3568 gratis,
1193 3511 1243 3572 ct
1283 3519 1387 3572 non
1409 3520 1470 3552 ex
1493 3506 1962 3572 operibusprodu-

298 3567 506 3621 cuntu'r.
537 3570 749 3619 Dandas
780 3571 960 3631 itaque
987 3567 1157 3616 sortes
1187 3567 1414 3623 Christo,
1439 3570 1528 3628 qui
1550 3581 1711 3629 supra
1733 3567 1962 3631 laborem

299 3635 589 3682 mercedem
618 3632 776 3680 solvit
800 3647 810 3679 :
830 3630 1052 3679 dandam
1073 3632 1533 3694 etiamveritatem,
1563 3631 1613 3678 id
1639 3635 1717 3678 est
1736 3630 1961 3694 virgini:

299 3703 472 3745 tatem.
521 3698 657 3753 Quot
706 3700 755 3742 et
805 3694 1017 3755 quantis
1059 3693 1445 3756 tentationibus
1485 3705 1543 3741 ea
1596 3689 1960 3756 impugnéturl

299 3759 403 3807 Sed
435 3772 553 3807 cum
577 3759 767 3805 bonam
788 3757 1076 3804 castitatem
1098 3768 1218 3802 esse
1235 3755 1572 3802 didicerimus
1600 3756 1664 3802 ab
1685 3755 1959 3817 Apostolo,

300 3823 495 3870 indicat
527 3824 706 3869 sancta
756 3819 925 3866 Vidua
956 3817 1328 3864 recurrendum
1357 3818 1422 3865 ad
1453 3817 1741 3864 remedium
1774 3833 1784 3867 :
1820 3817 1962 3878 quod

299 3883 520 3945 eleganti
551 3882 738 3945 prisca:
767 3881 903 3928 illius
932 3880 1106 3945 Mariae
1127 3879 1388 3945 allegoria,
1417 3880 1467 3926 in
1488 3880 1660 3926 carnis
1677 3879 1962 3945 mortiﬁca-

301 3941 438 3992 tione
465 3958 525 3992 ac
551 3941 844 3991 Dominica:
875 3942 1139 4003 passionis
1169 3942 1373 3998 merito,
1426 3955 1528 4001 quo
1560 3956 1658 3989 nos
1684 3941 1750 3989 ad
1789 3942 1959 3989 victo-

299 4007 426 4054 riam
457 4006 1088 4068 perducirnurtpositum
1136 4017 1255 4068 esse
1295 4003 1571 4066 signiticet.
1618 4003 1963 4068 Quzerendam

300 4066 482 4132 postea
534 4069 583 4115 in
632 4066 934 4132 coalestibus
964 4066 1289 4129 sapientiam,
1333 4071 1487 4127 atque
1516 4066 1962 4132 attrahendam‘ic

296 4125 563 4187 interiora,
591 4135 646 4178 ut
672 4131 930 4178 vivamus.
1025 4125 1043 4129 ’
1403 4125 1420 4127 “
1871 4125 1963 4175 363

362 4195 491 4243 CAP.
519 4193 659 4242 Vlll.
695 4217 748 4226 —
783 4192 850 4240 Ut
883 4190 1081 4254 prolem
1109 4203 1276 4247 suam,
1307 4203 1423 4252 quae
1455 4190 1562 4239 Deo
1587 4190 1700 4252 jam
1727 4203 1756 4239 a
1781 4203 1963 4254 paren-

301 4256 442 4304 tibus
472 4256 734 4318 promissa
780 4253 906 4311 erat,
946 4255 1123 4318 acrius
1145 4261 1347 4318 urgeat,
1381 4254 1506 4318 filia;
1529 4254 1751 4318 Jephthe
1777 4253 1961 4318 idim-

300 4313 488 4379 plendo
518 4326 731 4380 paterno
760 4323 883 4365 voto
912 4313 1239 4377 obsequium'
1253 4317 1410 4364 refert
1441 4329 1452 4362 :
1479 4313 1665 4380 deinde
1691 4315 1755 4363 ad
1800 4313 1963 4380 filium

302 4377 564 4429 conversa
593 4382 637 4427 ei
669 4385 881 4428 revocat
909 4380 963 4426 in
993 4379 1293 4426 memoriam
1327 4378 1760 4440 quemadmodum
1788 4377 1958 4439 preci-

300 4441 400 4489 bus
426 4456 454 4488 a
485 4443 776 4504 Deofuerit
805 4443 1128 4504 impetratus,
1151 4441 1235 4504 cui
1264 4441 1485 4502 proinde
1509 4441 1687 4504 negari
1717 4454 1819 4504 non
1841 4453 1963 4500 pos-

302 4505 369 4551 sit
403 4505 515 4550 sine
538 4503 768 4550 crimine.
803 4502 899 4552 His
927 4505 1098 4558 dictis,
1130 4503 1445 4551 alacritatem
1475 4502 1804 4564 pim'sobolis
1843 4515 1960 4549 cer-

302 4580 434 4613 nens
475 4565 526 4612 in
575 4567 858 4627 gratiarum
899 4567 1132 4614 actiones
1177 4566 1459 4613 effunditur
1506 4571 1684 4612 sancta
1731 4565 1959 4614 mulier:

301 4629 458 4689 cujus
486 4629 801 4675 Ambrosius
823 4629 874 4674 in
899 4627 1201 4683 Ecclesiam,
1234 4627 1319 4674 ubi
1351 4627 1510 4674 tilium
1540 4627 1748 4674 lectoris
1770 4627 1964 4689 obeun-

304 4688 402 4738 tcm
433 4703 624 4738 munus
657 4689 864 4750 reperit,
899 4703 1204 4750 processum
1239 4694 1429 4736 narrat.

365 4752 494 4802 CAP.
531 4753 616 4800 lX.
649 4775 708 4787 —
755 4751 1035 4798 Maternam
1071 4751 1480 4798 exhortationem
1525 4755 1583 4796 ut
1631 4764 1726 4798 sua
1757 4765 1962 4812 quoque

300 4816 527 4864 cumulet
555 4819 772 4861 sanctus
802 4812 1015 4874 przesul,
1045 4813 1276 4874 virgines
1309 4812 1425 4874 illas
1445 4813 1509 4874 ad
1540 4816 1877 4873 quaerendum
1909 4814 1961 4861 in

300 4879 494 4925 divinis
544 4873 832 4938 Scripturis
874 4873 1150 4923 Christum
1188 4873 1403 4922 excitat.'
1439 4873 1539 4921 Sed
1589 4888 1705 4922 eum
1752 4875 1961 4936 quando

302 4941 571 5000 quaeritur,
599 4937 709 4999 jam
740 4944 848 4985 tum
879 4942 1189 4999 praesentem
1215 4950 1332 5000 esse
1360 4950 1689 5000 asseverans,
1714 4937 1864 5000 docet
1887 4938 1963 4984 in-

301 4998 675 5064 terrogandum
707 5001 794 5064 ubi
834 4998 1037 5064 maneat
1066 4999 1118 5046 in
1148 4998 1454 5064 meridiano,
1489 4999 1537 5046 id
1569 5005 1667 5056 est,
1700 4999 1752 5047 in
1789 4999 1962 5048 Patris

301 5061 494 5111 lumine
526 5078 537 5110 :
573 5063 942 5124 requirendum
972 5061 1122 5109 etiam
1152 5062 1205 5108 in
1224 5061 1416 5108 lumine
1441 5063 1698 5124 bonorum
1726 5075 1960 5124 operum,

299 5131 453 5187 atque
496 5127 548 5173 in
587 5122 861 5173 nocturnis
891 5124 1216 5172 orationibus
1244 5139 1254 5173 :
1285 5125 1372 5171 ubi
1407 5137 1530 5170 vero
1562 5122 1642 5187 ille
1679 5122 1960 5179 transierit,

303 5189 660 5248 sequendum;
711 5200 830 5234 cum
869 5187 1152 5249 delectetur
1191 5187 1386 5247 saepius
1434 5186 1616 5247 quaeri,
1644 5192 1712 5249 ut
1743 5187 1962 5249 gratiam

299 5247 548 5306 suscitet,
586 5251 916 5310 animamque
967 5248 1208 5296 vulneret
1244 5250 1491 5296 charitate
1522 5264 1535 5304 ;
1567 5247 1723 5308 cujus
1750 5247 1965 5310 quidem

299 5311 473 5374 qualia
490 5313 593 5359 sint
613 5308 850 5366 vulnera,
880 5312 1042 5359 variis
1055 5316 1358 5358 sanctorum
1373 5310 1621 5374 exemplis
1634 5308 1834 5374 probat.
1871 5308 1964 5374 308

363 5374 492 5423 CAP.
527 5375 587 5422 Χ.
619 5398 677 5410 -
698 5374 1017 5436 ννὶιιςίοἱιδιὶῄ
1039 5379 1332 5436 competere
1359 5372 1693 5436 Ecclesiastis
1714 5373 1883 5421 locum
1901 5373 1963 5420 de

300 5437 541 5494 testibus,
569 5435 708 5497 quod
731 5434 903 5483 autem
923 5434 1066 5483 addit
1087 5435 1149 5482 de
1175 5434 1288 5497 oleo
1309 5434 1526 5482 ferendo
1560 5436 1609 5482 in
1632 5435 1799 5496 capite
1816 5473 1827 5491 ,
1865 5437 1964 5483 hoc

301 5506 348 5546 et
377 5499 438 5547 de
466 5496 657 5546 mentis
690 5497 977 5546 humilitate
1009 5503 1059 5544 ct
1086 5497 1148 5544 de
1176 5496 1410 5544 modesta
1431 5499 1672 5557 corporis
1697 5498 1962 5558 composi-

300 5561 440 5624 tione
465 5561 700 5624 intelligi;
727 5574 848 5608 cum
873 5564 1176 5624 ornamenta
1199 5560 1444 5624 interiora
1469 5560 1689 5624 maxime
1726 5561 1775 5607 in
1809 5561 1963 5624 nobis

302 5621 656 5683 requirantur:
681 5629 730 5670 et
758 5635 1046 5685 pauperum
1074 5622 1266 5669 divitia)
1298 5621 1403 5668 sint
1429 5621 1738 5685 innocentia:
1761 5622 1961 5685 simpli-

301 5685 449 5756 citas.
466 5683 998 5756 Quomodcht‘lcclesize
1020 5685 1158 5732 dicat
1174 5685 1455 5756 Synagoga
1465 5683 1644 5756 abibis
1655 5683 1839 5756 pascis
1864 5689 1962 5756 etc.

301 5747 414 5794 haec
443 5760 568 5793 vero
598 5761 687 5794 cas
717 5747 914 5795 Christi
941 5759 1099 5795 voces
1128 5745 1349 5808 accipiat
1379 5745 1556 5796 {Nisi
1595 5745 1739 5795 scias
1787 5753 1834 5795 te
1865 5753 1961 5795 etc.

301 5808 438 5857 Hinc
461 5809 747 5873 significari
776 5810 1006 5858 divinam
1029 5809 1308 5873 imaginem
1332 5809 1568 5873 residere
1585 5809 1637 5857 in
1658 5810 1828 5858 anima
1845 5822 1969 5857 nos-

305 5877 400 5928 tra,
425 5876 474 5918 et
499 5871 716 5933 proinde
734 5874 1010 5921 maximam
1033 5872 1082 5935 ej
1093 5871 1158 5920 us
1171 5885 1353 5922 curam
1379 5871 1659 5935 gerendam
1680 5885 1816 5935 esse.
1836 5873 1970 5930 Qua-

299 5939 519 6004 propter
539 5938 716 5986 monet
738 5948 1006 6001 juvenem,
1030 5933 1088 5988 ut
1107 5935 1287 5990 cordis
1319 5933 1618 5989 innocentia
1639 5933 1923 5987 delectetur
1954 5950 1967 5989 :

1235 326 1438 403 QU/E
1477 327 1562 391 IN
1607 327 1782 390 HOC
1824 323 2068 390 TOMO
2118 323 2746 389 CONTINENTUR.

3588 325 3748 392 1606

2065 524 2299 587 virgines
2316 529 2506 580 autem,
2525 529 2581 571 ut
2597 522 2780 587 oculos
2796 522 3070 587 hominum
3088 521 3329 582 exemplo
3367 521 3547 587 Mariae
3580 522 3735 587 defu-

2067 584 2227 650 giant,
2260 592 2411 647 atque
2433 599 2638 650 omnem
2654 585 2912 632 declinent
2937 584 3226 650 fabularum
3251 585 3608 650 occasionem.
3642 585 3736 636 3'70

2129 649 2249 697 CAP.
2283 650 2360 697 ΧΙ.
2385 675 2447 684 -
2475 649 2656 710 Jungit
2706 661 2840 694 nova
2868 647 3082 710 monita
3121 647 3506 710 superioribus,
3555 663 3738 710 nempe

2067 717 2123 758 ut
2171 710 2387 770 jurandi
2431 708 2723 758 facilitatem
2748 709 2954 772 ivitent,
2986 708 3176 772 lwtitiee
3219 708 3479 772 lacrymas
3517 708 3733 772 antepo-

2069 780 2224 821 nant:
2255 785 2283 820 a
2305 774 2433 827 risu,
2454 785 2546 833 per
2561 785 2711 832 quem
2739 770 3020 833 Synagoga
3051 771 3222 832 periit,
3252 771 3587 821 abstineant:
3608 770 3740 822 iram

2068 837 2371 896 temperent,
2405 832 2486 897 sin
2518 835 2690 897 minus
2731 845 2842 897 eam
2871 832 3073 897 valeant
3111 834 3319 893 penitus
3354 834 3690 897 exstinguere
3721 852 3733 887 :

2067 895 2333 958 postremo
2365 897 2410 943 si
2431 896 2634 958 justum
2659 896 2773 943 istic
2797 895 3126 943 moderamen
3156 909 3261 944 non
3291 895 3568 954 tenuerint,
3600 911 3740 946 com-

2069 964 2391 1020 pungantur.
2538 1019 2547 1020 ί
2860 1019 2864 1020 ν
3140 1019 3147 1020 ί
3647 959 3742 1010 373

2132 1019 2251 1070 CAP.
2271 1021 2377 1069 XII.
2397 1019 2552 1066 —Ad
2583 1019 2953 1082 parcimoniam
2985 1019 3190 1076 transit,
3213 1032 3314 1080 qua
3336 1033 3529 1082 corpus
3557 1027 3741 1072 altera-

2069 1087 2156 1130 tur
2185 1097 2196 1132 :
2222 1082 2374 1144 jubet
2408 1083 2596 1130 bonam
2637 1083 2809 1143 parari
2840 1082 3273 1144 existimationem
3306 1094 3317 1128 :
3362 1084 3581 1132 maxime
3611 1099 3736 1134 vero
3805 1118 3813 1125 -

2070 1143 2286 1217 requirit
2315 1145 2366 1217 in
2405 1144 2610 1217 virgine
2658 1145 2993 1217 sobrietatem
3024 1158 3034 1189 :
3164 1149 3260 1200 est,
3312 1145 3681 1217 abstinentiam
3709 1162 3740 1198 a

2070 1205 2282 1255 lascivia
2318 1213 2366 1254 et
2396 1205 2547 1254 vanis
2574 1207 2814 1268 corporis
2835 1205 3172 1268 ornamentis,
3195 1218 3311 1266 quae
3334 1207 3562 1256 aifectari
3584 1211 3736 1259 etiam

2069 1283 2098 1317 a
2128 1270 2298 1340 sacris
2341 1267 3004 1340 quibusdamivirginibus
3043 1267 3200 1340 dolet.
3261 1268 3356 1315 His
3405 1279 3743 1340 opponuntur

2069 1329 2370 1392 exemplum
2389 1337 2581 1378 sanctae
2613 1329 2868 1384 Sotheris,
2898 1342 3015 1389 quae
3047 1330 3274 1392 formam,
3297 1329 3454 1378 suam'
3472 1329 3601 1381 adeo
3631 1347 3737 1382 non

2071 1391 2353 1450 excolebat,
2397 1396 2453 1440 ut
2495 1393 2678 1439 faciem
2707 1391 3013 1440 carnificum
3042 1392 3235 1454 pugnis
3265 1391 3451 1440 lubens
3494 1395 3741 1444 obtulerit

2070 1454 2462 1509 deturpandam.
2499 1453 2631 1514 Ejus
2660 1467 2778 1501 cum
2811 1455 3035 1501 Etrusco
3058 1454 3273 1514 juvene,
3307 1467 3462 1515 quem
3494 1458 3595 1506 sibi
3624 1459 3739 1507 vul-

2071 1522 2178 1564 tum
2213 1517 2438 1564 fwdasse
2469 1516 2801 1577 stigmatibus
2832 1517 3022 1572 ferunt,
3046 1519 3384 1577 comparatio.
3647 1521 3740 1570 3‘75

2132 1579 2260 1627 CAP.
2294 1579 2510 1647 Xlllc—
2528 1579 2782 1647 _Virg_ines
2812 1578 2874 1624 de
2901 1577 3159 1647 servanda
3189 1579 3243 1626 in
3261 1592 3330 1647 _se
3358 1580 3582 1647 imagine
3607 1581 3739 1647 divi-

2071 1653 2136 1688 na
2165 1647 2364 1699 monet;
2389 1645 2444 1687 ut
2471 1639 2780 1706 a_Deoipso
2812 1640 3018 1706 eruditi,
3049 1639 3230 1687 alienae
3258 1639 3451 1704 lingua:
3467 1639 3736 1706 tlagellum

2071 1717 2175 1750 non
2202 1708 2443 1750 metuant.
2479 1703 2591 1750 Hoc
2611 1716 2736 1750 vero
2767 1701 3028 1763 quomodo
3052 1707 3100 1748 et
3130 1701 3389 1762 quatenus
3422 1719 3525 1752 non
3545 1701 3738 1754 'timen-

2071 1765 2222 1830 dum;
2253 1765 2530 1830 qua_eliam
2564 1766 2760 1830 ratione
2787 1763 3205 1830 sibi‘cavendum
3231 1765 3457 1830 alingua
3492 1771 3738 1830 propria?

2072 1827 2184 1884 Quo
2211 1824 2327 1874 loco
2358 1827 2408 1874 in
2439 1840 2550 1874 eam
2582 1826 2857 1881 Susanna),
2889 1824 3126 1887 Josephi,
3159 1824 3387 1874 Danielis
3416 1834 3465 1876 et
3492 1824 3616 1879 ξιοὺῖ
3638 1845 3736 1878 ex-

2070 1889 2237 1943 empla
2263 1891 2582 1936 referuntur.
3644 1893 3738 1943 376

2181 1961 2262 1999 AP.
2296 1951 2507 2016 XLV.“—
2537 1953 2617 2016 Ex
2643 1951 2989 2016 incommodis
3012 1949 3192 2016 saeculi
3215 1949 3277 2016 de
3301 1951 3618 2016 cujusquam
3639 1969 3741 2003 me-

2072 2014 2171 2060 rito
2205 2027 2308 2061 non
2352 2014 2717 2074 judicandum,
2751 2013 2874 2060 dum
2904 2013 2986 2060 hic
3014 2011 3164 2060 locus
3189 2013 3256 2060 sit
3286 2011 3604 2073 certaminis,
3636 2031 3744 2067 non

2069 2081 2240 2122 autem
2271 2089 2497 2124 coronae.
2533 2077 2681 2124 Hanc
2714 2074 2926 2123 Paulum
2956 2088 3293 2122 asseverasse
3336 2090 3454 2124 cum
3485 2078 3585 2126 sibi
3631 2085 3740 2129 tum

2071 2137 2276 2199 Christi
2294 2137 2577 2185 adventum
2599 2133 2934 2199 diligentibus
2965 2138 3224 2199 reservari
3259 2151 3270 2184 :
3295 2141 3738 2190 annumerandam

2070 2211 2195 2271 vero
2225 2197 2329 2271 iliis
2347 2213 2470 2271 cam
2505 2197 2715 2246 viduam
2751 2212 2868 2271 qua}
2890 2198 3294 2271 aliisomnibus,
3325 2213 3462 2271 quos
3491 2201 3605 2263 ipsa
3626 2203 3737 2251 ins-

2071 2261 2297 2316 tituerat,
2345 2259 2842 2322 Deoiconsecratis,
2891 2259 3156 2322 geminum
3200 2259 3472 2308 viduitatis
3509 2259 3632 2312 sua:
3673 2278 3735 2314 ac

2069 2322 2396 2384 virginitatis
2433 2321 2658 2370 filiorum
2702 2321 3253 2384 obtulit’sacriilcium.
3285 2323 3488 2380 Quibus
3519 2328 3734 2376 coroni-

2069 2382 2185 2431 dem
2213 2382 2492 2432 admodum
2521 2385 2604 2446 pia
2633 2385 2927 2446 precatione
2957 2383 3102 2445 ponit
3131 2385 3468 2435 Ambrosius.
3644 2389 3738 2439 3’78

2068 2461 2130 2510 In
2163 2461 2366 2511 librum
2397 2461 2457 2512 de
2485 2465 2641 2527 lapsu
2679 2462 2920 2527 virginis
2950 2468 3274 2512 consecratae
3302 2464 3615 2518 admonitio.
3646 2469 3742 2520 379

2159 2559 2268 2620 DE
2314 2560 2592 2623 LAPSU
2636 2558 3014 2621 VIRGINIS
3067 2559 3658 2629 CONSECRATE

2617 2656 2875 2719 LIBER
2918 2657 3169 2720 UNUS.

2133 2756 2254 2804 CAP.
2287 2757 2325 2803 Ι.
2359 2780 2418 2792 -
2447 2754 2720 2804 Silentium
2749 2756 3014 2818 abrumpit
3038 2762 3240 2814 auctor,
3271 2763 3322 2807 et
3350 2773 3532 2810 omnes
3562 2768 3619 2810 ut
3640 2763 3736 2815 Ec-

2070 2816 2255 2889 clesics.
2312 2823 2543 2889 proptec
2575 2831 2740 2889 sacrm
2794 2816 3051 2889 vi_r_git1is_
3095 2823 3481 2889 corruptionem
3514 2824 3729 2889 lugenti

2069 2880 2398 2950 condoleant,
2416 2882 2622 2950 excitat;
2644 2880 3016 2943 propositaque
3039 2880 3344 2945 indignitate
3365 2886 3560 2950 ﬂagitii,
3583 2880 3739 2940 s'uum

2069 2944 2166 3005 hac
2195 2943 2258 2990 de
2283 2957 2337 2990 re
2366 2944 2558 3004 promit
2587 2956 2877 2990 maerorem.
3158 2943 3177 2945 “
3435 2943 3462 2950 ⁷
3550 2943 3556 2945 ⁷
3647 2953 3741 3005 383

2132 3004 2269 3078 CAP;
2295 3006 2453 3078 11.3-
2482 3006 2788 3078 Corruptam
2821 3005 3105 3078 alloquitur
3136 3022 3151 3078 ί
3195 3013 3242 3055 et
3272 3009 3440 3068 qualis
3483 3004 3740 3078 quamque

2069 3067 2218 3138 beata
2245 3067 2552 3138 fueritante
2581 3071 2778 3138 crimen
2804 3067 3109 3138 admissum,
3139 3070 3191 3116 in
3218 3067 3373 3138 quam
3401 3067 3526 3138 vero
3557 3067 3739 3138 postea

2069 3129 2322 3194 deciderit
2350 3131 2693 3178 calamitatem
2732 3143 2792 3178 ac
2823 3131 3215 3192 turpitudinem,
3235 3129 3368 3194 'ejus
3403 3129 3572 3185 oculis
3603 3140 3737 3189 sub-

2063 3191 2200 3253 jicit.
2911 3191 2922 3192 ί
3277 3191 3292 3194 '
3647 3202 3741 3253 334

2125 3254 2259 3326 βυ.
2294 3254 2384 3302 III.
2405 3279 2478 3326 _—
2507 3253 2682 3326 Quam
2701 3254 2772 3326 sit
2795 3254 2987 3303 misera
3015 3267 3130 3326 qua)
3160 3255 3270 3326 jam
3298 3258 3434 3320 apud
3458 3260 3605 3322 ipsos
3636 3265 3737 3312 ho-

2068 3317 2236 3364 mines
2270 3331 2280 3363 :
2315 3317 2449 3364 unde
2477 3317 2806 3366 confusionis
2834 3330 2989 3379 quam
3017 3317 3296 3379 aliquando
3325 3317 3501 3370 coram
3542 3329 3740 3376 sanctis

2068 3383 2222 3448 atque
2248 3379 2452 3448 angelis
2481 3385 2823 3448 passuraest
2851 3381 3152 3442 magnitudo
3183 3382 3505 3448 intelligitur.
3643 3388 3738 3438 885

2130 3441 2250 3489 CAP.
2286 3441 2374 3489 1V.
2400 3467 2459 3479 —
2490 3441 2802 3505 Confutatis,
2822 3441 3230 3505 quascorruptaa
3259 3441 3627 3497 excusationes
3651 3465 3737 3500 so-

2069 3502 2173 3570 lent
2201 3509 2507 3570 praetexere,
2540 3504 2605 3552 ad
2642 3502 3087 3570 crimenrediens,
3119 3502 3394 3566 parentum
3416 3509 3535 3570 ejus
3567 3526 3629 3561 ac
3651 3517 3734 3562 to-

2069 3567 2172 3633 tius
2202 3565 2407 3633 familiae
2436 3568 2603 3614 vicem
2634 3567 2916 3633 miseratur
2948 3581 2959 3612 :
2993 3565 3246 3629 docetque
3277 3571 3410 3633 ipsis
3443 3565 3737 3633 'optabilius

2067 3629 2496 3696 futurumfuisse
2544 3633 2602 3676 ut
2643 3629 2793 3690 prius
2825 3636 3126 3696 moreretur
3148 3629 3429 3696 :_nec'illis
3458 3629 3739 3696 superesse

2067 3689 2208 3756 aiiud
2257 3689 2518 3756 solatium,
2549 3689 2703 3756 quam
2735 3691 2876 3751 quod
2919 3692 2962 3738 ei
2993 3693 3308 3754 virginitatis
3353 3689 3737 3756 professionem

2069 3751 2275 3814 eligenti
2298 3751 2410 3800 sola
2439 3767 2532 3815 spe
2557 3751 2746 3800 divinae
2768 3751 3204 3826 remunerationis
3239 3751 3607 3809 consenserint
3629 3777 3640 3810 :
3667 3764 3741 3826 ip-

3648 3825 3662 3846 ς

2033 3849 2043 3863 .
2070 3827 2181 3862 sam
2207 3828 2332 3861 vero
2361 3814 2540 3863 eorum
2571 3814 3011 3875 exspectationem
3040 3816 3315 3865 delusisse.
3645 3814 3739 3875 335

2132 3877 2253 3925 CAP.
2288 3877 2350 3924 V.
2382 3904 2445 3947 τ
2476 3879 2532 3924 In
2564 3878 2865 3924 memoriam
2895 3879 2940 3947 ei
2971 3886 3184 3947 revocat
3211 3893 3314 3947 quo
3347 3881 3446 3940 die,
3479 3899 3582 3947 quo
3609 3890 3730 3947 ritu,

2069 3951 2248 4012 quove.
2268 3939 2444 4001 populi
2465 3953 2740 4012 _con_cursu
2769 3946 2971 3988 sacrata
2999 3942 3172 4012 fuerit,
3203 3939 3405 4012 addens
3427 3939 3741 4012 sanguinem

2069 4001 2114 4048 ei
2145 4002 2320 4074 potius
2361 4002 2802 4074 profundendum,
2836 4015 2991 4063 quam
3041 4001 3563 4074 violandamnfidemv:
3597 4015 3740 4074 quod

2070 4063 2400 4130 saecularium
2444 4065 3183 4130 nuptiarum__comparatione
3213 4069 3506 4130 ampliﬁcat.
3544 4063 3742 4124 Deinde

2071 4124 2416 4235 objectionem
2447 4124 2780 4200 ex_Apo_stoli
2808 4124 2984 4174 verbis
3014 4130 3226 4189 petitam
3256 4124 3430 4181 solvit.
3649 4139 3742 4188 387

2170 4197 2252 4235 AP.
2283 4188 2370 4235 VI.
2402 4215 2464 4223 —
2511 4189 2688 4235 Pergit
2730 4202 2788 4235 ea
2835 4202 3260 4235 commemorare-
3297 4197 3491 4235 unihng
3543 4198 3676 4235 illam
3709 4214 3736 4235 ς.

2170 4197 2252 4256 AP.
2283 4188 2370 4256 ΥΙ.
2402 4215 2464 4256 —_—
2511 4189 2688 4256 Pergit
2730 4202 2788 4238 ea
2835 4188 3260 4256 commemorare,
3297 4197 3491 4256 quibus
3539 4198 3678 4247 illam
3708 4214 3740 4250 a

2071 4250 2690 4322 turpitudinedeterre'ri
2713 4258 3031 4322 oportuerat.
3054 4254 3189 4322 Cum
3218 4250 3389 4322 autem
3417 4259 3596 4322 eadem
3624 4262 3738 4322 jam

2071 4317 2189 4380 ante
2221 4313 2500 4380 triennium
2543 4315 2756 4380 sinistca
2771 4313 3068 4380 laborasset
3089 4317 3351 4380 opinione,
3375 4320 3545 4380 ipsius
3569 4313 3742 4371 amen-

2071 4375 2194 4446 tiam
2230 4375 2465 4446 miratur,
2499 4376 2637 4436 quod
2665 4375 2973 4446 “inimicos,
3003 4375 3204 4426 amicos
3228 4415 3239 4435 ,
3269 4375 3341 4446 ac?
3366 4375 3532 4446 Usum
3561 4384 3739 4446 ipsum

2072 4435 2586 4506 pecinde_spernens,
2615 4437 2816 4484 nullum
2845 4438 3174 4506 _obicen_1_non
3203 4441 3530 4506 perfregerit.
3583 4435 3598 4446 ”
3647 4448 3742 4498 389

2135 4499 2258 4546 CAP.
2291 4500 2404 4546 V11.
2437 4523 2497 4533 —
2525 4499 2743 4547 Omnem
2774 4500 3089 4561 episc0palis
3121 4499 3278 4550 ofttcii
3309 4499 3488 4553 cut-am
3521 4507 3594 4556 illi
3623 4524 3652 4558 a
3684 4524 3741 4558 se

2072 4560 2357 4625 przestilam
2397 4561 2562 4625 fuisse
2602 4560 2870 4609 asseverat
2903 4575 2913 4608 :
2947 4564 3037 4625 sed
3069 4564 3234 4625 ipsam
3278 4579 3383 4614 non
3415 4569 3586 4618 solum
3619 4573 3742 4621 inde

2074 4622 2197 4694 nihil
2227 4624 2530 4694 profecisse,
2558 4637 2743 4694 verum
2771 4624 3068 4694 etiam__aliis
3089 4622 3370 4694 objecisse
3404 4645 3565 4694 grave
3591 4649 3742 4684 scan-

2073 4684 2264 4793 galum,
2298 4687 2435 4758 quod
2491 4687 2783 4734 ostenditur
2822 4687 2876 4734 in
2914 4684 3198 4750 Evangelio
3228 4684 3563 4742 severissima
3593 4711 3744 4759 paena

2108 4761 2328 4793 amnari.
3649 4760 3732 4793 sui

2108 4761 2328 4795 amnari.

2113 4761 2328 4795 nmnari.
3648 4760 3738 4813 391

2113 4810 2445 4884 ’ΞΑΡᾋἯΙΙἏ
2462 4836 2524 4848 -
2553 4811 2801 4884 Quaenam
2819 4811 2886 4859 sit
2907 4811 3120 4884 remedii
3143 4814 3283 4884 quod
3315 4816 3558 4884 adhibere
3580 4825 3740 4884 cupit,

2074 4871 2352 4942 difﬁcultas
2401 4878 2557 4934 atque
2609 4875 2739 4942 ratio
2773 4888 2782 4920 :
2819 4874 3039 4942 sucdere
3088 4871 3248 4942 se__ut
3297 4879 3360 4926 ad
3389 4871 3744 4942 paenitentiam

2075 4947 2177 5008 non
2207 4934 2620 5008 qualemcunque
2664 4936 2748 4983 illa
2792 4938 3075 5008 confugiat,
3107 4938 3200 5008 sed
3233 4934 3517 5008 congruam
3537 4963 3548 5002 ;
3583 4948 3740 5008 cujus

2073 5002 2221 5062 cetus
2251 4997 2484 5062 interior,
2519 5012 2612 5062 nec
2648 5011 2757 5062 non
2783 4997 3039 5062 exteriora
3075 5001 3223 5062 signa
3252 4997 3375 5051 hinc
3405 4997 3738 5059 memoratur.

2077 5057 2240 5130 Porro
2268 5058 2520 5130 ejusdem.
2545 5060 2801 5130 beneﬂcio
2839 5061 2968 5118 fore,
3002 5065 3057 5108 ut
3088 5057 3174 5130 illa
3203 5071 3411 5130 {eterna}
3440 5057 3739 5130 pugnarint;

2074 5121 2375 5168 munitatem
2417 5122 2670 5182 obtineat;
2708 5123 2753 5169 si
2790 5125 2957 5170 tamen
3006 5137 3065 5170 eo
3113 5125 3165 5172 in
3200 5139 3257 5174 se
3301 5121 3458 5178 fuerit
3487 5135 3721 5182 severior

2074 5196 2178 5253 quo
2213 5187 2483 5253 peccatum
2515 5170 2688 5253 minus
2711 5184 2878 5253 libere
2909 5170 3168 5253 confessa:
3197 5170 3277 5237 λά
3477 5170 3740 5244 ξιῖείιῖί

2075 5245 2177 5307 turi
2201 5244 2388 5305 judicii
2415 5248 2684 5294 atrocitate
2710 5247 2876 5307 ipsam
2905 5249 3159 5298 accendit.
3324 5244 3339 5252 ’
3647 5253 3744 5307 392

2137 5305 2266 5382 CAP.
2301 5307 2379 5379 IXI.
2412 5331 2472 5344 --
2517 5305 2779 5382 Objurgat
2821 5311 3046 5382 virginis
3094 5318 3485 5382 corruptorem;
3521 5305 3745 5382 eumque

2075 5367 2392 5417 Baltassaris
2423 5367 2659 5430 exemplo
2688 5367 2863 5418 terret.
2889 5367 3050 5429 Quem
3081 5367 3273 5421 deinde
3297 5382 3353 5423 ut
3382 5367 3489 5427 non
3521 5367 3740 5430 conten;

2075 5436 2162 5504 tus
2206 5430 2409 5504 interno
2453 5433 2710 5504 cruciatu,
2759 5431 3041 5504 legitimam
3070 5437 3428 5504 paenitentiam
3455 5444 3743 5504 amplecta-

2075 5498 2179 5557 tur,
2206 5499 2381 5557 monet
2414 5499 2723 5557 :postremo
2759 5508 2823 5541 ne
2857 5496 2956 5542 sibi
2991 5497 3054 5544 de
3083 5503 3391 5557 peccantum
3416 5496 3746 5555 multitudine

2075 5553 2390 5612 blandiatur,
2439 5553 2541 5616 ipsi
2571 5555 2811 5605 Sodoma:
2853 5561 2903 5604 et
2936 5553 3152 5606 aliarum
3195 5561 3403 5611 urbium
3447 5553 3746 5618 incendium

2081 5629 2392 5701 suggere‘ns,
2423 5619 2926 5701 ad‘clonfringendos
2952 5619 3389 5701 inimicijlaqueos
3418 5633 3585 5701 urget.
3653 5632 3746 5680 395

2141 5680 2356 5752 ΟεξδηΧ.
2387 5707 2450 5716 -
2480 5680 2560 5752 Ad
2601 5680 2867 5752 virginem
2901 5680 3101 5752 lapsam
3140 5680 3348 5752 domum
3393 5680 3618 5752 rediens,
3670 5693 3745 5743 illi

2076 5743 2646 5812 concitatas~quasdam
2673 5743 3002 5812 precationes
3033 5751 3083 5793 et
3110 5747 3289 5796 varios
3317 5743 3632 5812 poenitentiae
3662 5757 3745 5804 af-

2078 5805 2326 5876 fectusuet
2354 5803 2643 5876 scripturis
2673 5803 2951 5876 hinc_inde_
2971 5807 3146 5876 lectcs‘
3164 5803 3475 5874 suppeditat.
3595 5803 3624 5805 7—
3654 5803 3750 5869 397

2140 5867 2210 5943 Ini
2233 5867 2435 5939 librum
2467 5867 2528 5917 de
2557 5869 2844 5943 mysteriis
2883 5870 3196 5936 admonitio,
3228 5867 3328 5943 ἱιῐια
3360 5882 3411 5929 et
3437 5878 3578 5936 idem
3604 5867 3752 5943 liber

2078 5929 2376 5984 Ambrosio
2404 5929 2688 5986 asseritiir.
3184 5929 3192 5936 ⁷
3235 5929 3253 5943 ’
3482 5929 3577 5936 ᾗ
