4136 6182
472 289 581 351 161
592 292 623 350 1

465 485 682 533 historia
711 485 841 533 mire
863 483 1105 532 illustrat.
1132 483 1232 533 Ubi
1250 489 1531 546 postquam
1557 485 1783 534 ostendit
1808 486 2132 535 Novatianos

465 546 770 595 Judmorum
800 548 863 593 de
893 546 1247 610 interficiendo
1271 547 1465 595 Lazaro
1485 549 1823 610 cogitantium
1846 561 2129 596 successo-

464 621 551 656 res
584 622 717 665 esse,
756 610 1033 670 perfectam
1074 609 1437 671 cujuscunque
1474 609 1673 671 peCcati
1704 610 2130 671 justiflcationem

463 684 557 731 per
597 671 807 718 odorem
845 671 1096 733 unguenti
1124 684 1155 719 a
1182 671 1343 720 Maria
1371 673 1424 718 in
1455 671 1649 720 Christi
1680 672 1838 733 pedes
1867 672 2019 719 eﬂ‘usi
2047 686 2129 719 ex-

460 746 703 794 pressam
735 733 919 780 docet:
974 746 1264 794 rursusque
1300 733 1508 781 eosdem
1546 735 1822 782 haereticos
1856 734 1909 781 in
1943 734 2127 792 Judae,

461 807 580 842 cum
609 795 783 842 caeteri
812 794 1099 858 gauderent
1126 794 1410 843 invidentis
1442 809 1670 858 persona
1705 797 1940 859 signatos
1974 808 2127 859 mone

356 864 371 874 '
463 861 610 904 strat.
819 855 835 858 ’
1443 855 1459 858 ”
1757 855 1780 859 ⁷
2039 855 2126 906 531

524 917 829 983 CAr._VIII.
852 944 917 955 -—
943 919 1031 983 Ad
1044 920 1426 983 confessionem
1452 925 1501 966 et
1528 920 2130 983 lacrymasurgerecper-

462 994 591 1044 gens
618 981 683 1028 ad
716 994 772 1029 se
800 982 1055 1044 convertit
1086 982 1390 1029 orationem.
1435 984 1499 1029 Et
1527 982 1616 1030 ubi
1645 981 1958 1044 signiﬁcavit
1984 981 2128 1044 desi-

460 1043 664 1106 derium
692 1042 1142 1106 emundandorum
1172 1044 1376 1092 Domini
1406 1044 1594 1106 pedum
1625 1042 1789 1092 instar
1818 1043 2127 1106 evangelica!

460 1104 712 1168 mulieris,
753 1105 820 1168 in,
844 1105 1001 1166 cujus
1038 1106 1241 1153 actione
1272 1104 1514 1168 traditam
1550 1106 1867 1168 paenitentia!
1906 1104 2127 1154 formam

464 1166 622 1226 dicit;
660 1168 703 1215 ei
734 1166 857 1228 quis
886 1174 1052 1214 tamen
1082 1166 1588 1229 hujusiexemplaris
1622 1169 1985 1229 perfectionem
2020 1181 2126 1217 non

463 1233 812 1289 assequatur,
855 1229 1194 1292 nihilominus
1237 1228 1504 1277 Christum
1536 1228 1945 1292 ad’sepulcrum
1987 1229 2126 1292 illius

462 1304 818 1341 accessurum.
852 1291 983 1338 Eum
1014 1295 1069 1338 ut
1098 1305 1154 1339 se
1186 1292 1236 1339 in
1267 1304 1363 1339 suo
1408 1292 1599 1339 invisat
1636 1291 1710 1339 ac
1730 1292 2005 1339 resuscitat
2031 1291 2121 1339 de-

462 1353 785 1401 mississime
812 1353 985 1401 animo
1017 1357 1199 1414 rogat;
1233 1354 1454 1414 maxime
1488 1367 1612 1401 vero
1649 1358 1704 1401 ut
1732 1353 1816 1401 det
1848 1352 2129 1402 condolere

462 1416 851 1476 peccatoribus,
898 1413 1120 1477 quorum
1163 1413 1347 1463 delicta
1395 1416 1507 1463 suis
1552 1415 1725 1477 ipsius
1768 1414 1961 1463 leviora
2008 1429 2127 1463 esse

462 1489 776 1537 persuasum
803 1476 971 1540 habet.
1010 1476 1127 1523 Non
1158 1490 1282 1540 ergo
1316 1476 1670 1540 insultandum
1703 1478 1767 1524 iis
1801 1490 1898 1538 pro
1931 1477 2123 1539 quibus

461 1544 703 1586 mortuus
732 1544 811 1585 est
836 1538 1096 1601 Christus,
1127 1552 1156 1586 a
1191 1538 1301 1601 quo,
1329 1538 1462 1601 inter
1495 1538 1716 1601 stipulas
1744 1551 1877 1600 quas
1906 1538 2008 1587 non
2041 1552 2126 1586 ne-

460 1600 628 1663 gligit,
665 1614 719 1646 se
749 1613 955 1663 quoque
989 1599 1162 1663 colligi
1195 1600 1474 1663 desiderat.
1566 1599 1581 1601 ﬁ
1763 1599 1773 1600 ί
2033 1600 2125 1650 534

524 1663 766 1735 CAP._IX.
794 1689 856 1696 —
875 1662 988 1735 Quo
1009 1669 1164 1735 pacto.
1185 1662 1314 1735 ﬁdes
1335 1663 1397 1710 ad
1427 1663 1779 1735 paenitentiam
1811 1663 2120 1735 necessaria.

524 1676 654 1710 UAP.
682 1676 766 1710 UL.
794 1689 856 1696 —
875 1676 988 1718 Quo
1001 1676 1158 1769 (pacm
1185 1676 1314 1710 nues
1335 1676 1397 1710 ad
1427 1676 1779 1735 paenitentiam
1811 1676 2120 1711 necessaria.

460 1723 598 1779 Quot
630 1724 781 1770 etiam
818 1723 996 1770 solven
1038 1725 1051 1770 i
1087 1724 1321 1772 subsidia
1358 1737 1543 1785 cuique
1582 1730 1874 1786 suppetant.
1912 1725 2123 1772 Oratio—

459 1799 594 1839 nem,
634 1786 787 1848 fletus
829 1799 889 1832 ac
930 1786 1131 1845 jejunia
1166 1786 1404 1848 pecuniis
1437 1787 1639 1846 potiora
1676 1799 1812 1848 esse.
1852 1786 1999 1843 Quod
2035 1786 2124 1834 ubi

460 1846 709 1906 exemplis
745 1848 1087 1901 confirmavit,
1118 1846 1395 1908 additoque
1427 1848 1493 1896 ad
1528 1848 1732 1895 veniam
1765 1847 2120 1896 liberalitatem

460 1908 678 1971 multum
706 1908 1016 1971 valere,”st
1048 1909 1164 1956 ﬁdei
1196 1909 1549 1969 conjunctam,
1585 1910 1706 1957 vitia
1738 1910 1973 1971 ejusdem
2001 1909 2123 1957 libe-

457 1970 689 2033 ralitatis
714 1969 964 2017 nonnulla
1000 1973 1175 2017 refert.
1209 1972 1305 2018 His
1344 1970 1476 2018 alios
1514 1969 1776 2032 quosdam
1810 1973 2122 2033 paenitentiae

454 2031 633 2093 jungit
664 2031 914 2087 defectus,
945 2045 1125 2079 eorum
1156 2046 1337 2093 nempe
1366 2033 1447 2079 vel
1477 2031 1567 2093 qui
1596 2035 1769 2080 statim
1794 2031 2119 2081 reconciliari

461 2097 708 2153 expetunt
747 2094 808 2139 de
832 2094 999 2156 solito
1031 2094 1155 2141 luxu
1187 2095 1311 2141 nihil
1355 2096 1690 2153 remittentes,
1722 2094 1801 2142 vel
1832 2097 1919 2156 qui
1950 2096 2120 2156 pcnni-

457 2156 727 2201 tentiamin
764 2155 874 2202 sola
905 2161 1348 2203 sacramentorum
1369 2157 1679 2203 abstinentia
1707 2156 1894 2214 locant,
1918 2155 1998 2205 vel
2028 2158 2120 2204 de-

458 2230 598 2264 mum
628 2217 718 2276 qui
752 2230 843 2278 Spe
869 2218 1183 2279 paenitentiae
1212 2218 1550 2266 effunduntur
1577 2219 1628 2265 in
1658 2218 1918 2266 libidines.
2028 2215 2121 2267 587

519 2279 648 2327 CAP.
683 2279 743 2326 Χ.
781 2304 840 2313 -
866 2279 932 2326 Ut
961 2279 1131 2342 pudor
1165 2293 1267 2340 quo
1306 2286 1617 2328 revocantur
1650 2294 1680 2327 a
1707 2280 1912 2342 publica
1950 2281 2119 2342 paeni-

456 2342 665 2389 tentiam
685 2342 873 2397 fontes,
897 2341 1198 2402 depeliatur,
1221 2344 1559 2402 profanorum
1580 2342 1771 2450 agendi
1788 2341 1986 2392 ratione
2006 2356 2122 2404 pro-

456 2404 641 2450 posita.
674 2402 943 2450 utilitatem
982 2416 1192 2450 nrecum
1227 2404 1291 2450 ab
1335 2404 1476 2450 omni
1508 2405 1613 2450 Ecc
1636 2405 1744 2450 esia
1773 2404 1931 2450 simul
1958 2406 2118 2450 emis-

452 2404 641 2464 posita,
674 2402 943 2450 utilitatem
981 2416 1192 2464 precum
1227 2404 1291 2451 ab
1335 2404 1476 2451 omni
1508 2402 1744 2452 Ecclesia
1773 2404 1931 2451 simul
1958 2402 2118 2452 emis-

454 2478 651 2522 sarum,
695 2477 757 2512 ac
795 2464 1082 2528 lugentium
1121 2471 1421 2513 sanctorum
1447 2466 1692 2528 exempla
1731 2466 1940 2527 promit.
1988 2466 2120 2514 Tum

450 2527 788 2590 reprehensis
815 2527 904 2588 qui
934 2527 1162 2575 eamdem
1191 2527 1541 2589 paenitentiam
1574 2529 1770 2575 ducunt
1801 2529 1996 2590 saepius
2022 2528 2119 2575 ite-

453 2589 686 2652 randam,
718 2602 872 2649 quam
900 2590 1181 2637 difﬁculter
1209 2591 1339 2636 bene
1366 2596 1568 2652 agatur,
1595 2603 1766 2651 quove
1793 2589 1949 2638 modo
1975 2603 2121 2638 exse-

453 2650 656 2713 quenda
688 2651 772 2707 sit,
802 2652 1038 2713 explicat.
1406 2650 1421 2652 “
1612 2650 1625 2651 “
2025 2652 2119 2700 540

514 2711 644 2761 CAP.
679 2713 765 2761 ΧΙ.
796 2711 986 2762 -Ἠὺὶ
1012 2714 1265 2775 praemisit
1299 2713 1580 2775 quominus
1610 2713 1674 2762 ad
1704 2718 1923 2762 mortem
1951 2726 2119 2775 usque

448 2772 745 2847 baptismus
783 2772 1071 2847 rejiciatur,
1103 2776 1156 2847 in
1195 2772 1352 2847 cauea
1380 2788 1515 2847 esse
1543 2777 1897 2847 paenitentiam
1910 2789 1929 2847 _;
1969 2772 2120 2847 enea

452 2836 644 2897 quibus
675 2838 788 2899 ipsa
816 2839 1247 2898 procrastinatur,
1274 2838 1445 2886 allatis
1482 2836 1767 2899 Scriptura:
1804 2838 2118 2886 testimoniis

450 2898 955 2962 urgetuSubjungit
1000 2904 1184 2962 tamen
1210 2904 1318 2948 tum
1359 2898 1792 2962 agendanirillam
1833 2913 1938 2947 non
1980 2913 2115 2957 esse,

449 2959 569 3025 eum
596 2959 767 3025 adhuc
789 2959 990 3025 fervent
1016 2961 1341 3023 cupiditates,
1373 2959 1424 3009 a't
1474 2961 1644 3023 quoad
1674 2961 1869 3011 easdem
1898 2963 2111 3025 resede-

449 3021 572 3084 rinet,
602 3022 996 3084 expectandum.
1085 3021 1098 3023 ⁷
1249 3083 1254 3084 γ
1491 3021 1504 3023 ⁷
2015 3023 2109 3073 542

511 3082 574 3133 In
606 3082 787 3133 libros
817 3083 879 3133 de
906 3083 1009 3133 ﬁde
1042 3083 1352 3134 admonitio.
2025 3085 2117 3135 545

447 3180 561 3245 DE
620 3180 814 3243 FIDE
874 3183 991 3244 AD
1055 3182 1569 3246 GRATIANUM
1627 3182 2114 3247 AUGUSTUM

939 3261 1168 3325 LIBRI
1214 3262 1620 3336 QUINQUE.

509 3380 718 3430 LIBER
753 3378 1029 3429 PRIMUS.

510 3459 810 3509 Paonoous.
853 3486 917 3495 —
963 3460 1267 3510 Gratianum
1301 3459 1367 3508 ob
1415 3458 1656 3508 ardorem
1701 3457 1965 3507 discenda
1997 3459 2118 3508 fidei

445 3520 622 3571 laudat
647 3523 983 3579 Ambrosius,
1008 3527 1168 3570 semet
1190 3535 1315 3584 vero
1341 3522 1600 3584 deprimit.
1625 3521 1930 3584 Quanquam
1945 3526 2116 3569 autem

443 3584 589 3632 illum
618 3585 845 3633 humana
874 3583 1373 3647 doctrinarindigere
1402 3583 1579 3647 neget,
1601 3585 1792 3645 quippe
1821 3583 1911 3644 qui
1940 3596 1975 3647 ac
2006 3584 2113 3632 Deo

443 3647 562 3708 ipso
582 3648 737 3693 fuerit
762 3647 1052 3702 institutus,
1074 3646 1218 3694 addit
1240 3646 1408 3693 tamen
1431 3646 1669 3708 eumdem
1691 3647 1901 3708 hac_sua
1929 3646 2115 3707 pietate

441 3705 584 3757 viam
618 3709 719 3756 sibi
758 3709 821 3756 ad
861 3709 1135 3756 victoriam
1168 3708 1389 3756 munire.
1422 3708 1571 3763 Tum,
1609 3705 1906 3755 difficultate
1930 3705 2115 3768 woperis

439 3771 722 3828 insinuata,
756 3784 859 3817 non
889 3776 991 3818 tam
1020 3771 1273 3819 rationem
1304 3781 1460 3830 quam
1487 3768 1866 3828 auctoritatem,
1893 3769 2114 3817 maxime

439 3845 570 3880 vero
600 3832 797 3881 Nicieni
824 3831 1047 3887 concilii,
1080 3838 1383 3880 secuturum
1415 3844 1471 3879 se
1500 3832 1805 3893 proﬁtetur,
2018 3830 2113 3879 549

505 3894 646 3942 CAP.
668 3896 710 3943 Ι.
737 3921 800 3930 -
821 3893 1137 3942 Catholicam
1158 3895 1309 3941 Ildem
1329 3906 1359 3940 a
1385 3892 1675 3956 gentilium,
1704 3892 2031 3956 dudmorum,
2052 3906 2113 3940 ac

442 3954 807 4017 haereticorum
841 3957 1109 4004 erroribus
1166 3954 1480 4017 distinguit:
1530 3955 1874 4017 expositoque
1926 3968 2114 4002 vocum

442 4015 537 4064 Dei
586 4022 634 4062 et
678 4017 885 4064 Domini
936 4018 1268 4079 significatu,
1314 4015 1657 4078 personarum
1698 4015 2114 4079 discrimen,ret

442 4082 646 4125 natura:
672 4079 919 4126 unitatem
949 4078 1272 4126 demonstrat
1295 4090 1307 4124 :
1338 4090 1492 4139 quam
1520 4079 1644 4126 dum
1680 4083 1925 4138 separant
1951 4078 2110 4126 Aria-

441 4139 515 4197 ni,
548 4152 651 4187 non
682 4144 792 4186 tres
820 4140 949 4187 deos
983 4144 1184 4188 tantum
1226 4139 1499 4197 inducunt,
1530 4140 1622 4187 sed
1657 4140 1808 4187 etiam
1842 4139 2112 4188 Trinitatis

441 4201 986 4265 regnumidestruunt.
1300 4263 1311 4265 Δ
1358 4263 1371 4265 ᾼ
1400 4262 1412 4265 _
1455 4263 1462 4265 Α
1555 4262 1565 4265 _
1756 4263 1766 4265 4
2018 4201 2112 4265 552

506 4262 634 4311 CAP.
670 4264 734 4311 II.
766 4290 828 4298 —
860 4264 1224 4324 Imperatorem
1251 4263 1316 4312 ad
1347 4262 1465 4311 ﬁdei
1495 4262 1660 4311 zelum
1689 4263 2013 4319 exhortatus,
2044 4264 2110 4312 ab

442 4339 502 4375 ea
531 4339 648 4387 quae
670 4325 882 4373 Christo
912 4337 1029 4373 cum
1059 4325 1210 4374 Patre
1237 4326 1391 4381 inest,
1423 4324 1709 4387 voluntatis
1737 4329 1892 4387 atque
1922 4338 2107 4387 opera-

441 4390 603 4436 tionis
660 4387 855 4436 unitate
902 4388 1075 4449 ipsum
1120 4388 1283 4436 Deum
1332 4401 1450 4435 esse
1495 4386 1737 4449 ostendit.
1782 4386 2112 4449 Quapropter

441 4451 700 4511 expositis
729 4447 937 4498 divinis
955 4450 1237 4507 attributis,
1268 4450 1448 4499 eadem
1480 4447 1687 4499 Christo
1720 4448 1876 4511 etiam
1910 4447 2109 4497 conve-

442 4509 559 4561 nire
589 4512 845 4560 afﬁrmat:
884 4512 1040 4572 cujus
1073 4516 1349 4575 propterea
1382 4511 1558 4560 varias
1583 4509 1955 4575 appellationes
1988 4525 2109 4575 pro-

446 4580 678 4630 secutus,
714 4575 781 4621 iis
817 4571 1209 4622 substantialem
1249 4575 1496 4622 unitatem
1536 4571 1966 4635 personalemque
1990 4571 2105 4635 dis-

438 4636 743 4683 tinctionem
773 4636 985 4697 probari
1009 4636 1157 4683 docet
1183 4648 1195 4683 :
1225 4640 1335 4683 tum
1363 4633 1612 4696 exemplis
1633 4633 1834 4697 aliquot
1855 4634 1919 4681 ad
1947 4634 2109 4695 expli-

440 4697 659 4746 candam
687 4694 937 4746 unitatem
971 4696 1109 4746 illam
1136 4697 1394 4753 adductis,
1436 4694 1590 4759 negat
1615 4694 1761 4743 aliter
1806 4694 1899 4743 Dei
1931 4694 2105 4743 unita-

436 4763 545 4821 tem
574 4760 779 4807 defendi
807 4773 985 4821 posse.
1633 4819 1645 4821 _
1730 4820 1735 4821 γ
2015 4759 2107 4806 554

504 4820 635 4869 CAP.
668 4822 758 4869 III.
790 4819 853 4857 J-
874 4822 1057 4881 Patris
1084 4834 1144 4869 ac
1179 4821 1297 4869 Filii
1330 4821 1579 4870 unitatem
1625 4819 1908 4881 Scriptura
1954 4821 2106 4867 testi-

438 4883 638 4945 moniis
662 4884 863 4942 probat,
893 4890 943 4931 et
979 4884 1148 4945 primo
1180 4884 1328 4931 Isaiae
1371 4882 1545 4931 locum
1571 4881 1805 4945 aliorum
1834 4894 2105 4945 compara-

440 4944 582 4991 tione
627 4944 697 4991 ita
740 4944 995 5003 illustrat,
1041 4952 1099 4994 ut
1130 4945 1324 4994 nullam
1370 4958 1400 4993 a
1442 4944 1611 4992 Patris
1659 4948 1844 4991 natura
1885 4944 1940 4991 in
1975 4944 2105 4992 Filio

441 5006 617 5053 inesse
647 5005 989 5055 differentiam
1021 5014 1238 5064 astruat,
1271 5006 1372 5054 nisi
1409 5011 1661 5067 quantum
1703 5006 1768 5053 ad
1794 5017 2018 5062 carnem,
2046 5018 2108 5054 ac

440 5067 661 5131 proinde
695 5080 851 5115 unam
881 5071 1152 5130 utriusque
1188 5070 1425 5117 deitatem
1454 5081 1591 5116 esse.
1623 5067 1771 5131 Quod
1804 5067 1893 5131 ubi
1922 5073 2103 5131 aucto-

439 5129 592 5178 ritate
632 5130 838 5178 Baruch
875 5129 1236 5180 confirmatum
1275 5136 1372 5189 est,
1417 5131 1572 5179 Ildem
1608 5129 1876 5192 prophetis
1916 5130 2020 5192 hac,
2048 5130 2106 5192 in

438 5205 498 5241 re
524 5192 815 5241 habendam
844 5192 1019 5239 tradit.
1611 5191 1623 5192 ί
2009 5191 2103 5240 555

504 5254 633 5303 CAP.
664 5255 752 5303 IV.
784 5281 847 5289 —
873 5255 1212 5317 Argumentis
1228 5253 1425 5316 aliquot
1445 5254 1510 5303 ad
1531 5252 1859 5316 probandum
1880 5252 1973 5301 Dei
1989 5253 2105 5317 uni-

437 5321 596 5380 tatem
625 5316 880 5366 collectim
901 5315 1205 5379 propositis,
1231 5317 1281 5364 in
1303 5315 1470 5367 tribus
1500 5315 1772 5380 magorum
1801 5315 2103 5380 muneribus

440 5378 638 5427 Christi
658 5376 981 5428 divinitatem
1001 5376 1471 5440 humanitatemque
1489 5376 1825 5427 adumbratas
1847 5376 2102 5437 ostendit;

440 5454 545 5504 non
581 5455 734 5504 secus
762 5456 822 5490 ac
851 5443 905 5489 in
936 5440 1122 5504 angelo
1152 5454 1271 5489 cum
1304 5443 1472 5504 tribus
1500 5442 1677 5502 pueris
1706 5440 1841 5487 inter
1867 5440 2102 5504 ﬂammae

437 5502 816 5561 deambulante,
852 5501 1138 5552 divinitatis
1171 5516 1233 5551 ac
1259 5501 1516 5551 trinitatis
1534 5503 1819 5550 veritatem.
2009 5501 2102 5548 557

501 5565 629 5614 CAP.
662 5567 726 5613 V.
761 5591 825 5601 —
855 5567 1168 5615 Arianorum
1201 5565 1362 5613 varias
1394 5566 1448 5611 in
1477 5564 1737 5613 Christum
1768 5562 2102 5624 blasphemia

438 5628 761 5684 referuntur,
812 5628 1006 5688 quibus
1046 5633 1323 5687 antequam
1368 5626 1769 5687 respondeatur,
1824 5630 2102 5688 monentur

439 5688 690 5738 Catholici
718 5686 932 5738 caveant
959 5703 989 5737 a
1018 5686 1356 5749 sophismatis
1385 5686 1814 5750 philosophorum
1832 5697 1862 5750 ;_
1879 5698 1939 5732 eo
1960 5686 2100 5748 quod

438 5720 1356 5813 {ciii’i'JéTinwi'ii’iTﬁiaiéi‘ﬁ‘éﬁi
1385 5720 1715 5813 ῑῖ-ἓὶῖρῧαω
1767 5720 2102 5860 οοίιοωῖῗὲἐ

501 5871 631 5921 CAP.
662 5874 752 5922 VI.
782 5899 846 5910 —
872 5872 1138 5923 Christum
1164 5872 1306 5923 Patri
1339 5871 1646 5926 dissimilem
1674 5884 1781 5922 non
1822 5884 1941 5922 esse
1967 5884 2098 5926 pro-

435 5931 676 5995 baturus,
715 5936 1015 5985 memoratis
1061 5934 1436 5989 celebrioribus
1478 5937 1795 5990 Arianorum
1840 5931 2066 5987 ducibus
2076 5970 2094 6003 θ

1862 279 2094 351 ORDO
2138 282 2469 353 RERUM.

3751 294 3908 361 1612

2240 499 2394 547 quam
2433 485 2564 534 male
2606 486 2740 551 inter
2777 485 2869 534 eos
2906 488 3195 547 conveniat,
3235 488 3417 551 aperit,
3457 493 3615 551 atque
3634 490 3897 551 adversus

2241 561 2350 606 eos,
2377 552 2623 614 tanquam
2650 549 2703 596 in
2735 553 2969 598 monstra
2997 549 3590 613 quaedamfpraasidiu'm
3619 550 3902 614 Scriptura-

2239 623 2355 658 rum
2382 610 2628 657 ostendit.
3012 610 3027 612 ί
3282 610 3301 613 “
3738 610 3756 614 ’
3810 615 3898 663 56)

2300 670 2430 719 CAP.
2462 672 2576 738 VII.
2598 673 2758 738 —_Ex
2781 671 3245 738 Paulo,_prophetis
3264 678 3420 735 atque
3440 675 3730 738 Evangelia
3752 675 3900 724 Chri-

2239 738 2356 780 stus
2382 735 2640 783 asseritur
2667 734 2809 782 Patri
2838 734 3057 793 similis;
3077 734 3311 784 'maxime
3335 734 3464 785 vero
3492 751 3555 784 ex
3581 734 3816 786 hominis
3842 738 3902 785 ad

2237 795 2626 843 similitudinem
2652 796 2880 845 divinam
2911 798 3185 846 creatione.
3819 800 3895 849 561

2298 856 2429 905 CAP.
2461 858 2600 906 VIII.
2632 885 2695 893 —
2724 860 2803 906 Ex
2832 859 3049 919 probata
3080 860 3195 907 Filii
3225 872 3344 908 cum
3375 860 3525 908 Patre
3548 860 3893 917 similitudine,

2236 919 2474 967 eumdem
2515 924 2766 968 mternum
2813 922 2966 969 etiam
3010 935 3129 969 esse
3171 922 3308 970 haud
3353 936 3490 976 (egre
3523 921 3893 976 demonstrari.

2236 980 2373 1045 quod
2404 981 2740 1045 niholiminus
2769 983 3025 1045 astruitur
3051 998 3078 1030 e
3106 984 3377 1045 prophetia
3400 980 3568 1042 Isaiae,
3590 997 3651 1032 ac
3680 985 3898 1033 Joannis

2236 1043 2556 1106 Evangelio;
2600 1044 2760 1105 cujus
2804 1044 2971 1092 ultimi
3003 1043 3311 1094 auctoritate
3349 1045 3503 1094 obrui
3542 1048 3900 1095 hmresiarcha‘.

2233 1103 2577 1154 declarantur.
2670 1103 2681 1105 ἡ
3572 1144 3575 1147 λ
3802 1107 3897 1156 563

2296 1165 2426 1215 CAP.
2460 1167 2539 1216 IX.
2565 1192 2628 1203 —
2648 1167 2937 1216 Hmreticos
2966 1169 3252 1226 interrogat
3279 1169 3375 1217 Vir
3405 1172 3638 1226 sanctus,
3669 1175 3899 1219 ostensa.

2235 1242 2334 1289 que
2362 1228 2573 1293 illorum
2606 1230 2968 1293 reeponsione,
2998 1243 3099 1292 qua
3135 1228 3323 1280 Filium
3352 1232 3493 1280 omni
3525 1231 3735 1293 quidem
3764 1238 3897 1280 tem-

2233 1303 2359 1363 pore
2385 1290 2630 1352 priorem,
2664 1290 2813 1339 Patre
2840 1290 3377 1354 autem'posteriorem
3396 1307 3516 1342 esse
3542 1290 3890 1353 afﬁrmabant,

2233 1366 2286 1399 in
2316 1352 2479 1418 Deum
2510 1353 2683 1418 induci
2716 1354 3071 1418 mutationem,
3098 1355 3438 1404 aeternitatem
3470 1357 3679 1416 utrique
3708 1369 3890 1418 perso-

2234 1426 2313 1462 na:
2341 1414 2670 1463 tribuendam
2696 1415 2915 1466 colligit.
3593 1414 3608 1416 “
3708 1414 3728 1418 “
3807 1417 3899 1466 564

2295 1476 2428 1524 CAP.
2475 1477 2537 1524 X.
2580 1501 2642 1512 --
2685 1477 2784 1525 Ubi
2830 1476 3025 1526 Christi
3065 1479 3403 1527 aeternitatem
3454 1479 3784 1528 conﬁrmavit
3838 1493 3902 1528 ex

2232 1536 2502 1602 apostolo,
2535 1538 2773 1602 Divinam
2802 1545 3187 1602 generationem
3212 1554 3318 1589 non
3345 1540 3412 1589 ad
3436 1541 3676 1590 humanm
3705 1541 3898 1590 modu-

2232 1599 2339 1647 lum
2366 1599 2689 1662 exigendam,
2720 1599 3103 1650 aut’curiosius
3131 1602 3508 1661 excutiendam,
3536 1608 3589 1652 at
3616 1603 3901 1652 declinatis

2231 1674 2349 1722 qum
2367 1662 2488 1726 hinc
2510 1662 3249 1726 nascuntur,rdifﬁcultatibus,
3280 1663 3530 1726 quidquid
3552 1679 3695 1714 more
3709 1679 3904 1726 corpo-

2229 1737 2320 1771 reo
2350 1723 2426 1788 ede
2458 1724 2554 1771 hac
2600 1725 2932 1788 generatione
2978 1725 3184 1783 dicitur,
3221 1723 3447 1788 spiritali
3494 1740 3651 1775 sensu
3696 1723 3899 1775 intelli-

2231 1784 2455 1847 gendum
2485 1784 2873 1835 esse'declarat.
3250 1784 3268 1788 “
3800 1789 3899 1837 565

2294 1846 2422 1912 CAP.
2468 1847 2548 1912 XI.
2588 1873 2651 1883 —
2688 1848 2805 1896 Non
2850 1861 3010 1910 posse
3045 1849 3259 1910 probari
3307 1863 3336 1898 e
3382 1849 3643 1912 Scriptura
3683 1850 3898 1898 Patrem

2231 1908 2361 1957 Filio
2406 1910 2635 1975 priorem
2675 1908 3231 1975 eseefneque—etiam
3251 1908 3573 1975 argumentis
3612 1926 3674 1959 ex
3714 1913 3899 1960 homi-

2230 1984 2353 2018 num
2375 1972 2707 2033 generatione
2728 1972 3051 2033 desumptis;
3083 1986 3201 2021 cum
3222 1972 3339 2021 inde
3358 1975 3631 2022 innumera
3652 1979 3904 2022 secutura

2228 2040 2405 2080 essent
2445 2033 2704 2098 absurda:
2743 2034 2883 2098 quod
2921 2039 3093 2098 autem
3127 2033 3391 2098 Christum
3434 2049 3495 2083 ex
3530 2041 3761 2098 tempore
3796 2049 3897 2083 na-

2228 2098 2338 2142 tum
2372 2094 2563 2142 audent
2612 2094 2980 2157 pronuntiare,
3017 2096 3070 2144 id
3116 2097 3381 2145 cumulum
3433 2110 3551 2145 esse
3598 2094 3903 2208 impietaéiéis.

2291 2218 2419 2266 CAP.
2452 2218 2558 2268 XII.
2595 2244 2659 2254 —-
2684 2219 2885 2268 Iterata)
2914 2220 2969 2268 in
3010 2219 3197 2268 Filium
3225 2220 3507 2269 objectioni
3543 2220 3735 2269 iterum
3776 2234 3901 2268 res-

2228 2281 2487 2344 pondetur
2515 2293 2627 2329 eam
2660 2283 2949 2344 retorqueri
2989 2283 3140 2330 etiam
3176 2283 3229 2329 in
3279 2281 3483 2331 Patrem
3535 2295 3735 2344 posse;
3779 2296 3902 2331 cum

2227 2341 2352 2406 ergo
2393 2342 2547 2406 Pater
2582 2356 2675 2390 nec
2713 2341 2848 2399 loco,
2887 2357 2983 2392 nec
3020 2348 3264 2406 tempore,
3310 2344 3476 2393 aliave
3514 2341 3622 2392 ulla
3662 2341 3900 2393 creatura

2227 2403 2474 2468 indigeat,
2506 2403 2711 2468 sic_nec
2741 2418 2922 2452 eorum
2946 2403 3278 2468 indigentiam
3307 2406 3696 2455 attribuendam
3725 2406 3899 2455 Filio:

2227 2465 2385 2527 cujus
2431 2465 2717 2530 singularis
2756 2468 3026 2530 generatio
3061 2465 3145 2515 'est
3185 2480 3289 2515 non
3326 2468 3500 2515 solum
3535 2482 3563 2515 e
3606 2468 3773 2526 Patre,
3804 2468 3900 2516 sed

2226 2531 2380 2576 etiam
2416 2528 3322 2591 e_Virgine{proptereaqueﬁcum
3364 2530 3417 2576 in
3453 2531 3552 2578 hac
3593 2543 3699 2578 non
3739 2542 3901 2578 sexus

2224 2596 2315 2638 aut
2336 2589 2522 2638 similia
2540 2588 2712 2638 locum
2742 2588 3034 2649 habuerint,
3062 2588 3114 2638 in
3144 2590 3232 2639 illa
3261 2603 3471 2653 quoque
3497 2605 3605 2640 non
3631 2591 3901 2703 habuisssaes.

2287 2712 2417 2778 CAP.
2454 2714 2592 2762 XIII.
2621 2714 3062 2778 —AQua3stionem
3090 2714 3353 2778 quomodo
3386 2715 3599 2778 genitus
3628 2716 3697 2763 sit
3727 2714 3899 2764 Filius

2226 2774 2383 2824 solvit
2416 2781 2631 2824 sanctus
2674 2776 2890 2835 doctor;
2937 2782 2988 2824 et
3019 2774 3325 2825 revelationi
3357 2774 3673 2826 credendum
3708 2778 3893 2826 Nabu-

2224 2836 2608 2900 chodonosoris
2645 2851 2706 2886 ac
2751 2838 2888 2900 Petri
2925 2837 3162 2900 exemplo
3199 2839 3365 2887 docet.
3401 2839 3576 2900 Hujus
3614 2839 3781 2887 ultimi
3808 2840 3895 2887 vi-

2225 2898 2372 2947 sione
2418 2898 3684 2965 seternitatemnivinitatemqueFiliidsignatam
3734 2913 3891 2965 esse;

2225 2913 2372 2947 sione
2418 2913 2760 2948 anernuatem
2798 2913 3221 3009 aivmitatemque
3270 2913 3387 2949 FIIII
3432 2913 3684 2965 signatam
3734 2913 3891 2959 esse;

2223 2961 2531 3026 atqueadeo
2561 2960 2644 3026 illi
2670 2960 2988 3026 credendum
3033 2976 3131 3026 neg
3145 2962 3281 3026 ectis
3322 2961 3897 3026 philosOphisrquibua

2218 3022 2341 3087 jam
2358 3022 2548 3084 ubique
2570 3023 2708 3087 fides
2735 3022 3468 3087 abrogabaturfContra—vero
3491 3022 3775 3087 gentilibus
3800 3037 3893 3087 os;

2222 3083 2509 3133 tenduntur
2537 3084 2735 3139 similes
2759 3083 2961 3133 Ariani.
3497 3083 3518 3087 ”
3791 3085 3892 3134 569

2286 3144 2417 3196 CAP.
2468 3146 2599 3196 XIV.
2642 3173 2706 3183 —
2749 3147 3051 3197 Creaturam
3093 3160 3201 3196 non
3240 3160 3360 3196 esse
3405 3147 3498 3197 Dei
3537 3147 3733 3197 Filium
3768 3149 3896 3197 hinc

2222 3208 2493 3274 astruitur,
2524 3208 2665 3269 quod
2708 3221 2814 3274 non
2832 3209 3060 3274 jusserit
3096 3210 3197 3274 sibi
3228 3209 3501 3274 prmdicari
3525 3210 3889 3274 Evangelium,

2222 3270 2361 3333 quod
2391 3274 2629 3333 creatura
2656 3270 2875 3320 vanitati
2902 3270 3111 3320 subdita
3142 3270 3390 3333 sig—quod
3416 3273 3590 3320 omnia
3617 3270 3891 3329 creaverit,

2222 3331 2364 3397 quod
2400 3332 2609 3397 legatur
2640 3334 2868 3397 genitus,
2896 3334 3040 3397 quod
3076 3331 3508 3397 tandemetradita
3544 3335 3699 3382 fuerit
3724 3347 3887 3397 gene-

2223 3395 2442 3443 rationis
2459 3393 2522 3457 'et
2546 3393 2843 3457 adoptionis
2878 3394 3166 3443 diﬂerentia
3193 3407 3206 3443 :
3252 3395 3343 3444 ubi
3378 3402 3595 3456 utraque
3623 3393 3805 3443 natura
3832 3395 3890 3443 in

2221 3456 2343 3565 ipso.
2384 3455 2695 3529 declaratur.
2727 3456 2853 3513 Qum
2899 3461 2976 3504 tot
2996 3469 3062 3505 ac
3102 3462 3241 3507 tanta
3279 3455 3573 3506 testimonia
3606 3457 3892 3519 apostolici

2258 3524 2346 3565 icti
2374 3523 2698 3565 expositione
2725 3518 3116 3565 confirmantur.
3792 3518 3881 3565 571

2258 3519 2346 3566 icti
2374 3518 2698 3568 expositione
2725 3518 3116 3567 confirmantur.
3644 3518 3656 3519 “
3792 3518 3881 3568 571

2282 3579 2411 3629 CAP.
2442 3579 2548 3631 XV.
2579 3606 2643 3615 —
2671 3580 2890 3643 Duobus
2920 3580 3206 3643 Scriptura
3245 3580 3377 3629 locis
3423 3581 3616 3643 quibus
3643 3581 3811 3629 factus
3837 3586 3890 3643 et

2219 3648 2428 3705 creatus
2461 3643 2698 3691 Christus
2733 3642 2943 3705 dicitur,
2982 3642 3047 3690 ut
3076 3644 3361 3691 satisfaciat
3408 3648 3628 3692 sanctus
3659 3642 3890 3705 presul:

2216 3704 2337 3767 illae
2364 3717 2467 3752 non
2499 3705 2600 3767 nisi
2629 3704 2916 3767 secundum
2946 3710 3183 3753 naturam
3216 3705 3449 3753 hominis
3471 3706 3574 3767 ipsi
3602 3704 3887 3753 convenire

2216 3765 2481 3814 declarat:
2513 3766 2568 3814 in
2592 3766 2785 3828 quibus
2815 3767 2967 3814 etiam
2996 3766 3313 3828 praeteritum
3334 3779 3431 3828 pro
3459 3765 3639 3815 futuro
3658 3768 3887 3829 positum

2219 3841 2337 3875 esse
2393 3841 2456 3875 ex
2506 3840 2777 3877 sacrorum
2832 3829 3072 3878 codicum
3120 3828 3428 3877 auctoritate
3488 3828 3696 3891 planum

2280 3950 2413 4016 CA3.
2442 3951 2584 4016 XVI.
2609 3975 2673 4016 -έ
2700 3952 2953 4016 Ατίᾳιιλοι,
2981 3952 3026 4000 si
3047 3956 3279 4001 creatum
3304 3958 3354 4000 et
3373 3953 3607 4016 genitum
3633 3952 3737 4001 illis
3756 3953 3898 4000 idem

2218 4013 2303 4076 sit,
2335 4013 2545 4062 Christo
2574 4015 2766 4076 inferre
2795 4014 3079 4076 injuriam:
3111 4016 3194 4063 sin
3221 4013 3400 4063 autem
3426 4014 3512 4063 illa
3542 4015 3738 4063 distare
3765 4028 3894 4062 cre-

2217 4074 2359 4139 dant,
2389 4089 2544 4136 quem
2570 4075 2797 4139 legerint
2828 4074 3077 4139 genitum,
3114 4082 3366 4124 creatura:
3408 4077 3522 4125 loco
3557 4091 3659 4139 non
3690 4075 3893 4139 haben-

2216 4136 2358 4200 dum.
2404 4139 2517 4185 Hoc
2568 4136 2715 4185 Pauli
2764 4136 2855 4186 ne'
2879 4143 3133 4187 creatura;
3181 4139 3473 4196 serviatur,
3514 4137 3889 4200 prohibentis;

2216 4196 2412 4262 Christi
2442 4205 2610 4248 tamen
2635 4213 2693 4247 se
2721 4213 2933 4248 servum
2959 4213 3078 4262 esse
3107 4200 3403 4262 proﬁtentis
3438 4196 3717 4262 testimonio
3749 4212 3888 4262 con-

2215 4260 2440 4309 firmari:
2468 4262 2553 4310 cui
2576 4263 2752 4324 potius
2773 4261 3087 4310 credendum
3108 4260 3269 4324 quam
3288 4263 3430 4310 Ario.
3454 4261 3899 4324 Subditurgetiam

2215 4327 2505 4386 creaturam
2533 4322 2591 4371 in
2614 4323 2722 4386 Deo
2753 4337 2860 4371 non
2883 4336 3017 4386 esse,
3040 4322 3161 4386 cum
3186 4325 3405 4386 simplex
3433 4323 3531 4371 sit:
3560 4335 3654 4386 t_iec
3684 4322 3898 4386 Filium

2215 4384 2267 4492 ie
2302 4390 2553 4493 creeturm
2586 4385 2821 4434 ordinem
2854 4385 3214 4449 redigendum,
3249 4383 3364 4435 cum
3397 4385 3448 4434 in
3469 4398 3528 4433 eo
3564 4383 3713 4433 Patri
3742 4397 3900 4494 egerit;

2215 4458 2247 4494 ι)
2269 4459 2390 4494 acea
2418 4482 2429 4494 .

2213 4450 2429 4507 placeat.
3789 4450 3859 4495 51

2278 4506 2409 4571 CAP.
2433 4508 2594 4557 XVII.
2615 4534 2679 4545 —
2697 4508 2963 4571 Christum
2984 4509 3148 4558 Deum
3169 4521 3353 4558 verum
3374 4521 3490 4557 esse
3507 4522 3574 4557 ex
3593 4520 3656 4556 eo
3677 4509 3895 4571 probat,

2213 4570 2353 4643 quod
2381 4571 2733 4643 sit-proprius
2775 4570 2867 4619 Dei
2911 4571 3109 4643 Filius:
3149 4573 3548 4643 praemissaque“
3563 4570 3895 4643 difficultatie

2215 4631 2532 4694 suborientis
2563 4631 2840 4689 solutione,
2868 4633 3099 4681 eamdem
3126 4631 3236 4681 rem
3265 4634 3387 4681 inde
3414 4631 3703 4688 conﬁrmat,
3738 4633 3892 4694 quod

2213 4693 2291 4765 git
2303 4694 2532 4765 genitus,
2563 4693 2804 4756 quodque
2823 4708 2894 4765 ex
2926 4696 3032 4765 Deo
3061 4695 3391 4765 exeiritrilis
3421 4695 3602 4765 su_bdit
3618 4694 3789 4765 Patris
3815 4706 3887 4765 ac

2213 4754 2334 4818 Filii
2369 4756 2618 4804 unitatem
2660 4754 2978 4818 operationis
3019 4770 3079 4805 ac
3106 4757 3410 4805 voluntatis.
3459 4758 3593 4804 Tum
3625 4755 3888 4818 apostolis

2211 4815 2595 4879 etCenturione
2617 4815 2768 4879 quem
2779 4831 2898 4866 cum
2915 4819 3124 4867 Arianis
3146 4819 3430 4875 contendit,
3451 4820 3503 4866 in
3526 4815 3887 4879 testimonium

2209 4877 2465 4943 adductis
2474 4877 2667 4943 Isaiam
2691 4879 2869 4943 jungit
2895 4893 2955 4928 ac
2982 4881 3255 4943 Joannem.
3476 4942 3479 4943 ν
3784 4878 3886 4927 576

2267 4938 2397 4989 CAP.
2426 4941 2612 4989 XVIII.
2641 4938 2710 4977 -—'
2732 4938 3032 4991 In'Niczena
3061 4942 3352 4990 diﬂnitione
3390 4942 3618 4990 Arianae
3647 4953 3883 4997 errores,

2210 5015 2275 5050 ne
2297 5015 2452 5062 quem
2480 5002 2754 5065 decipiant,
2787 5005 3203 5052 commemorari.
3236 5004 3375 5052 Idem
3403 5017 3529 5052 cum
3557 5004 3884 5065 anathemate

2211 5076 2308 5112 suo
2335 5064 2647 5121 referuntur,
2673 5065 2812 5126 quod
2843 5079 2945 5113 non
2971 5066 3123 5114 modo
3156 5067 3346 5115 Niciam
3374 5065 3536 5115 latum
3555 5065 3763 5122 dicitur,
3783 5064 3883 5112 sed

2209 5131 2259 5173 et
2286 5126 2506 5174 Arimini
2535 5126 2692 5174 semel
2720 5140 2783 5175 ac
2809 5128 3015 5176 iterum.
3780 5126 3881 5174 57B

2270 5186 2383 5252 CAP
2406 5189 2563 5252 AXIX.
2591 5215 2655 5252 -τ
2683 5189 2783 5237 Ubi
2807 5189 2934 5238 Ario
2965 5191 3189 5252 primum
3217 5204 3245 5238 e
3278 5189 3579 5238 memoratis
3603 5187 3878 5237 erroribus

2208 5250 2457 5310 attribuit,
2502 5250 2736 5299 eumdem
2794 5250 2983 5300 refellit
3018 5252 3242 5300 Joannis
3276 5253 3594 5310 testimonio,
3644 5264 3703 5299 ac
3747 5264 3775 5297 e
3813 5263 3878 5297 re

2208 5317 2327 5375 nata
2352 5313 2603 5375 tragicam
2640 5313 3002 5362 haeresiarchas
3045 5318 3267 5362 mortem
3303 5314 3568 5361 describit.
3605 5313 3724 5360 Mox
3758 5312 3877 5359 sin-

2246 5373 2690 5483 :ltLattim'reliquas
2726 5375 2964 5436 ejusdem
3002 5375 3351 5438 blasphemiae
3389 5375 3633 5438 expendit
3659 5379 3709 5423 et
3739 5387 3879 5484 οἵ)ξῦ

2229 5440 2353 5484 litat.

2268 5497 2530 5562 emax.
2557 5524 2620 5562 :—
2640 5498 2793 5562 Optat
2815 5499 2879 5548 ad
2901 5512 2961 5548 se
2980 5498 3354 5560 mundandum,
3375 5504 3435 5549 ut
3454 5498 3578 5548 olim
3594 5498 3666 5562 ad
3684 5498 3876 5547 Isaiam

2207 5558 2496 5624 Seraphim,
2524 5558 2751 5624 aliquem
2768 5562 3048 5622 advolare;
3080 5563 3185 5612 imo
3209 5558 3347 5611 vero
3365 5562 3430 5611 ad
3460 5574 3538 5620 se,
3559 5560 3626 5610 ad
3654 5561 3874 5624 impera-

2204 5626 2369 5684 torem
2389 5622 2625 5684 aliosque
2645 5622 2864 5671 lectores
2887 5636 3017 5673 suos
3044 5624 3309 5674 Christum
3332 5624 3514 5673 invitat
3536 5635 3644 5672 :ac
3665 5622 3872 5672 tandem

2204 5683 2476 5751 Dominico
2504 5683 2692 5751 poculo
2720 5687 2939 5751 mystice
2966 5687 3256 5751 designato,
3274 5691 3344 5735 ut
3369 5686 3490 5751 ejus
3515 5685 3715 5736 virtute
3735 5685 3871 5751 Gre:-

2204 5746 2377 5812 tia_nu_s
2387 5746 2893 5812 cgteriqueefldeles
2919 5746 3256 5807 inebrientur,
3287 5746 3429 5812 petit.
3775 5746 3868 5800 581

2265 5808 2476 5858 LIBER
2509 5807 2893 5860 SECUNDUS.

2266 5869 2585 5948 ‘3305199952
2601 5896 2665 5948 έέ·
2688 5872 3173 5948 mandasti”.
3195 5872 3457 5948 ’προτίοιῇ
3470 5871 3624 5948 ,ἔνθα
3642 5872 3879 5948 ιάἐέοὲπῗ

2203 5944 2325 6001 rus,
2369 5932 2642 5987 duodecim
2683 5936 2893 5988 nomina
2930 5935 3049 5987 Filii
3082 5937 3176 5988 Dei
3208 5932 3665 6017 primo
3697 5932 3874 5993 divisa
