4162 6192
305 306 461 371 1613

306 521 415 556 non
442 506 562 569 ejus
591 509 804 569 tantum,
849 502 940 551 sed
977 502 1164 569 patris
1190 500 1345 569 etiam
1376 501 1714 569 aeternitatem
1753 501 1977 569 probare

309 562 489 618 docet:
511 569 630 617 Mox
663 565 839 614 eadem
870 562 994 613 cuni
1029 563 1301 613 duodecim
1339 562 1675 612 sacerdotalis
1703 562 1869 611 vestis
1902 563 1975 611 la-

309 629 731 694 pidibus‘cursim
752 639 1081 688 comparans,
1105 639 1267 694 quam
1283 626 1582 694 neeessario
1602 625 1973 694 oonjuogenda

308 687 430 749 sint,
456 691 662 739 inducta
688 687 927 752 ipsorum
945 701 1077 752 nova
1097 687 1467 752 distributione
1489 688 1744 752 patefacit.
1780 687 1975 735 Deinde

306 755 371 803 ad
402 748 724 816 propositam
755 748 1454 816 comparationem__rediens,
1482 748 1759 816 allegorice
1782 762 1974 816 memo-

308 810 417 885 rati
433 810 653 885 amictus
681 810 939 885 texturam
974 825 1043 885 .ac
1089 811 1295 885 iapillos
1338 810 1530 885 iaudat:
1569 810 1714 885 Hinc.
1755 811 1973 873 mystica

309 879 459 926 etiam
486 876 708 938 gemina:
738 874 1019 938 divisionis
1063 871 1265 921 ratione
1306 871 1473 938 allata.
1517 871 1973 938 institutsm’com-

345 934 625 988 arationem
654 937 825 999 pergit
851 948 1148 998 exponere:
1174 949 1238 983 ex
1268 947 1369 997 qua
1394 935 1551 999 Iidem
1581 934 1827 999 operibus
1840 935 1970 999 _col-

345 956 625 988 arauonem
654 956 825 999 pergit.
851 956 1147 998 exponere:
1174 956 1238 983 ex
1268 956 1369 997 qua
1399 956 1551 983 uuam
1581 956 1827 996 υμυι-ιυυις
1857 956 1970 983 cm-

308 956 476 1065 δείξῃς
502 998 830 1065 attexendam
852 1012 987 1065 esse,
1014 1002 1335 1047 contractam
1355 996 1595 1058 ejusdem
1616 995 1733 1044 Ildei
1755 996 1818 1044 de
1840 997 1972 1065 Filio

309 1057 712 1124 descriptionem
742 1060 933 1124 subdit.
1017 1122 1044 1124 _
1097 1121 1234 1124 is“
1299 1120 1313 1124 _
1388 1057 1419 1124 ί.
1639 1120 1651 1124 Α
1871 1057 1974 1124 583

370 1120 496 1175 CAP:
516 1124 555 1172 Ι.
582 1149 646 1159 -
671 1123 986 1185 Arianorum
1016 1122 1108 1172 Dei
1139 1121 1272 1171 Filio
1299 1120 1580 1185 bonitatem
1607 1120 1972 1185 abrogantium

310 1186 653 1248 objectionem
701 1198 807 1248 non
864 1184 977 1233 sine
1031 1185 1272 1248 horrore_
1297 1184 1621 1248 propositam
1671 1182 1969 1240 ut'solvat,

307 1244 496 1300 Chi-isti
525 1247 832 1295 sententiam
859 1259 922 1293 ex
968 1246 1218 1308 personis
1258 1244 1604 1306 loquentium,
1651 1259 1746 1294 nec
1775 1259 1879 1294 non
1909 1260 1972 1308 ex

308 1311 440 1373 ipsis
469 1308 785 1373 dictionibus
814 1306 1050 1369 explicat.
1162 1369 1258 1373 ___
1414 1368 1428 1373 _
1608 1369 1636 1373 __
1866 1306 1973 1373 _586

368 1373 490 1422 CAP.
539 1372 603 1419 II.
652 1397 718 1432 -έ
752 1368 955 1419 Bonum
994 1384 1113 1419 esse
1161 1368 1448 1432 Filiumiab
1477 1369 1724 1431 aperibus
1767 1370 1970 1432 probat,

308 1435 551 1483 nimirum
578 1432 642 1480 ab
673 1431 792 1493 ejus
820 1432 873 1479 in
905 1432 1169 1481 Israelitas
1206 1432 1306 1480 sub
1334 1431 1666 1480 Testamento
1693 1431 1872 1489 veteri,
1924 1437 1975 1479 et

306 1497 358 1545 in
385 1495 713 1545 Christianos
755 1494 854 1541 sub
894 1507 1050 1551 novo,
1099 1493 1382 1541 beneﬂciis.
1431 1494 1564 1541 Tum
1607 1493 1694 1541 ubi
1749 1493 1975 1555 subjecit

306 1559 431 1607 utile
460 1558 563 1607 sibi
596 1568 607 1603 :
645 1561 917 1618 paternum
963 1555 1026 1603 de
1083 1555 1213 1603 Filio
1261 1555 1616 1603 testimonium
1643 1556 1795 1603 affert
1826 1568 1838 1602 :
1871 1556 1973 1605 imo

305 1622 458 1669 etiam
487 1619 651 1681 partis
680 1632 784 1667 non
815 1619 1016 1681 exiguae
1043 1618 1349 1681 Judaaoruim
1367 1654 1378 1673 ,
1412 1618 1603 1681 quibus
1631 1618 1851 1681 proinde
1878 1632 1970 1679 pe-

312 1682 451 1736 iores
489 1679 673 1729 Ariani
720 1693 839 1728 esse
886 1679 1232 1728 declarantur.
1283 1680 1407 1736 Quae
1464 1680 1637 1727 omnia
1692 1680 1973 1728 verborum

351 1756 547 1806 ponsaa,
580 1741 811 1806 eamdem
839 1741 1037 1792 Christi
1065 1741 1349 1790 bonitatem
1387 1742 1792 1804 designantium,
1824 1741 1972 1806 slain:

307 1802 383 1855 dit
409 1805 683 1868 expositio.
733 1865 828 1868 ___
962 1866 990 1868 _
1042 1864 1053 1868 Α
1102 1865 1132 1868 _
1311 1865 1323 1868 _
1508 1802 1525 1804 ⁷
1882 1802 1976 1852 587

369 1864 493 1919 ΕΑΡΣ
522 1867 613 1915 ΙΙΙ.
642 1893 705 1903 -
732 1865 922 1916 Filium
960 1864 1057 1915 Dei
1102 1865 1268 1916 Deum
1309 1865 1506 1915 bonum
1534 1877 1596 1913 ac
1622 1878 1806 1914 verum
1836 1879 1971 1919 esse,

307 1943 426 1979 cum
449 1930 592 1977 Deus
621 1942 760 1979 unus
790 1929 876 1976 sit.
1882 1927 1976 1976 589

369 1993 492 2042 CAP.
527 1990 613 2053 IV.
643 2017 706 2026 —
734 1990 1147 2053 Omnipotentem
1176 2002 1295 2039 esse
1333 1990 1425 2038 Dei
1464 1989 1653 2039 Filium
1681 1988 1843 2053 prisci
1872 2003 1973 2053 no-_-

306 2054 464 2102 viaue
491 2052 703 2102 foederis
730 2051 1037 2102 auctoritate
1069 2052 1474 2102 demonstratur.
1683 2051 1698 2053 “
1884 2051 1976 2101 589

406 2126 489 2166 Ar.
522 2115 588 2163 V.
617 2141 681 2150 —
721 2114 969 2176 Objectos
1009 2114 1268 2163 adversus
1313 2114 1508 2164 Christi
1549 2113 1976 2176 omnipotentiam

307 2177 596 2240 Scriptura:
624 2175 812 2226 textus
829 2178 1042 2240 exponit
1074 2190 1132 2225 ac
1179 2177 1402 2225 maxime
1449 2177 1502 2223 in
1546 2188 1606 2240 es
1647 2175 1972 2240 immoratur,

307 2246 365 2289 ut
392 2235 631 2347 sbumdem
660 2253 767 2288 non
795 2235 915 2288 raro
946 2253 1009 2287 ex
1035 2239 1275 2288 humanm
1297 2243 1494 2287 natura:
1523 2237 1712 2286 aIIectu
1741 2235 1977 2347 locutggné

308 2316 403 2347 DI‘O
444 2316 471 2347 8
500 2337 510 2347 .

345 2303 510 2351 robet.

476 2317 510 2349 ι.
1880 2317 1910 2346 ο

307 2317 493 2414 ΡἝΪΞ.
523 2362 615 2410 VI.
649 2387 708 2401 —
737 2363 1024 2411 Occasione
1054 2361 1385 2422 superiorum
1419 2359 1708 2422 Scriptura)
1741 2317 1978 2409 locoruvn‘:

307 2426 567 2488 tantisper
596 2424 915 2488 digrediens,
964 2421 1257 2488 libertatem
1275 2423 1496 2488 ‘Domini
1540 2421 1766 2483 primum
1809 2436 1873 2488 ex
1915 2435 1975 2488 e_o

308 2486 449 2549 quod
471 2482 934 2549 eadem'przeditus
964 2482 1976 2549 arilrmetur_Spiritussanctus,_deinde

307 2546 577 2610 expressis
619 2546 811 2609 quibus
855 2547 971 2609 ipsa
1010 2546 1141 2595 Filio
1177 2547 1269 2595 Dei
1310 2546 1629 2606 attribuitur,
1661 2546 1976 2610 testimoniis

309 2607 649 2658 demonstrat.
874 2607 889 2609 “
1884 2607 1978 2657 592

371 2672 502 2721 CAP.
536 2673 653 2720 VII.
694 2697 757 2707 -
791 2670 943 2719 Redit
969 2670 1033 2719 ad
1067 2671 1349 2733 propositas
1389 2670 1712 2719 difﬁcultatis
1752 2669 1973 2719 solutio-

309 2748 447 2791 nem,
484 2738 533 2783 et
560 2733 879 2782 voluntatem
920 2734 1240 2794 aifectusque
1277 2734 1535 2782 humanos
1567 2746 1595 2780 a
1624 2733 1829 2783 Christo
1854 2746 1977 2781 vere

310 2798 588 2859 susbeptos
615 2810 751 2851 esse,
783 2809 844 2844 ac
872 2795 1109 2859 proinde.
1141 2795 1394 2859 quidquid
1443 2796 1496 2843 in
1539 2796 1654 2858 ipso
1702 2809 1807 2859 non
1846 2809 1976 2859 conf

308 2857 757 2923 gruitjdivinitati,
786 2871 847 2905 ex
888 2857 1082 2905 eisdem
1116 2858 1268 2923 oriri!
1286 2857 1454 2914 docet,
1480 2863 1634 2920 atque
1662 2857 1727 2907 ad
1756 2858 1808 2906 id
1837 2857 1977 2923 quod

312 2919 465 2969 simul
496 2921 638 2969 Deus
668 2925 717 2968 et
746 2920 901 2968 homo
926 2924 1058 2975 erat,
1087 2921 1290 2968 referri.
1553 2919 1562 2920 ί
1861 2919 1980 2968 ⁷598

370 2984 493 3033 CAP.
526 2984 669 3032 VIII.
716 3008 780 3018 —
827 2984 905 3045 Ex
946 2983 1201 3044 principio
1247 2983 1482 3045 proxime
1529 2987 1647 3045 ante
1693 2982 1977 3045 constituto

309 3045 436 3096 illud
484 3045 724 3100 solvitur,
774 3044 913 3105 quod
949 3043 1202 3093 Christus
1248 3043 1378 3092 dixit
1409 3057 1420 3091 :
1453 3064 1480 3086 α
1518 3044 1672 3092 Pater
1701 3043 1871 3104 major
1899 3057 1980 3092 me

309 3111 406 3157 est.
436 3126 459 3151 ι
492 3107 619 3164 Qum
655 3106 816 3154 verba
845 3110 896 3153 et
922 3106 1020 3154 alia
1054 3106 1293 3167 ejusdem
1324 3106 1541 3153 rationis
1571 3106 1659 3153 ubi
1690 3105 1979 3154 secundum

308 3171 684 3219 humanitatem
725 3167 1063 3230 intelligenda
1110 3181 1229 3215 esse
1263 3173 1565 3230 ostensum
1596 3172 1693 3225 est,
1742 3168 1979 3216 eumdem

309 3233 588 3281 Dominum
628 3229 919 3279 secundum
960 3234 1196 3277 naturam
1244 3229 1473 3279 divinam
1517 3229 1622 3278 dici
1667 3243 1773 3279 non
1818 3242 1979 3291 posse

311 3293 453 3342 Patri
478 3293 774 3341 inferiorem
803 3291 980 3339 multis
1009 3292 1365 3340 conﬁrmatur.
1888 3291 1980 3340 595

372 3357 495 3407 CAP.
531 3355 612 3403 IX.
644 3381 708 3391 —-
739 3353 1122 3415 Objicientibus
1154 3354 1341 3402 Filium
1370 3368 1491 3402 cum
1516 3368 1547 3403 a
1576 3355 1731 3403 Patre
1762 3355 1831 3403 sit
1858 3356 1981 3402 mis-

312 3431 426 3474 sus,
458 3431 519 3465 eo
548 3418 726 3478 utique
758 3416 1015 3463 minorem
1050 3429 1185 3469 esse,
1218 3417 1567 3478 respondetur
1596 3417 1739 3465 illum
1770 3418 1921 3465 etiam
1951 3430 1980 3464 a

312 3479 517 3540 Spiritus
541 3479 762 3527 missum
786 3491 890 3539 quo
922 3483 1089 3526 tamen
1119 3478 1290 3527 minor
1318 3493 1423 3527 non
1452 3479 1718 3528 habeatur.
1749 3479 1982 3527 Additur

311 3538 463 3589 etiam
494 3538 746 3603 Spiritum
778 3538 907 3589 mitti
933 3554 961 3589 a
988 3540 1139 3590 Patre
1168 3547 1219 3589 et
1249 3540 1399 3598 Filio,
1445 3546 1500 3588 ut
1541 3542 1818 3602 utriusque
1851 3555 1980 3603 ope-

311 3601 574 3666 rationum
619 3601 792 3666 unitas
835 3603 1180 3666 designetur:
1230 3604 1352 3666 hinc
1389 3601 1747 3666 admonemur
1797 3601 1979 3651 sedulo

311 3664 742 3728 distinguendum
777 3678 905 3728 ique
939 3664 1233 3714 locutiones
1275 3664 1486 3714 Christo
1535 3672 1590 3713 ut
1629 3667 1764 3728 Deo,
1795 3678 1981 3727 quaeve

312 3726 565 3791 eidemiut
592 3726 787 3775 homini
813 3728 1125 3776 conveniant
1153 3740 1166 3775 :
1198 3741 1418 3789 quarum
1438 3727 1673 3791 exempla
1694 3741 1797 3776 non
1814 3726 1979 3791 panes

314 3788 674 3851 subjiciuntur
698 3793 1149 3898 exponunturque.
1590 3787 1607 3791 “
1816 3787 1831 3791 ⁷
1888 3787 1983 3838 599

373 3850 503 3898 CAP.
543 3852 599 3898 Χ.
622 3877 685 3887 -
719 3850 761 3898 O
798 3856 1080 3898 lectionem
1108 3865 1136 3898 a
1167 3852 1283 3898 Filii
1323 3851 1616 3898 obedientia
1648 3852 1981 3898 desumptam

373 3850 503 3913 CAP.
543 3852 599 3900 Χ.
622 3877 685 3887 -
719 3850 1080 3913 Objectionem
1108 3865 1136 3899 a
1167 3852 1283 3901 Filii
1323 3851 1616 3901 obedientia
1648 3852 1981 3913 desumptam

312 3912 473 3962 solvit
514 3917 837 3976 ostensoque
875 3912 1146 3963 Trinitatis
1195 3926 1351 3963 unam
1393 3915 1690 3976 potentiam,
1741 3912 1981 3962 divinita-

310 3980 431 4034 tem,
459 3980 623 4037 atque
643 3974 997 4037 Operationem
1034 3990 1179 4033 esse,
1219 3976 1363 4025 addit
1392 3974 1657 4025 Christum
1688 3976 1839 4024 etiam
1866 3989 1978 4024 ma-

310 4038 399 4147 ἷξιίι
422 4036 730 4098 τιιιᾱωὶοόι-
766 4036 869 4086 dici
904 4038 1203 4101 neutiquam
1240 4043 1431 4101 potest,
1467 4038 1814 4088 obedientiam
1842 4038 1982 4149 ex6igé

349 4112 510 4147 uisse.

349 4112 510 4147 01886.

374 4159 503 4226 CAP.
550 4161 635 4209 XI.
674 4188 739 4226 —_-
782 4162 1038 4226 Proponit
1084 4176 1203 4226 cum
1251 4163 1459 4226 Arianis
1508 4163 1982 4226 humaniterﬁagere

312 4224 499 4286 Christi
529 4223 763 4286 exemplo
795 4223 1016 4274 vulnera
1054 4225 1178 4273 vino
1217 4231 1267 4274 et
1296 4225 1410 4273 oleo
1438 4226 1677 4275 curantis
1705 4237 1718 4272 :
1748 4225 1813 4273 ad
1842 4223 1981 4286 quod

314 4285 521 4333 caeleste
571 4285 1002 4349 medicamentum
1048 4301 1230 4336 omnes
1269 4288 1518 4341 invitans.
1551 4300 1653 4349 quo
1684 4285 1904 4337 consilio
1936 4288 1981 4335 is

313 4360 521 4395 carnem
572 4347 930 4413 indue_rit_,_et
964 4363 1064 4411 qua
1106 4349 1350 4409 utilitate,
1398 4347 1585 4398 tradit.
1640 4350 1776 4398 Hinc
1816 4349 1982 4413 aperit

314 4414 565 4483 quantum
594 4410 762 4485 prosit
796 4410 949 4485 iidem
980 4413 1187 4485 habere,
1217 4426 1319 4473 qua
1352 4412 1610 4485 Christum
1640 4410 1981 4485 propterlnos

314 4485 519 4538 omnem
546 4471 894 4538 inﬁrmitatem
925 4471 1824 4538 suscepissecognoscimus,—cujus
1853 4474 1983 4521 divi-

315 4533 546 4599 uit_as_i‘n_
566 4534 813 4599 passione
855 4533 1172 4599 erumpebat.
1223 4538 1300 4599 Ex
1321 4533 1537 4599 'quibus
1584 4533 1869 4599 intelligere
1903 4542 1983 4585 est

315 4594 407 4642 Dei
452 4594 639 4658 Filium
684 4596 798 4644 sine
845 4594 1171 4658 subjectione
1218 4597 1323 4646 ulla
1359 4594 1590 4646 missum
1632 4594 1841 4647 fuisse:
1889 4612 1983 4647 nec

312 4656 644 4723 metuendum
675 4671 745 4723 ne
768 4659 898 4706 fides
927 4656 1038 4723 hasc
1060 4659 1344 4723 displiceat
1382 4659 1541 4717 Patri,
1582 4661 1772 4723 quippe
1805 4662 1893 4721 qui
1929 4662 1980 4709 in

312 4717 421 4786 Illis
450 4718 901 4786 sibicomplscere
930 4717 1206 4786 signiticet.

375 4781 512 4846 (ἔξω.Δ
532 4782 642 4846 XII.
668 4781 1015 4846 —_-Christun'1
1041 4785 1092 4831 in
1122 4798 1343 4846 persona
1364 4784 1564 4846 judicis
1591 4784 1982 4833 consideratum

313 4841 566 4915 Catholici
597 4858 661 4915 an
690 4844 870 4915 Ariani
895 4841 1222 4915 .meliusﬁibi
1242 4841 1541 4915 concilient,
1560 4848 1856 4909 inquiritur.
1882 4847 1984 4896 Ob-

311 4905 478 4968 jﬁectio
503 4910 720 4968 propter
739 4906 937 4967 judicis
970 4908 1262 4956 sessionem
1304 4922 1364 4958 ac
1402 4909 1575 4958 Patris
1611 4905 1770 4957 voces
1805 4915 1984 4958 exorta

316 4966 662 5031 dissolvitur;
694 4966 1185 5031 demonstraturque
1214 4971 1406 5019 nullam
1449 4973 1501 5020 in
1545 4971 1679 5020 Filio
1721 4985 1815 5020 nec
1850 4972 1980 5020 sub-

310 5029 593 5094 jectionem
622 5030 929 5094 significari,
953 5029 1115 5094 quod
1132 5032 1308 5081 sedeat
1335 5048 1365 5081 a
1396 5033 1546 5082 Patre
1572 5033 1854 5082 invitatus:
1886 5047 1983 5083 nec

315 5090 696 5157 praelationem,
717 5092 857 5157 quod
900 5090 991 5142 ad'
1014 5093 1134 5155 ejus
1163 5094 1397 5143 dextram
1428 5095 1619 5143 sedeat.
1654 5095 1889 5157 Denique
1922 5110 1985 5144 ex

315 5151 567 5216 Angelicso
596 5151 838 5216 Trisagio
868 5151 1215 5216 personarum
1255 5158 1305 5204 in
1336 5158 1443 5205 Deo
1473 5158 1778 5207 Trinitatem
1804 5151 1869 5207 ac
1903 5159 1982 5206 si-

315 5164 567 5260 angenco
596 5164 838 5216 'l'risagio
868 5168 1215 5216 personarum
1255 5164 1305 5204 in
1337 5164 1443 5205 Deo
1473 5164 1778 5207 Trinitatem
1809 5171 1869 5207 ac
1903 5164 1982 5206 si-

315 5226 407 5279 mu_
453 5218 703 5279 unitatem
729 5221 927 5279 natura:
957 5218 1245 5279 significari
1274 5218 1582 5267 declaratur.
1892 5220 1984 5269 605

377 5276 501 5343 CAP.
549 5276 703 5343 XIIIo
730 5303 793 5343 -τ-
838 5276 1143 5343 (ἓοοιὶιῐυβιᾳ
1177 5280 1362 5343 judicii
1403 5281 1660 5330 Dominici
1706 5280 1983 5343 allegoria,

377 5294 501 5325 ων.
549 5294 686 5324 Λιιι.
730 5303 793 5313 -
838 5294 1143 5327 Continuata
1206 5294 1362 5329 uuicu
1403 5294 1660 5330 uomimm
1706 5294 1983 5343 allegoria,

313 5336 647 5411 blasphemas
675 5339 1010 5411 Arianorum,
1037 5294 1475 5411 Sabellianorum,
1505 5350 1558 5411 _et
1582 5344 1986 5411 Manichseorum

317 5400 380 5448 de
409 5413 505 5450 suo
518 5399 702 5466 judise
718 5402 992 5466 opiniones
1024 5404 1337 5466 Ambrosius
1366 5405 1550 5466 paucis
1565 5404 1769 5453 refellit.
1791 5407 1986 5454 Deinde

315 5463 612 5530 propositis
637 5462 825 5530 Christi
856 5462 1155 5530 deoaeteris
1190 5466 1303 5514 suis
1335 5462 1658 5516 adversariis
1688 5468 1987 5530 expostula-

317 5524 855 5590 tiouibus,_j_udicium
876 5526 1187 5590 sibimitius
1214 5530 1452 5576 futurum
1483 5534 1677 5590 sperat.
1757 5524 1770 5530 ’
1894 5530 1987 5579 607

380 5586 503 5650 (ζέωἶ
536 5587 673 5635 XIV.
699 5612 785 5650 7-
826 5587 1032 5650 Judicis
1062 5591 1275 5650 exponit
1302 5586 1613 5639 sententiam
1640 5605 1652 5649 ;
1690 5591 1986 5641 discussis-

321 5658 420 5715 que
444 5647 862 5715 adversariorum
891 5649 1110 5709 cavillis,
1130 5647 1198 5701 ab
1220 5665 1280 5702 ea
1308 5647 1728 5715 provocationem
1752 5669 1855 5703 non
1877 5654 1987 5703 dari

320 5707 529 5771 plauum
559 5710 695 5759 facit.
1099 5707 1106 5709 “
1309 5707 1323 5715 “
1897 5717 1990 5767 609

385 5768 513 5838 CAP.
544 5771 652 5838 XV.
682 5799 745 5838 -τ-
773 5771 1006 5838 Modeste
1037 5775 1277 5838 sentitde
1295 5776 1461 5838 Opere
1492 5791 1590 5827 suo
1625 5790 1636 5826 :
1668 5778 1790 5828 dicit
1819 5784 1990 5828 tamen

324 5831 386 5904 sd
412 5830 563 5904 Iidem
595 5831 1002 5904 illudsufﬁcere,
1038 5851 1163 5904 cum
1185 5830 1374 5904 divinis
1408 5840 1731 5903 generationi
1758 5847 1833 5890 tot
1861 5840 1989 5890 locis

326 5893 600 5967 Scriptura
630 5896 962 5967 suffragetur,
987 5901 1084 5967 _cui
1119 5893 1515 5967 obsurdescunt
1550 5904 1750 5967 Ariani.
1785 5904 1992 5967 ﬂorum

314 5957 671 6021 pervicaciam
698 5957 925 6011 Judaicae
952 5960 1102 6025 plane
1133 5962 1351 6015 similem
1376 5965 1710 6032 patefaciens,
1737 5964 1989 6035 adpreca-

1255 302 1459 376 QUJE
1510 301 1599 363 IN
1625 299 1801 362 HOC
1840 297 2085 361 TOMO
2116 297 2743 363 CONTINENTUR.

3588 290 3747 355 1614

2080 510 2165 553 tur
2194 503 2297 553 illis
2321 502 2558 552 veritatis
2587 516 2832 552 amorem.
2872 503 3142 551 Postremo
3172 501 3492 552 deserendas
3522 515 3631 560 eos,
3663 507 3746 551 ut-

2078 573 2197 630 pote
2225 568 2500 630 haareticos
2524 571 2573 630 et
2604 565 3153 630 Antichristos‘docet.
3241 627 3252 630 _
3551 627 3564 630 _
3611 564 3746 630 #609

2139 630 2269 679 CAP.
2301 629 2429 691 XVI.
2452 654 2514 664 -—
2532 627 2782 677 Gratiano
2797 628 3067 691 victoriam
3089 627 3374 691 spondens,
3394 640 3505 676 eam
3520 627 3584 675 ab
3609 628 3744 676 Eze-

2076 691 2239 741 chiele
2256 690 2768 754 pradictamnarrat:
2791 692 2868 754 Ex
2889 689 3076 751 pietate
3093 689 3423 754 imperatoris
3442 692 3577 739 hanc
3598 704 3748 751 spem

2075 751 2364 809 continuat,
2398 753 2697 814 superiores
2727 752 2905 813 clades,
2930 753 3119 801 haeresi
3139 751 3476 801 Orientalium
3504 758 3747 814 acceptas

2075 816 2265 864 ferens.
2305 816 2470 863 Deum
2516 815 2737 877 tandem,
2769 814 3029 871 obsecrat,
3078 821 3143 877 ut,
3175 816 3289 876 jam
3317 815 3573 877 placatus,
3606 814 3747 863 Ildeli

2075 878 2344 933 exercitui,
2376 877 2594 933 regioni.
2622 890 2683 926 ac
2712 876 2830 927 duci
2860 878 2991 925 ferat
3010 876 3276 926 auxilium.
3320 876 3327 877 “
3654 876 3744 926 611

2138 941 2348 989 LIBER
2382 939 2698 988 TERTIUS.
3653 939 3749 987 613

2138 1004 2261 1052 CAP.
2296 1003 2333 1050 Ι.
2363 1028 2428 1038 --
2457 1000 2557 1050 Ubi
2586 999 2842 1063 praemisit
2874 1001 3189 1050 Ambrosius
3218 1001 3556 1062 quamobrem
3587 1002 3747 1049 stric-

2077 1066 2181 1112 tius
2210 1069 2424 1113 tractata
2455 1063 2507 1111 in
2535 1062 2802 1125 prioribus
2830 1062 3001 1118 libris,
3038 1063 3090 1111 in
3117 1064 3201 1112 his
3227 1064 3444 1112 uberius
3479 1062 3748 1125 tractanda

2077 1127 2332 1188 suscipiat
2354 1139 2366 1182 ;
2398 1124 2663 1188 objectum
2692 1126 2792 1174 sibi
2821 1124 3113 1188 fabularum
3136 1138 3291 1174 usum
3308 1124 3544 1187 exemplo
3566 1124 3749 1186 Scrip-

2076 1186 2392 1237 turee'diluit
2432 1201 2550 1236 cum
2593 1186 2692 1236 alia
2734 1187 2936 1250 poetica
2980 1189 3335 1244 memorantis,
3386 1186 3495 1236 tum
3527 1188 3750 1250 maxime

2077 1250 2309 1306 Sirenas,
2341 1264 2459 1310 qua)
2488 1250 2671 1312 ﬁgurae
2702 1246 2826 1298 sunt
2854 1248 3211 1311 voluptatum:
3242 1263 3271 1298 a
3305 1251 3498 1311 quibus
3524 1254 3573 1296 et
3598 1246 3746 1298 Pauli

2075 1313 2237 1361 verba
2262 1318 2313 1360 et
2342 1312 2537 1361 Christi
2565 1312 2700 1361 facta
2729 1316 2933 1373 oportet
2964 1325 3183 1360 avocent
3214 1313 3555 1361 Christianos.

2141 1375 2269 1424 CAP.
2320 1375 2386 1422 II.
2426 1400 2489 1409 —
2529 1372 2655 1430 Quae
2697 1372 2937 1434 corporis
2957 1378 3095 1421 .sunt
3141 1386 3170 1422 a
3216 1374 3420 1423 Christo
3464 1386 3558 1435 pro
3593 1373 3747 1435 nobis

2078 1438 2327 1498 suscepti,
2358 1435 2614 1498 divinitati
2648 1449 2755 1483 non
2782 1435 3057 1484 tribuenda
3082 1436 3416 1498 {secundum
3440 1434 3748 1498 hancillum

2076 1497 2429 1556 altissimum;
2462 1497 2601 1559 quod
2632 1498 2721 1558 qui
2752 1503 2919 1559 neget,
2951 1511 3067 1544 eum
3099 1497 3239 1546 Patri
3267 1499 3528 1546 ascribere
3586 1497 3748 1545 incar-

2077 1562 2353 1609 nationem.
2382 1561 2513 1609 Cum
2543 1560 2683 1622 Deus
2711 1559 2901 1622 legitur
2929 1559 3077 1622 solus
3100 1573 3235 1622 esse,
3258 1566 3348 1608 aut
3378 1559 3524 1622 solus
3556 1559 3745 1608 habere

2078 1622 2531 1677 immortalitatem,
2572 1621 2623 1670 id
2663 1620 3341 1684 etiam_intelligendumrde
3369 1620 3610 1684 Christo,
3625 1626 3747 1684 tum

2078 1690 2136 1733 ut
2162 1689 2442 1732 memorata
2471 1684 2708 1746 impietas
2736 1682 3041 1740 declinetur,
3061 1688 3167 1732 tum
3189 1683 3310 1745 quia
3333 1683 3510 1732 eadem
3539 1683 3658 1731 Filii
3685 1697 3747 1746 ac

2079 1747 2248 1797 Patris
2275 1747 2531 1797 asseritur
2547 1745 2802 1806 Operatio.
3652 1745 3746 1794 615

2140 1809 2263 1881 CAP.
2296 1809 2389 1881 Ill.
2416 1807 2931 1881 —_Filium_aupatre
2961 1820 3065 1855 non
3095 1807 3446 1881 separandum
3476 1822 3537 1881 ex
3566 1808 3745 1869 Apos-

2076 1870 2183 1921 tolo
2209 1870 2527 1927 confirmari,
2558 1882 2678 1918 cum
2706 1869 2837 1918 Filio
2867 1882 3076 1931 quoque
3104 1870 3381 1918 conveniat
3399 1870 3606 1931 beatum
3628 1883 3748 1917 esse

2080 1933 2251 1983 solum
2293 1937 2554 1995 potentem
2591 1946 2652 1979 ac
2694 1930 3061 1995 immortalem,
3106 1936 3294 1995 natura
3340 1930 3598 1995 videlicet,
3643 1944 3750 1978 non

2078 1997 2243 2057 gratia
2272 1992 2375 2056 qua
2417 1995 2519 2056 ipsi
2555 1994 2707 2057 etiam
2737 1992 2907 2055 angeli
2938 1998 3061 2057 sunt
3102 1992 3459 2057 immortales;
3495 1993 3750 2057 etslucsm

2076 2054 2307 2107 habitare
2337 2054 2754 2105 inaccessibilem
2789 2054 2930 2117 {quo
2962 2054 3141 2103 ultimo
3172 2068 3272 2117 qua
3304 2055 3504 2103 ratione
3534 2055 3623 2103 flat
3651 2069 3747 2117 ex-

2078 2119 2285 2181 plicato,
2314 2132 2416 2179 quo
2446 2122 2597 2181 pacto
2648 2117 2801 2164 Pater
2843 2114 3007 2172 solus,
3051 2129 3111 2164 ac
3157 2114 3322 2166 Filius
3366 2118 3558 2177 pariter
3601 2114 3749 2181 soius

2078 2176 2343 2236 dicantur,
2364 2176 2678 2227 ostenditur.
3372 2176 3379 2177 “
3657 2176 3753 2225 616

2142 2242 2272 2292 CAP.
2301 2240 2389 2289 IV.
2420 2268 2484 2277 —
2512 2241 2779 2289 Christum
2815 2252 2919 2287 non
2951 2238 3052 2287 nisi
3081 2237 3368 2287 secundum
3399 2252 3608 2288 carnem
3635 2240 3748 2287 fac-

2077 2311 2187 2357 tum
2219 2303 2456 2362 narrari;
2483 2302 2676 2364 quippe
2706 2301 2795 2363 qui
2819 2306 2875 2349 ut
2894 2302 3131 2349 homines
3157 2299 3447 2357 redimeret,
3480 2314 3587 2364 non
3615 2315 3749 2364 egu-

2079 2366 2177 2415 erit
2204 2363 2662 2428 adjutorio,’sicut
2692 2377 2785 2411 nec
2812 2368 2868 2411 ut
2896 2378 2953 2428 se
2983 2364 3363 2428 resuscitaret;
3395 2363 3666 2428 cumaliis
3691 2368 3749 2411 ut

2078 2426 2317 2477 mortuos
2345 2426 2737 2480 resuscitarent,
2774 2427 3006 2474 oratione
3037 2439 3173 2487 opus
3201 2426 3376 2473 fuerit.
3418 2426 3532 2473 Etsi
3575 2431 3751 2474 autem

2079 2492 2191 2553 ipse
2218 2489 2461 2545 oraverit,
2491 2490 2591 2536 hoc
2620 2487 2947 2553 referendum
2984 2487 3048 2536 ad
3093 2488 3464 2553 humanitatem
3497 2499 3525 2553 εΔ
3554 2487 3751 2553 divini-

2078 2548 2233 2602 tatem
2282 2565 2407 2599 vero
2458 2565 2520 2599 ex
2564 2564 2624 2598 eo
2676 2549 2815 2612 quod
2860 2550 3209 2610 imperaverit,
3256 2548 3650 2609 testimandam;
3697 2549 3753 2597 in

2080 2628 2183 2676 quo
2231 2612 2471 2676 diabolus
2514 2613 2725 2667 Arianis
2776 2612 3125 2676 anteponitnr.
3158 2612 3326 2676 Tum,
3374 2612 3614 2676 exposito
3656 2623 3752 2660 cur

2081 2674 2248 2788 Flilius
2284 2675 2511 2724 hominis
2548 2681 2738 2738 potens
2774 2674 2994 2731 dicatur,
3028 2675 3320 2737 argumenti
3364 2675 3575 2736 ponitur
3619 2687 3754 2784 οἱδὶἳᾷ

2081 2754 2107 2788 c
2135 2752 2269 2787 [1810.

2081 2752 2269 2788 ClllSlO.

2143 2802 2274 2851 CAP.
2306 2800 2372 2848 V.
2402 2826 2465 2835 —-
2496 2818 2517 2843 α
2544 2800 2760 2848 Factum
2789 2817 2810 2841 »
2847 2798 2899 2845 in
2931 2797 3203 2859 Scriptura
3233 2810 3339 2845 non
3373 2810 3580 2860 semper
3615 2798 3753 2860 idem

2082 2877 2198 2912 esse
2231 2877 2291 2912 ac
2323 2881 2344 2906 ι
2377 2866 2605 2910 creatum
2635 2880 2657 2905 ι»
2694 2861 2946 2922 exemplis
2981 2874 3043 2907 ex
3072 2862 3186 2921 ipsa
3221 2860 3396 2922 petitis
3426 2859 3593 2908 docet.
3626 2859 3755 2908 Inde

2081 2925 2280 2988 colligit
2310 2938 2416 2974 non
2444 2922 2799 2988 cavillandum
2823 2936 2884 2971 ex
2916 2922 3084 2988 littera
3119 2936 3262 2970 more
3290 2922 3610 2988 Judeeorum,
3641 2923 3753 2983 qui-

2082 2989 2185 3038 bus
2208 2984 2385 3036 ‘tamen
2410 2986 2687 3034 hmreticos
2716 2984 2927 3047 pejores
2960 2985 3176 3047 probat;
3209 2989 3362 3045 atque
3409 2984 3594 3033 iterum
3623 2998 3753 3047 prog-

2082 3051 2305 3112 positam
2335 3048 2616 3112 confirmat
2636 3045 2973 3112 sententiam.‘
3010 3109 3029 3112 _
3240 3106 3254 3112 _
3624 3045 3638 3047 “
3658 3045 3755 3112 620

2144 3110 2272 3161 CAP.
2307 3113 2399 3161 VI.
2427 3136 2491 3147 —
2519 3110 2878 3172 Objectionem
2906 3124 2968 3172 ex
2999 3109 3199 3172 Joanne
3225 3106 3551 3172 desumptam
3581 3112 3639 3172 ut
3667 3108 3752 3155 di-

2083 3173 2205 3231 luat,
2238 3174 2407 3235 primo
2439 3170 2761 3220 demonstrat
2783 3171 3102 3235 Manichzeis
3145 3171 3460 3235 patrocinari
3497 3170 3754 3235 Arianum

2084 3231 2299 3284 sensu'm
2333 3247 2344 3282 :
2381 3235 2565 3282 deinde
2591 3235 2736 3283 varia
2767 3232 3255 3293 distinguendorum
3290 3232 3572 3279 verborum
3600 3231 3752 3292 ejus-

2083 3297 2198 3346 dem
2223 3297 2321 3345 loci
2352 3297 2591 3359 exposita
2620 3296 3033 3359 ratione,ripsum
3053 3293 3194 3359 nullo
3223 3294 3375 3359 modo
3402 3294 3467 3342 ad
3498 3293 3752 3341 substan-

2084 3360 2206 3409 tiam
2238 3357 2465 3408 divinam
2495 3360 2609 3406 sine
2638 3358 2808 3406 Patris
2838 3358 3032 3417 injuria
3054 3357 3235 3404 referri
3261 3370 3417 3418 posse
3437 3359 3614 3418 aperte
3634 3369 3756 3418 pro-

2082 3422 2186 3480 bat,
2220 3435 2509 3483 verumque
2538 3420 2679 3469 illius
2707 3420 2920 3483 exponit
2952 3418 3283 3483 intellectum.
3498 3482 3523 3483 ί
3635 3418 3756 3483 Δ692

2146 3485 2277 3534 CAP.
2310 3480 2518 3533 VIII—
2546 3483 2695 3540 Quod
2724 3495 2754 3531 a
2779 3480 3058 3531 Salomone
3081 3481 3276 3529 dictum
3310 3485 3407 3537 est,
3442 3498 3462 3523 «ι
3498 3480 3754 3528 Dominus

2084 3547 2278 3596 creavit
2306 3559 2404 3603 me,
2433 3564 2455 3589 π
2496 3551 2591 3594 etc.
2641 3545 2816 3605 (Prov.
2848 3557 2962 3597 vm,
2996 3542 3091 3603 22),
3120 3542 3524 3590 incarnationem
3559 3543 3757 3592 Christi

2083 3609 2147 3659 ad
2178 3607 2478 3657 redimenda
2506 3606 2676 3655 Patris
2697 3619 2854 3668 opera
2877 3606 3060 3668 factam
3085 3605 3293 3667 signare
3318 3618 3330 3663 ;
3361 3618 3464 3668 quo
3495 3619 3555 3668 ex
3586 3605 3756 3666 ipsius

2085 3671 2205 3720 Filii
2233 3671 2409 3718 verbis
2440 3669 2715 3723 declarato,
2734 3666 2780 3711 ἀ
2813 3667 3129 3730 principium
3148 3666 3178 3711 ’n
3222 3666 3449 3714 ostendit
3480 3666 3631 3730 etiam
3660 3680 3754 3730 ac-

2084 3733 2185 3795 cipi
2208 3745 2367 3794 p)sse
2393 3731 2454 3779 de
2483 3728 3107 3795 documentis‘virlutum,
3132 3742 3361 3795 quarum
3378 3729 3621 3795 omnium
3638 3728 3755 3795 vias

2085 3790 2239 3844 nobis
2270 3795 2521 3843 Dominus
2551 3793 2840 3855 aperuisse,
2888 3806 2949 3841 ac
2992 3804 3114 3839 vere
3142 3790 3469 3854 principium
3488 3790 3756 3855 exstitisse

2085 3858 2491 3907 demonstratur.
2583 3852 2600 3855 ⁷
3143 3852 3157 3854 ⁷
3315 3852 3325 3854 ⁷
3663 3852 3757 3902 6‘23

2147 3920 2277 3968 CAP.
2308 3919 2447 3968 VIII.
2479 3945 2543 3954 —
2572 3917 2883 3965 Versiculus
2927 3917 2975 3963 in
3020 3916 3155 3964 Isaia
3200 3915 3436 3977 proxime
3470 3914 3659 3963 citatus
3691 3913 3756 3963 de

2085 3981 2281 4031 Christi
2307 3981 2623 4030 humanitate
2654 3993 2713 4028 ac
2743 3978 3012 4027 divinitate
3046 3977 3352 4040 explicatur,
3385 3990 3549 4039 eoque
3578 3978 3755 4025 varias

2083 4046 2316 4107 haereses
2339 4041 2577 4107 jfugulaAri
2593 4042 2878 4107 svincitur.
3003 4102 3015 4107 _
3152 4101 3181 4107 ᾧ
3221 4103 3232 4107 _
3403 4103 3413 4107 _
3646 4040 3753 4107 _625

2148 4106 2278 4155 CAP.
2314 4101 2489 4154 IX.'—
2517 4104 2884 4153 Difﬂcultatem
2916 4118 2979 4151 ex
3003 4102 3116 4151 loco
3148 4101 3447 4152 Salomonis
3482 4101 3756 4163 supralau-

2085 4168 2206 4217 dato
2252 4169 2571 4217 exorientem
2611 4165 2769 4215 solvit
2811 4167 3146 4221 Ambrosius,
3194 4164 3299 4214 illic
3346 4170 3397 4213 et
3436 4163 3757 4226 praeteritum

2086 4233 2221 4279 sumi
2243 4244 2339 4291 pro
2368 4231 2567 4285 futuro,
2599 4235 2648 4277 et
2682 4228 2940 4292 geminam
2970 4229 3023 4276 in
3054 4228 3266 4277 Christo
3296 4232 3535 4276 naturam
3572 4225 3754 4292 desis:

2087 4294 2201 4341 nari
2229 4286 2558 4354 patefaciens.
2685 4286 2710 4292 ν
2901 4353 2910 4354 7
3162 4352 3189 4354 Η
3318 4349 3362 4354 ᾧ
3419 4350 3428 4354 _
3640 4353 3643 4354 ν

2149 4349 2276 4403 CAP.
2327 4354 2381 4402 X.
2425 4380 2488 4387 —
2528 4353 2773 4413 Baptista:
2802 4353 2963 4399 verba
2994 4367 3053 4400 ex
3085 4352 3279 4411 quibus
3307 4349 3574 4413 Christum
3603 4349 3756 4413 etiam

2085 4423 2202 4466 ante
2243 4410 2652 4462 incarnationem
2696 4416 2888 4462 factum
2922 4410 3275 4475 disputabant.
3328 4410 3620 4463 soluturus,
3667 4410 3757 4475 ubi

2085 4478 2339 4542 prmmisit
2367 4490 2426 4525 ea
2456 4477 2638 4542 referri
2667 4488 2840 4542 posse
2870 4474 2934 4522 ad
2986 4472 3528 4542 p'rwdestinationem;
3560 4472 3753 4542 intelli-

2086 4535 2252 4603 izenda
2283 4538 2551 4603 tamen__de
2590 4535 2944 4603 incarnatione
2986 4535 3051 4603 ab
3094 4535 3518 4603 antecedentibus
3549 4535 3752 4603 probat.

2088 4597 2222 4652 Hinc
2256 4598 2689 4665 progrediensrad
2721 4600 2956 4665 mystica,
2988 4600 3158 4660 ipsum
3200 4598 3453 4665 dignitate
3481 4611 3542 4665 a_c
3572 4597 3757 4665 merito

2085 4670 2203 4715 ante
2251 4658 2507 4712 Joannem
2549 4662 2715 4710 fuisse
2758 4658 2985 4710 declarat
3009 4658 3029 4707 “;
3076 4658 3297 4708 maxime
3334 4673 3453 4707 cum
3488 4658 3755 4713 Ecclesiae,

2087 4728 2245 4788 cujus
2284 4732 2442 4788 typus
2472 4725 2523 4773 in
2554 4724 2771 4772 historia
2802 4724 2937 4788 Ruth
2966 4736 3256 4788 expressus
3284 4722 3468 4788 fuerat,
3498 4734 3755 4788 spo_nsus,

2088 4783 2238 4838 etiam
2265 4783 2478 4851 expluso
2510 4788 2708 4861 Moyse,
2737 4784 2888 4861 sol-us
2921 4785 3177 4861 exstiterit
3203 4801 3213 4835 :
3247 4798 3402 4861 quam
3432 4783 3554 4832 licet
3582 4783 3754 4861 Syut

2087 4864 2223 4962 306a
2254 4845 2358 4898 non
2392 4845 2884 4912 omnino'neglecta,
2922 4848 3069 4895 solus
3100 4848 3327 4897 vocavit.
3663 4845 3755 4893 627

2196 4927 2280 4962 AP.
2313 4912 2398 4960 XI.
2420 4938 2484 4948 --
2513 4909 2664 4959 Redit
2690 4911 2756 4959 ad
2785 4909 2957 4959 locum
2988 4910 3318 4971 propositum
3338 4946 3350 4964 ,
3384 4913 3433 4956 et
3460 4907 3549 4971 ubi
3584 4908 3756 4971 Chris-

2087 4981 2175 5025 tus
2204 4974 2393 5023 dicitur
2424 4976 2611 5027 factus,
2642 4975 2741 5021 hoc
2769 4972 2853 5020 vel
2880 4971 2943 5020 ad
2984 4970 3394 5020 incarnationem
3422 4970 3505 5018 vel
3534 4970 3596 5018 ad
3626 4983 3755 5017 cau-

2090 5051 2201 5086 sam
2227 5038 2338 5085 sive
2352 5036 2657 5097 adjunctum
2676 5034 2883 5096 aliquod
2901 5035 3085 5097 referri
3103 5032 3269 5097 docet.
3293 5034 3372 5082 Ad
3393 5047 3513 5081 eum
3543 5044 3758 5097 sensum

2088 5099 2312 5162 plurima
2342 5093 2616 5162 sacrorum
2644 5093 2886 5162 codicum
2914 5101 2965 5143 et
2999 5095 3144 5162 Pauli
3172 5097 3427 5159 imprimis
3464 5093 3758 5162 testimonia

2089 5156 2333 5209 edisserit
2364 5173 2375 5207 :
2408 5161 2627 5207 maxime
2657 5164 2827 5207 autem
2857 5159 2908 5205 in
2937 5171 2998 5206 eo
3034 5156 3355 5213 immoratur.
3388 5163 3445 5205 ut
3488 5156 3758 5205 Christum

2088 5236 2270 5272 verum
2306 5222 2628 5271 sacerdotem
2658 5234 2775 5269 esse
2810 5224 2962 5282 atque
3003 5221 3054 5268 in
3095 5219 3471 5269 Melchisedech
3505 5217 3759 5279 praefigu-

2090 5290 2274 5341 ratum,
2308 5285 2457 5345 eique
2497 5297 2616 5331 cum
2656 5283 2806 5331 Patre
2848 5284 3167 5345 operationis
3198 5283 3464 5337 unitatem,
3498 5292 3605 5326 non
3636 5288 3761 5345 vsgo

2091 5338 2267 5396 solam
2284 5338 2677 5394 similitudinem
2706 5338 3287 5406 inesse-persuadeatsu
3299 5404 3326 5406 __
3669 5338 3765 5388 630

2153 5409 2282 5457 CAP.
2316 5408 2425 5456 XII.
2457 5435 2519 5442 —
2548 5407 2786 5469 Regnum
2819 5404 2990 5454 Patris
3029 5411 3182 5467 atque
3212 5404 3341 5469 Filii
3360 5416 3521 5469 unum
3549 5413 3765 5469 esse‘ss

2090 5470 2392 5522 indivisum.
2424 5474 2473 5517 et
2500 5461 2657 5517 unam
2682 5469 2917 5516 similiter
2946 5461 3217 5529 utriusque
3238 5465 3577 5513 divinitatem.
3669 5461 3767 5512 633

2154 5533 2283 5581 CAP.
2316 5532 2452 5580 XIII.
2483 5557 2546 5567 —
2575 5530 2766 5579 Filium
2795 5530 3122 5591 majestatem
3151 5541 3300 5591 suam
3328 5542 3465 5591 esse,
3494 5540 3557 5575 ac
3585 5531 3763 5588 pater-

2092 5609 2172 5643 na:
2202 5594 2452 5657 aequalem
2485 5606 2496 5641 :
2528 5594 2685 5657 cujus
2715 5593 2845 5642 socii
2874 5590 2979 5640 non
3010 5590 3117 5639 sint
3142 5590 3339 5654 angeli,
3373 5590 3465 5638 sed
3496 5593 3768 5699 spectaégg

2095 5672 2196 5699 νας.

2094 5672 2196 5706 I‘CS.

2156 5720 2285 5768 CAP.
2336 5718 2471 5767 XIV.
2521 5744 2583 5753 —
2630 5717 2799 5765 Unius
2844 5714 3151 5764 substantiae
3200 5727 3319 5761 cum
3377 5713 3526 5761 Patre
3578 5711 3771 5760 Filium

2093 5794 2248 5839 esse;
2283 5782 2417 5830 hanc
2446 5785 2617 5829 autem
2647 5779 2799 5827 etiam
2830 5776 3119 5839 secundum
3149 5775 3472 5839 divinitatem
3502 5774 3642 5839 sumi
3670 5775 3766 5839 de-

2093 5845 2214 5893 bere
2239 5835 2299 5891 in
2332 5842 2509 5890 multis
2539 5842 2935 5903 Scripturarum
2969 5838 3318 5903 testimoniis:
3336 5838 3540 5887 tametsi
3572 5837 3622 5903 in
3654 5835 3773 5903 aliis

2096 5904 2363 5956 nonnullis
2392 5906 2491 5953 hoc
2514 5897 2735 5953 verbum
2765 5908 2855 5952 aut
2884 5902 2947 5953 de
2971 5901 3407 5966 possessionibus
3453 5905 3541 5950 aut
3582 5897 3643 5946 de
3683 5899 3771 5966 is:

2099 5968 2393 6019 carnalione
2422 5966 2762 6030 intelligatur.
2971 5959 2988 5966 ”
3681 5959 3774 6012 536
