4030 6188
483 208 545 268 η
1937 205 2330 267 curario.
3726 226 3798 282 η

556 327 624 382 Ut
649 340 781 394 ergo
811 325 877 380 ad
904 325 1079 395 Opera
1108 325 1163 379 in
1191 323 1483 379 editionem
1515 331 1754 378 nostram
1783 336 1814 378 e
1839 323 2086 393 superio-
2112 331 2158 389 Α
2192 326 2325 389 torni
2344 326 2810 409 VlAugustiniani
2844 331 3051 388 ultione
3083 334 3358 403 editionis,
3391 337 3481 394 ubi
3505 348 3682 393 exstat
3704 355 3798 395 es-

478 420 633 475 ribus
659 435 766 473 non
798 419 1037 473 admissa
1063 418 1175 489 jam
1204 418 1517 483 veniamus,
1553 433 1677 487 quae
1693 432 1760 471 ex
1790 416 2083 472 Gillotiana

479 513 721 569 editiom:
743 514 852 582 jam
876 512 1108 565 Romani
1141 511 1583 581 rcpudiaverant.
1612 525 1675 565 ea
1709 524 1802 563 nos
1830 508 2085 565 similiter

480 605 851 662 abdicavimus
888 612 1164 674 tamquam
1213 603 1506 659 manifesto
1548 602 1913 674 supposititia.
1955 602 2084 658 Tale

479 707 566 753 est
596 697 955 767 fragmentum
992 695 1073 750 De
1120 696 1254 751 Fide
1285 696 1732 759 Resurrectionis,
1785 694 1931 765 quod
1971 694 2087 751 Gil-

480 793 646 847 lotius
674 791 918 862 legitimo
945 790 1218 849 Ambrosii
1247 790 1314 846 de
1340 791 1529 846 eadem
1561 791 1790 848 materia
1816 791 1954 847 libro
1981 792 2082 845 etsi

480 903 589 942 non
622 885 741 941 sine
768 885 1104 943 dubitatione
1144 885 1324 957 aliqua
1362 885 1742 954 subjunxerat.
1782 884 1890 941 Sed
1924 900 2087 940 num-

477 995 639 1050 quam
669 978 799 1033 illud
836 979 921 1033 edi
947 990 1212 1045 curasset;
1238 980 1369 1034 sies
1394 978 1626 1048 cpistola
1662 978 2082 1049 liieronymiana

477 1072 546 1126 ad
586 1072 993 1126 Pammachium
1026 1071 1291 1127 adversus
1318 1086 1534 1125 errores
1562 1070 1789 1125 Joannis
1820 1070 2079 1126 Hieroso-

474 1163 726 1237 lymitani
757 1164 1051 1219 conﬂatum
1077 1179 1200 1219 esse
1231 1162 1704 1232 deprehendisset.
1739 1164 1895 1219 Tales
1916 1165 2081 1220 etiam

474 1266 605 1314 sunt
648 1257 1027 1312 meditatioizes
1054 1272 1121 1312 ex
1165 1256 1403 1311 archivis
1429 1256 1699 1312 Cartusiie
1725 1256 2081 1320 Parisiensis,

474 1362 535 1407 ut
565 1352 707 1407 idem
740 1352 995 1415 Gillotius
1014 1360 1264 1415 testatur,
1295 1349 1636 1420 deprompta
1666 1366 1678 1402 :
1711 1364 1831 1421 quze
1857 1349 2079 1420 quidem

471 1459 664 1505 omnes
691 1445 1037 1513 reperiuntur
1061 1443 1207 1497 inter
1230 1457 1323 1497 eas
1344 1442 1751 1509 meditationes,
1784 1456 1917 1513 quas
1938 1442 2080 1510 apud

475 1539 840 1611 Augustinum
868 1546 1018 1593 tomo
1052 1535 1125 1592 1x
1167 1536 1527 1591 Lovaniensis
1550 1535 1802 1605 editionis
1826 1535 2080 1592 evolvere

476 1645 582 1701 est,
615 1636 710 1693 sed
740 1653 846 1704 non
880 1636 1072 1695 eodem
1106 1645 1287 1691 tamen
1317 1634 1531 1690 ordine.
1571 1634 1803 1691 Exstant
1832 1634 1914 1690 hae
1948 1636 2078 1704 ipsa:

2188 420 2312 476 dein
2346 423 2433 478 illa
2464 422 2790 492 disceptatio
2811 466 2827 492 ,
2860 429 3197 498 argumentis
3241 446 3583 503 nequaquam
3627 433 3798 488 futili-

2190 513 2297 585 bus
2322 514 2436 588 jam
2466 527 2677 573 asserta
2703 528 2807 581 est.

2265 610 2401 663 Sunt
2445 621 2704 677 prseterea
2747 610 2799 665 in
2848 613 3164 684 Appendice
3218 615 3480 671 librorum
3524 617 3793 673 Ambrosii

2188 701 2436 772 quaedam
2467 704 2661 774 opella:
2686 746 2701 768 ,
2730 720 2863 775 quas
2892 706 2943 760 in
2975 706 3077 762 hac
3117 707 3357 763 editione
3401 710 3663 766 recudere
3703 725 3798 765 su-

2191 793 2459 863 perﬂuum
2492 795 2745 853 duximus
2773 816 2786 853 :
2821 808 2875 854 ut
2904 807 3032 869 puta
3054 840 3069 863 ,
3101 798 3379 871 Expositio
3408 802 3532 869 ﬁdei
3559 801 3798 873 Symboti

2192 885 2399 941 Nicwni
2430 899 2611 942 contra
2641 887 2825 944 Arium
2864 901 2914 944 et
2960 890 3246 951 Photiuum
3267 933 3282 955 ,
3312 908 3434 967 quae
3464 902 3571 951 tota
3602 909 3633 949 e
3665 895 3799 952 locis

2188 979 2394 1050 aliquot
2425 981 2584 1049 primi
2613 981 2878 1037 librorum
2906 984 3084 1039 sancti
3114 985 3388 1043 Ambrosii
3415 986 3479 1049 de
3507 984 3641 1042 Fide
3664 1002 3799 1044 con-

2186 1072 2455 1129 sarcinata
2488 1081 2602 1128 est:
2634 1073 2767 1130 item
2804 1074 3112 1135 Exhortatio
3140 1077 3209 1131 ad
3242 1079 3592 1145 penitentiam
3637 1097 3796 1151 agen-

2187 1164 2349 1231 dam;
2381 1166 2506 1235 quia
2537 1181 2660 1221 cum
2696 1167 2810 1223 fere
2840 1169 3064 1225 totidem
3101 1170 3281 1226 verbis
3308 1171 3363 1225 in
3397 1171 3661 1229 Sermone
3687 1173 3797 1230 593

2188 1255 2331 1311 inter
2363 1257 2792 1327 Augustinianos
2818 1261 3146 1330 reperiatur,
3175 1278 3297 1319 eam
3323 1263 3615 1321 Ambrosio
3639 1264 3796 1335 abjn-

2186 1348 2473 1407 dicandam
2515 1365 2637 1409 esse
2681 1351 2888 1421 liquido
2935 1363 3104 1423 patet.
3140 1354 3232 1411 llis
3262 1353 3392 1413 item
3423 1354 3563 1411 adde
3594 1362 3796 1412 tracta-

2185 1448 2296 1496 tum
2325 1439 2404 1495 De
2430 1442 2657 1498 moribus
2683 1442 3163 1513 Brachmanorum,
3190 1463 3351 1517 quem
3380 1462 3412 1502 a
3441 1448 3598 1510 nobis
3625 1449 3795 1504 omis-

2184 1548 2303 1588 sum
2338 1549 2500 1589 nemo
2530 1544 2816 1604 queretur,
2853 1546 2907 1591 ut
2954 1547 3081 1607 pote
3119 1538 3410 1595 Ambrosio
3453 1538 3614 1607 plane
3653 1538 3796 1594 indi-

2183 1642 2369 1696 gnum.
2407 1627 2654 1698 Denique
2678 1627 3055 1684 abdicatorum
3083 1628 3330 1691 ordinem
3358 1629 3576 1697 claudet
3604 1629 3793 1689 Sermo

476 1730 531 1785 in
560 1729 860 1800 appendice
887 1727 953 1783 ad
984 1737 1191 1783 tomum
1224 1727 1297 1785 Vl
1322 1743 1475 1783 nova!
1499 1727 1775 1794 editionis,
1804 1728 1998 1799 quibus
2022 1737 2079 1783 et

2191 1719 2249 1771 de
2293 1717 2670 1787 Puriﬁcatione
2711 1731 2905 1774 sancta:
2947 1719 3165 1787 Moriar,
3220 1736 3380 1792 quem
3423 1719 3525 1779 etsi
3572 1721 3794 1785 codices

475 1822 827 1891 prmmittitur
847 1819 1167 1875 Admonitio
1187 1860 1201 1885 ,
1228 1835 1389 1889 quam
1430 1820 1721 1877 consulere
1746 1819 1924 1875 cuivis
1955 1836 2080 1888 pro-

475 1929 605 1968 num
634 1920 735 1979 est.
763 1910 874 1973 Nec
902 1913 1064 1967 etiam
1094 1911 1385 1971 dissimiles
1409 1922 1528 1966 sunt
1561 1912 1643 1967 bis
1668 1912 2075 1981 scriptionibus,

474 2007 644 2061 immo
665 2005 735 2065 ab
760 2004 1033 2061 Ambrosii
1062 2004 1385 2064 charactere
1416 2006 1589 2075 magis
1619 2005 1921 2060 abhorrent
1951 2004 2079 2060 bre-

477 2118 574 2160 ves
619 2101 866 2171 epistola:
903 2100 1354 2170 phiIOSOphorum
1382 2141 1395 2164 ,
1423 2115 1560 2171 quas
1594 2109 1866 2170 tamquam
1893 2115 1922 2155 a
1952 2099 2081 2154 Viro

477 2207 711 2252 sanctae
733 2196 921 2251 Graeca
945 2195 1126 2265 lingua
1158 2195 1210 2249 in
1238 2193 1488 2253 Latinam
1503 2209 1688 2253 versas
1718 2202 1841 2263 post
1866 2190 2083 2247 Gilber-

477 2299 591 2346 tum
637 2288 942 2360 Cogitatum
994 2288 1164 2342 edidit
1216 2287 1485 2343 Gillotius.
1541 2286 1677 2343 Cum
1712 2286 1796 2341 his
1841 2285 2082 2354 rejeccre

474 2386 619 2442 idem
651 2385 883 2441 Rontani
915 2383 1216 2441 secundam
1262 2398 1329 2439 ex
1365 2382 1475 2437 illis
1501 2382 1711 2437 duabus
1736 2381 1985 2452 epistolis
2014 2380 2082 2435 de

480 2477 754 2535 monacho
798 2491 1202 2547 energumeno,
1247 2490 1384 2544 quas
1412 2490 1444 2530 e
1484 2474 1678 2529 codice
1710 2491 1819 2528 uno
1856 2473 2082 2529 Genna-

477 2572 655 2635 neusi,
680 2571 733 2624 in
765 2585 874 2640 quo
903 2576 1015 2624 tres
1038 2568 1209 2623 libros
1233 2565 1557 2621 Officiorum
1578 2565 1821 2635 proxime
1841 2581 2076 2635 sequun-

479 2672 588 2730 tur,
636 2661 927 2719 Gillotiana
955 2659 1125 2716 editio
1157 2666 1601 2728 repraesentant.
1657 2658 1825 2713 Extra
1853 2659 2079 2714 dubium

481 2764 566 2810 est
589 2755 711 2823 jure
736 2762 1001 2809 semotam
1037 2750 1183 2805 illam
1213 2749 1502 2818 epistolam
1529 2790 1544 2815 ,
1586 2764 1707 2805 cum
1738 2764 1845 2804 non
1876 2751 1979 2804 alia
2011 2750 2084 2804 sit

480 2851 550 2905 ab
572 2848 801 2918 epistola
823 2845 1073 2916 Gregorii
1097 2844 1274 2914 Magni
1296 2845 1363 2900 ad
1382 2844 1695 2901 Ianuarium
1715 2844 2079 2900 Calasitanum

484 2942 839 3011 episcopum:
888 2938 984 2993 sed
1013 2952 1136 2991 cum
1166 2936 1337 2993 altera
1372 2937 1569 2992 lacinia
1600 2939 1672 2992 sit
1700 2937 1887 2991 avulsa
1916 2952 1946 2992 e
1975 2936 2084 2992 fine

478 3033 603 3089 libri
632 3034 701 3090 de
733 3032 989 3088 vitiorum
1034 3032 1407 3101 virtutumque
1437 3028 1729 3098 conﬂictu,
1761 3044 1859 3086 cur
1886 3027 2081 3084 eadem

482 3125 731 3185 Romana
758 3125 927 3181 editio
956 3125 1105 3180 illam
1133 3124 1416 3190 retineret,
1446 3123 1578 3181 nibil
1606 3133 1723 3180 erat
1746 3137 1947 3178 causai.
1983 3122 2082 3178 Illo
2110 3103 2155 3166 Ο

484 3218 739 3285 accedit,
771 3217 915 3289 quod
960 3225 1152 3281 neutra
1199 3216 1431 3286 epistola
1463 3216 1737 3279 Ambrosii
1778 3230 1975 3272 nomen
2027 3216 2079 3270 in

483 3310 675 3369 codice
705 3318 894 3367 nostro
927 3308 1158 3365 inditum
1192 3308 1446 3379 prmfert;
1480 3308 1623 3367 unde
1654 3309 1897 3379 utrisque
1925 3323 1990 3364 ex
2015 3322 2083 3364 eo

485 3405 631 3476 quod
661 3404 1059 3474 suhjungantur
1082 3404 1232 3459 libris
1261 3402 1599 3467 Ol'ficiorum,
1633 3403 1774 3459 male
1803 3413 2083 3458 auctorem

486 3500 807 3555 attributum
838 3514 962 3555 esse
1000 3499 1345 3568 perspicuum
1375 3509 1480 3553 est.

568 3591 689 3647 Jam
712 3602 939 3655 vero,ut
961 3590 1108 3645 deiis
1132 3590 1447 3646 tractatibus
1466 3604 1715 3661 agamus,
1744 3605 1882 3661 quos
1903 3589 2027 3645 licet
2057 3604 2086 3643 a

485 3682 730 3738 Romana
762 3684 1005 3739 editione
1054 3698 1158 3735 non
1191 3682 1545 3749 repudiatos,
1595 3698 1623 3737 a
1674 3689 1858 3737 nostra
1903 3692 2084 3736 tamen

487 3775 745 3843 duximus
786 3773 1193 3839 excludendos,
1241 3773 1369 3829 libri
1412 3774 1491 3829 De
1530 3773 1814 3829 Vocatione
1856 3774 2084 3844 gentium

487 3872 735 3929 ordinent
763 3869 983 3925 ducent.
1025 3867 1089 3923 Hi
1119 3867 1341 3938 quidem
1383 3869 1651 3924 hactenus
1672 3885 1795 3925 eum
1823 3867 2087 3936 Operibus

488 3962 866 4019 Ambrosianis
892 3960 1025 4017 editi
1054 3959 1300 4026 fuerunt,
1328 3960 1431 4017 sed
1465 3976 1563 4019 eos
1612 3969 1792 4017 tamen
1824 3976 1933 4015 nou
1964 3976 2087 4015 esse

489 4056 761 4113 Ambrosii
787 4066 894 4111 tam
915 4062 1237 4109 constanter
1264 4053 1818 4119 conveniunLCritici,
1837 4069 1995 4126 quam
2018 4053 2088 4109 do

491 4165 620 4204 vero
649 4147 966 4205 earumdem
996 4157 1220 4203 auctore
1257 4146 1610 4205 dissentiunt.
1655 4148 1741 4204 Ne.
1774 4163 1939 4218 porro
1971 4149 2085 4203 sin-

488 4240 644 4311 gulas
672 4240 740 4295 de
771 4240 880 4297 illis
907 4239 1192 4308 opiniones
1212 4237 1302 4294 hic
1338 4239 1657 4305 reteramus,
1691 4239 1930 4295 efficiunt
1958 4240 2087 4295 duo-

493 4349 613 4391 rum
638 4330 979 4389 eruditorum
1011 4332 1287 4389 hominum
1320 4331 1764 4397 dissertationes,
1790 4332 2090 4400 Quesnellii

490 4428 702 4485 scilicet
751 4436 916 4497 atque
946 4424 1219 4491 Autelnti;
1254 4425 1453 4485 horum
1478 4428 1629 4482 enim
1672 4427 1819 4496 prior
1844 4443 1967 4483 eum
1995 4442 2091 4483 eos

2188 1826 2299 1867 non
2338 1813 2492 1881 pauci
2532 1813 2826 1869 Ambrosio
2870 1814 3143 1881 trilmant,
3186 1823 3243 1870 et
3295 1830 3326 1870 c
3370 1817 3540 1882 veteri
3599 1830 3793 1875 manu-

2189 1904 2418 1974 scripto,
2455 1904 2509 1958 in
2540 1918 2648 1973 quo
2678 1905 3001 1975 prazferebat
3031 1921 3227 1961 nomen
3252 1906 3463 1965 Alcuini
3484 1947 3500 1975 ,
3532 1905 3603 1960 cl.
3632 1905 3796 1963 Balu—

2188 1996 2305 2050 zius
2337 1996 2511 2067 primo
2542 1997 3017 2063 Miscellaneorum
3058 2014 3282 2055 suorum
3324 2009 3474 2057 tumo
3516 1999 3791 2067 ediderit,

2186 2090 2527 2161 probabilius
2559 2102 2738 2147 tamen
2775 2093 2994 2149 videtur
3035 2093 3307 2149 Ambrosii
3348 2092 3601 2165 Autperti
3646 2092 3796 2150 hunc

2185 2201 2497 2243 sermonem
2548 2202 2689 2243 esse.
2733 2187 2869 2243 Nam
2920 2196 3277 2259 praeterquam
3326 2188 3472 2259 qutod
3521 2188 3622 2247 sub
3671 2188 3795 2257 ejus

2186 2281 2455 2343 vocabulo
2483 2282 2890 2345 vetustissimus
2919 2283 3092 2341 codex
3123 2282 3492 2343 Floriacensis
3519 2283 3667 2349 illum
3699 2298 3798 2339 cx-

2189 2373 2340 2431 hibet
2362 2417 2377 2441 ,
2409 2377 2663 2432 eumdem
2695 2388 2974 2433 auctorem
3006 2376 3405 2448 pulcherrimas
3436 2377 3490 2432 in
3532 2385 3755 2435 sanctos
3777 2418 3794 2444 ,

2186 2481 2243 2525 et
2274 2471 2327 2525 in
2358 2470 2459 2525 hoc
2490 2470 2819 2529 beatissimte
2848 2471 3084 2542 Virginis
3123 2470 3321 2533 festum
3363 2470 3653 2541 scripsisse
3689 2467 3793 2525 lto-

2188 2563 2370 2625 milias
2398 2562 2717 2629 testiﬁcatur
2745 2564 2940 2629 Petrus
2984 2564 3253 2625 Diaconus
3287 2565 3303 2634 (
3328 2560 3407 2629 De
3437 2562 3561 2617 viris
3590 2560 3790 2629 illustr.

2188 2656 2389 2721 Cassio.
2421 2677 2538 2730 cap.
2576 2660 2643 2721 15
2659 2659 2699 2730 ).

2259 2752 2328 2807 Ει
2358 2752 2473 2807 haec
2502 2753 2572 2813 de
2600 2752 2858 2823 operibus
2887 2768 3009 2822 qua:
3046 2750 3344 2818 aliquando
3380 2750 3524 2806 inter
3559 2750 3799 2805 Ambro-

2186 2844 2339 2899 siana
2361 2844 2448 2899 vel
2476 2845 2527 2901 in
2550 2859 2741 2907 eorum
2758 2844 3073 2915 Appendice
3094 2844 3275 2899 locum
3300 2842 3627 2908 habuerunt,
3648 2842 3798 2903 dicta

2185 2937 2493 2995 Sufficiam:
2522 2936 2665 3009 quod
2690 2952 2818 2994 vero
2846 2935 2912 2992 ad
2941 2952 3003 2991 ea
3024 2953 3142 3009 quae
3173 2937 3227 2993 in
3256 2934 3589 3005 voluminum
3619 2937 3798 2990 sancti

2188 3030 2443 3093 Doetoris
2483 3030 2817 3091 editiouibus
2860 3044 3127 3100 nusquam
3168 3029 3448 3099 leguntur,
3490 3041 3638 3082 nunc
3676 3026 3797 3097 ipsa

2187 3123 2579 3194 expendemus.
2611 3120 2824 3181 Citatnr
2854 3125 2907 3178 in
2943 3124 3172 3181 Decreto
3199 3138 3265 3179 ex
3295 3119 3516 3192 Synodo
3547 3118 3798 3174 Romana

2186 3217 2285 3273 sub
2316 3216 2535 3273 Gelasio
2577 3214 2833 3286 pontiﬁce
2863 3215 3050 3271 babita
3078 3214 3233 3281 Liber
3263 3211 3619 3285 Physiologus
3642 3252 3657 3277 ,
3704 3212 3799 3280 qui

2186 3307 2249 3362 ab
2273 3309 2529 3371 hwreticis
2551 3310 2872 3377 conscriptus
2894 3317 2989 3375 est,
3010 3306 3137 3364 etB.
3160 3305 3412 3367 Ambrosii
3434 3306 3641 3361 nomine
3660 3319 3800 3376 pra:-

2183 3400 2437 3472 signatus,
2461 3400 3082 3474 apocryplmswistinct.
3108 3400 3196 3466 15,
3218 3416 3337 3470 cap.
3364 3398 3560 3461 Sancta
3577 3393 3795 3465 Rom-i;

2186 3507 2345 3563 quem
2375 3493 2692 3549 llormisdas
2720 3510 2939 3565 quoque
2967 3493 3244 3564 prohibuit
3273 3493 3327 3551 in
3357 3490 3630 3555 Decretali
3654 3508 3670 3546 ;
3697 3490 3800 3547 sed

2188 3587 2276 3643 hic
2299 3596 2559 3642 tractatus
2575 3586 2782 3656 jamdiu
2804 3589 3040 3644 evanuit.
3065 3587 3122 3643 lo
3148 3585 3473 3647 bibliotheca
3490 3585 3800 3655 Sanctigal-

2185 3679 2322 3734 lensi
2365 3679 2506 3749 apud
2550 3679 2826 3735 Helvetios
2865 3690 3215 3737 asset-vanior
3258 3679 3364 3741 duo
3402 3679 3622 3737 codices
3655 3679 3799 3734 1000

2186 3790 2452 3835 annorum
2476 3816 2499 3845 ι
2523 3774 2575 3831 in
2605 3790 2839 3845 quorum
2867 3777 3039 3831 altero
3069 3783 3333 3837 tractatus
3360 3784 3535 3841 exstat
3565 3772 3667 3828 sub
3691 3772 3799 3829 hoc

2188 3869 2444 3931 lemmate
2470 3886 2482 3924 :
2513 3868 2665 3925 Liber
2689 3872 2857 3937 amicti
2884 3870 3142 3925 Ambrosii
3173 3869 3403 3941 episcopi
3431 3877 3610 3925 contra
3633 3865 3801 3923 hatre-

2187 3963 2352 4027 ticos,
2383 3963 2540 4032 cujus
2566 3962 2780 4019 initium
2807 3974 2923 4031 est:
2953 3962 3125 4021 David
3147 3979 3249 4017 uno
3273 3961 3466 4035 lapidis
3492 3961 3626 4026 ictu,
3657 3969 3796 4026 etc.,

2188 4053 2243 4109 in
2273 4054 2452 4113 altero
2482 4064 2666 4117 autem
2696 4056 2836 4111 alius
2870 4065 3134 4111 tractatus
3162 4057 3235 4113 ita
3276 4055 3607 4125 inscriptus:
3639 4051 3797 4107 Liber

2189 4150 2353 4203 sancti
2383 4148 2644 4205 Ambrosii
2669 4150 2900 4221 episcopi
2930 4150 2984 4203 in
3014 4149 3170 4206 laude
3208 4160 3508 4205 sanctorum
3542 4148 3801 4219 contposi-

2191 4252 2314 4307 tus;
2342 4246 2497 4312 cujus
2518 4244 2689 4313 prima
2718 4245 2883 4300 verba
2910 4252 3038 4299 sunt
3061 4260 3074 4296 :
3100 4242 3371 4298 Pertinere
3395 4243 3463 4297 ad
3491 4257 3606 4306 nos,
3630 4239 3798 4295 dilec-

2190 4337 2377 4392 tissimi
2415 4340 2626 4408 fratres.
2668 4336 2973 4408 Utrumque
3007 4346 3190 4393 autem
3230 4334 3576 4391 Mabillonius
3606 4343 3800 4390 noster

2190 4429 2319 4486 dunt
2341 4428 2647 4491 Germanias
2670 4430 3025 4500 perlnstraret
3045 4427 3426 4492 bibliothecas,
3453 4434 3641 4498 rogatu
3665 4440 3799 4481 nos-

492 4521 663 4578 libros
690 4495 1035 4587 interVOpera
1061 4520 1231 4574 sant-ti
1268 4518 1467 4575 Leonis
1510 4495 1799 4586 edidisset,
1850 4520 2089 4576 rationes
2115 4495 2168 4556 D
2195 4531 2314 4585 tro,
2346 4523 2587 4579 describi
2626 4495 2877 4578 curavit:
2916 4521 3012 4577 sed
3051 4536 3174 4579 cum
3212 4520 3446 4589 priorem
3469 4561 3483 4585 ,
3523 4495 3686 4590 quem
3726 4536 3796 4577 ex

492 4616 690 4685 quibus
714 4613 838 4667 ilius
866 4611 992 4668 huic
1017 4610 1267 4667 Pontiliei
1292 4611 1585 4669 arbitratus
1607 4613 1877 4668 estasseri
1908 4627 2086 4680 posse,

489 4706 552 4763 in.
589 4705 825 4765 mediisin
854 4703 1115 4772 protulit:
1151 4704 1422 4773 posterior
1443 4716 1629 4760 autem
1666 4705 1918 4775 injuriam
1956 4706 2089 4761 Pro-

494 4812 656 4868 spero
686 4812 786 4857 suo
817 4795 936 4853 fieri
964 4796 1287 4855 existimans
1311 4839 1325 4861 ,
1356 4797 1525 4867 ipsius
1547 4798 1666 4867 jura
1695 4809 1889 4857 contra
1917 4797 2091 4865 Ques-

494 4888 717 4949 milistut
744 4903 914 4956 nuper
944 4887 1207 4945 defendit.
1240 4889 1305 4947 Et
1334 4889 1750 4953 bocctiamcum
1773 4891 2090 4951 eveneritin

498 4983 742 5057 Epistula
762 4984 831 5038 ad
853 4983 1254 5046 Demetriadem,
1278 4984 1346 5041 de
1371 4985 1564 5042 eadem
1586 4985 1977 5047 cautroversia,
2001 4985 2092 5045 ubi

493 5075 565 5133 de
596 5075 815 5146 rejectis
849 5077 1093 5145 epistolis
1124 5076 1395 5146 agendam
1435 5076 1568 5143 erit,
1596 5079 1801 5133 iterum.
1820 5078 2087 5134 dicemus.

572 5170 795 5226 Librum
850 5185 1069 5241 quoque
1113 5172 1176 5226 de
1236 5170 1488 5227 Vitiorum
1526 5174 1872 5241 virtutumque
1914 5175 2102 5243 conﬂi-

487 5272 611 5329 ctu,
642 5279 807 5333 quem
840 5265 892 5329 ia
926 5262 1085 5319 calce
1112 5265 1243 5319 tomi
1276 5264 1319 5319 V
1353 5264 1582 5320 Romani
1613 5265 1916 5326 ediderant,
1949 5267 2088 5319 omi-

491 5355 685 5411 simus.
718 5355 871 5411 Hnno
901 5356 1127 5426 quidem
1156 5358 1647 5427 uianuseriptorum
1679 5358 1770 5411 alii
1801 5358 2093 5413 Ambrosio

491 5457 719 5514 nostra,
752 5450 844 5504 alii
873 5451 1204 5519 Augustum,
1237 5451 1319 5505 vol
1348 5452 1517 5506 etiam
1548 5451 1716 5505 Leoni
1748 5450 2087 5520 attribuunt,

494 5539 593 5596 sed
631 5542 749 5610 pari
788 5541 1040 5596 Falsitate.
1070 5541 1287 5608 Optime
1320 5558 1452 5599 vero
1480 5545 1723 5598 omnium
1752 5542 1924 5597 codex
1954 5558 2095 5598 unus

492 5631 724 5687 abbatiae
746 5635 916 5687 sancti
954 5634 1216 5704 Ebrulpbi
1239 5651 1360 5690 eum
1394 5634 1666 5689 Ambrosii
1707 5633 1966 5703 Autpest's
1988 5649 2091 5691 no-

498 5726 643 5781 mine
672 5725 991 5797 inscriptum
1027 5727 1227 5783 habet:
1262 5728 1348 5785 cui
1392 5730 1658 5798 Autpcrto
1697 5728 1749 5783 in
1792 5726 2093 5796 appendicc

2195 4613 2442 4677 Parisino
2472 4630 2686 4685 quoque
2718 4616 3087 4685 manuscripto
3117 4613 3449 4682 descriptum
3479 4612 3751 4668 habemus
3776 4656 3794 4680 ,

2195 4715 2252 4762 et
2291 4724 2389 4777 pro
2427 4706 2796 4765 Auiibrosiano
2839 4708 3063 4775 citatum
3097 4704 3284 4761 videre
3320 4713 3402 4773 est
3437 4705 3491 4760 in
3517 4703 3800 4763 Urbinatis

2196 4799 2565 4871 Milleloquio,
2608 4800 2677 4856 ad
2718 4815 2947 4861 examen
2993 4814 3445 4866 revocassemus,
3489 4799 3800 4859 invenimus

2196 4907 2403 4963 partem
2453 4906 2659 4951 tantum
2700 4910 2827 4953 esse
2864 4895 3060 4965 Operis
3100 4893 3383 4964 cujusdam
3421 4894 3592 4951 semel
3631 4903 3801 4965 atque

2196 4989 2392 5045 iterum
2431 4991 2484 5045 in
2518 4988 2840 5049 Bibliotheca
2883 4988 3103 5045 Patrum
3136 4987 3305 5055 editi,
3353 4988 3529 5059 primo
3573 4987 3791 5059 quidem

2194 5084 2295 5139 sub
2322 5083 2423 5139 hac
2446 5085 2780 5155 epigrapbe:
2813 5083 3057 5143 Faustini
3084 5084 3314 5154 episcOpi
3339 5094 3521 5140 contra
3546 5082 3795 5149 Arianos,

2192 5188 2297 5233 elo.
2318 5220 2332 5243 ,
2371 5194 2565 5235 rursus
2596 5194 2729 5234 vero
2757 5180 2861 5237 sub
2898 5178 3000 5235 ista
3025 5198 3039 5232 :
3087 5176 3327 5249 Gregorii
3355 5177 3535 5234 Btetici
3565 5176 3799 5235 Illiberi-

2195 5272 2305 5325 toni
2333 5270 2557 5342 episcopi
2584 5271 2655 5327 ad
2672 5269 2881 5326 Gallam
2902 5270 3200 5328 Placidiam
3222 5276 3525 5345 Augustam.
3553 5271 3803 5329 Tametsi

2192 5381 2324 5420 vero
2349 5382 2456 5420 non
2485 5366 2794 5433 defuerint,
2823 5368 2914 5438 qui
2944 5368 3044 5423 hac
3075 5368 3284 5424 inducti
3314 5368 3672 5438 inscriptione
3693 5406 3708 5431 ,
3738 5365 3797 5425 id

2194 5458 2513 5526 opusculum
2556 5457 2822 5529 Gregorio
2863 5459 3207 5527 tribuerent,
3254 5461 3449 5519 melius
3498 5468 3678 5514 tamen
3724 5458 3803 5515 ab

2195 5546 2318 5603 aliis
2358 5547 2616 5613 Faustino
2653 5551 2984 5609 ascribitur:
3028 5554 3122 5609 sed
3168 5553 3286 5610 haec
3326 5566 3519 5624 urgere
3558 5566 3664 5607 non
3709 5559 3808 5616 est.

2198 5641 2364 5711 hujus
2390 5643 2515 5697 ioci.
2554 5644 2711 5712 Quod
2745 5646 2813 5709 ad
2851 5646 3152 5704 secundum
3194 5648 3393 5713 horum
3426 5652 3754 5711 tractatuum
3776 5685 3795 5711 ,

2199 5750 2360 5806 quam
2386 5743 2451 5799 et.
2468 5736 2559 5794 ille
2582 5737 2805 5817 alienus.
2823 5740 2897 5797 sit
2924 5741 2993 5813 ab
3019 5739 3334 5823 Ambrosio,
3361 5739 3445 5799 vel
3479 5739 3607 5807 hinc
3637 5736 3802 5809 intel-
