4030 6188
248 220 305 283 ιε,
1639 222 2031 287 Μητιο.
3434 244 3497 302 tt

240 342 384 416 ligas,
420 344 547 415 quod
585 358 778 402 sermo
813 342 1025 415 quidam
1060 346 1133 401 sit
1166 346 1387 402 habitus
1425 348 1495 403 ab
1531 348 1793 420 episcopo
1816 342 1869 405 Δ
1897 365 2042 406 nem.
2082 351 2402 421 Huiusmodi
2442 357 2639 427 quippe
2670 367 2796 413 sunt
2825 359 2880 414 in
2913 359 3082 433 Regia
3113 376 3399 421 sermones
3430 368 3494 422 de

240 450 493 508 anonymo,
512 436 599 508 qui
629 452 692 492 se
715 453 781 493 ex
805 437 1114 506 Britanniis,
1131 439 1223 496 ubi
1252 442 1405 510 pacis
1435 441 1791 497 conciliandze
1895 441 2254 510 Eucharistia,
2288 446 2352 500 de
2377 445 2527 502 Caeco
2558 459 2680 503 nato
2699 492 2712 512 ,
2742 450 2807 506 de
2842 450 3007 519 Pace,
3040 455 3104 508 de
3131 457 3265 526 falso
3294 457 3496 524 Amico,

242 527 381 596 gratia
407 527 488 582 diu
514 540 758 586 moratus
783 528 994 597 fuerat,
1025 532 1276 588 reducem
1304 549 1433 591 esse
1456 545 1645 605 aperte
1671 552 1792 591 nar-
1896 544 1952 591 et
1967 535 2159 592 Contra
2171 554 2258 593 eos
2277 540 2368 610 qui
2386 542 2614 597 animam
2635 560 2734 599 non
2754 547 3067 617 conﬁtentur
3086 566 3194 603 esse
3215 553 3492 621 facturam,

240 630 329 674 rat.
354 619 467 674 illud
494 630 671 676 autem
702 637 799 678 eos
828 624 915 694 qui
946 623 1114 681 hocce
1138 626 1400 698 scriptum
1428 629 1643 684 Ductori
1669 643 1796 685 nos-
1896 638 1987 681 ant
2012 645 2130 682 eam
2153 646 2219 685 ex
2243 631 2457 687 traduce
2480 650 2589 689 esse
2612 637 2791 691 dicunt
2814 653 2834 692 :
2864 638 2916 693 in
2945 619 3258 696 Colberlina
3289 657 3505 699 sermo-

244 720 315 764 Iro
339 712 424 765 rati
453 720 576 769 sunt
603 715 987 771 ascribendum
1008 756 1024 782 ,
1058 718 1272 776 videtur
1298 719 1582 792 decepisse
1601 765 1617 787 ,
1651 723 1792 795 quod
1896 734 1995 774 nes
2019 721 2074 774 in
2102 720 2389 778 Nativitate
2412 723 2473 778 Β.
2501 724 2721 796 Marias,
2748 729 2819 783 ad
2843 730 3133 787 habitantes
3159 734 3211 787 in
3240 735 3503 801 canobiis,

240 808 336 868 eius
360 818 534 863 auctor
564 810 899 865 mentionem
931 810 1060 868 facit
1096 823 1410 869 sanctorum
1445 816 1675 872 Prolasii
1707 826 1793 872 at.
1897 822 1949 867 et
1977 813 2040 866 de
2064 813 2268 870 Malitia
2289 819 2463 872 carnis
2485 835 2504 873 :
2532 819 2584 874 in
2610 821 2882 893 aliquibus
2906 827 3070 880 etiam
3103 826 3503 896 provinciarum

238 915 327 971 que
348 899 577 957 Gervasii
603 920 619 967 ;
643 905 775 974 quin
805 904 964 961 etiam
992 917 1045 963 et
1076 908 1423 965 Ambrosium
1455 910 1633 981 ipsum
1662 912 1797 967 alio.
1899 904 2249 963 bibliothecis
2298 910 2426 964 talia
2467 912 2671 984 scripta
2715 917 3087 988 pseudonyma
3127 921 3501 989 reperiuntur,

236 992 409 1062 quitur.
441 994 541 1051 Sed
573 995 681 1052 hnc,
706 997 956 1055 ultimum
983 1002 1156 1057 sancti
1186 1000 1465 1059 Antistius
1490 1007 1793 1062 orationem
1899 997 2209 1068 cuiusmodi
2250 1010 2333 1057 est
2369 1005 2589 1074 epistola
2623 1012 2793 1061 sancti
2828 1008 3084 1064 Ambrosii
3111 1012 3183 1065 ad
3212 1010 3502 1069 Hilarium.

236 1100 325 1142 non
349 1102 459 1145 esse
486 1090 699 1153 abunde
724 1093 939 1163 probat.
1902 1090 2012 1145 Sed
2044 1107 2166 1146 cum
2211 1094 2404 1152 horum
2434 1100 2678 1154 omnium
2710 1117 2774 1157 ac
2814 1103 3113 1172 similium,
3149 1107 3382 1163 eruditis
3415 1110 3506 1181 qui

292 1178 343 1234 in
383 1181 658 1239 codicibus
700 1184 1042 1245 bibliotheca:
1088 1190 1465 1247 Ambrosinus:
1507 1194 1795 1250 Mediolani

1927 1192 2043 1238 orte
2074 1183 2129 1237 in
2160 1185 2251 1239 illa
2284 1186 2622 1257 inciderint,
2658 1194 2745 1248 vix
2778 1193 2945 1249 ullum
2979 1198 3152 1267 possit
3180 1178 3463 1269 imponere
3490 1245 3503 1268 ,

236 1273 402 1344 opella:
434 1274 563 1332 item
600 1278 804 1350 aliquot
841 1280 1111 1338 habeatur
1142 1283 1393 1341 Doctoris
1430 1289 1603 1344 nostri
1639 1291 1798 1346 titulo

1927 1275 2201 1347 tatimque
2244 1290 2578 1349 agnoscatur
2605 1287 2957 1357 suppositio;
2994 1287 3130 1344 nihil
3172 1292 3262 1347 hic
3301 1292 3510 1350 adden-

235 1382 558 1441 praanotatte,
603 1388 828 1446 quarum
869 1380 1165 1435 nonnullas
1209 1380 1459 1438 laudatus
1496 1399 1659 1455 supra
1689 1387 1799 1442 Ma-
1901 1365 2030 1421 dm“
2062 1383 2187 1425 (⁵⁸⁸⁸
2214 1371 2570 1431 ετδίίηωῖπ·

235 1465 459 1523 billonius
484 1467 714 1541 ejusque
744 1471 927 1527 socius
954 1470 1019 1527 D.
1052 1472 1212 1528 Mich.
1247 1473 1580 1543 Germanus,
1614 1480 1796 1535 Musca

1980 1460 2367 1520 Verumtamen
2395 1466 2616 1523 silentio
2642 1466 3039 1541 prteteret'mdzc
3064 1482 3170 1530 non
3203 1484 3328 1532 sunt
3365 1493 3515 1533 com-

235 1555 381 1615 ιίειίε
417 1561 583 1619 suum
644 1564 906 1620 rimam“
956 1566 1265 1637 diligentia,
1320 1569 1648 1628 delexerunl
1704 1573 1799 1630 σε,
1903 1556 2264 1614 mentationes
2314 1559 2470 1624 dum,
2517 1561 2571 1616 in
2620 1560 3101 1622 Ambrosianarum
3142 1568 3361 1640 quidem
3394 1586 3520 1627 cor-

234 1651 671 1724 σαρίρερωηηιυθ,
707 1658 885 1714 prima
915 1659 1137 1716 manu,
1159 1671 1266 1726 ρει,
1289 1679 1414 1734 ψη,
1444 1665 1797 1722 inscribit“...
1903 1661 2033 1716 pore
2080 1664 2415 1719 numquam,
2461 1656 2564 1708 sub
2608 1652 2887 1711 Ambrosii
2930 1668 3109 1715 tamen
3163 1660 3323 1717 titulo
3377 1661 3507 1719 alibi

231 1739 466 1814 Confessio
495 1747 624 1816 ﬁdei
648 1748 813 1804 sancti
840 1749 1139 1820 Ambrosii;
1165 1754 1352 1823 incipit
1378 1767 1558 1813 autem
1588 1775 1602 1812 :
1632 1758 1802 1831 Suffi-

1927 1741 2087 1797 nlitce.
2131 1743 2318 1800 Altera
2369 1745 2599 1802 habetur
2645 1750 2786 1820 apud
2838 1750 3155 1808 Bollandum
3225 1770 3321 1810 xm
3392 1755 3504 1811 kal.

230 1837 368 1891 ciebat
392 1840 516 1909 ﬁdes
543 1845 841 1914 conscripta
864 1846 1012 1917 apud
1037 1846 1291 1904 Nicaeam.
1325 1851 1432 1907 Sed
1463 1852 1601 1908 hanc
1627 1869 1657 1909 e
1683 1854 1804 1909 Col-

231 1927 417 1985 bertiuo
452 1932 651 1990 codice
680 1933 742 1991 P.
774 1935 892 1993 Jac.
923 1937 1131 2012 Homey
1163 1942 1592 2013 AuguSIiniauus
1622 1944 1802 2001 Theo-

1913 1834 2074 1892 Febr.
2107 1836 2211 1891 sub
2243 1836 2344 1893 hac
2377 1839 2717 1911 epigraphe:
2749 1838 2813 1899 S.
2844 1841 3147 1900 Sebastiani
3170 1844 3330 1901 Hart.
3364 1846 3512 1914 Acta,

1911 1940 2124 1985 auctore
2165 1941 2346 1987 sancto
2387 1933 2661 1990 Ambrosio
2690 1937 2947 2007 episcopo.
2983 1938 3091 1997 Sed
3117 1940 3297 1995 critici
3327 1955 3522 1997 omnes

157 2076 163 2081 Ι
229 2018 362 2091 lngus
398 2024 565 2080 edidit
607 2026 662 2081 ίη
695 2026 1067 2100 supplemento
1108 2030 1356 2099 pan-um,
1394 2034 1615 2106 jamque
1654 2038 1805 2108 prius
1906 2022 2099 2093 judicii
2127 2024 2414 2081 limatioris
2443 2026 2762 2084 mendacem
2792 2029 2931 2084 hanc
2959 2046 3081 2087 esse
3110 2030 3519 2103 insi-riptionem

230 2110 377 2183 ipsam
405 2118 718 2189 vulgaverat
745 2120 803 2173 P.
828 2121 1174 2189 Qoesnellius
1200 2123 1435 2192 Operam
1463 2129 1637 2183 sancti
1664 2127 1807 2183 Leo-

230 2208 303 2262 nis
329 2218 465 2268 tomo
505 2210 585 2277 ll,
614 2214 897 2284 pag.158,
928 2216 1017 2271 ubi
1047 2215 1291 2272 Faustini
1323 2233 1522 2274 nomen
1552 2220 1604 2274 in
1632 2220 1810 2276 fronte

228 2302 372 2372 gerit.
401 2304 727 2362 nationibus
751 2307 819 2362 iis
851 2309 1049 2379 quibus
1075 2309 1337 2366 Faustino
1370 2313 1511 2369 idem
1541 2312 1806 2381 Quesnel-

231 2394 321 2454 lius
345 2413 458 2454 eam
487 2399 761 2466 vindicat,
800 2411 858 2456 et
896 2402 1039 2457 inter
1066 2418 1242 2459 annos
1266 2404 1374 2460 579
1397 2416 1452 2461 et
1481 2406 1579 2463 ’581
1615 2408 1812 2464 asserit

231 2490 500 2561 scriptam,
551 2492 687 2548 nihil
731 2506 1028 2567 repugnat:
1077 2506 1268 2552 contra
1309 2514 1442 2555 vero
1467 2511 1523 2553 ut
1557 2501 1809 2557 eamdem

231 2585 478 2642 Ambrosii
507 2602 640 2647 esse
666 2590 1041 2647 existimemus
1063 2632 1079 2656 ,
1125 2592 1257 2648 nihil
1298 2594 1646 2666 sutiragatur.
1679 2596 1813 2652 Huic

231 2675 434 2737 schedio
453 2679 621 2737 iidem
640 2683 813 2737 nostri
832 2682 1177 2739 Mahillonius
1197 2695 1357 2755 atque
1370 2686 1678 2743 Germanos
1706 2688 1809 2742 alia

228 2768 325 2824 duo
356 2772 517 2828 etiam
560 2772 907 2844 adjunxere,
940 2777 1197 2834 videlicet
1237 2776 1496 2833 Libellum
1534 2778 1719 2847 Fidei,
1759 2788 1814 2836 et

230 2863 495 2931 epistolam
536 2865 608 2921 de
650 2866 916 2925 Pudicitia
949 2880 998 2925 et
1027 2872 1282 2926 castitate.
1317 2871 1557 2929 Libellus
1584 2874 1817 2945 acepha-

230 2954 302 3009 lus
325 2965 436 3023 est,
463 2960 701 3030 epistola
728 2976 858 3018 vero
886 2963 1170 3018 decurtata
1204 2965 1493 3034 posteriori
1528 2975 1680 3035 parte
1704 2983 1718 3032 ;
1751 2980 1815 3021 ac

228 3061 474 3120 praeterea
498 3065 611 3109 tam
638 3055 847 3111 crebris
868 3056 1084 3114 lacunis
1112 3070 1400 3128 utrumque
1427 3060 1778 3116 intersectum
1798 3103 1812 3127 ,

1912 2117 2067 2171 nullo
2099 2119 2317 2189 negotio
2344 2120 2847 2191 deprehenderunt.
2879 2124 2946 2179 Et
2974 2138 3107 2182 sane
3136 2128 3310 2183 multo
3341 2132 3520 2184 minus

1911 2208 2113 2279 ingenii
2143 2211 2443 2280 praeferunt
2470 2214 2822 2271 Ambrosiani
2846 2259 2861 2284 ,
2894 2234 3055 2289 quam
3085 2221 3220 2276 Acta
3246 2222 3330 2276 vel
3361 2238 3521 2279 sanc-

1914 2309 2095 2356 torum
2144 2304 2375 2362 Protasii
2416 2321 2480 2362 ac
2519 2307 2805 2374 Gervasii,
2848 2311 2932 2366 vel
2975 2323 3289 2370 sanctorum
3321 2314 3517 2373 Vitalis

1916 2404 2082 2464 atque
2109 2394 2421 2469 Agricolae;
2454 2416 2576 2471 quae
2621 2412 2801 2459 tamen
2842 2420 2950 2460 non
2995 2407 3268 2465 immerito
3312 2411 3365 2465 in
3412 2413 3524 2482 Ap-

1914 2487 2199 2556 pendicem
2231 2505 2261 2543 a
2291 2491 2452 2547 nobis
2483 2492 2659 2564 rejici,
2686 2495 2806 2550 loco
2845 2511 2947 2552 suo
2984 2498 3134 2555 clare
3176 2502 3521 2558 05tendetur.

1916 2578 2075 2637 Unde
2105 2583 2305 2638 mirum
2334 2585 2393 2639 iit
2420 2587 2701 2657 quomodo
2726 2602 2915 2647 errare
2947 2591 2998 2647 in
3031 2592 3136 2650 hoc
3170 2596 3412 2666 potuerit
3444 2598 3524 2655 vir

1917 2671 2286 2731 doctissimus.

1990 2767 2229 2824 Duorum
2253 2781 2434 2828 autem
2457 2774 2697 2845 Operum
2722 2794 2844 2849 qua:
2869 2781 3263 2852 indicabanaus,
3286 2786 3522 2845 alterum

1918 2869 2002 2915 est
2026 2860 2266 2918 Historia
2289 2864 2538 2940 Egesippi
2568 2870 2633 2925 de
2661 2871 2794 2927 bello
2822 2873 3050 2932 Iudaico
3081 2888 3127 2932 et
3155 2880 3359 2935 excidio
3394 2880 3524 2938 Ilic-

1918 2954 2308 3024 rosolymitano.
2340 2958 2477 3014 Eam
2513 2962 2793 3019 historiam
2845 2974 2950 3021 non
2996 2977 3204 3024 tantum
3247 2971 3519 3029 editiones

1920 3045 2173 3114 quaedam
2190 3049 2481 3107 Ambrosio
2512 3055 2787 3125 tribuunt,
2820 3059 2915 3115 sed
2946 3062 3106 3117 etiam
3139 3065 3383 3120 nonnulli
3410 3082 3525 3121 ma-

228 3149 280 3197 υι
297 3147 534 3211 quamvis
557 3161 591 3201 ει
612 3146 931 3206 charactere
952 3151 1230 3206 Ambrosii
1261 3152 1439 3207 minus
1463 3152 1810 3220 recederent,
1842 3134 1888 3198 C
1921 3142 2207 3211 nuscripti.
2242 3144 2487 3218 Exempli
2519 3164 2678 3205 causa
2708 3163 2936 3222 quartus
2974 3169 3039 3209 ex
3082 3155 3325 3227 quinque
3364 3158 3524 3214 libris

228 3240 307 3293 vix
336 3252 511 3299 tamen
542 3255 736 3303 essent
778 3247 934 3311 tanti,
980 3257 1040 3303 ut
1080 3247 1136 3303 in
1176 3249 1242 3304 iis
1288 3249 1519 3306 edendis
1557 3252 1826 3307 chartaet

224 3345 377 3401 opera
419 3335 859 3406 impenderetur.
901 3338 1046 3396 Idem
1086 3341 1253 3397 etiam
1287 3342 1552 3412 judicium
1591 3354 1712 3401 esto
1754 3344 1824 3401 de

226 3427 531 3493 quibusdam
581 3430 706 3488 aliis
740 3435 1151 3503 scriptionibus,
1181 3450 1305 3506 qua:
1331 3437 1383 3491 in
1409 3439 1601 3493 eadem
1628 3438 1823 3494 biblio-

226 3520 363 3579 theca
406 3524 661 3582 feruutur
701 3527 931 3585 inveniri
958 3530 1063 3585 sub
1096 3530 1183 3586 his
1224 3530 1539 3587 tituliszﬂe
1567 3531 1824 3588 Primitiis

227 3611 508 3685 oferendis,
543 3618 619 3672 de
645 3617 955 3675 Meliorilms
994 3621 1341 3693 litigantibus,
1375 3631 1423 3677 et
1449 3623 1695 3680 adversus
1725 3624 1825 3680 As-

228 3714 497 3777 tronomos,
526 3726 659 3781 qua:
680 3712 939 3782 opuscula
969 3717 1287 3770 memoratis
1311 3716 1590 3772 sodalibus
1620 3719 1823 3772 nostris

230 3811 314 3864 per
337 3802 624 3872 angustias
654 3805 919 3872 temporis
936 3847 953 3871 ,
981 3821 1088 3877 quo
1111 3807 1311 3863 versati
1342 3818 1469 3864 sum
1495 3808 1782 3865 Mediolani
1806 3852 1820 3877 ,

226 3894 479 3961 expiscari
513 3897 745 3954 minime
776 3898 949 3956 licuit.

290 3984 347 4041 lo
377 3987 638 4048 Vaticana
680 3992 1044 4057 bibliotheca,
1088 4006 1289 4066 prteter
1326 3998 1657 4067 scriptiones
1694 4013 1824 4069 pau-

227 4093 345 4147 cas,
383 4099 519 4155 quas
562 4084 840 4141 edidimus
878 4088 929 4143 in
971 4087 1325 4159 Appendice,
1366 4091 1489 4146 alite
1529 4101 1829 4147 occurrunt

232 4175 468 4246 ascripta:
495 4178 830 4244 Ambrosio;
859 4180 977 4236 ista:
1004 4182 1291 4248 nimirum,
1316 4181 1398 4237 De
1421 4184 1567 4239 beato
1596 4182 1752 4238 Petro
1778 4194 1825 4238 et

230 4265 432 4325 Simone
457 4288 657 4346 mago,
677 4273 821 4343 quod
856 4273 1214 4345 fragmentum
1246 4285 1329 4330 est
1358 4276 1483 4333 libri
1511 4292 1546 4331 tt
1572 4275 1823 4331 ilistoritc

231 4358 624 4420 Ecclesiastica:
647 4363 873 4421 Eusebii
892 4366 1161 4437 Pamphili
1180 4366 1373 4423 Latine
1397 4384 1635 4424 versum.
1666 4368 1819 4430 Item.

228 4452 301 4513 De
329 4454 653 4516 Pestilentia
682 4458 851 4526 Petri,
885 4461 964 4518 De
990 4463 1348 4533 interiectione
1375 4462 1522 4535 Agag
1544 4505 1558 4528 ,
1594 4463 1659 4517 de
1689 4461 1824 4516 Fide

1926 3235 2169 3305 ejusdem
2199 3240 2278 3293 sic
2308 3238 2623 3296 inscribitur
2652 3239 2706 3297 in
2739 3243 2925 3301 codice
2953 3243 3369 3304 Carmelitarum
3406 3250 3529 3305 Cla-

1925 3342 2375 3388 romontanorum
2402 3352 2413 3387 :
2446 3334 2631 3391 Sancti
2654 3338 2912 3393 Ambrosii
2931 3340 3162 3411 episcopi
3189 3342 3527 3415 dispersionis

1924 3421 2229 3479 Judworunt
2279 3423 2453 3481 Flauii
2501 3426 2721 3493 Iosephi
2773 3431 3180 3503 historiographi
3231 3436 3522 3504 capitulum

1923 3530 2187 3587 quartum.
2222 3517 2335 3573 Huc
2360 3520 2522 3576 etiam
2550 3523 2757 3579 accedit
2784 3522 3097 3582 Cassiodori
3129 3529 3521 3593 testimonium,

1925 3609 2246 3667 afﬁrmantis
2289 3622 2450 3669 aetate
2492 3628 2588 3670 sua
2627 3615 2852 3689 Josephi
2891 3620 3198 3676 versionem
3243 3622 3524 3678 exstitisse

1925 3705 1989 3758 ab
2018 3705 2140 3760 aliis
2180 3707 2389 3774 quidem
2424 3719 2603 3763 sancto
2639 3708 2959 3783 Hieronymo
2981 3755 2993 3778 ,
3028 3712 3091 3768 ab
3129 3713 3252 3767 aliis
3294 3713 3524 3782 Ruﬁno,

1923 3796 1987 3851 ab
2038 3799 2159 3853 aliis
2202 3815 2323 3855 uero
2364 3799 2667 3871 deputatam
2716 3804 2987 3859 Ambrosio
3040 3804 3158 3877 (De
3185 3803 3363 3860 Instit.
3396 3802 3517 3862 Div.

1925 3888 2104 3944 Litter.
2136 3893 2374 3962 cap.l7).
2409 3895 2571 3965 Atqui
2604 3908 2724 3949 eam
2755 3911 2860 3951 non
2894 3912 3019 3952 esse
3051 3894 3369 3971 Hieronymi
3413 3896 3524 3956 dis-

1926 3981 2099 4036 cimus
2126 3998 2191 4037 ex
2224 3982 2504 4052 ipsiusmet
2535 3984 2763 4055 epistola
2795 3986 2865 4040 ad
2892 3986 3183 4043 Luciuium
3219 3989 3484 4046 Basticum
3506 4034 3522 4059 ,

1927 4074 2017 4129 ubi
2052 4073 2336 4145 proﬁtetur
2364 4091 2429 4131 ex
2462 4077 2687 4133 historia
2720 4079 2963 4150 ejusdem
2990 4079 3213 4153 Joscphi
3244 4083 3379 4139 nihil
3406 4101 3434 4140 a
3469 4100 3529 4142 se

1927 4180 2051 4222 esse
2097 4168 2459 4224 translatum:
2509 4186 2613 4226 neu
2654 4180 2833 4227 autem
2881 4172 3074 4229 Ruﬁno
3117 4174 3262 4230 illam
3305 4176 3526 4233 addica-

1928 4273 2082 4326 mus,
2140 4261 2225 4315 vel
2275 4262 2387 4316 sola
2444 4263 2681 4320 elocutio
2720 4265 2937 4322 videtur
2981 4268 3319 4338 prohibere;
3359 4278 3526 4343 atque

1928 4351 2033 4409 hoc
2073 4367 2232 4424 pacm
2273 4363 2383 4411 tota
2433 4358 2785 4426 probabilitas
2831 4360 2898 4415 ad
2952 4361 3308 4418 Ambrosium
3364 4364 3525 4421 redit.

1929 4444 2137 4510 Quibus
2166 4447 2289 4502 addi
2322 4448 2545 4520 insuper
2572 4463 2803 4523 possunt
2843 4468 2949 4509 non
2995 4469 3183 4525 panem
3226 4456 3529 4514 locutiones

230 4550 291 4602 ,ά
309 4549 513 4606 ("dum
543 4521 957 4625 Hieronym'um'
985 4563 1039 4610 ει
1062 4521 1333 4612 sgnum,“
1358 4521 1692 4611 ίηηηςῇεηεη,
1720 4574 1827 4626 μω,
1851 4521 1906 4581 Ι)
1929 4539 2137 4593 auctori
2177 4540 2291 4595 sive
2332 4521 2614 4613 interpreti
2647 4547 2806 4601 dicta:
2838 4521 3085 4603 historia:
3115 4560 3237 4603 cum
3269 4548 3529 4606 Antistile

228 4642 484 4701 nitentem.
526 4648 665 4714 Quae
703 4646 919 4716 quidem
956 4646 1236 4704 Sententia
1268 4650 1539 4717 reperi-tur
1572 4649 1737 4704 etiam
1773 4648 1826 4701 in

229 4740 606 4809 manuscripto
643 4737 995 4797 Cisterciensi
1036 4741 1139 4796 sub
1183 4741 1287 4796 hoc
1334 4741 1627 4797 lemmate:
1672 4738 1837 4794 Τναοκ

231 4838 361 4885 tatus
405 4834 580 4888 sancti
622 4831 879 4888 Ambrosii
922 4834 1150 4907 episcopi
1194 4834 1259 4889 de
1297 4832 1648 4901 Pwnitentia;
1687 4834 1826 4889 etin

229 4923 526 4992 appendice
556 4924 957 4995 Operumbeali
991 4926 1308 4997 Hieronymi
1339 4925 1420 4981 sic
1451 4933 1788 4995 prmnotatur
1814 4940 1826 4977 :

227 5013 462 5089 Epistula
486 5020 661 5075 sancti
688 5018 995 5092 Hieronymi
1020 5021 1088 5075 ad
1114 5020 1387 5092 quemdam
1403 5064 1421 5083 ν
1446 5020 1534 5089 qui
1559 5020 1612 5073 in
1636 5018 1828 5073 siccato

228 5112 523 5180 paenitebat.
569 5112 834 5185 Reliquos
874 5130 1006 5169 vero
1034 5124 1367 5170 memoratos
1398 5121 1659 5167 traCtatus
1689 5111 1830 5166 forte

223 5204 361 5275 apud
400 5206 547 5261 alios
584 5217 835 5263 auctores
876 5209 1152 5279 reperient
1189 5208 1260 5273 ii,
1302 5206 1500 5277 quibus
1548 5206 1642 5260 otii
1695 5204 1831 5259 satis

224 5307 531 5366 appetet:
580 5299 739 5354 nobis
778 5307 959 5354 autem
1002 5299 1133 5354 iiiud
1173 5297 1409 5363 sufficit,
1450 5297 1593 5368 quod
1625 5312 1690 5352 ex
1724 5297 1833 5352 Icc-

232 5385 381 5451 Ιίοιι
412 5390 867 5463 amnt-borum
909 5406 1046 5462 quos
1091 5392 1178 5447 hic
1219 5391 1517 5457 habemus,
1558 5389 1831 5446 Ambrosii

230 5495 343 5543 lto-
360 5502 497 5546 αθ
533 5496 691 5545 cem
716 5488 1099 5557 cognovimus.

288 5576 613 5639 “cum
652 5578 998 5635 bibiothocze
1048 5577 1311 5648 quaedam
1359 5577 1613 5634 shirﬁiter
1662 5576 1835 5645 scrip—

232 5668 511 5729 habs
552 5671 767 5742 justam
810 5672 871 5725 iu
912 5670 1196 5726 Ambrosii
1212 5669 1491 5740 oneribus
1538 5668 1835 5739 numquam

232 5764 449 5838 ὼ,
488 5766 593 5825 sed
643 5765 1057 5822 Ambrosianum
1110 5767 1435 5821 mentientes
1475 5763 1835 5834 nuneupatio-

1934 4640 2121 4686 nostro
2150 4646 2507 4703 communes,
2542 4653 2677 4706 quas
2707 4637 2997 4708 diligenter
3038 4641 3135 4696 abs
3168 4656 3228 4697 se
3266 4642 3530 4698 collectas

1932 4726 2076 4781 inter
2105 4740 2164 4782 se
2194 4729 2472 4785 contendit
2502 4728 2829 4787 Gronovius.
2861 4733 3063 4790 Verum
3098 4734 3259 4792 facile
3301 4752 3529 4807 respon-

1932 4818 2093 4873 detur
2146 4819 2270 4876 huic
2323 4833 2644 4893 argumeuto
2697 4827 3163 4891 cutnparationem
3220 4830 3528 4886 istiusmodi

1933 4904 2180 4968 fallacem
2224 4931 2382 4981 esse;
2426 4933 2548 4971 cum
2593 4930 2659 4973 ex
2690 4923 3003 4976 auctoribus
3029 4922 3423 4979 diversissimis
3455 4926 3532 4979 lo-

1936 5010 2136 5079 quendi
2166 5008 2427 5067 formulas
2455 5010 2598 5068 inter
2626 5015 2906 5071 sc‘al‘tines
2948 5016 3073 5072 hinc
3116 5017 3241 5072 inde
3283 5033 3537 5076 resecare

1936 5110 1991 5157 et
2041 5117 2371 5173 componere
2424 5105 2597 5161 cuivis
2652 5122 2959 5177 promptum
3013 5108 3102 5165 sit.
3155 5110 3306 5167 Solvi
3354 5123 3535 5170 autem

1937 5194 2081 5250 haud
2123 5211 2266 5267 aegre
2311 5208 2488 5267 potest
2526 5201 2823 5255 auctoritas
2861 5199 3217 5271 Cas‘siodori;
3264 5213 3358 5259 aut
3388 5207 3536 5262 enim

1940 5292 2033 5347 ille
2065 5292 2203 5348 hanc
2243 5292 2528 5349 historiam
2572 5304 2679 5350 non
2722 5295 2979 5351 indicavit
3003 5339 3017 5363 ,
3048 5297 3249 5367 quippe
3277 5314 3396 5368 qua:
3427 5316 3536 5358 non

1940 5399 2146 5455 septem
2183 5385 2337 5442 libris
2364 5396 2613 5457 constet,
2638 5386 2733 5443 sed
2763 5396 2969 5443 tantum
2995 5389 3231 5459 quinque
3256 5410 3272 5459 ;
3300 5406 3399 5447 nec
3428 5401 3539 5453 tam

1938 5478 2203 5534 librorum
2245 5479 2465 5549 JOSophi
2512 5482 2584 5536 sit
2623 5481 2876 5548 tralatio,
2907 5486 3070 5552 quam
3113 5487 3495 5555 compendium
3521 5535 3539 5559 ,

1939 5582 2084 5640 saepe
2127 5573 2286 5627 etiam
2330 5573 2548 5629 aliunde
2590 5575 2771 5643 petitis
2803 5576 3205 5632 narrationibus
3236 5577 3542 5647 interpola-

1938 5674 2050 5721 tum
2081 5682 2093 5719 :
2126 5674 2219 5720 aut
2257 5666 2300 5720 si
2346 5666 2577 5722 maxime
2614 5668 2752 5724 hanc
2784 5670 2953 5740 ipsam
2987 5669 3323 5739 designavit,
3354 5679 3549 5741 quoli-

1941 5757 2031 5813 die
2071 5758 2184 5813 fieri
2236 5770 2395 5813 neum
2448 5759 2698 5830 negabit,
2753 5771 2808 5818 ut
2855 5762 3128 5835 incognito
3177 5762 3405 5833 alicujus
3460 5775 3552 5830 rei
