4030 6188
462 248 532 305 15
1916 244 2002 301 PR
2009 243 2307 302 lEFA'I‘lO.
3692 248 3766 307 16

459 366 684 414 auctore
713 372 847 414 vero
869 398 884 422 ,
925 357 1102 413 eidem
1146 356 1330 427 plures
1368 356 1516 429 vulgi
1554 357 1814 428 opinione
1855 358 2060 415 substi-
2084 359 2135 421 Α
2163 358 2371 429 inquit,
2417 356 2650 414 libellum
2686 359 3017 433 conscripsit,
3060 371 3119 417 ut
3156 362 3295 432 quod
3331 362 3498 418 telalis
3525 361 3765 432 infantia

462 461 683 506 tuantur
708 467 773 506 ex
801 467 955 520 aequo
982 450 1122 506 falsi.
1150 448 1423 508 Credibile
1449 461 1633 509 autem
1663 462 1748 509 est
1774 469 1842 510 ex
1867 454 2056 509 eadem

461 544 556 599 illa
597 545 736 598 fama
769 543 973 615 vulgari
1006 543 1074 599 ab
1103 542 1369 599 audaculo
1398 544 1585 616 aliquo
1614 545 1935 616 quibusdam
1967 561 2060 602 cn-

457 637 667 692 dicibus
693 635 965 691 Ambrosii
996 650 1193 692 nomen
1224 634 1393 693 fuisse
1416 637 1747 709 ascriptum;
1792 637 1938 694 unde
1964 652 2059 708 po-

463 738 578 786 slea
597 728 766 799 magis
797 728 884 783 hic
912 743 1069 785 error
1086 728 1253 785 fuerit
1280 737 1628 801 propagatus.
1660 729 1820 786 Certe
1839 732 2059 803 quidem

457 823 514 875 in
540 820 643 876 hoc
664 835 833 891 opere
858 820 989 875 nihil
1014 821 1543 890 inestAmbrosiani,
1568 839 1744 894 neque
1773 824 1935 897 styli,
1962 840 2060 882 ne-

460 928 567 982 que
594 912 805 983 judicii.
842 912 947 968 Sed
980 927 1082 969 nec
1113 912 1270 971 facile
1300 928 1332 969 a
1361 915 1520 970 nobis
1549 916 1836 986 quisquam
1875 928 2061 973 extor-

459 1006 673 1078 quebit;
705 1018 762 1062 ιιι
786 1022 813 1059 a
847 1008 1009 1064 rebus
1032 1008 1190 1064 seriis
1214 1008 1503 1065 credamus
1530 1009 1823 1067 Ambrosio
1848 1017 2057 1067 tantum

461 1114 686 1156 vacasse
704 1142 718 1167 ,
748 1111 1005 1171 quantum
1033 1116 1261 1158 necesse
1281 1112 1399 1156 erat
1427 1102 1731 1158 scribendis
1760 1118 1866 1159 non
1898 1104 2061 1160 modo

463 1191 547 1247 his
573 1192 811 1263 quinque
843 1193 996 1249 libris
1017 1235 1032 1261 ,
1066 1194 1161 1251 sed
1203 1194 1366 1250 etiam
1400 1194 1522 1250 aliis
1551 1207 1785 1267 quatuor
1824 1212 1962 1266 quos
1990 1212 2058 1254 ex

459 1285 684 1340 totidem
715 1284 926 1356 Regum
960 1287 1055 1342 abs
1085 1301 1147 1343 se
1175 1287 1507 1356 compositos
1552 1296 1743 1343 auctor
1771 1298 2056 1344 memorat.

461 1377 538 1432 De
563 1377 829 1433 vocabulo
856 1386 1036 1432 autem
1070 1378 1356 1452 llegesippi
1381 1381 1453 1434 ita
1473 1380 1767 1446 sentimus,
1788 1377 1842 1434 id
1858 1378 2060 1436 factum

462 1487 587 1527 esse
614 1473 760 1549 παρὰ
787 1480 881 1529 τοῦ
906 1470 1168 1539 ’1οσηποῦ,
1196 1481 1253 1528 at
1288 1469 1545 1529 librarios
1568 1471 1690 1526 loco
1718 1471 1905 1544 Josepi
1943 1475 2061 1532 sive

458 1564 628 1634 Josipi
652 1606 669 1632 ,
702 1565 804 1621 sub
833 1579 942 1636 quo
986 1565 1159 1639 latere
1196 1577 1388 1622 auctor
1424 1568 1629 1638 voluit,
1670 1579 1927 1642 corrupte
1954 1569 2061 1626 He-

458 1659 741 1731 gesippum
770 1672 866 1714 seu
890 1656 1219 1729 Egesippum
1247 1662 1623 1732 supposuisse.

2162 453 2294 507 scire
2321 468 2424 507 non
2455 462 2675 525 poterat,
2704 455 2919 526 legendo
2949 465 3278 527 cognosceret
3310 455 3331 529 (
3353 455 3421 511 In
3445 456 3623 512 Ambr.
3656 458 3764 512 vita

2161 546 2358 618 11.28).
2385 546 2494 603 Sed
2529 546 2676 604 hunc
2703 547 2946 605 libellum
2969 565 3000 605 a
3024 550 3188 622 longo
3209 559 3456 622 tempore
3488 566 3761 623 nusquam

2161 638 2396 708 reperiri
2426 650 2709 709 comperta
2749 655 2838 696 res
2868 650 2976 697 est.

2232 729 2379 785 idem
2406 731 2499 787 ille
2517 731 2873 789 fidelissimus
2895 734 3173 791 Ambrosii
3199 734 3466 792 diaconus
3483 738 3767 793 memoriae

2162 821 2391 877 tradidit
2420 821 2491 878 ab
2518 821 2613 877 illo
2636 825 2996 896 compositam
3022 835 3077 881 et
3101 826 3169 882 ad
3198 826 3410 899 Fritigil
3429 869 3445 895 ,
3470 844 3593 900 qua:
3619 829 3767 885 Mar-

2160 928 2559 971 comannorum
2594 918 2785 988 regina
2817 926 2970 986 erat,
3006 918 3338 976 destinatam
3373 921 3498 977 fidei
3526 920 3769 979 Catholi-

2161 1021 2242 1064 cte
2274 1008 2703 1076 instutitiunem,
2741 1010 2824 1066 ‘de
2851 1026 2955 1082 qua
2995 1012 3076 1067 sic
3101 1011 3177 1067 ait
3209 1030 3224 1068 :
3264 1012 3347 1067 Ad
3365 1029 3540 1083 quam,
3570 1030 3774 1085 nempe

2162 1100 2377 1170 Fritigil
2400 1143 2416 1170 ,
2448 1103 2538 1157 ille
2566 1104 2836 1175 epistolam
2866 1105 2987 1175 fecit
3012 1106 3317 1178 praeclaram
3337 1110 3392 1163 in
3429 1108 3639 1164 modum
3665 1108 3774 1165 Ca-

2163 1196 2395 1252 tecltismi
2418 1196 2612 1268 (lbid.,
2642 1214 2784 1253 num.
2820 1198 2940 1271 56).
2965 1202 3037 1254 At
3062 1201 3394 1271 gemmulam
3425 1202 3582 1258 istam
3607 1218 3772 1273 pror-

2161 1302 2256 1344 sus
2283 1291 2577 1345 evanuisse
2607 1290 2742 1346 nulli
2772 1290 3120 1349 dubitamus:
3150 1293 3295 1366 quod
3330 1293 3478 1350 enim
3512 1296 3770 1353 nonnulli

2164 1380 2529 1452 fragmentum
2570 1383 2843 1454 quoddam
2873 1400 2903 1441 a
2937 1384 3285 1444 Theodoreto
3322 1388 3513 1447 Graece
3538 1392 3774 1450 citatum

2164 1472 2403 1545 (Polym.
2430 1474 2579 1529 Dial.
2605 1475 2685 1548 2),
2711 1492 2815 1534 nec
2840 1493 2946 1534 non
2978 1494 3009 1534 a
3034 1480 3197 1537 nobis
3222 1479 3364 1537 infra
3391 1483 3771 1555 referendum,

2163 1583 2229 1623 ex
2249 1566 2440 1623 eadem
2460 1568 2691 1640 epistola
2712 1570 3061 1643 desumptutn
3083 1575 3294 1641 volunt,
3321 1576 3483 1646 plane
3498 1578 3773 1638 divinant.

2233 1662 2491 1728 Quamvis
2512 1671 2692 1717 autem
2718 1663 2954 1734 ipsemet
2977 1666 3302 1724 Ambrosius
3342 1670 3604 1740 epistolas
3639 1686 3776 1729 suas

538 1753 736 1808 Verum
764 1764 819 1808 ut
844 1752 970 1808 huic
1008 1755 1152 1824 parti
1183 1754 1403 1809 modum
1437 1771 1729 1826 ponamus,
1761 1756 2057 1828 optandum
2088 1752 2138 1815 B
2166 1754 2417 1811 videatur
2452 1755 2731 1827 redegisse
2773 1757 2827 1812 in
2869 1757 3070 1815 librant
3090 1801 3107 1827 ,
3139 1768 3290 1816 extra
3330 1764 3772 1822 controversiam

458 1853 607 1901 esset
628 1851 688 1900 ut
716 1859 815 1915 pro
838 1852 917 1900 tot
952 1844 1152 1901 libellis
1194 1845 1470 1903 Ambrosii
1510 1850 1730 1905 nomine
1775 1865 2060 1921 perperam

458 1940 735 2010 inscriptis
756 1956 947 1996 omnes
971 1941 1246 2012 legitimos
1268 1941 1415 1997 illius
1458 1942 1600 1998 fetus
1629 1942 1824 2013 majori
1866 1942 1972 1999 fide
2006 1953 2062 2000 et

456 2034 746 2090 sedulitate
767 2033 1060 2103 antiquitas
1090 2034 1249 2089 nobis
1289 2046 1599 2101 servasset,
1629 2050 1695 2089 ac
1731 2036 2063 2092 transmisis-

453 2140 559 2187 set.
593 2131 791 2185 Eorum
824 2145 987 2200 porro
1014 2144 1151 2199 quos
1171 2130 1568 2196 desideramus,
1598 2131 1650 2185 in
1682 2131 1863 2201 capite
1889 2131 2063 2186 collo-

454 2223 628 2280 canda
653 2234 783 2280 sunt
809 2222 1187 2278 Commentaria
1216 2224 1270 2277 in
1294 2222 1508 2277 Esaiam
1529 2222 1860 2295 praphetam,
1892 2236 1924 2277 e
1944 2223 2063 2292 qui-

456 2319 560 2375 bus
589 2335 695 2373 non
726 2318 899 2373 solum
931 2316 1198 2387 plurimos
1229 2316 1375 2372 locos
1405 2315 1547 2387 apud
1575 2315 1936 2387 Augustinum
1976 2313 2059 2370 le-

453 2426 586 2484 gere
624 2411 775 2476 licet,
821 2410 1018 2466 citatos
1061 2409 1326 2465 adversus
1370 2410 1623 2464 bmresim
1670 2408 2058 2480 Pelagianam:

454 2504 552 2560 sed
604 2519 837 2573 quorum
879 2503 1047 2558 etiam
1088 2501 1425 2558 mentionem
1470 2498 1604 2556 facit
1653 2501 1885 2570 ipsemet
1928 2495 2061 2554 Am-

454 2599 675 2655 brosius
715 2600 770 2653 in
809 2597 1153 2668 Expositione
1207 2595 1482 2669 Evangelii
1528 2594 1810 2650 secundum
1865 2592 2061 2649 Lucam

463 2690 610 2765 (Lib.
635 2707 694 2757 tt,
728 2707 874 2745 num.
907 2689 1025 2761 56).

528 2785 749 2841 Excidit
771 2799 986 2855 quoque
1017 2782 1162 2838 aliud
1186 2781 1451 2837 eximium
1469 2796 1608 2852 opus
1628 2780 1906 2837 AmbrOsii
1937 2794 2063 2835 nos-

455 2881 523 2935 tri
556 2878 814 2933 similiter
836 2876 905 2932 ab
929 2875 1233 2947 Augustino
1260 2890 1455 2944 magna
1478 2889 1600 2929 cum
1632 2872 1795 2929 laude
1821 2887 2063 2928 comme-

453 2980 756 3036 moratum;
788 2969 857 3026 de
881 2968 976 3023 illo
1007 2969 1207 3039 quippe
1229 2967 1294 3023 ad
1320 2966 1605 3022 Paulinum
1632 2964 1896 3022 Nolanum
1925 2967 2063 3020 scri-

454 3065 589 3121 bens
612 3104 628 3131 ,
662 3064 735 3119 ita
770 3062 1009 3134 loquitur
1040 3078 1053 3113 :
1087 3059 1273 3116 Libros
1309 3059 1589 3115 beatissimi
1619 3073 1772 3131 papa:
1800 3057 2063 3113 Ambrosii

450 3166 604 3215 credo
640 3160 826 3214 habere
869 3158 1197 3213 sanctitatem
1235 3166 1409 3223 tuam;
1448 3171 1535 3209 eos
1572 3165 1745 3208 autem
1784 3151 2052 3219 desidero,
2080 3145 2127 3209 C

444 3272 579 3327 quos
597 3255 839 3308 adversus
857 3250 1131 3307 nonnullos
1144 3249 1556 3321 imperitissimus
1573 3257 1617 3302 et
1630 3246 2023 3320 superbissimos
2038 3285 2055 3314 ,

449 3348 540 3416 qui
568 3347 630 3401 de
657 3344 898 3400 Platonis
923 3343 1068 3398 libris
1092 3341 1379 3397 Dominum
1406 3340 1692 3412 profecisse
1712 3336 2054 3405 contendunt,

452 3439 843 3511 diligentissime
869 3447 916 3492 et
945 3436 1297 3507 copiosissime
1325 3435 1536 3505 scripsit
1564 3432 1760 3508 (Epist.
1792 3434 1883 3501 3i,
1913 3448 2059 3487 nova:

452 3531 628 3602 edin).
672 3530 987 3599 ilocipsum
1018 3527 1169 3598 Opus
1209 3527 1317 3581 alio
1345 3533 1508 3596 atque
1546 3525 1656 3579 alio
1680 3525 1860 3589 fmodo
1890 3524 2059 3578 variis

450 3625 587 3680 locis
611 3622 753 3678 idem
786 3622 1017 3692 allegat;
1053 3619 1324 3674 interdum
1357 3617 1503 3672 enim
1527 3615 1664 3671 illud
1698 3615 1943 3671 nominat
1964 3616 2060 3681 ,de

454 3715 808 3775 Saeramentis
836 3714 941 3768 sive
976 3710 1325 3780 PhilosOphia
1357 3727 1370 3767 :
1406 3708 1681 3764 interdum
1706 3748 1722 3775 ,
1753 3706 1819 3763 de
1865 3707 2059 3763 Sacra-

451 3818 625 3865 menta
648 3806 1094 3880 Regenerationis,
1118 3804 1221 3858 sive
1244 3801 1621 3870 Philosophia:
1645 3814 2055 3871 nonnumquam

452 3903 618 3958 etiam
648 3898 991 3970 simpliciter,
1020 3896 1084 3952 de
1112 3895 1530 3967 Regeneratione
1553 3911 1566 3948 :
1589 3893 1790 3948 alicubi
1813 3892 2056 3958 demum,

454 3996 520 4051 de
542 3994 889 4066 PhilosOpltia
916 3993 1159 4047 adversus
1181 3990 1476 4045 Platonem.
1496 3987 1899 4045 Dolemussane
1921 3986 2059 4042 hanc

453 4089 879 4162 pulcherrimam
899 4086 1349 4156 disceptationem
1375 4082 1673 4149 interiisse;
1698 4083 1855 4140 nobis
1877 4092 2057 4138 tamen

453 4181 633 4236 solatii
663 4195 771 4235 non
812 4177 1098 4233 minimum
1126 4183 1230 4243 est,
1263 4172 1413 4246 quod
1443 4181 1655 4229 restant
1676 4172 1856 4229 adhuc
1891 4187 2060 4244 opera

451 4274 594 4328 bene
624 4270 823 4334 multa,
867 4269 919 4322 in
956 4267 1148 4338 quibus
1182 4265 1505 4321 temerarios
1545 4264 1700 4331 illos,
1748 4264 1900 4321 omni
1931 4275 2057 4321 nata

453 4364 760 4428 occasione,
786 4361 1068 4417 confutare
1096 4373 1161 4415 ac
1186 4356 1530 4414 contundere
1557 4373 1856 4430 numquam
1898 4360 2057 4414 omit-

457 4459 554 4522 tit,
589 4467 646 4513 ut
673 4457 787 4513 suis
816 4454 950 4512 locis
980 4452 1402 4510 declaravimus.

2166 1859 2346 1905 tamen
2374 1859 2457 1905 est
2487 1851 2554 1905 ab
2580 1866 2647 1906 eo
2674 1866 2906 1922 corpore
2935 1854 3080 1924 quod
3111 1871 3257 1911 nunc
3290 1866 3544 1929 superest
3565 1858 3771 1932 (Epist.

2162 1944 2254 2007 48,
2284 1960 2426 1997 num.
2453 1944 2531 2014 7),
2561 1944 2826 2015 plurimas
2866 1947 3083 2015 abesse,
3114 1952 3576 2022 gravissimasque
3606 1954 3727 2009 illas
3747 1998 3768 2025 ,

2164 2038 2245 2091 uti
2276 2051 2342 2093 ex
2371 2038 2625 2108 personis
2652 2038 2722 2095 ad
2761 2055 2898 2111 quas
2927 2041 3147 2113 scripta:
3173 2044 3417 2113 fuerant,
3448 2046 3631 2119 colligi
3670 2048 3776 2105 da-

2163 2138 2272 2186 tur.
2301 2131 2662 2189 Nihilominus
2685 2143 2865 2191 tamen
2899 2137 3185 2207 epistolam
3211 2138 3357 2195 illam
3385 2139 3452 2195 ad
3475 2139 3769 2211 Irenteum,

2162 2222 2217 2278 in
2259 2238 2362 2295 qua
2390 2226 2627 2295 perdicis
2657 2228 2943 2283 clamantis
2971 2229 3205 2285 habetur
3235 2231 3462 2300 mentio,
3494 2249 3772 2306 quamque

2163 2316 2360 2387 injuria
2387 2320 2649 2388 temporis
2678 2319 3039 2392 interceptam
3070 2337 3193 2378 esse
3218 2322 3437 2393 quidam
3460 2336 3767 2396 autumant,

2162 2425 2265 2467 nos
2303 2412 2638 2469 incolumem
2671 2414 3066 2472 existimamus.
3117 2416 3257 2485 Quid
3287 2433 3419 2475 vero
3443 2417 3619 2477 doctis
3656 2420 3770 2478 illis

2164 2505 2300 2560 viris
2331 2504 2502 2561 fraudi
2527 2505 2714 2575 fuerit,
2750 2508 2948 2564 melius
2973 2509 3105 2564 alibi
3136 2511 3433 2580 aperietur.

2236 2596 2362 2652 Veri
2394 2612 2608 2669 quoque
2634 2599 2971 2655 simillimum
2993 2611 3078 2657 est
3098 2617 3127 2656 a
3156 2613 3347 2658 saneto
3369 2604 3607 2663 Doctore
3634 2622 3771 2678 ope-

2162 2706 2220 2746 ra
2237 2690 2482 2761 qumdam
2502 2709 2619 2761 qua!
2644 2690 2931 2763 perierint,
2953 2695 3007 2749 in
3026 2694 3348 2764 Apollinarii
3370 2706 3575 2753 sectam
3598 2699 3772 2758 fuisse

2163 2784 2473 2849 lucubrata;
2498 2784 2716 2855 quando
2747 2784 3016 2842 Pateruus
3043 2786 3430 2845 Braccarensis
3451 2792 3767 2863 cpiscopus,

2164 2881 2257 2951 qui
2282 2879 2458 2935 eidem
2489 2879 2686 2936 haeresi
2733 2895 2933 2937 nomen
2966 2880 3195 2938 dederat
3223 2924 3237 2948 ,
3267 2883 3335 2939 ad
3366 2900 3550 2941 veram
3605 2886 3767 2943 fidem

2164 2971 2400 3029 lectione
2424 2971 2687 3028 librorum
2710 2972 2970 3029 adversus
2990 2975 3408 3047 Apollinaristas
3434 2977 3504 3034 ab
3529 2980 3770 3037 Ambro-

2165 3067 2249 3121 sio
2278 3064 2549 3121 editorum
2574 3080 2872 3122 conversus
2901 3065 3121 3138 legitur.

2231 3158 2517 3214 Multorum
2549 3159 2733 3230 opinio
2758 3170 2845 3216 est
2878 3160 2948 3217 de
2984 3176 3239 3220 sermone
3267 3165 3453 3237 aliquo
3481 3164 3771 3237 deperdita

2159 3249 2512 3321 intelligenda
2541 3264 2663 3307 esse
2685 3249 2997 3309 Cassiodori
3038 3255 3225 3323 verba,
3249 3273 3371 3328 qum
3400 3257 3481 3313 sic
3503 3258 3707 3317 habent
3750 3278 3765 3314 :

2161 3346 2387 3403 Sanctus
2410 3344 2711 3403 Ambrosius
2739 3347 3147 3405 Mediolanensis
3177 3353 3453 3425 episcopus
3481 3371 3771 3410 sermonem

2161 3443 2280 3515 fecit
2305 3441 2370 3496 de
2393 3442 2601 3515 judicio
2640 3442 2943 3500 Salomonis
2971 3442 3147 3518 (Libri
3173 3447 3237 3503 de
3273 3446 3452 3503 Instit.
3487 3446 3608 3503 Div.
3638 3450 3770 3508 Litt.

2159 3549 2278 3604 cap.
2309 3533 2389 3607 2).
2428 3534 2811 3593 Verumtamen
2843 3538 2977 3593 nihil
3023 3539 3171 3594 aliud
3196 3539 3318 3596 istic
3345 3541 3618 3613 designari
3648 3557 3772 3599 ere-

2160 3626 2525 3698 dimus,quam
2548 3628 2670 3684 libri
2684 3629 3092 3703 deVirginitate,
3111 3632 3201 3701 qui
3218 3631 3479 3689 hactenus
3492 3649 3615 3690 cum
3631 3633 3771 3692 libro

2159 3720 2323 3776 tertio
2353 3720 2417 3775 de
2452 3720 2752 3794 Virginibus
2778 3739 2885 3779 una
2927 3725 3073 3780 serie
3110 3728 3565 3797 connectehatur,
3590 3727 3769 3800 ipsum

2160 3813 2476 3882 exordium,
2499 3816 2657 3887 cujus
2686 3819 2859 3888 prima
2890 3819 3060 3874 verba
3089 3819 3180 3874 illa
3213 3832 3342 3877 sunt
3373 3839 3387 3876 :
3421 3820 3612 3877 Nobile
3627 3826 3773 3893 apud

2161 3916 2352 3964 veteres
2396 3908 2700 3966 Salomonis
2739 3912 2873 3967 illud
2922 3915 3089 3985 fertur
3127 3914 3291 3985 fuisse
3325 3915 3625 3989 judicium,
3657 3925 3768 3972 etc.

2159 4002 2316 4070 Quod
2338 4004 2555 4075 quidem
2579 4005 2863 4061 exordium
2886 4008 3160 4063 ostensuri
3185 4022 3372 4064 sumus
3398 4024 3507 4065 non
3533 4009 3769 4066 multum

2162 4097 2367 4157 habere
2399 4099 2684 4157 affinitatis
2709 4118 2833 4159 cum
2858 4102 3067 4174 reliquo
3090 4104 3227 4160 libro
3250 4145 3266 4171 ,
3286 4113 3342 4159 et
3368 4102 3644 4159 homiliam
3666 4105 3768 4160 ali-

2159 4207 2322 4264 quam
2348 4193 2577 4251 forsitan
2601 4210 2724 4252 esse
2748 4212 2870 4268 quae
2898 4212 3022 4253 eum
3054 4197 3250 4254 eodem
3278 4197 3457 4268 Opere
3487 4209 3768 4269 compacta

2160 4283 2327 4341 fuerit
2353 4301 2385 4341 a
2409 4286 2669 4343 librariis.

2234 4378 2378 4435 Idem
2410 4379 2503 4436 ille
2524 4379 2907 4449 Cassiodorus,
2934 4381 3024 4439 ubi
3046 4381 3115 4439 de
3142 4383 3283 4440 libro
3304 4382 3599 4453 Sapientia:
3626 4386 3763 4455 agit,

2163 4469 2218 4525 in
2250 4470 2396 4528 hunc
2421 4472 2645 4530 modum
2674 4474 2915 4547 loquitur
2942 4492 2954 4529 :
2978 4473 3171 4547 Dequo
3200 4484 3248 4530 et
3270 4484 3417 4548 pater
3443 4474 3771 4549 Augustinus

528 4549 680 4606 Haud
708 4549 841 4605 satis
870 4547 1238 4618 assequimur,
1272 4561 1380 4616 quo
1410 4559 1576 4601 sensu
1608 4543 1841 4617 intelligi
1863 4544 2058 4601 debeat

2169 4573 2217 4621 et
2257 4577 2467 4623 sanctus
2513 4569 2814 4625 Ambrosius
2862 4569 3197 4626 bomiliarum
3250 4571 3457 4626 nomine
3514 4573 3773 4630 nonnulla

449 4643 873 4701 Ambrosianum
903 4640 1037 4696 illud
1069 4656 1083 4695 :
1117 4640 1182 4694 de
1214 4637 1347 4694 Elite
1371 4638 1527 4710 gestis
1558 4637 1785 4709 plurima
1808 4638 1926 4707 jam
1954 4640 2060 4708 fre-

453 4739 625 4809 quenti
669 4738 988 4792 diversorum
1038 4734 1289 4787 librorum
1327 4746 1559 4786 sermone
1588 4729 1899 4802 digessimus
1932 4730 1951 4801 (
1984 4727 2060 4784 De

454 4834 579 4889 Elia
631 4840 676 4886 et
710 4827 892 4900 Jejun.
935 4825 1067 4897 Cap.
1102 4826 1156 4891 5,
1191 4842 1243 4877 n.
1279 4823 1361 4896 5).
1410 4822 1689 4894 Siquidem
1729 4821 1873 4878 enim
1919 4821 2057 4878 nihil

452 4927 600 4986 aliud
639 4927 732 4982 Vir
754 4931 979 4981 sanctus
1017 4921 1099 4975 his
1125 4918 1418 4991 signiﬁcat,
1467 4916 1573 4973 nisi
1614 4914 1954 4987 frequentem
1998 4915 2053 4970 in

450 5024 605 5080 libris
646 5021 757 5077 suis
784 5026 1060 5090 gesturum
1084 5014 1217 5069 Elia:
1237 5013 1353 5069 fieri
1381 5012 1715 5067 mentionem
1735 5052 1750 5076 ,
1776 5010 1860 5065 vix
1887 5009 2047 5082 quid-

453 5130 618 5182 quam
645 5113 752 5170 erit
792 5109 934 5182 quod
959 5110 1011 5165 in
1047 5107 1153 5162 hac
1179 5116 1331 5177 parte
1366 5105 1616 5161 videatur
1643 5105 1902 5160 amissum
1930 5102 2046 5158 :sin

452 5223 587 5264 vero
621 5207 678 5262 id
714 5212 1096 5276 argumentum
1115 5217 1180 5257 ex
1205 5198 1455 5272 professo
1487 5199 1731 5270 pluribus
1761 5198 1918 5254 libris
1954 5198 2054 5254 abs

451 5317 513 5357 se
541 5307 826 5354 tractatum
851 5297 1223 5361 illistestatur,
1255 5303 1383 5349 ante
1408 5292 1576 5348 multa
1603 5291 1800 5347 saecula
1829 5291 2052 5347 eosdem

450 5395 577 5451 illos
607 5390 950 5447 intercidisse
985 5386 1231 5444 dicamus
1262 5399 1487 5441 necesse
1512 5393 1613 5439 est.

525 5484 640 5539 Non
672 5481 862 5538 eadem
906 5488 990 5537 est
1019 5476 1301 5535 dubitandi
1349 5478 1490 5531 ratio
1531 5489 1659 5530 num
1702 5473 1931 5543 perierit
1959 5473 2054 5529 ille

452 5586 749 5641 tractatus,
779 5588 940 5643 quem
977 5569 1249 5642 Pansophi
1283 5568 1436 5640 pueri
1467 5582 1497 5621 a
1536 5565 1763 5620 mortuis
1788 5581 1819 5620 a
1850 5580 1913 5619 se
1932 5578 2055 5619 sus-

450 5670 603 5726 eitati
631 5682 791 5724 causa
817 5664 1150 5734 scripserat,
1178 5656 1635 5733 quemadmodum
1659 5665 1845 5713 narrat
1869 5657 2052 5712 Pauli-

453 5778 555 5823 nus
573 5762 836 5820 diaconus
858 5756 914 5816 in
939 5756 1032 5814 illa
1053 5754 1218 5814 verba
1237 5772 1251 5812 :
1276 5754 1360 5811 Ad
1373 5769 1524 5826 quem
1543 5753 1701 5811 etiam
1712 5752 2051 5830 infantulum,

2168 4657 2414 4714 dixerunt
2440 4661 2457 4730 (
2485 4657 2651 4728 Ibid,
2683 4677 2798 4733 cap.
2835 4661 2870 4715 ii
2889 4663 2931 4733 ).
2961 4661 3017 4718 Si
3044 4677 3172 4718 vere
3212 4661 3312 4718 has
3342 4662 3596 4720 homilias
3629 4666 3773 4723 vidit

2165 4750 2416 4821 Senator,
2438 4769 2639 4826 easque
2662 4756 2849 4813 titulus
2872 4773 2982 4813 non
3007 4757 3238 4814 mendax
3260 4757 3548 4815 addicebat
3578 4770 3770 4819 sancto

2165 4844 2479 4911 Ambrosio,
2502 4847 2791 4904 dicendum
2814 4849 3002 4906 eritad
3021 4861 3266 4907 nostram
3288 4852 3640 4909 :etatemillas
3659 4869 3768 4912 non

2162 4938 2401 4994 venisse.
2427 4939 2637 4996 Etenim
2671 4951 2868 5010 praeter
2891 4958 2989 4998 eos
3006 4957 3311 5010 sermones,
3335 4961 3403 5000 ex
3421 4946 3616 5017 quibus
3640 4951 3773 5005 mul-

2162 5039 2246 5088 tos
2275 5034 2447 5088 sancti
2474 5035 2720 5091 Doctoris
2750 5036 2919 5092 libros
2946 5045 3202 5094 constare
3227 5039 3428 5109 saepius
3447 5040 3766 5125 docuimus,

2154 5123 2332 5180 nullos
2376 5124 2513 5181 alios
2538 5125 2649 5194 iam
2665 5142 2955 5199 superesse
2979 5142 3218 5200 congruo
3244 5130 3368 5187 loco
3394 5146 3423 5187 a
3458 5132 3616 5189 nobis
3639 5123 3769 5205 proé

2158 5216 2475 5358 “mihi:
2497 5288 2640 5358 apud
2663 5289 2914 5347 eumdem
2937 5290 3324 5350 Cassiodorum
3356 5293 3457 5352 ista
3482 5295 3767 5369 leguntur:

2164 5376 2396 5445 Dicitur,
2430 5380 2625 5451 inquit,
2650 5382 2806 5437 etiattt
2833 5393 2883 5439 et
2912 5395 3121 5442 sanctus
3147 5387 3456 5444 Ambrosius
3483 5389 3773 5462 propheta-

2159 5488 2278 5526 rum
2308 5468 2690 5529 Commentario
2734 5474 2929 5547 eloquii
2971 5480 3112 5535 soliti
3152 5481 3427 5537 dulcedine
3454 5482 3770 5551 confecisse,

2160 5579 2277 5634 quat
2296 5564 2595 5621 nullatenus
2620 5568 2768 5640 potui
2793 5571 3040 5640 reperire,
3062 5588 3177 5643 qua:
3200 5573 3342 5629 vobis
3368 5589 3556 5645 magno
3589 5572 3771 5628 studio

2159 5660 2438 5730 quaerenda
2458 5659 2759 5731 derelinquo
2786 5660 2977 5733 (lbid.,
3007 5681 3125 5738 cap.
3151 5661 3230 5738 3).
3255 5666 3370 5722 Non
3401 5666 3533 5720 satis
3559 5666 3768 5721 clarum

2161 5764 2251 5815 est
2281 5769 2391 5829 quo
2433 5754 2504 5814 de
2546 5753 2955 5817 Commentario
2981 5757 3116 5817 .btec
3153 5758 3392 5819 debeant
3418 5759 3615 5834 accipi,
3662 5759 3771 5819 nisi
