4030 6188
465 256 530 312 19
1834 256 2056 313 SANCT

2169 257 2428 316 HBBOSll
3691 258 3760 317 9.0

458 382 583 444 quot
608 373 663 428 in
692 382 863 444 partes
892 373 1229 430 distribuatur
1253 372 1407 445 (Cap.
1440 373 1555 447 11),
1584 374 1710 430 scite
1732 374 1962 443 explicat
1989 391 2008 428 :
2037 376 2279 429 admonet
2308 386 2479 430 autent
2506 384 2625 431 ante
2654 379 2826 433 omnia
2856 378 3150 435 Christiano
3180 382 3285 436 viro
3313 382 3594 437 cavendum
3622 397 3760 448 esse,

461 481 526 519 ne
556 463 981 536 philosophorum
1009 482 1149 521 more
1174 467 1446 521 honestum
1484 475 1575 521 aut
1608 468 1734 522 utile
1759 484 1822 521 ea:
1859 469 1962 522 vita
1988 471 2226 539 praesenti
2272 470 2578 525 metiendum
2611 482 2788 543 putet,
2819 475 2910 528 sed
2939 491 3002 529 ex
3032 479 3231 545 futura.
3268 476 3504 547 Officium
3542 476 3765 533 medium

459 561 516 614 in
543 567 935 631 praeceptorum,
963 557 1249 628 perfectum
1272 574 1390 613 uero
1424 561 1479 613 in
1509 559 1848 614 consiliorum
1889 560 2297 632 evangelicorum
2326 563 2674 618 observatione
2704 566 2925 634 positum
2957 567 3118 635 dicit,
3145 569 3298 638 idque
3319 568 3642 642 philosophis
3666 583 3768 627 ste-

461 652 553 707 rili
574 659 774 705 tantum
819 651 1168 720 speculatione
1210 650 1376 720 fuisse
1413 653 1695 725 cognitum.
1730 651 1929 706 Deinde
1962 654 2113 725 (Cap.
2146 654 2215 710 12
2240 665 2288 708 et
2314 654 2449 727 seq.)
2490 658 2770 728 confutatis
2797 658 3105 728 quibusdam
3131 662 3421 728 erroribus,
3454 662 3523 715 ad
3557 664 3766 736 singula

467 744 765 817 Oï¬‚iciot-um
809 761 1001 816 genera
1044 746 1262 803 accedit.
1295 744 1362 800 In
1406 744 1818 801 adolescentibus
1861 749 2121 818 prtecipue
2156 751 2479 803 commendat
2516 749 2669 820 (Cap.
2705 750 2771 803 l7
2802 759 2849 803 et
2874 752 3008 822 seq.)
3036 753 3185 806 illum
3228 753 3510 824 pudorem,
3546 756 3633 825 qui
3665 771 3767 809 non

463 839 617 893 modo
645 840 950 894 exteriorem
994 838 1225 894 habitum
1252 839 1413 910 regit,
1459 849 1506 893 et
1536 841 1588 893 in
1620 851 1762 895 motu
1781 883 1797 909 ,
1830 841 2067 907 incessu,
2094 857 2363 906 sermone,
2397 854 2441 896 et
2473 843 2609 897 victu
2650 845 2851 911 elucet;
2883 860 3054 899 verum
3075 847 3228 899 etiam
3250 848 3483 903 internas
3510 850 3770 921 componit

463 937 767 1008 facultates,
798 932 896 991 Dei
926 936 1120 991 scilicet
1145 936 1365 1000 timore,
1400 936 1727 990 veneratione
1756 945 2052 1006 parentum,
2083 946 2130 991 et
2156 936 2598 1006 perturbationum
2623 939 2781 992 animi
2813 940 3179 995 moderatione.
3212 938 3278 994 Et
3306 940 3415 996 haec
3444 944 3647 1013 quidem
3674 945 3768 999 de-

461 1029 627 1083 clarat
657 1026 983 1096 potissimunt
1013 1026 1205 1096 requiri
1233 1029 1289 1078 in
1319 1026 1558 1092 clericis;
1588 1028 1778 1097 quippe
1805 1043 1933 1097 quos
1962 1026 2102 1080 omni
2131 1041 2196 1081 ex
2240 1040 2388 1096 parte
2413 1038 2516 1082 tam
2544 1038 2681 1083 recte
2726 1031 3028 1084 constitutos
3069 1047 3177 1085 esse
3199 1042 3428 1101 aperteat
3447 1078 3462 1103 ,
3487 1046 3543 1089 ut
3570 1037 3772 1095 nullout

459 1119 649 1174 invidis
676 1118 1029 1171 calumniandi
1057 1133 1238 1171 ansam
1264 1116 1546 1187 prtebentes
1568 1158 1582 1185 ,
1615 1118 1849 1190 exemplo
1879 1119 2025 1174 bonae
2042 1122 2468 1186 conversationis,
2496 1122 2696 1176 cunctis
2727 1121 3060 1193 pratlvceaut.
3089 1123 3277 1179 Postea
3301 1126 3450 1198 (Cap.
3473 1128 3546 1186 25
3564 1141 3607 1184 et
3634 1134 3770 1207 seq.)

466 1216 530 1272 de
550 1214 841 1277 virtutibus,
867 1230 995 1284 quas
1022 1212 1315 1267 cardinales
1343 1222 1546 1278 vocant,
1578 1215 1815 1269 instituta
1839 1217 2231 1286 disceptatione,
2265 1235 2349 1272 cas
2373 1220 2560 1273 astruit
2590 1224 2757 1290 fontes
2785 1237 2892 1277 esse
2921 1224 3076 1277 latius
3117 1223 3332 1280 hotieSti
3367 1239 3522 1299 atque
3550 1222 3771 1296 decori,

462 1308 601 1377 quod
629 1307 788 1379 hujus
817 1306 935 1361 libri
964 1319 1324 1377 argumentum
1351 1316 1445 1361 est.
1478 1305 1726 1371 Quamuis
1751 1319 1923 1362 autent
1952 1308 2074 1363 illas
2097 1310 2309 1365 virtutes
2338 1314 2570 1377 separari
2592 1314 2656 1367 ab
2685 1315 2903 1368 invicem
2932 1330 3035 1369 non
3068 1333 3215 1385 posse
3232 1315 3480 1387 fateatur,
3508 1322 3573 1376 de
3600 1322 3780 1395 singu-

464 1405 530 1458 lis
560 1414 730 1457 tamen
772 1402 1046 1473 sejunctim
1090 1401 1232 1471 agit;
1259 1408 1307 1455 et
1355 1402 1523 1471 primo
1553 1403 1665 1457 loco
1697 1412 1811 1473 post
1859 1404 2149 1474 prudentia:
2180 1405 2534 1475 definitionem
2581 1406 2730 1479 (Cap.
2761 1407 2877 1479 27),
2909 1409 3165 1481 sapientes
3194 1424 3425 1482 paganos
3465 1413 3781 1470 demonstrat

461 1496 706 1551 incidisse
731 1495 787 1549 in
832 1510 893 1549 ea
927 1494 1050 1548 vitia
1069 1532 1084 1561 ,
1109 1509 1225 1562 quat
1253 1510 1369 1548 cum
1410 1495 1525 1566 ipsa
1554 1512 1787 1567 pugnare
1814 1513 1919 1551 non
1943 1499 2270 1569 ignorabant.
2303 1499 2502 1555 Eadem
2529 1503 2728 1556 ratione
2755 1513 2941 1557 tractat
2965 1504 3029 1558 de
3045 1504 3255 1578 jnstitia
3283 1505 3428 1578 (Cap.
3451 1507 3524 1564 28
3552 1518 3599 1564 et
3618 1509 3775 1585 seq.),

462 1595 618 1663 cujus
645 1589 871 1645 diversas
921 1597 1093 1658 partes
1117 1589 1400 1653 examinat,
1432 1590 1656 1644 maxime
1700 1606 1818 1645 vero
1842 1591 2204 1648 liberalitatem
2228 1610 2289 1648 ac
2309 1593 2731 1649 benevolentiam.
2768 1593 2846 1650 De
2873 1596 3181 1664 fortitudine
3206 1608 3377 1654 autem
3405 1603 3554 1656 verba
3583 1604 3779 1673 faciens

465 1683 622 1754 (Cap.
658 1684 728 1743 55
751 1692 800 1737 et
822 1681 977 1755 seq.),
1010 1698 1123 1738 eam
1164 1683 1218 1736 in
1265 1682 1468 1737 duobus
1512 1685 1788 1739 consistere
1828 1685 2000 1752 docet,
2032 1686 2086 1741 in
2114 1703 2300 1743 rerum
2348 1698 2701 1743 externarum
2752 1687 3143 1761 despicientia,
3177 1702 3225 1746 et
3255 1694 3309 1746 in
3336 1709 3429 1760 eo,
3462 1705 3517 1748 ut
3544 1696 3656 1766 quis
3690 1711 3783 1754 res

467 1800 714 1855 magnas,
742 1784 963 1847 arduas,
999 1783 1296 1854 plenasque
1324 1784 1573 1839 laborum
1600 1794 1654 1839 et
1680 1784 2043 1854 periculorum
2070 1786 2323 1858 suscipiat
2352 1796 2512 1857 atque
2539 1797 2867 1857 exsequatur.
2922 1788 3035 1854 Qua
3073 1792 3341 1845 occasione
3366 1790 3530 1847 editos
3551 1795 3605 1847 in
3631 1796 3785 1850 veteri

464 1878 655 1948 ftedere
681 1877 816 1932 viros
848 1873 1003 1947 (Cap.
1038 1877 1107 1933 60
1135 1885 1181 1931 et
1206 1878 1365 1947 seq.),
1389 1892 1421 1929 a
1447 1876 1632 1944 quibus
1662 1877 1851 1932 bellica
1875 1878 2044 1948 gloria
2068 1879 2279 1950 profani
2308 1879 2490 1935 heroes
2519 1894 2845 1953 superentur,
2879 1884 3127 1955 exemplis
3164 1884 3346 1955 probat
3378 1904 3396 1940 :
3417 1886 3507 1941 sed
3533 1886 3785 1945 Christia-

462 1986 586 2025 nam
616 1968 974 2040 fortitudinem
997 1968 1181 2023 asserit
1209 1970 1263 2023 in
1294 1979 1614 2025 terrenarum
1634 1985 1806 2025 rerum
1834 1971 2187 2041 despicientia,
2216 1973 2536 2046 injuriarum
2562 1976 3022 2049 calamitatumque
3052 1980 3348 2047 tolerantia,
3380 1991 3426 2036 et
3454 1986 3787 2055 perpessione

465 2066 874 2130 swvissimorum
921 2079 1014 2133 pro
1044 2061 1235 2118 Christi
1279 2063 1384 2133 fide
1426 2064 1800 2136 suppliciorum
1846 2080 1956 2121 esse
1983 2067 2226 2136 positam.
2259 2065 2531 2124 Postremo
2568 2074 2632 2125 de
2660 2074 2996 2142 temperantia
3024 2075 3196 2129 dicere
3217 2074 3435 2132 adorsus
3464 2077 3616 2150 (Cap.
3640 2076 3710 2134 45
3739 2085 3788 2134 et

462 2155 619 2228 seq.),
649 2158 826 2212 omnia
852 2160 964 2230 ejus
1007 2158 1234 2212 membra
1280 2157 1541 2229 explicat,
1573 2175 1789 2229 quorum
1818 2158 1913 2213 illa
1944 2161 2208 2232 praecipua
2237 2172 2386 2227 sunt,
2415 2165 2778 2236 tranquillitas
2818 2168 3007 2237 animi,
3039 2170 3277 2227 studium
3312 2172 3783 2245 inausueludiuis,

468 2253 685 2307 honesti
714 2262 880 2316 cura,
913 2251 1101 2308 decori
1135 2252 1506 2308 consideratio
1539 2270 1552 2307 :
1584 2253 1768 2323 quibus
1807 2253 2054 2325 adjicitur
2096 2255 2230 2311 illud
2266 2257 2511 2329 placitunt
2534 2301 2548 2328 ,
2589 2262 2778 2317 minori
2814 2262 3070 2319 honestati
3116 2266 3368 2335 majorem
3421 2284 3619 2337 semper
3678 2285 3787 2325 esse

468 2349 888 2421 praeponendam.

539 2461 614 2516 Ab
643 2463 759 2533 ipso
785 2462 962 2518 lintine
989 2464 1203 2518 secundi
1230 2462 1345 2517 libri
1373 2462 1605 2518 eamdem
1631 2462 1948 2519 honestatem
1972 2465 2210 2531 felicitati
2236 2477 2407 2522 ortum
2435 2468 2661 2541 prtebere
2686 2470 2773 2525 ubi
2802 2472 3165 2528 demonstravit
3184 2473 3324 2537 (Lib.
3353 2492 3415 2544 Î¹Î¹,
3443 2494 3490 2532 c.
3514 2475 3588 2551 l),
3613 2476 3787 2549 philo-

467 2558 751 2629 s0phorum
780 2574 841 2610 ac
868 2557 1129 2613 Ciceronis
1163 2558 1299 2611 circa
1341 2557 1501 2631 hujus
1530 2559 1647 2612 vita:
1686 2574 1985 2624 supremum
2016 2559 2203 2615 bonum
2230 2579 2430 2619 errores
2459 2565 2650 2635 refellit
2691 2562 2844 2638 (Cap.
2880 2566 2914 2620 2
2943 2579 2992 2622 et
3017 2566 3175 2640 seq.),
3213 2570 3264 2624 in
3300 2572 3612 2643 cognitione
3646 2571 3785 2627 divi-

472 2653 682 2717 nitatis,
713 2663 763 2707 et
799 2651 974 2719 fructu
1007 2651 1165 2706 bona:
1196 2651 1533 2721 Operationis
1564 2651 1699 2704 illud
1725 2653 1883 2706 situm
1925 2669 2032 2707 esse
2071 2655 2408 2724 patefaciens.
2443 2654 2572 2711 Cum
2597 2670 2716 2713 vero
2745 2658 2814 2711 ad
2839 2658 2978 2712 idem
3019 2660 3288 2716 honestum
3329 2678 3419 2729 per
3445 2664 3632 2717 bonum
3664 2666 3787 2721 utile

469 2747 829 2820 perveniatur,
861 2745 925 2800 de
974 2744 1072 2799 hoc
1113 2745 1345 2815 disputat
1385 2746 1437 2799 in
1469 2756 1573 2802 toto
1604 2745 1776 2812 libro;
1799 2762 2012 2816 cumque
2054 2747 2151 2801 hoc
2176 2747 2351 2817 ipsum
2377 2759 2421 2802 et
2448 2751 2694 2804 consistat
2736 2752 2787 2805 in
2821 2751 3042 2821 pietate,
3081 2764 3131 2808 et
3162 2754 3224 2807 ab
3265 2755 3474 2808 honesto
3502 2757 3567 2809 sit
3593 2756 3786 2811 indivi-

470 2860 586 2897 sum
613 2842 766 2915 (Cap.
797 2842 831 2898 6
869 2851 917 2896 et
955 2840 1111 2913 seq.);
1142 2841 1437 2911 comparari
1465 2858 1567 2895 non
1598 2858 1747 2911 posse
1773 2841 1941 2907 docet,
1967 2842 2066 2897 nisi
2094 2859 2271 2897 earum
2300 2845 2543 2898 virtutum
2566 2845 2845 2915 beneï¬cio,
2876 2863 2990 2917 qua:
3025 2847 3221 2901 claram
3249 2850 3391 2918 apud
3410 2847 3641 2905 homines
3673 2851 3786 2906 exi-

467 2936 815 2989 stimationem
858 2933 1260 3003 cltaritatemque
1289 2932 1434 2986 nobis
1479 2932 1770 3003 acquirunt.
1802 2931 1973 2987 Porro
2023 2934 2278 3002 triplicem
2326 2936 2592 2989 hominum
2622 2937 3064 2991 conciliandorum
3091 2940 3345 2993 rationem
3384 2941 3541 2996 tradit
3568 2939 3722 3013 (Cap.
3752 2942 3787 2998 8

470 3040 517 3086 et
545 3030 700 3099 seq.),
732 3038 783 3081 ut
807 3028 922 3098 quis
953 3027 1147 3081 scilicet
1175 3044 1354 3081 eorum
1382 3043 1603 3081 amorem
1629 3027 1993 3095 beneï¬centia,
2026 3028 2178 3094 fidem
2198 3027 2406 3101 jnstitia
2435 3039 2482 3082 et
2509 3027 2785 3099 prudentia
2804 3072 2817 3096 ,
2851 3046 2943 3085 nec
2974 3046 3075 3083 non
3103 3030 3395 3102 insignibus
3430 3049 3491 3086 ac
3524 3044 3786 3102 priestan-

471 3122 604 3176 tibus
646 3121 794 3192 factis
835 3120 930 3174 sibi
974 3118 1250 3174 devinciat.
1286 3117 1412 3172 llwc
1439 3120 1612 3173 omnia
1637 3119 1866 3174 illustrat
1904 3122 2303 3190 appositissimis
2352 3124 2633 3192 exemplis,
2664 3133 2715 3177 et
2754 3126 3031 3179 maximam
3059 3137 3258 3194 partem
3299 3143 3362 3181 es;
3399 3126 3571 3181 divina
3608 3140 3787 3184 aucto-

468 3215 623 3268 ritate
646 3212 864 3283 sumptis
888 3229 907 3277 ;
948 3210 1037 3265 sed
1085 3210 1219 3264 nihil
1263 3210 1428 3283 magis
1467 3211 1610 3281 pium
1649 3212 1933 3282 excogitari
1974 3221 2169 3281 potest,
2209 3230 2364 3281 quant
2407 3214 2500 3268 illa
2542 3225 2831 3284 prtecepta,
2879 3214 3063 3285 quibus
3106 3215 3175 3269 ad
3215 3234 3372 3289 Opera
3417 3220 3786 3276 misericordia:

473 3303 627 3377 (Cap.
662 3304 728 3359 15
756 3313 801 3359 et
825 3302 958 3385 seq.)
987 3312 1031 3358 et
1076 3302 1255 3374 ofï¬cia
1285 3305 1459 3357 omnia
1480 3346 1494 3368 ,
1527 3320 1642 3375 qua:
1670 3302 1739 3357 ad
1765 3315 1997 3359 mutuam
2027 3306 2289 3361 hominum
2319 3308 2453 3361 inter
2496 3323 2549 3362 se
2577 3309 2865 3365 societatem
2899 3311 3192 3380 pertinent,
3222 3312 3501 3383 informat,
3532 3314 3787 3385 simulque

470 3402 589 3453 vitia
622 3397 915 3471 proscribit.

542 3513 612 3569 In
637 3514 785 3571 tertio
831 3512 962 3573 libro
993 3513 1179 3577 bonum
1208 3513 1477 3567 honestum
1519 3528 1636 3566 cum
1661 3513 1778 3567 utili
1823 3522 2084 3584 comparat
2120 3524 2330 3575 sanctus
2366 3514 2589 3580 Prtesul,
2616 3516 2706 3571 sed
2734 3533 2827 3571 nos
2864 3517 3140 3573 admonere
3172 3518 3312 3590 (Lib.
3343 3536 3421 3586 ut,
3454 3536 3574 3590 cap.
3606 3520 3665 3589 2)
3696 3538 3787 3577 ne-

468 3625 721 3680 quaquam
768 3608 1018 3680 negligit,
1055 3605 1164 3660 haec
1195 3605 1300 3659 duo
1331 3605 1580 3660 bonorum
1622 3623 1812 3676 genera
1841 3606 1893 3660 in
1929 3607 2093 3681 justis
2141 3609 2263 3663 viris
2316 3608 2580 3663 insolubili
2621 3608 2756 3664 nodo
2786 3612 3062 3681 conjuncta
3091 3628 3235 3677 esse;
3278 3625 3431 3685 atque
3457 3615 3586 3670 adeo
3612 3616 3784 3669 collu-

470 3702 660 3762 tionem
686 3699 819 3761 hunc
846 3715 950 3755 non
975 3697 1208 3763 institui,
1236 3696 1335 3750 nisi
1369 3712 1436 3751 ea:
1470 3697 1606 3767 vulgi
1650 3696 1892 3767 Opinione
1914 3693 2023 3751 htec
2046 3698 2163 3767 ipsa
2198 3700 2533 3771 sejungentis.
2572 3698 2687 3753 Hoc
2708 3701 2826 3755 exin
2851 3703 3088 3774 generale
3115 3705 3362 3772 placitunt
3392 3708 3689 3772 constituit,
3729 3718 3785 3762 ut

472 3794 634 3847 bonus
670 3792 746 3846 vir
776 3789 909 3847 nihil
954 3788 1117 3853 alteri
1158 3787 1564 3844 detrahendum
1594 3794 1779 3857 putet,
1814 3802 1914 3843 nec
1942 3789 2171 3844 alterius
2200 3791 2544 3845 incommodo
2591 3807 2747 3846 suum
2782 3793 2989 3848 lucrum
3022 3798 3206 3865 augeri
3240 3796 3368 3852 velit
3415 3795 3605 3869 (lbid.,
3633 3816 3779 3854 num.

472 3885 603 3959 15).
640 3883 795 3954 Quod
843 3900 959 3938 cum
1004 3881 1331 3939 naturalibus
1361 3882 1702 3950 humanisque
1739 3880 1971 3953 legibus,
2007 3891 2116 3935 tum
2161 3882 2348 3937 divinis
2379 3899 2441 3938 ex
2477 3892 2690 3952 utroque
2724 3882 3045 3940 Testamento
3068 3888 3238 3958 petitis
3266 3889 3446 3961 probat
3475 3890 3627 3963 (Cap.
3669 3892 3705 3947 5
3734 3902 3784 3948 et

468 3975 606 4051 seq.)
635 3996 653 4033 ;
679 3978 746 4033 iis
770 3992 888 4030 vero
915 3990 1029 4047 qute
1056 3985 1235 4030 contra
1275 3973 1455 4035 ist/uec
1492 3972 1588 4027 sibi
1623 3970 1839 4045 objicit,
1871 3971 2017 4026 illam
2047 3970 2253 4026 adhibet
2298 3974 2638 4040 solutionem,
2670 3973 2979 4030 Christianis
3026 3977 3148 4037 viris
3187 3979 3250 4032 ab
3298 3982 3530 4053 exemplo
3555 3966 3781 4050 Christi:

470 4074 559 4143 qui
603 4073 789 4127 aliena:
831 4073 1042 4127 utilitati
1066 4088 1213 4127 suam
1244 4089 1523 4143 numquam
1567 4074 1893 4144 anteposuit,
1923 4088 2027 4127 non
2054 4071 2444 4128 discedendum.
2481 4071 2614 4128 Inde
2644 4074 2929 4146 colligitjn
2976 4076 3115 4130 omni
3143 4086 3261 4132 actu
3292 4089 3444 4150 atque
3480 4089 3781 4149 contractu,

471 4184 669 4239 semper
690 4176 737 4220 et
757 4168 810 4220 in
834 4182 1152 4236 quocumque
1179 4182 1305 4219 casu
1326 4166 1595 4219 honestum
1620 4166 1736 4219 utili
1755 4165 1993 4238 prwferri
2041 4175 2275 4234 oportere
2297 4165 2449 4236 (Cap.
2467 4167 2501 4222 5
2526 4177 2573 4220 et
2600 4173 2757 4236 seq.);
2788 4169 2988 4222 etiamsi
3014 4170 3233 4222 maxime
3259 4181 3511 4225 constaret
3541 4174 3784 4240 fraudem

472 4271 702 4317 nostram
729 4259 835 4313 Deo
862 4259 1074 4327 perinde
1102 4268 1253 4329 atque
1282 4258 1573 4313 hominibus
1601 4262 1713 4331 fore
1736 4259 1987 4330 ignotam.
2014 4257 2180 4311 Addit
2209 4256 2342 4312 hanc
2369 4258 2530 4328 legem
2556 4259 2619 4310 ab
2650 4260 2763 4327 ipso
2793 4255 2906 4313 Deo
2932 4261 3183 4313 sancitum
3208 4276 3345 4333 esse,
3378 4272 3529 4333 atque
3557 4264 3688 4317 adeo
3712 4265 3784 4319 ad

468 4368 657 4412 ueteres
690 4356 894 4428 fabulas
920 4374 1024 4412 non
1066 4355 1473 4422 recurrendum,
1507 4364 1565 4409 ut
1612 4366 1878 4410 astruatur
1925 4371 2008 4410 res
2060 4354 2391 4420 certissima;
2429 4351 2776 4408 Christtanam
2821 4353 2957 4406 enim
2999 4351 3298 4424 religionem
3339 4353 3496 4424 hujus
3542 4358 3784 4427 exempla

471 4449 489 4510 (
519 4449 648 4520 Cap.
683 4450 717 4505 9
744 4459 792 4505 et
821 4465 924 4519 seq.
957 4446 978 4520 )
1004 4449 1058 4502 it
1086 4449 1286 4518 magnis
1315 4448 1420 4504 illis
1447 4448 1569 4503 viris
1595 4448 1956 4517 suppeditasse
1983 4488 1999 4511 ,
2046 4446 2137 4516 qui
2162 4462 2222 4500 ea
2250 4458 2364 4500 vere
2389 4444 2613 4499 exsecuti
2634 4454 2755 4499 sunt
2777 4486 2790 4511 ,
2844 4459 2959 4514 qua:
3002 4443 3318 4497 habebantur
3367 4461 3461 4515 pro
3512 4448 3781 4503 miraculis

468 4541 614 4610 apud
638 4556 888 4613 paganos.
922 4540 1004 4593 Ad
1032 4551 1344 4610 postremum
1371 4540 1597 4594 maxima
1623 4556 1835 4611 quicque
1858 4537 2213 4593 Romanorum
2237 4539 2472 4609 exempla
2495 4538 2659 4592 sacris
2689 4536 2931 4591 heroibus
2962 4537 3101 4590 omni
3129 4552 3193 4592 es:
3220 4548 3364 4609 parte
3388 4539 3641 4610 inferiora
3672 4557 3783 4596 esse

474 4630 692 4684 ostendit
725 4627 878 4701 (Cap.
915 4630 982 4685 15
1011 4639 1060 4684 et
1090 4629 1224 4701 seq.)

546 4745 668 4801 Non
698 4746 975 4816 difï¬temm-
1001 4744 1332 4799 Ambrosium
1378 4744 1692 4816 sequendam
1718 4744 1817 4799 sibi
1859 4744 2189 4815 proposuisse
2233 4741 2497 4799 Ciceronis
2537 4744 2589 4797 in
2622 4743 2815 4814 Officiis
2840 4743 2945 4799 suis
2972 4736 3329 4812 oeconomiam,
3361 4743 3452 4798 sed
3480 4742 3781 4802 Ciceronem

463 4844 639 4913 ipsum
663 4841 821 4895 libros
847 4838 1077 4893 Panaetii
1101 4848 1147 4894 et
1179 4837 1459 4894 Hecatonis
1486 4840 1648 4893 multo
1678 4838 1938 4893 addictius
1982 4838 2237 4891 imitatum
2269 4852 2376 4891 esse
2410 4836 2655 4890 audacter
2680 4836 3014 4907 aï¬‚irmamus.
3045 4835 3326 4905 Manifesta
3355 4838 3489 4890 enim
3515 4838 3781 4908 significat

466 4945 676 4985 sanctus
705 4930 927 4985 Antistes
954 4943 1060 4984 non
1100 4928 1208 4983 alio
1238 4929 1456 4983 consilio
1486 4944 1598 4983 sese
1625 4928 1861 4982 Oratoris
1889 4927 2161 4981 imitationi
2191 4942 2403 4997 Operam
2431 4925 2666 4994 dedisse,
2697 4928 2799 4982 nisi
2827 4938 2883 4983 ut
2911 4928 2963 4980 in
2986 4943 3079 4993 eo,
3111 4927 3196 4997 qui
3228 4942 3337 4998 prce
3381 4929 3579 4983 steteris
3607 4930 3775 4984 hone-

466 5024 614 5077 statis
640 5030 834 5077 exacta:
864 5022 998 5091 leges
1030 5019 1386 5091 proï¬tebatur,
1411 5020 1547 5091 falsa
1570 5029 1827 5092 prtecepta
1850 5033 2067 5089 pagunt:
2093 5018 2290 5074 ethices
2316 5022 2504 5089 fortius
2534 5023 2861 5091 confutaret;
2902 5037 2962 5073 ac
2993 5019 3150 5074 simul
3177 5021 3334 5074 etiam
3361 5023 3536 5089 putant
3558 5025 3775 5098 faceret,

465 5124 656 5186 quanto
694 5114 969 5170 intervallo
997 5114 1296 5168 christiana:
1338 5114 1685 5170 institutiones
1712 5113 1965 5185 quidquid
1991 5120 2234 5183 umquam
2275 5114 2405 5166 inter
2431 5113 2650 5185 gentiles
2691 5116 2965 5185 perfectius
2995 5114 3123 5183 fuit,
3156 5117 3531 5171 antecederent.
3570 5117 3778 5175 Passim

470 5212 700 5280 explodit
726 5212 931 5266 inanem
958 5212 1106 5266 illam
1135 5211 1443 5281 eloquentia!
1465 5209 1877 5277 affectationem,
1908 5220 2062 5278 quant
2091 5206 2230 5260 idem
2258 5205 2436 5262 Cicero
2484 5222 2740 5277 nusquam
2768 5224 2868 5261 non
2901 5217 3136 5261 ostciuat.
3170 5208 3405 5266 Subinde
3442 5229 3558 5268 vero
3596 5215 3649 5267 in
3679 5215 3779 5267 hoc

469 5305 737 5366 incumbit,
768 5310 822 5358 ut
848 5303 1103 5375 quidquid
1127 5305 1458 5375 priestantias
1486 5303 1545 5357 in
1573 5318 1777 5357 morum
1801 5300 2080 5370 disciplina
2103 5300 2430 5356 tradiderunt
2457 5300 2789 5371 philosOphi,
2821 5316 2887 5355 ea:
2912 5301 3098 5356 nostris
3126 5304 3425 5359 auctoribus
3458 5318 3621 5361 totum
3642 5307 3779 5361 illud

465 5396 793 5465 desumptum
823 5413 929 5450 esse
957 5397 1096 5451 clare
1123 5395 1455 5449 demonstret.
1489 5392 1756 5463 Imprimis
1786 5400 1956 5445 autem
1982 5389 2217 5459 ejusdem
2250 5389 2408 5444 Tullii
2435 5390 2630 5460 fastum
2659 5391 2854 5456 evertit,
2887 5393 3098 5463 ejusque
3127 5393 3258 5447 scita
3286 5392 3353 5448 de
3397 5396 3593 5450 ultione
3619 5405 3774 5464 atque

463 5489 741 5542 ambitione
768 5488 1001 5558 funditus
1028 5488 1185 5543 tollit.
1213 5487 1320 5542 Sed
1349 5487 1480 5541 illud
1508 5495 1662 5555 caput
1690 5486 1841 5553 longe
1854 5481 2232 5552 gravissimum,
2263 5499 2296 5536 a
2324 5482 2568 5536 Cicerone
2584 5490 2751 5536 tamen
2779 5484 2863 5537 vis:
2892 5484 3193 5551 delibatum,
3222 5502 3427 5543 summa
3450 5490 3778 5547 contentione

463 5582 672 5648 firmare
702 5580 892 5644 studet,
922 5582 1187 5651 praecipua
1216 5590 1396 5649 nempe
1427 5577 1593 5647 ofï¬cia
1622 5586 1796 5630 nostra
1825 5570 1993 5627 Deum
2018 5583 2276 5644 spectare,
2311 5585 2357 5629 et
2384 5575 2561 5628 omnia
2590 5585 2765 5630 nostra
2790 5578 2931 5648 facta
2953 5576 3152 5633 dictave
3181 5582 3249 5633 ad
3279 5583 3387 5649 ejus
3416 5582 3635 5652 gloriam
3663 5594 3778 5640 esse

465 5672 736 5742 referenda
766 5687 786 5726 :
814 5673 947 5725 illud
977 5689 1177 5742 quoque
1205 5672 1446 5739 alterum,
1473 5671 1536 5723 de
1562 5680 1661 5738 quo
1692 5680 1755 5722 ne
1782 5682 1872 5737 per
1899 5666 2157 5720 somnium
2188 5667 2396 5735 quidem
2425 5666 2639 5735 Orator,
2666 5670 2820 5723 vitam
2850 5681 3153 5740 prtesentem
3176 5674 3310 5726 viam
3338 5688 3447 5727 esse
3474 5674 3542 5727 ad
3564 5672 3777 5732 immor-

469 5768 652 5835 taleni,
684 5766 931 5838 bonisque
958 5766 1196 5837 operibus
1217 5768 1343 5822 illuc
1374 5763 1646 5835 perveniri,
1670 5764 1855 5821 obnixe
1884 5763 2084 5835 probat.
2107 5762 2191 5819 Ad
2218 5765 2325 5819 hac
2356 5765 2590 5838 prtecipit
2618 5783 2649 5820 a
2674 5768 2889 5825 terrenis
2919 5769 3062 5825 bonis
3087 5769 3318 5824 animum
3344 5768 3769 5850 abstrahendum,
