4030 6188
265 196 333 259 2i
1149 216 1233 272 DE
1272 216 1562 274 OFFlCllS
1603 217 2076 279 MINISTRORUM
2115 223 2301 282 LIBRI
2338 228 2538 285 TRES.
3537 242 3607 297 Si

264 324 610 430 :oercendam
638 328 892 383 severiori
924 330 1255 401 castigatione
1286 333 1518 402 corporis
1548 334 1813 388 lasciviam
1833 377 1847 397 ,
1877 338 2247 393 condonandas
2279 343 2505 397 inimicis
2529 343 2841 412 offensiones
2862 362 2909 403 et
2943 350 3197 423 injurias,
3227 356 3431 430 majora
3458 356 3612 413 bene.

269 410 394 479 ficia
424 414 531 470 illis
560 421 888 487 prcestanda,
918 421 1006 492 qui
1036 439 1127 477 nos
1154 424 1381 478 atrocius
1411 434 1458 480 et
1491 425 1738 498 injustius
1769 429 2088 484 divexavere.

359 504 549 619 Verum
594 523 652 565 ut
698 515 941 569 curiosus
984 512 1143 570 lector
1197 517 1404 584 facilius
1451 531 1760 590 cognoscat,
1795 525 1980 590 quibus
2009 528 2062 579 in
2105 528 2259 583 rebus
2290 547 2407 584 cum
2439 532 2685 589 Cicerone
2713 539 3023 602 consentiat,
3054 549 3143 594 aut
3172 538 3236 593 ab
3266 557 3321 596 eo
3354 543 3608 619 discrepet

271 600 574 659 Ambrosius
617 617 789 660 noster
812 649 826 672 ,
858 609 1001 661 locos
1029 625 1202 662 omnes
1249 620 1354 662 tum
1409 608 1742 680 Ofﬁciorum,
1779 624 1885 667 tum
1912 618 2136 670 aliorum
2179 637 2393 688 operum
2443 626 2679 699 ejusdem
2726 630 2975 695 auctoris,
3007 648 3134 697 quos
3161 644 3370 687 sanctus
3398 600 3607 691 Pratiul

270 692 412 746 visus
435 705 511 748 est
538 697 825 767 respicere,
860 698 914 752 in
943 700 1179 770 inferiori
1228 700 1458 773 margine
1488 701 1835 757 exhibuimtn.
1871 704 1989 772 Qua
2021 710 2221 762 ratione
2253 713 2427 763 statim
2458 692 2743 769 innotescet
2790 692 3117 773 Ambrosium
3154 739 3185 773 a
3215 720 3295 777 Ill.
3331 722 3504 778 Tullio
3534 725 3606 781 ibi

267 790 581 852 desciscere,
612 792 918 862 ubicumque
966 793 1232 862 utriusque
1269 793 1488 864 afﬁnitas
1536 811 1638 849 non
1686 794 2017 854 subnotatur.
2053 799 2191 855 Hinc
2238 804 2390 856 etiam
2422 805 2510 874 fiet
2557 819 2878 875 compertum
2930 823 3125 883 quanto
3158 814 3365 886 judicio
3395 818 3602 872 easdem

265 881 431 975 libros
462 882 756 938 utilissimis
786 887 1059 955 prteceptis
1085 890 1304 956 refertos
1332 903 1441 940 esse
1467 886 1657 941 dixerit
1687 887 2008 959 Augustinus
2039 890 2235 962 (Epist.
2267 893 2338 948 6‘2
2360 938 2372 960 ,
2404 896 2473 948 ad
2508 896 2754 964 llieron.,
2785 881 3058 974 nums‘Zl)
3082 943 3097 968 ,
3132 881 3387 975 quamque
3422 909 3601 964 merito

711 977 940 1031 universi
967 978 1022 1031 in
1066 978 1232 1047 pretio
1263 977 1573 1045 habuerint,
1607 982 2045 1049 quemadmodum
2076 1002 2141 1040 ex
2170 989 2540 1057 manuscriptis
2576 994 2812 1046 omnium
2839 973 3048 1050 celatum
3070 1037 3087 1064 ,
3113 1014 3241 1067 quos
3285 973 3513 1068 reperias
3541 1002 3596 1058 in

260 1062 614 1132 bibliothecis,
646 1066 976 1138 intelligitur.

340 1157 681 1231 Quapropter
726 1164 841 1232 quis
866 1167 1007 1234 ferre
1052 1164 1216 1233 possit
1247 1162 1600 1219 Christianum
1630 1176 1893 1223 auctorem
1919 1169 1983 1224 de
2012 1169 2155 1226 hisce
2193 1173 2344 1228 libris
2369 1192 2556 1231 ausum
2586 1176 2757 1233 dicere
2780 1194 2799 1233 :
2824 1178 3059 1251 Srripsil
3104 1184 3174 1238 de
3202 1185 3408 1241 Ofﬁciis
3436 1189 3597 1245 etiam

258 1246 325 1301 ι).
369 1252 723 1317 Ambrosius,
751 1254 938 1321 credo,
973 1262 1033 1308 ut
1078 1256 1261 1324 pueris
1295 1256 1594 1311 inculcaret
1641 1259 1978 1329 religionem.
2012 1262 2210 1318 Verum
2240 1281 2341 1335 ego
2367 1268 2692 1339 religionem
2737 1287 2802 1326 cx
2836 1246 3138 1345 Scripturis
3165 1279 3365 1335 divinis
3394 1297 3594 1338 censeo

255 1343 628 1400 hauriendam
658 1362 783 1404 esse
803 1388 818 1413 ,
848 1348 917 1404 de
947 1350 1199 1405 civilibus
1230 1351 1477 1406 moribus
1507 1353 1688 1408 malim
1735 1354 1926 1412 audire
1954 1353 2296 1413 Ciceronem.
2335 1360 2462 1426 Qua:
2490 1366 2744 1418 sententia
2793 1343 2977 1421 utrum
3011 1370 3285 1426 Ambrosio
3329 1391 3395 1428 an
3437 1378 3600 1430 sarris

258 1441 478 1511 paginis
522 1443 814 1515 graviorem
859 1445 1033 1499 inurat
1064 1446 1346 1519 injuriam,
1379 1446 1594 1515 definita
1621 1462 1723 1503 non
1768 1451 1924 1519 facile
1968 1462 2064 1505 est.
2098 1451 2300 1506 Etenim
2330 1471 2444 1508 cum
2476 1457 2529 1509 hi
2560 1472 2742 1513 mores
2772 1460 2960 1516 civiles
2983 1505 2998 1529 ,
3032 1482 3133 1518 non
3173 1466 3269 1519 alii
3295 1468 3398 1521 sint
3438 1486 3594 1538 quam

252 1535 482 1590 humani
511 1548 659 1590 actus
687 1553 750 1591 ex
779 1539 1057 1607 prudentia
1083 1540 1302 1609 aliisque
1329 1541 1602 1594 virtutibus
1629 1542 1979 1599 cardinalibus
2006 1546 2308 1601 instituendi
2335 1590 2348 1611 ,
2379 1565 2549 1603 nonne
2578 1552 2821 1607 immanis
2853 1559 3167 1612 contumelia
3198 1570 3272 1613 est
3313 1535 3593 1632 profanam

250 1630 461 1685 ethicen
511 1648 811 1702 prteponere
854 1633 961 1688 illis
990 1635 1261 1706 praeceptis
1280 1676 1297 1701 ,
1329 1650 1445 1706 qua:
1472 1651 1628 1706 super
1652 1635 1751 1690 hac
1799 1654 1855 1691 re
1904 1638 2168 1709 prophetis
2199 1642 2385 1713 afﬂavit
2412 1655 2621 1699 sanctus
2650 1644 2880 1716 Spiritus
2900 1689 2913 1715 ,
2945 1660 3033 1702 aut
3065 1630 3320 1707 Christus
3355 1630 3468 1724 ipse
3507 1672 3595 1710 ore

250 1727 481 1798 proprio
518 1728 769 1799 apostolis
814 1729 1021 1783 dictavit
1067 1729 1222 1783 suis?
1255 1729 1378 1783 Non
1415 1734 1533 1803 jam
1563 1742 1682 1802 ergo
1729 1735 1919 1785 mirum
1941 1773 1957 1798 ,
1986 1735 2032 1786 si
2077 1734 2231 1789 libros
2262 1738 2387 1790 istos
2407 1776 2422 1802 ,
2450 1737 2503 1790 in
2531 1739 2712 1807 quibus
2740 1743 2987 1794 moralem
3028 1740 3224 1798 Christi
3260 1745 3597 1814 disciplinam

249 1831 471 1873 sanctus
520 1820 604 1874 hic
644 1819 841 1875 Doctor
883 1822 1253 1891 interpretatur
1298 1824 1512 1894 insuper
1558 1825 1739 1879 habeat
1780 1826 2158 1895 heterodoxus;
2191 1828 2379 1883 talibus
2404 1832 2539 1883 enim
2568 1828 2791 1885 Patrum
2834 1844 3156 1904 contemptus
3185 1838 3459 1907 familiaris
3488 1849 3584 1894 est.

249 1908 520 1965 Ceterum
568 1929 749 1967 ansam
793 1913 1063 1968 dubitandi
1099 1931 1165 1968 an
1194 1918 1400 1969 eosdem
1444 1916 1601 1970 libros
1647 1930 1888 1987 umquam
1938 1919 2153 1991 legerit,
2184 1921 2295 1988 ipse
2322 1925 2650 1992 suppeditat,
2682 1941 2800 1978 cum
2841 1927 2907 1981 de
2936 1930 3015 1982 his
3055 1930 3229 1983 scribit
3264 1948 3282 1986 :
3312 1931 3491 1987 Credo
3520 1943 3578 1989 nt

251 2003 452 2074 pueris
486 2004 781 2061 inculcaret
812 2006 1165 2077 religionem;
1196 2024 1299 2061 non
1329 2008 1466 2061 enim
1500 2009 1696 2077 pueris,
1726 2009 1816 2063 sed
1844 2007 2095 2065 Ecclesia:
2123 2013 2367 2066 ministris
2416 2016 2645 2067 omnium
2675 2024 2884 2070 atatum
2913 2018 3197 2076 destinatos
3224 2038 3337 2077 esse
3362 2023 3574 2090 ipsemet

252 2098 566 2152 Ambrosius
610 2115 711 2153 non
760 2100 938 2171 paucis
989 2101 1119 2155 locis
1143 2141 1157 2164 ,
1189 2110 1239 2154 et
1263 2102 1436 2170 operis
1466 2101 1739 2173 inscriptio
1770 2102 1823 2155 in
1853 2102 2116 2156 codicibus
2168 2105 2318 2175 longe
2347 2106 2618 2175 plurimis,
2652 2115 2707 2159 ut
2726 2110 2842 2179 jam
2870 2109 3064 2162 dictum
3099 2121 3177 2165 est
3197 2155 3210 2177 ,
3245 2114 3571 2182 testiﬁcatur.

261 2189 635 2246 Verumtamen
689 2194 804 2248 licet
846 2196 1060 2248 Auctori
1086 2194 1357 2248 erudiendi
1385 2194 1600 2249 clericos
1624 2194 1903 2249 consilium
1926 2194 2117 2266 fuerit,
2171 2197 2505 2253 nihilominus
2533 2202 2740 2254 cuilibet
2792 2204 3075 2258 conditioni
3127 2208 3222 2261 hoc
3258 2209 3395 2262 idem
3439 2226 3570 2278 opus

247 2284 384 2337 utile
408 2300 521 2338 esse
543 2285 798 2355 inficietur
824 2302 972 2339 nemo
986 2304 1005 2352 ;
1037 2301 1159 2339 nam
1203 2302 1319 2340 cum
1365 2287 1539 2339 clerici
1589 2285 1656 2340 ad
1703 2287 1995 2355 superiores
2021 2286 2205 2351 quibus
2258 2287 2639 2357 obtemperant,
2672 2300 2717 2342 et
2746 2292 3021 2360 inferiores
3065 2311 3192 2363 quos
3217 2296 3319 2363 ipsi
3357 2309 3572 2368 regunt,

246 2378 492 2432 ordinem
519 2378 769 2440 habeant;
799 2379 921 2434 inde
946 2384 1139 2451 factum
1169 2389 1244 2434 est
1263 2421 1278 2447 ,
1311 2391 1365 2434 ut
1397 2390 1653 2450 praecepta
1680 2379 1790 2433 illic
1818 2380 2073 2449 permulta
2104 2380 2481 2443 contineantur,
2514 2385 2775 2437 communi
2806 2386 3041 2439 omnibus
3070 2391 3249 2458 fructu
3273 2391 3483 2460 referta.

329 2473 469 2527 Ha'c
497 2475 671 2528 cadent
699 2475 898 2528 utilitas
925 2476 979 2528 in
1006 2492 1164 2529 causa
1192 2475 1309 2545 fuit,
1344 2491 1435 2529 cur
1462 2474 1619 2529 iidem
1642 2473 1761 2528 libri
1788 2492 1891 2529 non
1918 2475 2087 2529 soluat
2124 2476 2270 2529 toties
2310 2477 2507 2529 exarati
2533 2476 2664 2541 sint,
2692 2493 2865 2531 verum
2913 2479 3064 2532 etiam
3102 2497 3132 2533 a
3163 2483 3338 2536 multis
3363 2485 3417 2537 in
3444 2502 3586 2541 com-

247 2565 435 2638 pendii
460 2578 549 2620 aut
580 2576 929 2636 excerptorum
956 2567 1177 2635 formam
1204 2566 1416 2620 redacti.
1455 2566 1710 2637 Exterpta
1740 2582 1803 2619 ex
1828 2566 1933 2621 illis
1962 2575 2163 2620 exstant
2190 2566 2243 2619 in
2274 2583 2377 2619 uno
2405 2568 2759 2635 manuscripto
2794 2564 3035 2639 Lgrensis
3078 2573 3410 2641 monasterii;
3442 2588 3583 2630 com-

244 2663 505 2731 pendium
531 2672 701 2717 autem
732 2664 784 2717 in
833 2678 936 2715 uno
979 2663 1154 2715 codice
1202 2660 1451 2714 Ecclesiae
1500 2660 1830 2714 Carnutensis
1850 2702 1863 2726 ,
1896 2660 2299 2714 connexionibus
2344 2677 2403 2713 ac
2445 2660 2835 2715 transitionibus
2860 2675 2980 2733 apte
3010 2665 3402 2729 concinnatum,
3431 2671 3580 2738 cujus

241 2759 610 2828 apographutn
642 2754 709 2806 ι).
742 2756 791 2808 le
823 2752 994 2808 Feron
1018 2753 1247 2827 ejusdent
1278 2754 1499 2823 insignis
1526 2751 1774 2806 Ecclesia:
1802 2753 2081 2806 canonicos
2112 2763 2159 2806 et
2202 2753 2503 2806 sorbonicus
2532 2752 2711 2807 doctor
2740 2770 2866 2807 cura
2893 2771 2989 2808 sua
3016 2755 3330 2827 descriptum
3373 2760 3443 2814 ad
3485 2779 3579 2816 nos

242 2848 560 2905 transmisit.
598 2846 718 2901 Non
746 2848 882 2903 imus
906 2848 1107 2919 inﬁcias
1126 2889 1141 2914 ,
1172 2849 1294 2919 quin
1328 2846 1580 2917 prodierit
1624 2845 1686 2899 ab
1716 2847 1927 2916 antiqua
1954 2863 2110 2899 manu
2156 2845 2296 2899 istud
2341 2847 2603 2916 exemplar
2622 2888 2637 2913 ,
2671 2846 2760 2900 sed
2790 2848 2897 2901 alia
2924 2848 3087 2902 multa
3117 2851 3294 2904 cadent
3325 2852 3417 2906 illo
3444 2856 3581 2908 anti-

240 2944 431 3012 quiora
461 2941 608 2996 nobis
636 2952 930 3012 suppetunt.
971 2940 1207 3007 Namque
1249 2951 1304 2994 ut
1354 2938 1730 3011 Benignianum
1758 2955 2013 2993 annorum
2055 2938 2159 2994 800
2180 2978 2193 3004 ,
2235 2939 2482 2992 Vaticana
2528 2940 2628 2993 tria
2650 2981 2663 3003 ,
2697 2937 3039 2995 Laudunense
3058 2984 3071 3005 ,
3118 2941 3449 3013 Crespeiense
3474 2988 3487 3009 ,
3515 2964 3579 3001 ac

239 3032 584 3102 Bigotiauum
611 3050 862 3088 annorum
890 3035 1090 3089 circiter
1121 3033 1225 3089 700
1245 3074 1260 3101 ,
1290 3034 1775 3106 prmtermittamus,
1808 3032 1978 3085 solum
2002 3031 2371 3097 Colbertinum,
2404 3031 2533 3087 alias
2585 3032 2882 3089 Thuaneum
2927 3048 3042 3091 ante
3078 3037 3212 3092 1000
3241 3055 3405 3092 annos
3432 3039 3576 3094 haud

240 3126 402 3180 dubie
429 3126 725 3197 confectum
748 3169 763 3192 ,
794 3138 1017 3198 quatuor
1044 3136 1098 3181 ut
1130 3127 1399 3180 minimum
1428 3125 1633 3181 swculis
1658 3134 1865 3196 superat
1913 3125 2247 3179 Carnutense.
2281 3125 2410 3179 Cum
2446 3144 2599 3198 porro
2626 3128 2677 3181 in
2705 3128 2939 3182 omnibus
2966 3131 3071 3185 illis
3098 3130 3361 3185 codicibus
3394 3132 3575 3204 0/]‘icia

237 3232 421 3275 nostra
442 3221 499 3274 in
527 3228 629 3275 tres
658 3222 813 3276 libros
839 3222 1211 3275 disribuantur
1236 3263 1248 3285 ,
1278 3220 1331 3273 id
1358 3218 1575 3274 evidenti
1604 3227 1903 3289 argumento
1931 3229 2003 3273 est
2033 3217 2349 3273 Carnutense
2389 3219 2520 3272 nihil
2547 3220 2695 3273 aliud
2722 3237 2832 3275 esse
2859 3222 2957 3275 nisi
3003 3223 3257 3292 epitomen
3286 3240 3304 3276 :
3336 3226 3388 3277 in
3416 3241 3570 3293 quam

238 3315 451 3384 quidem
478 3315 716 3369 contrahi
742 3332 869 3387 opus
897 3315 1027 3370 illud
1056 3313 1201 3369 haud
1225 3330 1359 3385 (egre
1386 3315 1570 3383 patuit,
1602 3312 1737 3366 unde
1763 3314 1994 3383 exempla
2024 3323 2069 3367 et
2101 3314 2425 3368 excursiones
2451 3314 2637 3383 absque
2665 3331 2843 3370 sensus
2874 3316 3061 3370 damno
3090 3316 3206 3369 licet
3236 3317 3473 3371 eximere.

314 3408 569 3477 Quodad
595 3419 796 3464 wtatem
842 3411 1005 3481 ipsius
1044 3412 1246 3480 operis,
1296 3411 1475 3465 volunt
1521 3408 1758 3463 nonnulli
1785 3407 2109 3463 Ambrosium
2154 3419 2383 3462 nostrum
2423 3410 2536 3481 ipso
2569 3411 2894 3480 episcopatus
2943 3412 3023 3464 sui
3067 3412 3278 3465 exordio
3318 3411 3387 3464 ad
3437 3412 3570 3465 illud

240 3504 580 3560 scribendum
610 3521 819 3559 manum
852 3506 1157 3559 admovisse.
1196 3505 1416 3559 Videtur
1439 3504 1645 3574 quidem
1672 3502 1925 3557 Baronius
1954 3503 2075 3556 huic
2106 3504 2370 3558 sententia:
2400 3505 2720 3573 patrocinari
2745 3546 2759 3569 ,
2793 3521 2911 3558 cum
2937 3505 3005 3558 ad
3048 3522 3241 3559 annum
3273 3506 3377 3561 577
3400 3506 3463 3560 de
3484 3524 3570 3562 eo-

238 3602 358 3654 dem
386 3600 463 3653 ita
505 3600 737 3669 loquitur
767 3617 786 3655 :
828 3600 963 3656 Tros
993 3602 1118 3655 illos
1162 3601 1332 3656 libros
1363 3599 1610 3671 egregios
1639 3598 1883 3653 scribere
1932 3609 2117 3667 postea
2164 3610 2249 3652 est
2299 3612 2623 3667 aggressus,
2658 3614 2782 3653 cum
2810 3598 3141 3667 aliquamdiu
3178 3601 3433 3669 ροιιυιυιιι
3466 3601 3568 3654 do-

237 3693 468 3748 cuisset.
518 3691 704 3747 Verum
754 3694 798 3747 si
840 3693 1017 3761 fuisset
1047 3693 1100 3746 in
1131 3694 1227 3746 hac
1252 3693 1491 3765 opinione
1531 3707 1747 3763 magnus
1791 3689 2109 3755 cardinalis,
2138 3707 2308 3745 secum
2354 3691 2465 3760 ipse
2504 3708 2607 3744 non
2651 3693 3033 3757 consensisset;
3063 3694 3253 3761 quippe
3282 3694 3369 3762 qui
3401 3710 3570 3747 annos

237 3783 551 3853 praedictum
574 3783 724 3836 illaut
751 3783 856 3837 577
881 3798 982 3837 non
1015 3784 1215 3837 modico
1242 3782 1518 3837 intervallo
1544 3790 1745 3836 secutos
1776 3783 1885 3851 ipse
1909 3781 2177 3854 adjudicat
2208 3783 2358 3850 [actis
2383 3785 2711 3853 quibusdam,
2738 3801 2957 3854 quorum
2983 3786 3036 3838 in
3065 3786 3161 3837 hoc
3198 3802 3350 3852 opere
3374 3786 3568 3839 mentio

241 3886 433 3930 exstat.
468 3873 716 3942 Exempli
738 3875 908 3947 gratia
934 3876 1071 3944 quod
1102 3876 1401 3929 Ambrosius
1426 3876 1490 3928 de
1517 3876 1647 3929 vasis
1681 3873 1931 3928 Ecclesia:
1960 3875 2013 3927 in
2047 3877 2370 3945 captivorum
2409 3874 2813 3944 redemptionem
2836 3894 2868 3929 a
2894 3893 2947 3929 se
2973 3876 3192 3930 venditis
3219 3878 3288 3931 ibi
3320 3889 3568 3934 memorat

244 3968 389 4039 (Lib.
421 3986 486 4034 ll,
516 3987 635 4041 cap.
670 3964 738 4026 15
764 3980 814 4025 et
836 3969 956 4040 ‘28),
985 3971 1119 4024 ident
1144 3970 1404 4025 Baronius
1427 3975 1582 4041 refert
1611 3971 1678 4023 ad
1700 3970 1887 4024 bellum
1922 3970 2132 4041 tyranni
2166 3969 2384 4023 Maximi
2411 3986 2547 4022 anno
2576 3970 2680 4024 587
2705 3984 2942 4039 gestant;
2973 3972 3173 4025 tametsi
3202 3973 3347 4026 nobis
3381 3973 3568 4046 proba-

243 4064 401 4119 bilius
451 4063 552 4120 hoc
577 4067 827 4135 pertineat
857 4068 926 4117 ad
952 4081 1066 4119 eam
1110 4066 1447 4120 barbarorum
1492 4063 1912 4130 inundationem,
1944 4065 2032 4132 qui
2059 4078 2195 4116 anno
2243 4062 2347 4118 579
2377 4074 2490 4133 post
2529 4060 2761 4115 Valentis
2807 4072 3056 4126 mortem,
3087 4063 3303 4136 direptis
3347 4063 3569 4121 Thracia

239 4168 396 4229 atque
420 4157 642 4231 Illyria,
673 4176 832 4231 usque
856 4161 909 4214 in
942 4146 1190 4227 ltaliam',
1217 4162 1354 4213 unde
1381 4160 1677 4213 innumeros
1709 4159 1938 4230 captivos
1965 4157 2225 4211 abduxere
2253 4198 2266 4219 ,
2300 4154 2550 4209 vastando
2594 4166 2954 4225 pervenerunt.
2992 4154 3242 4211 Eamdem
3282 4159 3423 4213 circa
3471 4159 3565 4215 has

240 4251 398 4305 libros
426 4253 723 4323 Opinionem
750 4261 799 4305 et
827 4253 921 4307 hoc
946 4252 1172 4323 refellit,
1203 4252 1342 4323 quod
1371 4255 1425 4306 in
1466 4251 1650 4307 iisdem
1691 4252 1818 4307 satis
1844 4252 2113 4323 perspicue
2159 4250 2345 4304 librant
2390 4266 2540 4304 suum
2570 4252 2637 4304 de
2666 4248 2782 4304 Noe
2828 4257 2886 4304 et
2925 4251 3102 4319 Area,
3153 4269 3291 4307 anno
3331 4251 3469 4321 579,
3508 4266 3567 4310 ut

237 4355 503 4402 ostensum
531 4354 628 4412 est,
654 4347 709 4399 in
738 4347 904 4400 lucem
927 4347 1170 4400 emissum
1208 4347 1413 4401 consuli
1428 4346 1595 4419 jubet.
1634 4345 1711 4399 Eo
1751 4345 1949 4398 accedit
1974 4345 2110 4415 quod
2151 4344 2468 4414 frequentius
2513 4344 2622 4397 illic
2663 4344 2844 4415 repetit
2874 4343 2943 4395 ad
2969 4361 3054 4397 eos
3083 4344 3300 4400 clericos
3322 4387 3335 4412 ,
3378 4347 3564 4417 quibus

237 4441 347 4510 ipse
371 4452 561 4495 Manus
588 4440 942 4511 imposuerat,
971 4439 1125 4495 verba
1151 4454 1203 4493 se
1232 4442 1439 4511 facere;
1483 4440 1617 4492 unde
1660 4438 1984 4508 cognoscitur
2018 4438 2212 4490 clerum
2245 4439 2291 4491 ei
2320 4437 2440 4507 jam
2469 4447 2592 4489 tunc
2622 4436 2783 4506 fuisse
2825 4436 2952 4490 satis
2988 4452 3350 4505 numerosum,
3385 4442 3563 4510 proin-

240 4535 402 4601 deque
442 4550 537 4602 per
564 4548 731 4586 annos
768 4530 964 4601 aliquol
988 4530 1269 4586 initiatum.
1306 4525 1506 4583 Deinde
1554 4530 1954 4602 persecutionem
1999 4527 2225 4583 Justina:
2262 4546 2425 4583 annos
2477 4529 2629 4582 etiam
2663 4527 3086 4597 aliquammultos
3141 4526 3440 4583 bacchatam
3489 4533 3562 4585 si-

237 4628 475 4697 gnificat,
502 4626 590 4679 ubi
614 4642 670 4680 se
699 4636 907 4695 propter
945 4625 1218 4678 viduarum
1246 4624 1482 4692 deposita
1506 4622 1706 4678 multos
1734 4622 1946 4692 regales
1976 4624 2207 4691 impetus
2232 4638 2533 4694 perpessum
2564 4623 2690 4678 dicit
2719 4622 2915 4695 (Ibid.,
2944 4641 3060 4695 cap.
3088 4624 3180 4690 9.9,
3218 4642 3362 4677 num.
3398 4620 3556 4695 l50).

242 4717 363 4774 Non
389 4720 549 4774 aliam
599 4730 800 4789 quoque
838 4717 1268 4788 persecutionem,
1300 4716 1400 4769 nisi
1420 4713 1643 4769 Iustina:
1686 4715 1809 4768 anni
1840 4714 2044 4768 circiter
2088 4714 2195 4770 ’586
2231 4726 2463 4782 spectare
2507 4715 2706 4770 videtur
2748 4717 2979 4770 narratio
3026 4717 3090 4771 de
3121 4717 3318 4771 duobus
3359 4717 3563 4773 clericis

242 4811 454 4866 Arianae
486 4806 850 4865 infestationis
878 4807 1027 4876 (Lib.
1061 4826 1109 4875 ι,
1131 4825 1251 4879 cap.
1291 4808 1354 4864 18
1374 4850 1387 4872 ,
1422 4826 1544 4863 num
1573 4807 1676 4881 72)
1708 4821 1989 4880 temporea
2031 4809 2135 4879 ﬁde
2156 4809 2337 4876 lapsis.
2389 4809 2636 4877 Queritur
2666 4822 2915 4878 praeterea
2959 4821 3165 4865 sanctus
3211 4812 3435 4864 Antistes
3467 4826 3561 4879 per

240 4906 498 4960 insolitam
520 4920 744 4958 annona:
782 4906 1046 4970 penuriam
1091 4903 1258 4958 Roma
1286 4913 1492 4958 exactos
1518 4918 1628 4957 esse
1674 4920 1848 4958 onmes
1879 4917 2079 4959 exteros
2112 4922 2129 4959 :
2160 4904 2298 4958 hanc
2325 4916 2493 4958 autem
2522 4908 2711 4975 famem
2754 4923 2889 4960 anno
2932 4904 3040 4961 585
3089 4907 3362 4976 contigisse
3389 4904 3560 4961 Baro-

239 5000 357 5054 nius
383 5009 570 5053 auctor
596 5007 692 5053 est.
726 4997 827 5051 Alii
851 5007 1020 5051 tamen
1044 4997 1199 5052 semel
1226 5008 1271 5051 et
1298 4998 1483 5050 iterum
1513 4998 1689 5066 inopia
1719 5000 1966 5067 fruntenti
2002 4998 2259 5052 laborasse
2291 4998 2552 5054 Romanos
2580 5001 2779 5065 volunt,
2800 5002 2964 5071 primo
2991 5001 3234 5055 nimirum
3263 5001 3355 5056 sub
3384 5009 3557 5055 extre-

238 5106 375 5145 mam
402 5093 559 5146 vitam
586 5087 805 5142 Damasi
833 5088 1094 5160 pantiﬁeis
1116 5131 1130 5156 ,
1164 5090 1254 5159 qui
1299 5088 1362 5143 ab
1392 5087 1661 5143 Ambrosio
1704 5105 1870 5145 senex
1898 5092 2276 5146 sanctissimus
2308 5091 2610 5162 appellatur
2655 5091 2794 5161 (Lib.
2820 5107 2896 5158 Ill,
2929 5110 3046 5163 cap.
3073 5093 3152 5162 7),
3184 5095 3407 5148 secundo
3448 5108 3565 5165 post

238 5188 469 5262 ejusdem
494 5186 722 5248 obitum,
751 5185 841 5253 qui
871 5200 1005 5237 anno
1050 5183 1156 5238 584
1208 5184 1422 5253 ponitur
1447 5199 1465 5236 .·
1489 5179 1775 5237 Baronium
1800 5194 1972 5237 autent
2012 5186 2075 5237 de
2100 5184 2213 5237 sola
2256 5185 2417 5255 priori
2445 5187 2579 5254 fame
2605 5183 2830 5239 locutum
2862 5202 2988 5250 esse,
3016 5202 3131 5239 cum
3172 5197 3446 5257 utramque
3475 5189 3557 5243 in-

238 5282 485 5336 dicaverit
516 5278 815 5332 Ambrosius
847 5287 1040 5331 noster.
1081 5277 1235 5342 Quod
1273 5278 1429 5330 etiam
1457 5277 1645 5331 dicitur
1683 5279 1745 5331 de
1772 5276 2059 5331 Ticinensis
2079 5280 2246 5333 vidua:
2277 5280 2508 5347 deposito
2545 5280 2674 5334 nulli
2696 5281 2789 5334 alii
2810 5281 2979 5351 aptius
3007 5283 3389 5337 accommodari
3412 5301 3562 5355 posse

240 5372 436 5429 videtur
468 5368 615 5446 (Lib.
643 5384 706 5438 tt,
736 5387 851 5441 cap.
877 5371 949 5426 29
972 5411 988 5437 ,
1015 5384 1162 5426 num.
1195 5368 1355 5441 150),
1385 5384 1539 5439 quam
1586 5370 1686 5441 legi
1726 5368 1929 5423 cuidam
1967 5387 1998 5423 a
2051 5369 2421 5425 Valentiniano
2436 5372 2652 5439 juniore
2675 5374 2727 5425 in
2760 5372 2881 5425 urbe
2924 5370 3096 5441 Papia
3141 5386 3207 5425 xv
3248 5371 3353 5428 kal.
3395 5371 3561 5429 Mart.

238 5465 409 5536 data;
439 5481 509 5521 ex
537 5466 653 5519 loco
695 5466 866 5528 enim,
912 5462 998 5517 ubi
1040 5463 1148 5516 lata
1171 5473 1277 5531 est,
1308 5463 1435 5517 satis
1482 5462 1778 5533 colligitur,
1809 5464 2171 5532 imperatorem
2211 5481 2326 5517 cum
2375 5479 2464 5535 per
2508 5481 2617 5517 eam
2650 5467 2825 5520 urbem
2870 5466 2966 5518 iter
3003 5464 3242 5531 haberet,
3288 5483 3319 5519 a
3346 5462 3567 5524 Iustina

237 5572 399 5616 matre
441 5557 721 5614 catholicis
761 5556 1018 5627 episcopis
1062 5572 1346 5626 numquam
1392 5573 1491 5611 non
1520 5557 1740 5627 infesta,
1782 5557 2050 5611 inductum
2089 5574 2225 5624 esse,
2252 5569 2306 5612 ut
2334 5567 2533 5612 tantunt
2574 5561 2819 5614 molestia:
2861 5558 3126 5614 Ticinensi
3148 5563 3358 5631 praesuli
3389 5578 3571 5623 creare

242 5653 507 5709 πᾶσαν.

322 5742 768 5820 λυκιδουωὶα
794 5757 852 5798 eo
899 5751 1114 5799 mentem
1140 5744 1286 5798 nobis
1328 5741 1618 5816 impellunt,
1653 5754 1707 5799 ut
1740 5744 1891 5801 hosce
1927 5743 2084 5800 libros
2114 5744 2362 5818 nonnuisi
2408 5752 2522 5817 post
2560 5742 2784 5803 Justind:
2831 5740 3212 5816 infestationes,
3266 5748 3318 5802 et
3359 5742 3592 5813 Matini;
