4030 6188
426 230 498 285 23
1790 217 2036 277 SANCTI
2075 219 2171 276 AM
2182 217 2404 277 BROSII
3671 220 3739 276 ﬂ

429 339 637 414 tyranni
666 340 858 397 bellum
884 357 944 396 ac
990 340 1285 396 brevissimo
1309 340 1479 413 spatio
1502 347 1728 395 secutam
1761 338 1923 409 ipsius
1955 337 2143 392 eadem
2169 338 2440 393 credamus
2468 341 2655 410 factos,
2684 340 2740 394 id
2763 350 2859 407 est,
2878 339 3081 395 circiter
3107 355 3300 395 annum
3326 338 3453 407 ⁸591,
3481 355 3582 412 quo
3610 349 3743 395 tem-

426 453 552 508 pore
576 438 891 508 pacatiorem
919 433 1167 489 Ecclesia:
1196 449 1304 488 sua:
1329 442 1521 488 statum
1546 442 1813 503 expertus,
1842 448 1901 487 ea
1934 440 2191 503 prwcepta
2221 432 2273 486 in
2306 432 2519 502 legitimi
2549 431 2739 503 Operis
2768 450 2957 505 corpus
2987 435 3209 506 digesta,
3242 433 3447 488 clericis
3474 433 3583 488 suis
3610 434 3742 488 assi-

423 531 530 585 dua
557 548 711 585 manu
735 528 980 583 volvenda
1008 527 1211 583 tradere
1254 529 1552 595 constituit,
1576 526 1764 599 quibus
1790 526 1995 581 eosdem
2023 543 2049 579 e
2074 543 2225 580 sacro
2256 528 2456 599 pulpito
2484 527 2665 597 primis
2691 528 2818 600 ipsis
2844 529 2996 583 annis
3022 530 3348 598 episc0patus
3375 530 3455 583 sui
3486 530 3742 601 inforum-

419 632 582 676 verat.
637 618 837 674 Nullus
880 620 1019 673 enim
1066 618 1471 697 est_dubidandi
1495 618 1669 683 locus,
1701 617 1826 687 quin
1871 616 2191 672 sermonibus
2237 616 2438 688 publice
2487 615 2676 671 habitis
2704 619 2982 673 maximam
3015 630 3215 689 partem
3244 629 3475 676 constent
3506 621 3557 674 hi
3585 620 3741 690 libri;

423 715 837 785 quandoquidem
860 716 916 769 in
946 731 1122 769 eorum
1151 716 1319 788 primo
1348 714 1637 789 Scriptura:
1662 716 1766 770 loci
1790 715 2170 784 edisseruntur,
2203 732 2328 795 quos
2357 716 2411 769 iu
2457 717 2642 788 synaxi
2674 716 2831 771 lectos
2862 716 3028 787 fuisse
3052 716 3162 787 ipse
3187 729 3433 770 memorat
3465 732 3483 770 :
3511 732 3741 786 quosque

421 811 609 864 iterum
641 810 749 863 illic
777 818 995 865 tractare
1020 814 1199 881 forsan
1222 810 1406 878 voluit,
1426 810 1564 882 quod
1594 826 1712 863 cum
1727 813 1844 884 jam
1871 809 1992 863 olim
2022 819 2187 864 motos
2217 809 2290 862 eis
2319 808 2533 864 vidisset
2559 810 2857 864 auditorum
2885 808 3104 872 animos,
3137 805 3257 861 hinc
3282 824 3483 879 quoque
3504 809 3738 863 eumdem

421 913 647 975 speraret
672 905 929 974 fructum,
961 903 1007 957 si
1038 902 1101 957 ab
1126 903 1207 957 his
1235 903 1362 973 ipsis
1388 919 1491 957 nou
1519 904 1633 959 sine
1657 903 1934 958 attentione
1964 904 2371 975 perlegerentur.

972 1232 1861 1401 SANCTI
1998 1232 3168 1399 AMBROSII

1599 1492 2182 1578 MEDIOLANENSIS
2242 1492 2573 1577 EPISCOPI

663 1675 933 1821 DE
1032 1670 1899 1824 OFFICIIS
1970 1666 3477 1824 “MINISTRORUM

1668 1911 1970 1995 LIBRI
2029 1901 2359 1995 TRES"
2388 1975 2412 1998 .

432 1050 3648 1088 Μ

1622 2205 1969 2289 LIBER
2042 2204 2529 2291 PRIMUS.

2055 2458 2110 2518 Α
2137 2455 2329 2511 testata
2356 2496 2372 2523 ,
2432 2467 2486 2513 et
2519 2466 2544 2506 8
2573 2458 2692 2515 visu
2731 2468 3013 2530 comperta
3061 2470 3222 2532 atque
3263 2457 3544 2528 exemplo,
3574 2434 3730 2512 voiiis

935 2465 980 2536 ι
1021 2459 1249 2519 CAPUT
1287 2457 1578 2517 pumuu.

412 2557 666 2629 EpiscOpi
702 2556 974 2631 praprium
1000 2571 1208 2624 munus,
1236 2554 1421 2608 docere
1452 2567 1471 2605 :
1500 2551 1599 2605 sibi
1621 2559 1796 2605 autem
1826 2550 2003 2622 discen

486 2655 609 2706 dum
630 2668 758 2716 esse,
791 2660 848 2704 ut
889 2650 1110 2714 doceat;
1144 2648 1303 2700 immo
1351 2646 1503 2699 etiam
1547 2642 1839 2698 docendum
1881 2642 2020 2711 quod

486 2761 590 2798 non
638 2743 922 2807 didicerit,
954 2748 1046 2794 aut
1089 2739 1276 2792 saltem
1314 2746 1361 2791 et
1400 2737 1701 2791 discendum
1746 2735 1924 2801 simul,
1972 2743 2019 2789 et

485 2838 794 2892 docendum.

490 2932 541 2985 1.
563 2928 681 2983 Non
704 2940 965 2997 arrogans
992 2925 1166 2981 videri
1181 2924 1442 2992 arbitror,
1462 2925 1510 2981 si
1527 2925 1673 2980 inter
1687 2923 1829 2980 filios
1847 2924 2023 2979 susci-

414 3023 560 3091 piam
585 3019 843 3075 al'fectnm
873 3019 1142 3083 docendi;
1174 3035 1296 3073 cum
1322 3019 1439 3087 ipse
1462 3018 1785 3073 humilitatis
1814 3018 2017 3088 magis-

417 3129 501 3171 ter
528 3115 729 3170 dixerit
763 3132 776 3168 :
820 3113 1016 3179 Venite,
1051 3114 1171 3182 ﬁlii,
1200 3113 1378 3168 audite
1406 3130 1519 3179 me;
1549 3114 1782 3168 timorem
1807 3110 2020 3167 Domini

412 3208 609 3262 docebo
638 3223 724 3261 vos
754 3205 932 3279 (Psal.
959 3221 1150 3273 xum,
1191 3205 1303 3275 19.).
1338 3204 1396 3259 ιιι
1430 3221 1538 3275 quo
1567 3206 1693 3260 licet
1721 3216 1772 3260 et
1802 3205 2021 3259 humili-

416 3309 581 3355 tatem
602 3299 949 3355 verecundiae
969 3300 1088 3367 ejus
1110 3308 1362 3368 spectare
1385 3305 1441 3353 et
1459 3298 1712 3369 gratiam.
1733 3308 1754 3337 ο
1776 3297 2020 3353 Dicenda

421 3398 591 3459 enim,
623 3395 860 3449 timorem
885 3392 1227 3463 Domini,qui
1257 3395 1309 3465 2
1330 3394 1637 3448 communis
1663 3392 1878 3448 videtur
1897 3407 2020 3447 esse

417 3488 704 3555 omnibus,
740 3488 1012 3558 expressit
1065 3486 1278 3556 insigne
1326 3486 1693 3541 verecundim.
1729 3485 1794 3540 Et
1840 3494 2017 3540 tamen

416 3597 539 3637 cum
586 3583 707 3651 ipse
739 3580 903 3635 timor
934 3578 1147 3633 initium
1188 3578 1471 3647 sapientia:
1515 3578 1609 3642 sit,
1642 3574 1668 3613 ἀ
1699 3587 1753 3633 et
1793 3577 2021 3633 ellector

418 3675 770 3730 beatitudinis
795 3674 1075 3747 (quoniam
1123 3673 1380 3726 timentes
1433 3671 1600 3726 Deum
1651 3671 1795 3725 beati
1844 3671 2016 3744 sunt),

415 3777 815 3839 przcceptorem
832 3782 890 3821 se
906 3766 1192 3837 sapientiae
1215 3763 1531 3829 edocendze,
1551 3772 1605 3817 et
1619 3761 2021 3817 demonstrato-

2122 2551 2277 2619 quasi
2310 2549 2504 2605 liberis
2530 2549 2795 2606 tradimus
2817 2567 2832 2614 ;
2858 2565 2982 2606 cum
3006 2551 3115 2621 jam
3156 2550 3395 2621 effugere
3420 2565 3524 2604 non
3547 2548 3728 2619 possi-

2123 2658 2246 2700 mus
2267 2644 2507 2699 oflicium
2538 2644 2797 2709 docendi,
2829 2645 2974 2714 quod
3006 2643 3168 2698 nobis
3194 2641 3587 2713 refugientibus
3615 2640 3723 2695 im-

2123 2737 2310 2807 posuit
2363 2736 2658 2792 sacerdotii
2720 2735 3069 2791 necessitudo
3109 2753 3121 2787 :
3170 2732 3327 2788 Dedit
3380 2730 3527 2788 enim
3576 2731 3723 2787 Deus

2121 2832 2373 2900 quosdam
2400 2831 2607 2902 quidem
2636 2831 2920 2901 apostolos,
2941 2828 3189 2900 quosdam
3211 2838 3383 2883 autem
3413 2830 3716 2902 prapltctas,

2121 2925 2254 2978 alios
2282 2940 2401 2978 vero
2440 2925 2813 2995 evangelistas,
2837 2923 2972 2977 alios
3000 2932 3171 2977 autem
3203 2933 3433 2994 pastores
3470 2932 3517 2978 et
3540 2923 3725 2978 docto-

2122 3033 2204 3072 res
2235 3016 2453 3089 (Epltes.
2478 3033 2551 3085 tv,
2581 3018 2694 3089 11).

2196 3111 2249 3165 5.
2281 3111 2399 3166 Non
2432 3112 2596 3182 igitur
2619 3111 2753 3167 mihi
2780 3107 2808 3148 ιι
2835 3111 3209 3183 apostolorum
3232 3111 3459 3184 gloriam
3481 3110 3723 3168 vindico.

2123 3204 2176 3275 3
2204 3207 2339 3272 Quis
2371 3204 2516 3259 enim
2551 3206 2678 3270 hoc,
2708 3206 2811 3260 nisi
2852 3220 2990 3276 quos
3022 3208 3135 3275 ipse
3185 3205 3352 3260 Filius
3393 3204 3560 3277 elegit
3592 3205 3724 3261 Dei?

2123 3297 2238 3353 Non
2272 3300 2657 3369 prophetarum
2696 3302 2946 3371 gratiam,
2977 3315 3082 3355 non
3112 3302 3369 3357 virtutem
3410 3300 3725 3373 evangelis-

2124 3398 2301 3444 tirum
2325 3431 2339 3457 ,
2383 3406 2488 3445 non
2531 3400 2809 3460 pastorum
2841 3392 3432 3462 circumspectionem:
3464 3392 3559 3448 sed
3602 3401 3727 3448 tan-

2126 3485 2406 3540 tummodo
2431 3485 2792 3543 intentionem
2823 3499 2879 3543 et
2916 3487 3253 3559 diligentiam
3285 3489 3427 3544 circa
3473 3489 3725 3560 Scriptu-

2125 3594 2214 3634 ra.»
2267 3579 2476 3635 divinas
2533 3591 2666 3651 Opto
2730 3580 2981 3652 assequi,
3036 3598 3197 3653 quam
3251 3583 3495 3639 ultimam
3540 3586 3724 3655 posuit

2123 3674 2421 3742 Apostolus
2449 3674 2590 3730 inter
2615 3673 2791 3731 officia
2813 3685 3125 3732 sanctorum
3159 3721 3174 3740 ,
3205 3690 3259 3732 et
3287 3680 3423 3734 hanc
3456 3679 3624 3748 ipsam
3660 3689 3723 3735 ut

2123 3766 2355 3821 docendi
2410 3767 2594 3822 Studio
2638 3769 2845 3837 possim
2893 3768 3129 3824 discere.
3157 3768 3312 3824 Unus
3361 3772 3507 3825 enim
3554 3784 3720 3826 verus

420 3878 533 3917 rem
554 3861 906 3917 beatitudinis
921 3859 1346 3929 adipiscende3
1363 3858 1651 3914 evidenter
1667 3857 2011 3928 significavit.
2046 3848 2093 3908 Β
2123 3861 2380 3932 magister
2399 3868 2508 3927 est,
2539 3860 2628 3931 qui
2648 3861 2797 3915 solus
2832 3877 2936 3915 non
2964 3861 3155 3916 didicit
3181 3860 3197 3899 ί
3239 3862 3382 3932 quod
3404 3876 3595 3918 omnes
3618 3861 3720 3917 do-

490 3955 546 4008 2.
584 3955 648 4009 Et
677 3969 775 4010 nos
818 3970 949 4025 ergo
970 3953 1034 4009 ad
1067 3952 1383 4008 imitandam
1413 3951 1789 4007 verecundiam
1820 3952 2014 4017 seduli,

417 4047 484 4103 ad
510 4047 897 4103 conferendam
932 4049 1163 4119 gratiam
1193 4062 1300 4101 non
1326 4055 1700 4114 usurpatores,
1736 4046 1754 4082 ί
1783 4061 1902 4114 qum
1941 4046 2017 4100 illi

414 4140 650 4210 Spiritus
674 4139 874 4194 inludit
900 4139 1207 4209 sapientia),
1231 4155 1291 4193 ea
1338 4154 1434 4209 per
1466 4139 1616 4193 illum
1648 4138 1804 4192 nobis
1836 4140 2008 4194 mani-

492 4265 518 4293 ι
550 4255 662 4307 Vox
687 4255 1043 4309 ministrorum
1071 4252 1257 4307 deerat
1289 4252 1342 4306 in
1376 4252 1753 4318 superioribus
1793 4253 1926 4306 edit.
1952 4267 2019 4307 ac

425 4326 832 4389 recentioribus
860 4326 1067 4394 aliquot
1088 4339 1244 4383 mss.,
1278 4338 1377 4377 nos
1408 4338 1542 4377 vero
1560 4338 1679 4377 eam
1708 4338 1770 4378 ex
1795 4324 2018 4393 cptimis

420 4400 732 4474 quibusque
775 4411 839 4452 ac
880 4393 1342 4474 frequentissimis
1381 4396 1752 4474 reposuimus.
1787 4394 1903 4463 Qua
1951 4396 2018 4450 de

418 4466 480 4531 re
504 4471 625 4525 vide
648 4466 776 4538 qum
806 4483 969 4537 supra
1002 4470 1052 4521 itt
1077 4466 1455 4538 admonitione
1487 4466 1631 4521 dicta
1663 4474 1809 4521 sunt.

491 4545 518 4584 δ
543 4537 738 4610 Scripti
766 4541 900 4594 circ.
934 4557 1023 4593 an.
1058 4537 1186 4610 591.

495 4628 517 4656 c
551 4607 678 4668 Mss.
707 4611 936 4681 aliquot,
960 4609 1192 4665 docendo
1214 4609 1357 4681 enim
1384 4608 1643 4674 timorem,
1686 4618 1793 4662 etc.
1827 4607 2019 4662 Plures

419 4699 602 4743 autem
632 4698 694 4737 ac
729 4679 991 4749 potiores,
1018 4696 1119 4737 nec
1143 4697 1253 4736 non
1276 4679 1406 4735 edit.
1441 4695 1655 4744 omnes,
1676 4688 1736 4733 ut
1765 4680 1819 4733 in
1844 4686 2012 4734 textu.

421 4760 629 4813 Rursus
671 4754 762 4809 ubi
796 4762 905 4807 vet.
940 4754 1073 4808 edit.
1117 4768 1239 4806 cum
1288 4767 1422 4805 mss.
1474 4751 1774 4815 nonnullis,
1814 4751 2020 4818 insigne

420 4833 785 4883 documentum
816 4824 1181 4889 verecundiae;
1229 4820 1423 4877 melius
1471 4821 1630 4875 Rotn.
1680 4836 1801 4875 cum
1856 4823 2016 4889 longe

419 4901 656 4955 maxima
711 4905 862 4964 parte
916 4911 1086 4955 mss.,
1138 4894 1339 4964 insigne
1383 4892 1727 4964 verecundae,
1774 4892 1878 4945 hoc
1908 4905 2011 4958 cst,

420 4972 634 5041 signum
660 4963 721 5022 et
743 4967 896 5041 quasi
931 4963 1583 5041 vexillum_vercc_uud_ite.

493 5042 519 5079 ιι
553 5042 673 5096 Vat.
704 5034 827 5093 cod.
864 5054 1024 5104 unus,
1056 5048 1102 5092 et
1145 5035 1341 5103 effecta:
1368 5034 1726 5089 beatitudinis.

497 5122 521 5151 θ
550 5114 625 5167 Ita
667 5110 797 5165 edit.
831 5119 945 5164 ant.
980 5119 1035 5164 et
1082 5109 1267 5176 scripti
1320 5107 1442 5160 cod.
1485 5121 1679 5175 tnagno
1733 5119 1962 5158 numero
1998 5121 2012 5158 :

422 5182 582 5239 Rom.
617 5197 747 5237 vero
794 5190 850 5235 et
899 5181 1083 5249 plures
1131 5195 1202 5235 ex
1246 5177 1450 5233 eisdem
1495 5188 1607 5249 aut.
1639 5177 1692 5230 in
1748 5176 2012 5245 margine,

2125 3962 2316 4009 cetet:
2351 3957 2599 4010 homines
2628 3964 2808 4010 autem
2848 3955 3066 4011 discunt
3095 3955 3247 4025 prius
3273 3956 3421 4028 quod
3458 3959 3718 4025 doceant,

2126 4056 2182 4101 et
2208 4048 2276 4103 ab
2307 4047 2398 4101 illo
2423 4049 2700 4118 accipiunt
2731 4049 2874 4118 quod
2904 4048 3026 4104 aliis
3050 4050 3287 4105 tradant.

2194 4142 2248 4195 ll.
2281 4141 2433 4208 Quod
2466 4104 2987 4214 tte-ipsum'quidem
3019 4144 3152 4199 mihi
3179 4104 3545 4217 accidit.‘€go
3569 4146 3718 4202 enim

2125 4253 2447 4328 profitetur?
2488 4256 2583 4309 sed
2612 4256 2749 4321 visu,
2773 4254 2827 4328 id
2870 4265 2980 4328 est,
3008 4256 3264 4328 legendo,
3296 4269 3598 4324 comperta,-
3630 4262 3716 4316 in-

2124 4325 2267 4400 dicat
2294 4326 2543 4400 videlicet
2569 4327 2816 4400 exempla
2848 4325 3106 4400 virtutum
3149 4343 3272 4394 qua:
3310 4329 3628 4400 consignata
3662 4336 3720 4391 in

2123 4396 2421 4465 Scripturis
2452 4396 2860 4472 animadvertit,
2886 4414 2946 4453 se
2972 4399 3320 4472 traditurum.
3353 4396 3717 4472 Sedpraatcr-

2122 4482 2189 4522 ea
2237 4486 2342 4544 non
2389 4472 2622 4524 obscure
2672 4468 2943 4544 significat
2972 4470 3057 4544 vix
3102 4471 3249 4526 aliud
3290 4468 3565 4544 quidpiam
3592 4488 3721 4533 esse

2121 4540 2265 4608 quod
2297 4543 2499 4614 arctius
2544 4542 2854 4614 san_c_tiusve
2897 4542 3165 4614 astringat
3203 4540 3514 4613 episcopos,
3550 4559 3717 4614 quam

2121 4610 2609 4685 duceudirmunus.
2642 4611 2842 4685 verum
2871 4610 3095 4682 quidem
3126 4624 3210 4668 est
3234 4610 3348 4684 jam
3380 4610 3507 4671 inde
3533 4610 3716 4685 a'pri-

2121 4682 2222 4735 mis
2258 4680 2524 4755 Ecclesite
2545 4684 2763 4738 smculis
2786 4680 2926 4739 hanc
2971 4680 3303 4753 provinciam
3331 4702 3360 4740 a
3390 4680 3716 4755 quibusdam

2120 4754 2442 4827 prmsulibus
2494 4753 2876 4827 tlentattdatam
2926 4757 3089 4811 fuisse
3151 4753 3518 4827 presbyteris,
3562 4756 3714 4816 inter

2119 4840 2256 4893 quos
2311 4824 2443 4878 illud
2493 4824 2735 4896 cilicium
2796 4828 3130 4895 Augustinus
3181 4834 3239 4881 et
3291 4824 3717 4896 Chrysostomus

2120 4903 2267 4966 tanta
2313 4910 2435 4949 cum
2470 4895 2729 4950 Ecclesia:
2760 4898 2994 4950 utilitate
3037 4898 3310 4962 obierunt,
3344 4895 3543 4966 quanta
3586 4914 3712 4958 cum

2119 4965 2363 5034 ejusdem
2391 4968 2627 5036 pernicie
2649 4966 2865 5021 infamis
2899 4966 3094 5022 Arius:
3126 4965 3446 5024 attamenS.
3478 4969 3718 5029 Ambro-

2118 5038 2232 5090 sius
2257 5036 2352 5112 bas
2379 5038 2724 5112 episcopatus
2753 5038 2833 5090 sui
2866 5045 3049 5112 partes
3077 5039 3192 5112 ipse
3218 5053 3315 5107 per
3331 5053 3392 5094 se
3417 5057 3713 5112 numquam

2119 5122 2229 5161 non
2263 5109 2526 5176 implevit,
2556 5111 2645 5178 qui
2699 5121 2806 5162 non
2855 5108 3032 5162 solum
3087 5109 3343 5173 clericos,
3398 5114 3494 5168 sed
3542 5108 3711 5169 etiam

2119 5179 2376 5252 populum
2421 5177 2585 5252 suum
2618 5177 2943 5252 erudiebat,_
2961 5180 3172 5247 publice
3219 5182 3451 5252 singulis
3479 5184 3714 5240 domini-

419 5255 690 5337 pudenter_
714 5247 1023 5339 signiﬁcavit
1056 5267 1072 5305 :
1112 5251 1247 5306 edit.
1279 5250 1519 5339 .llilitllil)‘
1541 5247 1725 5329 Paris:
1767 5262 1855 5339 acc
1880 5260 2010 5339 nis-5..
2046 5276 2092 5339 ε
2123 5249 2201 5302 eis
2234 5250 2395 5339 verbla
2448 5250 2679 5339 faciens;
2716 5248 3051 5332 utﬁunl‘ess.
3092 5252 3181 5306 lib.
3213 5267 3283 5317 vr,
3308 5247 3430 5324 cap,
3454 5257 3505 5322 5,
3544 5265 3715 5311 ιθειη-

415 5316 524 5381 non
540 5326 714 5393 pauci,
736 5316 1036 5392 prudenter;
1065 5321 1404 5393 unuseliam,
1430 5327 1662 5388 potenter
1682 5316 2011 5388 signiﬁcavit.

496 5396 515 5435 ί
543 5391 907 5465 Mss.aliquot,
930 5409 1048 5461 qua:
1069 5395 1158 5447 ille
1183 5391 1439 5465 Spiritus.

490 5478 515 5515 Β
548 5470 671 5522 Era.
706 5464 913 5536 et’scq.
945 5466 1077 5539 edit.
1111 5480 1232 5539 eum
1272 5464 1445 5539 tribus
1482 5467 1827 5539 atttquatuor
1852 5470 2010 5539 mss.,

420 5555 517 5594 usu
547 5547 852 5610 comperta;
880 5534 1080 5610 melius
1125 5534 1348 5610 Amerb.
1397 5547 1520 5585 cum
1568 5544 1699 5610 mss.
1731 5538 1804 5610 ἐει
1855 5534 2012 5610 mini-

421 5626 598 5676 mum,
658 5599 842 5679 viginti
899 5608 1171 5677 quinque,
1222 5606 1336 5679 uisu
1391 5609 1671 5679 comperta.
1725 5599 2009 5679 Quomodo

417 5685 566 5739 enim
585 5667 845 5749 sibiitsu,
962 5667 1066 5750 est,
1104 5667 1749 5750 eiperientia,_compe_rta
1773 5667 2006 5750 diceret.

416 5768 485 5807 eo
514 5752 619 5809 loci
639 5746 748 5827 quo
767 5742 991 5808 suadeo
1019 5742 1071 5803 in
1113 5742 1341 5804 scientia
1367 5742 1739 5799 ecclesiastica
1771 5742 2004 5795 tironem

2126 5328 2236 5397 tum
2289 5320 2511 5397 reliquit
2563 5320 2919 5397 Augustinus,
2964 5328 3021 5375 ct
3063 5339 3181 5397 nos
3203 5320 3497 5396 superiore
3539 5339 3709 5397 tonio,

2115 5391 2383 5446 admonit.
2423 5393 2475 5445 in
2506 5390 2741 5460 exposit.
2777 5392 2979 5463 Evang.
3018 5408 3130 5450 sec.
3163 5390 3365 5452 Lucam
3396 5390 3712 5455 observavi;

2115 5477 2256 5516 mus.

2185 5531 2214 5570 ιι
2241 5531 2497 5611 Nonnulli
2539 5546 2671 5588 mss.
2703 5542 2757 5589 et
2788 5531 2914 5590 Gill.
2962 5536 3015 5592 in
3063 5539 3333 5610 margine,
3383 5539 3711 5611 vigilantiam

2109 5606 2489 5675 apostolorum.

2188 5675 2203 5713 ί
2237 5675 2353 5730 Non
2382 5677 2536 5746 pauci
2565 5690 2721 5742 mss.,
2747 5668 2888 5749 quod
2914 5676 3148 5737 homines
3168 5680 3396 5735 doceret.
