4010 6186
225 284 293 339 ‘23
1293 277 1377 333 DE
1417 272 1711 333 OFFICIIS
1750 269 2236 331 MiNlSTBOBUM
2276 269 2408 327 LIB.
2451 272 2491 327 Ι.
3463 270 3541 327 20

220 406 405 470 raptus
429 396 497 454 de
525 395 903 453 tribunalibus
929 404 1087 466 atque
1112 394 1598 451 administrationis
1621 404 1646 433 ιι
1671 395 1813 451 iniu-
1839 392 1894 453 A
1917 404 2088 446 meas.
2121 390 2258 445 Aliae
2287 398 2415 446 sunt
2439 389 2540 445 vi:e
2568 403 2704 461 quas
2734 387 3001 445 debemus
3032 403 3125 460 seq
3142 388 3217 455 ni,
3239 387 3370 445 alim
3392 402 3531 459 quas

218 491 285 547 lis
310 491 377 546 ad
408 489 819 555 sacerdorium,
851 489 1047 545 docere
1075 502 1173 544 vos
1201 487 1361 559 empi,
1394 486 1536 558 quod
1565 487 1682 558 ipse
1713 504 1822 544 non

220 582 398 640 didici.
434 583 623 653 Itaque
653 582 862 637 factum
893 591 977 637 est
1006 590 1065 636 ut
1093 582 1242 651 prius
1263 582 1465 635 docere
1495 582 1821 651 inciperem,

222 694 377 749 quam
409 676 667 732 *discere.
715 674 1044 731 Discendum
1097 676 1264 743 igitur
1285 675 1417 728 mihi
1446 674 1610 730 simul
1642 683 1699 729 et
1724 674 1824 730 do-

219 767 446 824 cendum
478 777 601 833 est;
634 766 897 836 quoniam
921 783 1027 820 non
1057 767 1275 822 vacavit
1298 777 1428 821 ante
1457 764 1486 805 ι’
1513 765 1747 822 discere.

849 859 1080 916 CAPUT
1127 859 1191 915 ll.

215 953 500 1024 Multiplea:
518 954 782 1025 loquendo
803 953 1000 1008 incurri
1026 953 1341 1022 periculum,
1364 953 1515 1021 cuius
1532 951 1819 1007 remedium

333 1049 624 1121 Scriptura
638 1049 696 1102 in
720 1049 926 1103 silentio
958 1048 1276 1103 demonstrat
1299 1063 1410 1101 esse
1432 1047 1679 1118 positum.

273 1145 328 1199 5.
382 1143 537 1212 Quid
592 1152 782 1198 autem
827 1157 939 1213 pra:
991 1141 1212 1198 caneris
1257 1141 1523 1197 debemus
1574 1140 1817 1207 discere,

207 1250 359 1304 quam
383 1242 605 1301 tacere,
622 1242 683 1288 ut
701 1233 975 1303 possimus
992 1232 1135 1303 loqui
1152 1251 1166 1286 :
1185 1247 1256 1288 ne
1278 1233 1429 1303 prius
1450 1247 1536 1286 me
1558 1246 1661 1287 vox
1684 1246 1819 1287 con-

205 1328 423 1383 demnet
445 1342 600 1393 mea,
615 1342 775 1398 quam
789 1325 1033 1381 absolvat
1044 1326 1219 1380 aliena
1235 1341 1250 1391 ;
1265 1327 1524 1396 scriptum
1537 1333 1623 1378 est
1637 1324 1783 1379 enim
1801 1342 1815 1379 :

206 1421 285 1477 Ea:
321 1423 502 1477 verbis
533 1422 643 1477 tuis
682 1419 1098 1477 condemnaberis
1134 1418 1355 1490 (Matth.
1384 1434 1494 1486 xu,
1528 1419 1643 1489 37).
1673 1415 1815 1485 Quid

206 1532 337 1587 opus
364 1526 461 1572 est
486 1516 655 1588 igitur
677 1526 736 1571 ut
758 1529 1020 1586 properes
1046 1515 1344 1586 periculum
1379 1514 1663 1585 suscipere
1684 1528 1816 1569 con-

207 1608 608 1673 demnationis,
658 1607 966 1679 loquendo;
1013 1623 1138 1662 cum
1187 1605 1420 1661 tacendo
1472 1605 1650 1676 possis
1692 1620 1814 1661 esse

206 1702 412 1756 tutior?
444 1700 824 1770 Quamplures
858 1698 971 1755 vidi
1017 1699 1296 1770 loquendo
1341 1706 1623 1769 peccaturo
1677 1697 1813 1752 inei-

1926 482 2208 539 custodire
2236 501 2250 536 :
2278 483 2430 550 sequi
2457 483 2572 538 vias
2598 483 2831 550 Domini,
2856 482 3133 538 custodire
3172 491 3425 547 nostras;
3452 496 3523 538 ne

1925 575 1978 629 in
2009 576 2226 645 culpam
2255 574 2513 645 dirigant.
2556 574 2720 630 Potes
2759 586 2940 630 autem
2985 574 3285 640 custodire,
3337 575 3383 629 si
3410 591 3517 629 non

1921 673 2034 729 cito
2053 672 2314 742 loquaris.
2338 671 2449 728 Lex
2473 671 2636 726 dicit:
2662 671 2822 736 Audi,
2842 668 3031 739 Israel,
3052 668 3333 723 Dominum
3358 669 3525 724 Deum

1924 778 2069 823 tuum
2111 764 2292 837 (Deut.
2325 781 2399 829 γι,
2432 766 2512 833 5).
2557 763 2676 820 Non
2724 765 2885 831 dixit,
2935 765 3182 832 loquere,
3231 761 3329 818 sed
3377 762 3524 818 andi.

1922 859 2051 914 Ideo
2098 857 2210 913 Eva
2248 858 2395 925 lapsa
2444 867 2552 922 est,
2601 855 2732 925 quia
2760 857 2937 909 locuta
2966 865 3052 909 est
3078 854 3220 921 viro,
3248 851 3395 923 quod
3423 869 3531 909 non

1920 954 2227 1009 audierata
2271 951 2504 1006 Domino
2534 950 2648 1006 Deo
2698 964 2821 1005 suo.
2864 949 3042 1005 Prima
3088 963 3194 1003 vox
3246 946 3342 1002 Dei
3392 946 3527 1002 dicit

1922 1045 2019 1102 tibi
2054 1064 2068 1101 :
2110 1045 2269 1099 Audi.
2305 1043 2323 1083 ι
2354 1044 2409 1100 Si
2450 1043 2666 1109 audias,
2717 1040 2967 1097 custodis
3014 1044 3131 1095 vias
3185 1051 3304 1095 tuas
3334 1055 3348 1092 :
3383 1047 3440 1095 et
3484 1039 3531 1095 si

1922 1140 2102 1208 lapsus
2132 1155 2214 1203 es,
2238 1140 2348 1193 cito
2370 1137 2626 1208 corrigis.
2655 1134 2722 1190 In
2751 1151 2855 1204 quo
2880 1134 3026 1190 enim
3046 1133 3257 1205 corrigit
3286 1133 3521 1200 iuvenior

1918 1233 2053 1286 viam
2090 1249 2257 1296 suam,
2299 1232 2403 1285 nisi
2441 1231 2495 1285 in
2523 1228 2865 1284 custodiendo
2911 1229 3063 1282 verba
3106 1226 3317 1282 Domini
3348 1224 3522 1280 lPsal.

1918 1341 2109 1393 cxvm,
2136 1324 2227 1395 9)?
2253 1324 2397 1381 Tace
2428 1340 2558 1395 ergo
2608 1322 2778 1393 prius,
2819 1330 2875 1377 et
2911 1322 3061 1388 audi,
3096 1330 3154 1376 ut
3209 1336 3316 1377 non
3352 1318 3528 1376 delin-

1917 1436 2053 1493 quas
2081 1421 2133 1474 in
2158 1419 2344 1489 lingua
2373 1429 2482 1473 tua.

1989 1515 2044 1567 8.
2073 1511 2249 1568 Grave
2286 1511 2488 1566 malum
2512 1516 2574 1565 nt
2613 1508 2809 1580 aliquis
2837 1522 2935 1563 ore
2961 1521 3063 1562 suo
3092 1505 3511 1562 condemnetur.

1917 1605 2129 1662 Etenim
2161 1604 2206 1658 si
2232 1618 2331 1673 pro
2356 1604 2537 1659 etioso
2559 1602 2729 1658 verbo
2747 1600 2938 1657 reddet
2960 1598 3333 1668 unusquisque
3354 1597 3523 1651 ratio-

1917 1716 2040 1757 nein
2074 1699 2287 1771 (Jlattli.
2322 1714 2422 1763 xu,
2455 1697 2545 1769 5b)
2568 1738 2584 1763 ,
2614 1705 2817 1768 quanto
2870 1695 3041 1765 magis
3072 1708 3172 1763 pro
3210 1690 3385 1748 verbo
3424 1690 3522 1745 im-

204 1792 365 1856 disb‘e.
397 1793 505 1848 vix
533 1807 864 1864 quamQuam
892 1791 1155 1847 tacendo:
1186 1790 1417 1861 ideoque
1444 1800 1626 1846 tacere
1647 1804 1811 1845 nosse
1841 1788 1889 1848 Β
1916 1794 2169 1865 puritatis
2197 1802 2254 1848 et
2289 1790 2677 1862 turpitudinis!
2710 1788 2968 1845 Grai-iura
3015 1787 3161 1842 enim
3194 1794 3324 1841 sunt
3351 1784 3518 1840 verba

203 1898 358 1954 quam
390 1885 554 1954 loqui
586 1883 868 1940 difﬁcilius
892 1892 997 1940 est.
1021 1882 1152 1938 Scio
1182 1882 1326 1953 loqui
1357 1883 1662 1953 plerosque.
1685 1896 1809 1936 cum

203 1987 376 2035 tacere
406 1977 695 2035 nesciant.
731 1976 933 2032 Rarum
973 1987 1057 2032 est
1090 1986 1272 2033 tacere
1300 1991 1654 2047 quemquam,
1686 1991 1810 2032 cum

203 2070 297 2126 sibi
325 2070 683 2143 loquj/nibil
736 2071 929 2140 prosit.
966 2069 1198 2140 Sapiens
1227 2079 1314 2125 est
1357 2084 1488 2137 ergo
1523 2070 1614 2140 qui
1659 2070 1813 2126 novit

202 2160 686 2232 taceremenique
711 2160 993 2234 Sapientia
1050 2162 1144 2218 Dei
1171 2162 1311 2217 dixit
1338 2179 1351 2215 :
1375 2161 1630 2217 Dominus
1670 2162 1813 2216 dedit

200 2256 319 2310 mihi
344 2258 591 2329 linguam
624 2257 957 2323 eruditionis,
984 2256 1194 2325 quando
1238 2264 1477 2326 oporteat
1524 2273 1808 2311 sermonem

204 2350 367 2404 dicere
388 2348 571 2417 (Esai.
601 2366 656 2415 ι,
686 2351 764 2419 Δ).
793 2349 987 2405 Merito
1017 2365 1149 2420 ergo
1172 2349 1393 2417 sapiens
1414 2350 1504 2419 qui
1526 2365 1554 2401 a
1580 2349 1809 2404 Domino

202 2440 419 2511 accipit,
443 2455 559 2511 quo
591 2451 841 2509 tempore
870 2440 975 2496 sibi
1013 2439 1346 2510 loquendum
1370 2440 1460 2494 sit.
1485 2438 1641 2495 Unde
1670 2439 1810 2495 bene

206 2533 272 2588 ait
298 2534 592 2605 Scriptura
620 2552 635 2588 :
672 2532 845 2589 Homo
880 2534 1083 2607 sapiens
1112 2534 1293 2590 tacebit
1321 2550 1481 2605 usque
1507 2534 1577 2587 ad
1608 2544 1809 2606 tempus

207 2625 394 2697 (Eccli.
414 2643 519 2691 xx,
534 2626 617 2697 7).

266 2721 320 2775 6.
353 2719 487 2775 Ideo
515 2719 694 2775 sancti
724 2719 964 2787 Domini,
995 2720 1085 2792 qui
1117 2720 1323 2776 scirent
1348 2720 1473 2790 quia
1498 2736 1601 2775 vox
1628 2721 1805 2776 ltomi-

201 2812 283 2867 itis
311 2813 649 2884 plerumque
681 2824 704 2852 α
738 2814 949 2884 peccati
995 2814 1338 2869 annuntiatio
1366 2825 1474 2881 est,
1506 2824 1561 2869 et
1591 2815 1807 2868 initium

201 2907 401 2961 erroris
433 2906 685 2972 humani,
708 2919 894 2961 sermo
924 2913 1008 2960 est
1035 2905 1292 2968 hominis,
1320 2906 1578 2961 amabant
1601 2914 1804 2960 tacere.

206 2996 448 3067 Denique
497 3005 729 3051 sanctus
777 2996 989 3051 Domini
1034 2999 1159 3049 ait:
1199 2995 1321 3051 Dixi
1367 2997 1655 3051 custodiam
1698 2997 1808 3051 rias

199 3104 353 3155 meas,
397 3098 455 3142 ut
477 3105 583 3142 non
610 3088 907 3158 delinquam
943 3089 998 3142 in
1027 3089 1205 3159 lingua
1234 3106 1345 3143 utea
1375 3088 1547 3155 (Psal.
1581 3104 1804 3153 xxxvm,

1914 1885 2362 1958 praecipitationis
2408 1898 2571 1953 quam
2621 1883 2816 1937 otiosa.
2870 1880 3035 1950 Ergo,
3090 1877 3134 1932 si
3186 1893 3285 1949 pro
3339 1877 3522 1933 otioso

1915 1980 2083 2034 verbo
2130 1978 2265 2031 ratio
2314 1976 2589 2047 poscitur,
2632 1983 2835 2046 quanto
2893 1972 3063 2043 ttiagis
3116 1984 3215 2041 pro
3264 1983 3521 2026 sermone

1915 2070 2210 2143 impietatis
2240 2084 2399 2142 poena
2426 2068 2763 2125 exsolvitur!

2539 2161 2767 2219 CAPUT
2807 2160 2894 2216 lll.

1917 2256 2041 2312 Non
2070 2267 2375 2329 perpetuum
2418 2272 2509 2311 nec
2536 2257 2758 2311 otiosum
2784 2270 2894 2310 esse
2934 2253 3117 2309 debere
3143 2253 3410 2309 silentium
3430 2267 3450 2308 :
3474 2261 3522 2308 et

1984 2366 2086 2418 quo
2116 2359 2267 2421 pacto
2300 2349 2536 2402 custodia
2560 2349 2707 2403 cordi
2741 2363 2802 2403 ac
2840 2349 2917 2401 ori
2961 2357 3143 2401 contra
3192 2348 3522 2402 inordinatos

1984 2442 2202 2510 allectus
2222 2442 2519 2496 adhibenda
2546 2442 2634 2496 sit.

1983 2536 2037 2590 9.
2071 2534 2208 2604 Quid
2244 2536 2441 2607 igitur?
2471 2535 2648 2590 Multos
2683 2548 2783 2589 nos
2826 2548 2948 2591 esse
2988 2533 3246 2605 oportet?
3272 2532 3515 2590 Minime.

1912 2628 2013 2685 Est
2062 2631 2208 2684 enim
2258 2641 2475 2701 tempus
2507 2630 2746 2694 tacendi,
2780 2636 2835 2685 et
2888 2636 2973 2684 est
3006 2640 3220 2699 tempus
3265 2626 3523 2698 loquendi

1912 2724 2140 2798 (h'ccles.
2171 2740 2256 2788 ut,
2287 2724 2366 2794 7).
2400 2723 2606 2779 Deinde
2633 2724 2678 2779 si
2713 2737 2813 2793 pro
2833 2723 3014 2777 otioso
3040 2723 3208 2778 verbo
3236 2722 3522 2779 reddimus

1911 2819 2207 2883 rationem,
2237 2816 2518 2872 videamus
2545 2832 2613 2870 ne
2641 2815 2933 2871 reddamus
2954 2827 3007 2871 et
3032 2832 3129 2885 pro
3152 2816 3332 2871 otioso
3353 2817 3521 2871 silen-

1913 2912 2007 2966 tio.
2030 2922 2054 2958 ε
2087 2913 2182 2968 Est
2205 2911 2351 2966 enim
2382 2920 2438 2967 et
2466 2911 2810 2980 negotiosum
2843 2911 3153 2976 silentium;
3185 2922 3241 2965 ut
3275 2919 3393 2966 erat
3416 2911 3521 2966 Su-

1910 3019 2118 3070 sannae,
2145 3021 2269 3074 quie
2301 3006 2423 3075 plus
2445 3005 2555 3075 egit
2589 3004 2839 3068 tacendo,
2873 3020 3036 3074 quam
3060 3005 3104 3059 si
3148 3014 3299 3060 esset
3340 3004 3516 3061 locuta

1911 3093 2075 3168 (Dan.
2111 3111 2235 3162 xm,
2270 3095 2350 3166 5).
2391 3095 2648 3151 Tacendo
2672 3096 2817 3150 enim
2851 3096 2991 3164 apud
3027 3094 3303 3163 homines,
3339 3097 3517 3151 locuta

198 3180 276 3253 ἓ).
308 3180 705 3238 Sciebatenim
739 3192 792 3236 et
815 3181 1025 3249 legerat
1054 3179 1250 3233 divina:
1273 3196 1395 3236 esse
1428 3180 1800 3249 protectionis,
1830 3184 1876 3247 C
1909 3198 1994 3242 est
2038 3188 2149 3243 Deo
2180 3209 2192 3244 :
2225 3203 2324 3243 nec
2364 3187 2535 3242 ullum
2581 3188 2755 3259 majus
2788 3187 3047 3243 iudicium
3081 3202 3196 3242 sua:
3246 3188 3520 3246 castitatis

202 3285 254 3328 ιιι
294 3274 468 3328 homo
495 3288 525 3325 a
568 3273 769 3339 lingua:
797 3288 908 3328 sum
938 3272 1158 3342 ﬂagello
1206 3272 1661 3338 abscmtderetur,
1692 3280 1748 3328 et
1777 3288 1807 3328 τι

200 3364 556 3420 tumscientia:
601 3379 715 3418 sua:
750 3362 1066 3417 testimonio
1094 3362 1237 3435 (ἰοί)
1265 3379 1317 3428 v,
1360 3365 1423 3419 2t
1452 3363 1497 3437 ).
1534 3363 1806 3419 Verbera-

203 3474 318 3510 niur
344 3459 500 3512 enim
540 3456 709 3510 tacito
749 3455 1097 3525 cogitatioiiis
1140 3465 1345 3511 nostra:
1388 3456 1708 3527 opprobrio;
1751 3464 1808 3513 et

198 3549 403 3619 judicio
433 3549 795 3605 conscientia:
830 3566 844 3602 :
874 3549 1225 3603 verberamur
1269 3549 1433 3604 etiam
1482 3550 1633 3604 vocis
1684 3563 1808 3604 nos-

202 3651 295 3698 tra:
317 3644 580 3709 verbere,
608 3657 732 3697 cum
763 3642 1036 3712 loquimur
1062 3658 1124 3697 ea
1155 3659 1385 3713 quorum
1415 3658 1556 3699 sono
1578 3642 1808 3698 cmditur

201 3738 419 3791 animus
460 3748 673 3799 nocter,
706 3745 764 3790 et
803 3751 960 3791 mens
1001 3736 1410 3791 consmu-iatur.
1441 3737 1574 3805 Quis
1622 3745 1806 3791 autem

202 3840 284 3884 est
328 3830 423 3902 qui
473 3828 742 3884 tunndum
783 3843 879 3884 cor
918 3845 946 3883 a
992 3839 1337 3895 peccatorum
1387 3830 1588 3885 habeat
1630 3829 1808 3885 collu-

201 3922 382 3987 vione,
408 3932 505 3976 aut
533 3936 645 3976 non
675 3921 956 3991 delinquat
980 3921 1032 3975 in
1061 3922 1246 3991 lingua
1274 3921 1410 3976 sua?
1440 3922 1505 3976 Et
1528 3922 1649 3977 ideo
1680 3924 1806 3992 quia

205 4015 479 4070 neminem
538 4011 811 4070 videbatd
844 4025 1096 4071 sanctum
1147 4029 1209 4069 os
1254 4031 1479 4071 servare
1532 4030 1691 4086 posse
1738 4018 1808 4071 ab

206 4108 549 4163 immunditia
581 4110 873 4175 sermonis,
901 4108 1022 4179 ipse
1050 4109 1152 4163 sibi
1182 4108 1401 4164 silentio
1433 4110 1602 4180 legem
1634 4111 1806 4180 impo-

208 4202 313 4256 Snit
349 4200 721 4267 innocentiae;
751 4199 808 4273 ὦ
845 4212 903 4255 ιιι
947 4201 1177 4257 tacendo
1221 4203 1437 4273 culpam
1489 4204 1804 4273 tleCIinaret,

207 4309 365 4364 quam
398 4296 483 4348 vix
512 4292 757 4365 effugere
779 4305 963 4364 posset
992 4295 1287 4363 laqnendo.

276 4387 329 4440 7.
362 4387 667 4442 Audiamus
692 4402 825 4457 ergo
846 4388 1115 4442 cautionis
1140 4389 1454 4459 magistrum
1482 4407 1494 4443 :
1524 4388 1667 4454 Dixi,
1690 4407 1808 4445 cus-

209 4482 397 4535 todiam
426 4489 538 4536 etas
560 4496 723 4546 meas,
755 4481 779 4510 ⁸
807 4481 912 4536 bne
933 4491 1038 4549 est,
1080 4482 1190 4536 dixi
1222 4482 1379 4549 mihi,
1405 4483 1571 4537 tacito
1592 4484 1802 4555 cogita-

1912 3278 2141 3341 invenit,
2189 3294 2353 3348 quam
2402 3278 2705 3333 silentium.
2763 3279 3108 3333 Conscientia
3166 3280 3516 3349 loquebatur,

1912 3370 2001 3424 ubi
2030 3386 2129 3424 vox
2180 3387 2287 3425 non
2331 3370 2657 3426 audiebatur
2690 3388 2702 3423 :
2737 3386 2838 3426 nec
2879 3371 3163 3441 quaerebat
3195 3386 3294 3441 pro
3322 3386 3383 3429 se
3414 3373 3514 3429 bo-

1911 3461 2115 3518 minnm
2172 3462 2477 3532 judicium,
2523 3478 2644 3534 qme
2692 3461 2929 3518 habebat
2981 3463 3195 3518 υυιιιὶιιί
3262 3465 3510 3520 testimo-

1911 3555 2082 3609 nium.
2114 3553 2198 3610 Ali
2247 3554 2340 3610 illo
2383 3554 2547 3626 igitur
2575 3554 2793 3609 volebat
2838 3555 3071 3620 absolvi,
3107 3571 3267 3624 «piem
3297 3556 3509 3612 sciebat

1912 3648 2061 3702 nullo
2090 3648 2251 3703 ιιιοιιο
2289 3663 2451 3719 posse
2491 3648 2624 3703 t‘alli.
2671 3648 2793 3720 lpse
2827 3648 3092 3704 Dominus
3135 3650 3186 3703 in
3222 3650 3518 3719 Evangelia

1913 3738 2129 3810 (Matth.
2160 3756 2308 3804 xm,
2350 3740 2445 3811 65)
2494 3749 2681 3796 tacens
2725 3741 3056 3809 cperabatur
3085 3739 3111 3777 λι
3149 3740 3384 3795 salutem
3417 3742 3514 3793 bo-

1910 3833 2139 3889 minum.
2182 3833 2350 3889 Recte
2376 3850 2506 3904 ergo
2538 3834 2710 3889 David
2739 3849 2846 3889 non
2876 3834 3153 3889 silentium
3180 3833 3281 3888 sibi
3310 3833 3509 3889 indixit

1911 3938 2253 3997 perpetuum,
2285 3929 2382 3984 sed
2412 3928 2738 3984 custodiam.

1984 4020 2072 4075 l0.
2107 4022 2485 4075 Custodiamus
2517 4036 2649 4091 ergo
2688 4035 2784 4075 cor
2819 4028 3101 4088 nostrum,
3143 4021 3518 4080 custodiamus

1910 4132 1973 4170 os
2005 4124 2284 4181 nostrum;
2319 4124 2606 4186 utrumque
2647 4115 2793 4170 enim
2838 4114 3100 4185 scriptum
3139 4126 3222 4171 est
3254 4133 3267 4171 :
3301 4116 3410 4183 hic,
3458 4128 3518 4174 ut

1910 4225 1973 4264 os
2012 4208 2422 4272 custodiamus,
2476 4208 2606 4265 alibi
2660 4209 2755 4263 tibi
2803 4209 3003 4263 dicitur
3036 4228 3048 4264 :
3079 4211 3233 4265 Omni
3272 4213 3512 4268 custodia

1908 4319 2053 4357 serva
2082 4320 2171 4358 cor
2214 4313 2364 4357 tuum
2404 4302 2589 4376 (Prov.
2638 4319 2713 4369 tv,
2744 4302 2861 4375 23).
2915 4303 2972 4359 Si
3030 4307 3374 4362 custodiebat
3415 4307 3515 4362 Da-

1911 4396 2020 4456 vid.
2056 4407 2112 4450 tu
2143 4411 2251 4452 non
2294 4397 2612 4451 custodias?
2656 4396 2712 4452 Si
2747 4397 3026 4452 immunda
3079 4398 3221 4451 labia
3276 4398 3518 4454 habebat

1914 4488 2119 4547 Esaias.
2153 4488 2242 4559 qui
2272 4487 2412 4544 dixit
2440 4506 2453 4543 :
2488 4487 2534 4542 0
2569 4489 2725 4543 miser
2751 4505 2864 4564 ego,
2897 4489 3142 4559 quoniam
3169 4499 3513 4558 compunctus

208 4572 368 4629 tionis
427 4584 708 4644 przccepto
756 4572 935 4628 indixi
987 4574 1142 4641 milli,
1193 4585 1250 4630 ut
1304 4576 1634 4632 custodirem
1690 4580 1804 4635 vias
1832 4575 1883 4637 D
1909 4598 2040 4644 sum,
2085 4582 2205 4651 quia
2242 4598 2359 4635 cum
2388 4581 2483 4636 sim
2524 4581 2774 4648 homo,et
2818 4580 3088 4637 inroranda
3132 4580 3269 4634 labia
3299 4580 3514 4636 habeam

277 4713 497 4770 'lnl'ula
553 4723 678 4771 erat
727 4715 921 4784 capitis
966 4724 1349 4771 ornamentum
1394 4733 1425 4772 e
1470 4718 1627 4772 laneo
1679 4717 1797 4779 ﬁlo.

209 4787 349 4855 quod
398 4804 507 4842 non
561 4788 742 4842 solum
793 4787 1200 4857 magistratibus
1256 4790 1649 4852 conveniebat,
1704 4789 1799 4844 sed

210 4858 368 4912 etiam
416 4857 760 4926 supplicibus
810 4858 1155 4920 oratoribus.
1196 4861 1590 4924 sacerdotibus,
1636 4860 1801 4915 iniino

214 4942 346 4984 vero
379 4939 435 4984 et
471 4929 709 5000 victimis
748 4929 901 4996 ipsis.
930 4930 1085 4995 Quod
1136 4945 1299 4999 porro
1327 4932 1648 4986 Ambrosius
1680 4949 1803 5000 rap-

217 5006 323 5052 tum
350 5015 411 5056 se
440 5015 470 5054 a
498 4999 870 5055 tribunalibus
904 5004 970 5056 ad
1007 5002 1375 5057 Sacerdotium
1422 5003 1578 5067 dicit,
1625 5004 1675 5057 id
1720 5002 1803 5057 l‘u-

214 5067 323 5126 sius
347 5070 585 5140 explicat
624 5070 889 5126 Paulinus
922 5073 976 5127 in
1017 5073 1135 5141 ejus
1166 5074 1309 5139 vita;
1364 5075 1505 5129 unde
1552 5075 1801 5130 eamdem

214 5156 327 5211 rem
356 5142 447 5195 alii
480 5143 933 5211 postea'mutnati
964 5154 1115 5199 sunt.

284 5209 312 5250 δ
336 5209 537 5285 θριηὸ
566 5216 699 5269 edit.
725 5224 849 5284 post
875 5216 1099 5269 verbum
1117 5215 1333 5278 discere,
1358 5217 1437 5270 sic
1470 5230 1806 5285 prosequun-

219 5292 303 5359 tttr
333 5301 349 5338 :
374 5281 446 5359 Et
470 5281 847 5359 quantumlibet
873 5286 1090 5359 quisque
1110 5281 1590 5359 profecerit,nemo
1620 5281 1696 5341 est
1718 5289 1808 5357 qui

221 5354 385 5428 doceri
405 5354 507 5428 non
543 5366 710 5428 egeat,
739 5357 866 5411 dum
885 5354 1029 5412 uiuit.
1061 5354 1165 5412 seu
1189 5354 1312 5412 eum
1349 5358 1540 5413 istbzec
1581 5354 1805 5413 omnino

223 5424 277 5479 il
303 5441 430 5501 mss.
457 5424 877 5501 desiderentur,
909 5430 954 5501 si
987 5428 1290 5484 Laudinum
1327 5446 1491 5484 unum
1539 5432 1801 5501 excipias,

225 5498 381 5554 atvix
410 5498 539 5571 edit.
570 5499 700 5570 ipsis
720 5499 1114 5571 antiquiorem,
1149 5516 1247 5555 nec
1275 5502 1461 5571 paucis
1508 5498 1806 5570 interpola-

229 5569 602 5640 ttuuglensce
653 5571 803 5627 modi
861 5569 1114 5635 laciniis;
1163 5569 1510 5628 manifestum
1568 5569 1665 5627 est
1697 5587 1802 5627 non

227 5638 359 5714 aliud
388 5638 487 5697 υἱέε
518 5645 874 5714 marginalern
910 5642 1148 5713 aliquam
1181 5654 1367 5699 notam
1395 5659 1541 5712 esse,
1577 5659 1697 5714 qum
1729 5645 1808 5698 in-

229 5710 832 5785 cogitanterjntextum
861 5710 1085 5785 inducta
1117 5727 1222 5770 est.
1528 5710 1533 5712 ’
1594 5710 1608 5714 ⁷
1724 5777 1728 5781 .

298 5790 319 5819 ι
343 5780 454 5839 ται
480 5783 593 5841 edit
619 5780 742 5842 cum
770 5794 909 5841 mssa
936 5780 1164 5857 aliquot,
1190 5784 1389 5853 peccati
1418 5785 1674 5842 annuntio
1696 5780 1808 5841 est:

1903 4717 2110 4773 ezedem
2143 4718 2278 4773 edit.
2303 4720 2355 4774 in
2386 4719 2650 4789 margine,
2681 4734 2742 4774 ac
2770 4718 2927 4773 Rom.
2958 4719 3008 4772 in
3035 4725 3184 4772 textu
3211 4731 3343 4789 cum
3371 4732 3506 4789 mss.

1907 4805 2014 4843 uno
2063 4791 2146 4844 vel
2178 4792 2376 4850 altero.
2412 4787 2621 4859 peccato
2650 4790 2903 4861 adjuncta
2927 4798 3003 4845 est
3027 4806 3047 4845 :
3074 4789 3167 4843 alii
3208 4787 3511 4844 codd..l're-

1906 4862 2254 4932 quentissitni
2280 4861 2566 4915 nobiscum
2603 4861 2826 4914 faciunt.

1978 4929 2001 4968 ι¹
2041 4932 2247 4985 Erasm.
2284 4941 2337 4986 et
2366 4946 2482 5001 seq.
2517 4932 2648 4986 edit.
2682 4947 2804 4986 Clllll
2827 4933 3013 5001 paucis
3040 4945 3201 4999 mss.,
3226 4939 3426 4986 castum
3450 4948 3509 4987 os

1908 5018 2138 5057 servare.

1986 5084 2008 5110 ο
2038 5074 2251 5127 Erasm.
2284 5082 2338 5127 et
2368 5087 2482 5141 seq.
2513 5072 2675 5138 edit.,
2703 5072 2800 5126 hoc
2829 5083 2908 5127 est
2938 5071 3117 5128 tacito.

1988 5142 2009 5181 τ
2044 5144 2119 5199 Ita
2151 5144 2543 5211 mss.exceptis
2564 5143 2755 5208 tribus,
2779 5159 3006 5212 quorum
3028 5159 3167 5199 unus
3195 5145 3514 5215 legitcusto.

1911 5214 2027 5268 dias
2058 5258 2072 5280 ,
2104 5217 2247 5269 alter
2278 5229 2479 5274 autem.
2502 5216 2604 5268 cito
2636 5216 2886 5284 corrigas.
2908 5216 3041 5269 edit.
3070 5232 3198 5271 vero
3222 5214 3345 5270 cum
3377 5234 3510 5274 mas.

1911 5285 2079 5351 Full.,
2102 5287 2147 5339 si
2171 5286 2347 5348 audis,
2376 5287 2605 5341 custodis
2640 5286 2819 5351 (Roni.
2854 5297 2908 5340 et
2943 5285 3107 5359 Full.,
3135 5286 3363 5359 custodi)
3401 5291 3510 5345 vias

1909 5368 2026 5411 tuas
2055 5373 2073 5411 :
2102 5368 2148 5411 et
2187 5360 2233 5411 si
2260 5359 2435 5422 lapsus
2478 5376 2555 5424 es,
2590 5358 2691 5413 cito
2737 5359 2954 5427 corrige.
2999 5356 3139 5411 Intra
3184 5356 3366 5412 autem
3421 5361 3510 5415 ubi

1909 5444 1973 5485 ex
2003 5444 2130 5484 mss.
2167 5426 2280 5485 fere
2312 5430 2567 5485 Omnibus
2592 5426 2956 5498 reposuimus,
2988 5438 3044 5481 ut
3077 5445 3178 5501 non
3208 5430 3514 5501 delinquas:

1908 5501 2039 5557 edit.
2074 5516 2199 5557 cum
2233 5504 2421 5572 paucis
2453 5517 2583 5555 mss.
2616 5501 2822 5571 legunt,
2856 5509 2904 5554 cl
2927 5516 3028 5553 non
3059 5500 3347 5572 delinquas.

1982 5581 2006 5617 κ
2034 5572 2162 5630 Gill.
2197 5589 2262 5630 ac
2294 5574 2454 5629 Rom.
2487 5573 2649 5639 edit.,
2694 5580 2767 5627 est
2795 5572 2929 5624 enim
2974 5586 3220 5643 magnum
3267 5585 3314 5626 et
3353 5591 3511 5646 nego-

1913 5643 2125 5699 tiosum.

1985 5715 2010 5753 ¹ι
2034 5716 2231 5787 Scripti
2252 5717 2414 5773 codd.
2462 5729 2659 5786 magno
2693 5729 2946 5787 numero,
2985 5713 3206 5787 salutent
3246 5718 3510 5784 omnium;

1911 5785 2077 5857 aliqui
2110 5781 2288 5844 tamen
2321 5798 2373 5841 et
2403 5781 2597 5844 omnes
2619 5786 2779 5855 edit.,
2810 5785 3028 5847 salutem
3050 5781 3341 5843 hominum.
