4030 6188
477 266 547 328 27
1064 281 1072 287 ·
1834 276 2083 334 SANCTI
2124 266 2449 337 AMBROSII
3716 279 3784 337 ες

483 388 649 459 (Esai.
680 405 757 457 vt,
788 392 848 461 5)
873 410 886 446 :
908 393 950 447 si
980 392 1239 462 propheta
1282 393 1495 449 Domini
1527 394 1807 454 immunda
1845 395 2078 453 habebat
2104 399 2159 459 Α
2252 412 2285 449 a
2317 405 2457 449 recta
2505 394 2707 449 ratione
2731 393 2950 465 prodeat
2981 395 3152 449 oratio
3185 411 3204 449 :
3232 395 3285 448 in
3328 409 3430 464 qua
3458 393 3784 465 potissimum

484 482 645 549 labia,
678 484 951 554 quomodo
974 498 1077 541 nos
1101 486 1300 542 munda
1332 486 1636 544 habemus?

557 581 646 635 ll.
677 580 744 635 Et
768 579 875 646 cui,
911 581 1014 637 nisi
1041 583 1336 654 unicuique
1378 584 1630 640 nostrum
1657 586 1922 657 scriptum
1953 595 2037 641 est
2066 602 2082 641 :

487 672 617 746 Sepi
648 675 1028 742 possessionem
1045 684 1185 731 tuam
1213 679 1452 745 spinis...
1473 687 1522 734 et
1547 690 1816 754 argentum
1843 678 1895 752 5
1920 688 1967 735 et
1992 694 2086 735 au‘

484 784 599 822 rum
649 778 794 823 tuum
823 769 1004 841 alliga,
1050 781 1099 825 et
1132 771 1209 825 ori
1256 781 1344 826 tuo
1375 775 1458 844 [ac
1504 776 1697 829 ostium
1720 782 1768 830 et
1795 785 2004 839 vectem,
2038 782 2088 828 et

486 862 649 916 verbis
693 862 793 915 tuis
813 862 1006 936 jugum
1039 874 1086 918 et
1118 872 1360 920 stateram
1389 862 1581 939 (Eccli.
1613 882 1800 934 xxvut,
1831 864 1924 932 28,
1953 852 2088 939 29)?

488 955 773 1011 l’ossessio
805 966 891 1010 tua
925 971 1080 1013 mens
1120 964 1210 1012 tua
1249 967 1370 1013 est:
1404 974 1597 1013 aurum
1627 969 1777 1013 tuum
1809 972 1906 1015 cor
1938 967 2087 1013 tuum

488 1057 614 1104 est:
657 1061 941 1120 argentum
993 1060 1143 1106 tuum
1173 1053 1451 1125 eloquium
1501 1063 1649 1109 tuum
1692 1064 1819 1110 est:
1868 1036 2092 1124 Eloquia

490 1141 721 1209 Domini,
770 1145 973 1214 eloquia
1020 1156 1198 1216 casta,
1258 1157 1526 1222 argentum
1575 1150 1693 1221 igne
1741 1151 2091 1205 examinatum

489 1233 665 1308 (Psal.
689 1252 764 1304 ιι,
798 1236 876 1310 7).
909 1238 1057 1293 Bona
1088 1240 1249 1296 etiam
1285 1243 1566 1312 possessio
1609 1257 1764 1298 mens
1796 1242 1956 1298 bona.
1994 1243 2093 1299 oe-

492 1331 654 1401 nique
685 1334 960 1401 possessio
1002 1336 1239 1403 pretiosa
1290 1335 1453 1391 homo
1499 1337 1755 1392 mundus.
1798 1337 1928 1409 Sepi
1960 1348 2091 1410 ergo

493 1423 631 1478 hanc
656 1426 1080 1494 possessionem,
1110 1437 1163 1482 et
1188 1427 1595 1485 circumvallato
1621 1432 2049 1502 cogitationibus
2071 1473 2088 1501 ,

497 1516 705 1571 munito
736 1525 762 1554 α
785 1517 978 1586 Spinis,
1012 1518 1500 1587 sollicitudinibus;
1534 1539 1600 1578 ne
1631 1523 1682 1578 in
1707 1539 1825 1580 eam
1859 1526 2090 1592 irruant,

497 1618 556 1663 et
595 1609 861 1679 captivam
902 1609 1105 1666 ducant
1153 1613 1550 1670 irrationabiles
1598 1618 1847 1687 corporis
1889 1619 2096 1689 passio-

495 1720 613 1773 nes,
666 1724 735 1761 ne
759 1706 1041 1763 incursent
1072 1716 1250 1764 motus
1296 1725 1516 1780 graves,
1547 1710 1574 1749 δ
1600 1724 1666 1767 ue
1689 1711 1951 1781 diripiant
1978 1713 2094 1767 viu-

495 1796 730 1856 demiam
762 1803 903 1871 ejus,
939 1808 1290 1859 transeuntes
1331 1804 1493 1859 viam.
1528 1802 1749 1860 Custodi
1780 1805 2093 1861 interiorem
2125 1796 2175 1858 B

498 1892 772 1949 hominem
812 1906 984 1950 tuum.
1032 1894 1153 1951 Noli
1182 1911 1304 1952 eum
1338 1899 1492 1967 quasi
1523 1895 1684 1953 vilem
1719 1898 1993 1968 negligere
2032 1911 2097 1953 ac

496 1983 764 2051 fastidire,
797 1988 921 2058 quia
952 1988 1188 2056 pretiosa
1218 1989 1493 2059 possessio
1518 1999 1623 2045 est.
1659 1988 1728 2044 Et
1751 1991 1947 2045 merito
1973 2005 2096 2060 pre-

498 2077 657 2142 tiosa,
686 2080 841 2150 cujus
865 2078 1070 2136 fructus
1098 2097 1205 2136 non
1248 2081 1486 2159 caducus
1523 2093 1577 2138 et
1620 2083 1961 2153 temporalis,
1999 2080 2097 2138 scd

496 2172 705 2227 stabilis
726 2178 904 2244 atque
946 2183 1165 2230 aeterna:
1204 2174 1394 2231 salutis
1425 2187 1528 2231 est.
1558 2175 1691 2232 Colc
1717 2193 1849 2248 ergo
1877 2191 2099 2248 posscs-

496 2265 705 2321 siunem
731 2274 903 2331 tuam,
939 2278 961 2306 ο
994 2277 1053 2322 ut
1083 2268 1194 2324 sint
1225 2267 1321 2325 tibi
1352 2270 1490 2340 agri.

570 2356 657 2415 12.
692 2360 865 2431 Alliga
896 2374 1205 2417 sermonem
1237 2370 1383 2417 tuum
1407 2405 1422 2428 ,
1460 2379 1527 2417 ne
1555 2354 1810 2427 luxuriet,
1840 2378 1906 2418 ne
1933 2362 2094 2419 lasci—

494 2452 624 2516 viat,
660 2463 714 2506 ct
753 2452 1091 2525 multiloquio
1116 2466 1334 2524 peccata
1361 2456 1464 2510 sibi
1491 2454 1730 2527 colligat.
1761 2454 1842 2511 Sit
1871 2455 2098 2512 restric-

495 2547 625 2612 tior,
659 2559 710 2602 et
745 2548 877 2615 ripis
900 2550 1010 2604 suis
1036 2558 1371 2605 coerceatur.
1403 2549 1525 2605 Cito
1557 2551 1726 2606 lutum
1749 2550 1957 2621 Colligit
1983 2566 2101 2605 am-

497 2644 581 2697 nis
605 2644 908 2698 eximdans.
938 2645 1114 2716 Alliga
1138 2661 1358 2702 sensum
1388 2655 1563 2709 tuum,
1598 2662 1702 2701 non
1736 2646 1806 2702 sit
1838 2648 2100 2702 remissus

497 2750 559 2790 ac
612 2734 857 2801 deﬂuus,
890 2752 959 2792 ne
989 2737 1202 2793 dicatur
1230 2736 1299 2793 de
1334 2745 1386 2793 te
1414 2755 1425 2790 :
1468 2735 1590 2792 Non
1620 2744 1696 2792 est
1721 2739 1980 2809 malagma
2006 2755 2101 2810 ap-

497 2845 709 2897 ponere,
749 2847 910 2901 neque
953 2832 1125 2885 oleum
1146 2870 1159 2894 ,
1193 2847 1354 2902 neque
1383 2832 1718 2903 alligaturam
1745 2818 1917 2903 (Esai.
1950 2846 1987 2895 l,
2017 2830 2095 2903 6).

500 2921 672 2978 liabet
698 2935 825 2977 suas
853 2922 1090 2980 habenas
1122 2926 1323 2981 mentis
1353 2926 1646 2992 sobrietas,
1678 2927 1875 2998 quibus
1899 2929 2101 2999 regitur

499 3024 554 3070 et
577 3015 936 3086 gubernatur.

574 3107 662 3164 l3.
696 3111 775 3164 Sit
808 3110 889 3164 ori
933 3118 1024 3164 tuo
1048 3110 1271 3176 ostium,
1304 3116 1363 3165 ut
1387 3110 1672 3166 claudatur
1707 3110 1797 3166 ubi
1829 3098 2046 3182 oportet
2082 3129 2096 3167 :

2256 489 2403 543 nobis
2431 486 2671 541 diabolus
2700 486 2999 541 insidiatur.

2262 581 2347 636 Μ.
2383 579 2509 635 [hcc
2537 581 2582 635 si
2611 578 2882 634 custodiat
2910 579 3127 651 aliquis,
3156 579 3213 634 fit
3247 579 3416 647 mitis,
3452 592 3783 651 mansuetus,
3878 569 3887 575 ’

2190 671 2493 728 modestus.
2513 671 2888 728 Custodieudo
2911 675 3058 728 enim
3087 682 3109 709 θ
3134 690 3196 727 os
3219 690 3402 741 suum,
3426 684 3481 730 et
3499 677 3786 732 retinendo

2191 766 2428 837 linguam
2456 780 2632 830 suam,
2666 778 2770 821 nec
2797 764 2943 835 prius
2968 765 3243 836 loquendo
3272 763 3434 833 quam
3468 767 3786 838 interroget,

2189 865 2247 912 et
2290 856 2567 925 expendat
2595 868 2758 928 atque
2788 857 3074 913 examinet
3105 856 3123 895 τ
3162 859 3327 913 verba
3356 874 3451 914 sua
3478 901 3492 925 ,
3527 861 3571 915 si
3601 861 3791 917 dicen-

2191 950 2316 1006 dum
2342 950 2468 1016 hoc,
2502 952 2545 1005 si
2575 950 2860 1006 dii-endum
2887 951 3153 1007 adversus
3174 952 3336 1017 hunc,
3365 954 3411 1009 si
3436 963 3649 1023 tempus
3671 968 3789 1010 ser-

2193 1047 2371 1099 monis
2401 1032 2561 1115 hujus
2599 1044 2722 1100 est:
2752 1044 2800 1099 is
2830 1043 3074 1114 profecto
3104 1056 3324 1101 exercet
3350 1047 3696 1115 modestiam,
3729 1062 3792 1103 ac

2194 1137 2697 1205 mansuetudinem,
2729 1147 2787 1193 et
2815 1138 3137 1209 patientiam
3168 1156 3181 1205 ;
3228 1149 3284 1195 ut
3313 1155 3419 1196 n0u
3449 1157 3513 1196 ex
3547 1141 3794 1212 indigua~

2195 1231 2342 1286 tione
2369 1236 2422 1284 et
2449 1231 2528 1285 ira
2559 1230 2610 1286 in
2634 1244 2942 1287 sermonem
2971 1234 3248 1304 eruinpat,
3281 1242 3386 1289 non
3411 1234 3638 1304 alicujus
3666 1234 3787 1305 pas-

2194 1322 2368 1378 sionis
2412 1323 2668 1378 indicium
2701 1324 2796 1380 det
2826 1324 2880 1379 iu
2926 1325 3110 1380 verbis
3136 1327 3270 1392 suis,
3303 1340 3410 1381 non
3445 1327 3694 1384 ardorem
3726 1329 3792 1382 li-

2197 1416 2395 1473 bidinis
2419 1402 2703 1473 flammare
2734 1418 2786 1473 in
2819 1426 3076 1475 sermone
3107 1435 3206 1473 suo
3232 1420 3598 1491 indicet,6et
3619 1420 3797 1476 inesse

2196 1508 2358 1565 dictis
2401 1510 2514 1564 suis
2546 1510 2801 1565 stimulos
2834 1510 3130 1566 iracundim
3157 1531 3170 1565 :
3204 1526 3272 1566 ne
3302 1527 3487 1567 scrqu
3518 1521 3796 1583 postremo

2197 1603 2290 1673 qui
2317 1604 2708 1658 commendare
2732 1604 2990 1658 interiora
3017 1603 3201 1670 debet,
3227 1605 3422 1660 vitium
3441 1605 3658 1677 aliquod
3677 1619 3798 1662 esse

2201 1697 2252 1750 in
2287 1695 2550 1762 moribus,
2585 1696 2796 1764 aperiat
2824 1706 2879 1751 et
2911 1696 3124 1766 prodat.

2276 1787 2364 1843 15.
2415 1787 2566 1843 Tunc
2610 1788 2754 1843 enim
2797 1789 3033 1844 maxime
3084 1788 3371 1845 insidiatur
3414 1787 3793 1856 adversarius,

2197 1884 2414 1955 quando
2441 1883 2586 1938 videt
2620 1879 2776 1939 nobis
2796 1873 3085 1955 passiones
3107 1884 3318 1954 aliquas
3342 1885 3595 1956 generari
3624 1903 3636 1938 :
3669 1894 3800 1939 tunc

2198 1976 2415 2030 fomites
2445 1978 2664 2042 movet,
2708 1976 2936 2046 laqueos
2967 1986 3139 2048 parat.
3175 1977 3326 2033 Unde
3355 1993 3460 2034 non
3488 1979 3793 2045 immerito,

2198 2067 2340 2123 sicut
2380 2068 2577 2123 audisti
2612 2067 2775 2123 hodie
2805 2069 2945 2140 legi,
2995 2070 3264 2140 Propheta
3312 2070 3446 2126 dicit
3478 2089 3491 2127 :
3528 2071 3665 2140 Quia
3692 2074 3802 2145 ipse

2203 2171 2228 2209 ε
2261 2162 2491 2216 liberavit
2537 2176 2618 2215 me
2648 2161 2711 2216 de
2751 2162 2932 2232 laqueo
2961 2164 3261 2219 venantium
3290 2176 3337 2220 et
3365 2183 3398 2221 a
3435 2166 3584 2220 verba
3613 2181 3799 2236 aspero

2203 2253 2378 2327 (Psnl.
2408 2255 2590 2327 κβ).
2615 2251 2641 2293 1³
2673 2254 3034 2327 Symmachus
3058 2259 3379 2315 irritatiouis
3396 2259 3618 2315 verbum
3639 2260 3796 2324 dixit,

2201 2347 2289 2401 alii
2321 2346 2768 2417 perturbationis.
2800 2347 3048 2419 Laqueus
3073 2348 3369 2406 adversarii
3389 2362 3471 2407 est
3490 2356 3669 2406 sermo
3695 2363 3795 2404 no-

2202 2448 2315 2496 ster
2345 2457 2358 2494 :
2400 2439 2495 2495 Sed
2525 2442 2687 2496 etiam
2718 2441 2831 2512 ipSe
2863 2457 2970 2496 non
3018 2441 3203 2497 minus
3236 2443 3584 2499 adversarius
3617 2443 3793 2498 nobis.

2204 2533 2499 2605 Loquimur
2550 2536 2872 2607 plerumque
2914 2533 3056 2606 quod
3100 2540 3337 2607 excipiat
3391 2537 3683 2601 inimicus,
3744 2544 3800 2591 et

2201 2630 2353 2699 quasi
2379 2641 2569 2683 nostro
2591 2629 2771 2699 gladio
2805 2645 2905 2684 nos
2929 2630 3197 2685 vulneret.
3223 2635 3436 2696 Quanto
3461 2631 3800 2685 tolerabilius

2202 2735 2282 2777 881
2311 2721 2492 2777 alieno
2520 2721 2722 2792 gladio,
2745 2737 2905 2793 quam
2939 2733 3125 2778 nostro
3155 2723 3334 2792 perire
3358 2726 3371 2778 ι

2275 2815 2364 2871 16.
2413 2816 2669 2886 Explorat
2717 2832 2849 2886 ergo
2894 2816 3237 2872 adversarius
3271 2826 3451 2872 nostra
3487 2832 3661 2886 arma,
3697 2817 3711 2855 ί
3747 2828 3802 2873 et

2203 2910 2441 2965 concutit
2475 2924 2573 2964 sua
2610 2911 2735 2965 tela.
2771 2911 2827 2965 Si
2854 2908 3055 2964 viderit
3083 2910 3291 2965 moveri
3320 2924 3427 2975 me,
3456 2910 3645 2964 inserit
3671 2924 3802 2965 acu-

2202 3004 2316 3061 leos
2337 3018 2487 3072 suos,
2518 3014 2573 3058 ut
2598 3006 2888 3061 seminaria
2911 3003 3213 3074 jurgiorum
3237 3005 3459 3060 excitet.
3488 3003 3542 3059 Si
3565 3005 3805 3059 emisero

2202 3100 2426 3153 verbum
2476 3098 2826 3166 indecorum,
2862 3097 3117 3169 laqueum
3163 3113 3318 3153 suum
3359 3098 3594 3169 stringit.
3630 3096 3805 3153 luter-

498 3211 555 3255 ct
596 3203 883 3259 obseretur
918 3204 1269 3274 diligentius;
1317 3220 1381 3260 ne
1409 3207 1529 3276 quis
1561 3207 1612 3261 in
1641 3204 1978 3261 iracundiam
2011 3223 2098 3262 cx-

2216 3192 2332 3247 Lillll'l
2378 3191 2511 3246 mihi
2558 3193 2711 3263 quasi
2753 3208 2931 3248 escam
2965 3194 3224 3263 proponit
3254 3192 3502 3246 vindictzc
3534 3190 3807 3261 possibili-

498 3293 632 3350 citet
668 3311 855 3351 vocem
888 3307 1033 3352 tuam
1061 3338 1075 3362 ,
1103 3304 1160 3352 et
1187 3299 1574 3354 ccutumeliam
1615 3299 1886 3371 rependas
1914 3314 2105 3356 Contu-

502 3388 698 3443 melia}.
744 3386 959 3444 Audisti
1010 3390 1172 3447 hodie
1213 3391 1414 3447 lectum
1464 3409 1477 3445 :
1524 3391 1821 3447 lrascimini
1855 3404 1906 3448 et
1949 3394 2106 3449 nolite

502 3496 715 3548 peccare
749 3480 924 3555 (Psal.
950 3498 1026 3549 tv,
1061 3484 1141 3555 5).
1173 3478 1200 3520 ά
1232 3483 1378 3555 Ergo
1407 3485 1508 3539 etsi
1542 3485 1849 3553 irascimur,
1879 3487 2000 3556 quia
2026 3486 2105 3540 af-

503 3571 677 3629 fectus
706 3586 919 3630 natur-te
947 3585 1052 3642 est,
1081 3592 1189 3630 non
1224 3578 1541 3645 potcSIatis:
1566 3578 1763 3631 malum
1794 3593 2102 3634 sermonem

502 3683 609 3723 non
655 3668 995 3739 proferamus
1021 3668 1090 3723 de
1118 3684 1215 3725 ore
1256 3680 1446 3725 nostro
1470 3712 1485 3734 ,
1530 3686 1598 3726 ne
1638 3670 1691 3725 in
1722 3672 1935 3741 culpam
1983 3688 2107 3727 rua-

505 3779 624 3817 mus
654 3780 667 3815 :
708 3762 802 3818 sed
845 3763 1036 3834 jugum
1067 3764 1139 3817 sit
1165 3763 1350 3818 verbis
1381 3765 1489 3818 tuis
1518 3773 1574 3819 et
1596 3773 1821 3829 statera,
1855 3764 1958 3820 hoc
1984 3776 2067 3820 est
2088 3806 2103 3830 ,

502 3855 780 3910 humilitas
811 3866 975 3927 atque
1006 3871 1300 3922 mensura;
1330 3867 1388 3912 ut
1422 3856 1607 3927 lingua
1646 3864 1737 3912 tua
1777 3857 1946 3912 menti
1973 3858 2101 3914 sub-

503 3949 615 4005 dita
661 3951 755 4004 sit.
804 3951 1184 4020 Restringatur
1217 3952 1446 4007 habente
1492 3951 1758 4020 vinculis,
1790 3938 1976 4008 frenos
2005 3954 2105 4008 ha-

504 4042 630 4098 beat
651 4059 799 4108 suos,
821 4044 1020 4114 quibus
1042 4047 1285 4099 revocari
1315 4047 1488 4116 possit
1508 4047 1575 4102 ad
1605 4062 1914 4102 mensuram
1947 4065 1961 4102 :
1994 4062 2107 4102 ser-

508 4151 697 4191 mones
741 4136 982 4206 proferat
1030 4139 1165 4192 libra
1212 4141 1553 4194 examinatos
1599 4139 1826 4210 iustitia:
1864 4158 1879 4199 :
1924 4151 1985 4195 ut
2035 4141 2107 4196 sit

504 4231 744 4299 gravitas
772 4232 824 4286 in
862 4246 1047 4298 sensu,
1073 4233 1124 4288 in
1149 4247 1405 4291 sermone
1435 4235 1678 4304 pondus,
1711 4243 1875 4307 atque
1900 4235 1954 4290 in
1980 4251 2106 4291 ver-

506 4312 592 4369 bis
620 4314 835 4371 modus.

509 4495 704 4554 Eadem
736 4499 971 4555 custodia
1008 4407 1356 4572 mastigia]:
1380 4408 1514 4558 Si:
1540 4503 1715 4575 pravis
1741 4504 1985 4572 motibus,
2020 4504 2111 4560 sed

580 4673 608 4701 ³
653 4666 782 4721 Ant.
833 4663 989 4726 edit.,
1040 4663 1208 4731 spinis
1244 4663 1655 4718 sollicitudinum
1696 4679 1715 4716 :

507 4751 678 4807 marg.
724 4746 775 4791 et
819 4735 973 4804 pauci
1022 4749 1152 4788 mss.
1187 4736 1238 4789 in
1274 4750 1462 4807 _corp.,
1508 4736 1607 4807 piis
1635 4732 2103 4807 sollicitudinibus,

505 4803 648 4878 quod
677 4803 832 4863 Rom.
879 4808 933 4860 in
968 4810 1174 4861 textum
1221 4803 1456 4862 admisit.
1505 4803 1630 4862 Mss.
1670 4814 1850 4860 autem
1882 4803 1970 4858 alii
2002 4821 2107 4878 non

511 4875 688 4952 pauci,
737 4879 901 4952 spinis
951 4878 1351 4952 sollicitudinis;
1404 4879 1585 4952 plures
1623 4887 1800 4952 tamen
1829 4884 1884 4931 et
1915 4875 2111 4943 proba-

510 4951 679 5005 tiores
710 4994 721 5013 ,
754 4948 943 5013 spinis,
977 4948 1434 5004 sollicitudinibus.
1474 4948 1590 5019 Big.
1619 4948 1751 5003 itero
1776 4958 2070 5018 utrumque
2090 4987 2106 5013 ,

509 5023 693 5093 spinis,
721 5023 822 5093 piis
850 5022 1316 5093 sollicitudinibus,
1348 5038 1454 5075 non
1483 5021 1642 5075 male.

584 5092 609 5129 δ
642 5091 767 5147 Mss.
828 5091 1035 5161 aliquot
1079 5104 1133 5147 et
1179 5091 1306 5147 Gill.
1355 5093 1406 5148 in
1453 5107 1649 5162 marg.,
1678 5107 1740 5146 ne
1778 5091 2110 5162 disrumpunt

511 5163 838 5218 vindemiam.

590 5246 610 5272 ο
643 5234 719 5289 lta
746 5244 856 5290 vet.
889 5235 1019 5289 edit.
1045 5249 1108 5289 ac
1136 5250 1303 5302 prope
1326 5247 1515 5289 omnes
1541 5247 1672 5288 mss.
1707 5237 1772 5287 At
1798 5231 1956 5287 Rom.
1986 5246 2110 5286 cum

512 5305 672 5381 Codd.
697 5306 817 5360 aliis
835 5306 1135 5381 noxipullis,
1153 5308 1321 5360 utsint
1348 5307 1436 5359 tibi
1459 5307 1733 5377 agni,qn:o
1756 5304 1917 5381 etiam
1942 5317 2110 5381 annoq-

516 5385 592 5429 tat
621 5378 673 5430 iu
722 5394 891 5446 marg.
933 5374 1089 5431 Prov.
1122 5393 1299 5445 xxvu,
1353 5370 1545 5443 nempe
1595 5388 1742 5429 vers.
1786 5370 1889 5446 26,
1922 5370 2109 5427 verum

514 5462 651 5501 eone
685 5440 985 5517 respexerit
1024 5460 1246 5503 sanctus
1278 5440 1505 5511 Praesul,
1541 5447 1679 5500 haud
1708 5440 1840 5499 satis
1868 5453 2033 5517 patet.

588 5516 613 5555 ⁴¹
648 5515 790 5573 Edil.
844 5519 1045 5573 ultimzr
1090 5518 1263 5576 Puris.
1318 5535 1381 5574 ac
1428 5533 1557 5574 mss.
1607 5518 1838 5586 aliquot,
1888 5515 2026 5588 Ergo
2065 5524 2112 5570 el

513 5592 802 5647 irascimur.
834 5593 956 5662 quia
980 5588 1192 5657 effectus
1217 5602 1415 5646 natura
1442 5600 1535 5645 est.

536 5720 540 5725 ,
591 5673 613 5700 (³
646 5662 775 5716 Mss.
824 5661 1046 5729 aliquot.
1108 5681 1173 5719 ac
1223 5668 1354 5721 edit.
1410 5668 1532 5721 Era.
1578 5674 1634 5719 et
1661 5663 1790 5720 Gill.
1825 5661 1877 5713 in
1911 5674 2109 5729 marg,

520 5747 609 5791 cor
638 5752 801 5789 suum.
838 5735 1047 5790 Rursus
1076 5748 1196 5813 post
1221 5753 1413 5807 pauca,
1444 5736 1531 5813 ubi
1558 5751 1657 5790 nos
1682 5741 1947 5813 cuttlant.
1977 5735 2108 5813 edit.

513 5823 578 5864 ac
603 5822 733 5863 mss.
768 5821 938 5880 prope
966 5803 1244 5876 omnibus,
1266 5826 1421 5879 quam
1442 5808 1718 5879 interroget
1743 5824 1761 5864 :
1789 5805 1949 5862 Rom.
1976 5803 2106 5860 edit.

2211 3294 2411 3353 tatem;
2451 3297 2509 3342 ut
2539 3287 2670 3342 dum
2700 3288 2965 3342 vindicari
2987 3288 3173 3357 cupio,
3203 3287 3319 3358 ipse
3341 3303 3426 3342 me
3454 3288 3688 3341 inseram
3721 3287 3805 3340 la-

2209 3397 2370 3452 queo,
2406 3393 2460 3437 et
2491 3383 2689 3438 nodum
2721 3383 2911 3438 mortis
2933 3384 3231 3453 astringant
3261 3382 3413 3436 mihi.
3440 3380 3497 3437 Si
3528 3380 3651 3451 quis
3672 3395 3806 3450 ergo

2211 3478 2356 3531 huiic
2387 3476 2754 3532 adversarium
2788 3478 2954 3530 sentit
2983 3485 3304 3546 prasentem
3329 3483 3614 3541 esse,tuue
3634 3473 3807 3542 magis

2207 3569 2507 3623 custodiam
2535 3569 2797 3625 adhibere
2816 3568 2978 3624 debet
3006 3569 3085 3623 ori
3115 3584 3238 3633 suo,
3269 3582 3338 3623 ne
3374 3566 3466 3622 det
3502 3567 3677 3622 locum
3710 3564 3809 3620 ad-

2208 3662 2450 3716 versario
2482 3678 2494 3715 :
2528 3661 2625 3716 sed
2654 3677 2759 3715 non
2791 3660 2945 3715 tnulti
2971 3661 3116 3714 hunc
3144 3659 3346 3716 vident.

2841 3754 3072 3811 CAPUT
3115 3754 3179 3808 ν.

2208 3847 2400 3904 Contra
2432 3848 2683 3904 visibilem
2724 3848 2878 3902 etiam
2925 3847 3313 3911 adversarium,
3359 3863 3474 3901 cum
3518 3861 3611 3900 nos
3656 3836 3812 3899 insti-

2278 3952 2403 4015 gat,
2447 3942 2691 3997 utendum
2728 3942 2965 4004 silentio,
2999 3944 3153 4015 cujus
3200 3941 3353 3995 unius
3398 3957 3492 4012 ope
3516 3938 3813 4009 superiores

2279 4036 2543 4091 evadimus
2565 4079 2580 4103 ,
2629 4047 2673 4092 et
2720 4035 3064 4091 humilitatem
3100 4051 3216 4106 qua:
3251 4034 3540 4090 exhibenda
3565 4035 3815 4089 adversus

2282 4145 2455 4182 omnes
2472 4172 2486 4196 ,
2520 4146 2901 4185 conservantus.
3312 4138 3316 4144 ‘

2284 4222 2374 4277 l7.
2401 4222 2507 4277 Sed
2539 4222 2703 4276 etiam
2734 4223 2824 4277 ille
2854 4220 3131 4276 cavendus
3158 4226 3262 4283 est,
3295 4221 3385 4291 qui
3409 4219 3579 4275 videri
3605 4229 3812 4288 p0tcst,

2211 4318 2539 4388 quicumque
2578 4317 2797 4383 irritat,
2846 4314 3176 4386 quicumque
3224 4314 3447 4381 incitat,
3479 4313 3818 4384 quicumque

2212 4422 2520 4484 exasperat,
2545 4412 2873 4483 quicumque
2899 4409 3169 4465 incentiva
3197 4409 3425 4465 luxuria:
3450 4416 3543 4463 aut
3566 4407 3819 4463 libidinis

2214 4503 2475 4576 suggerit.
2509 4502 2738 4571 Quando
2768 4519 2897 4575 ergo
2922 4502 3121 4575 aliquis
3147 4504 3305 4559 nobis
3332 4497 3692 4564 conviciatur,
3732 4501 3817 4554 la-

1766 4661 2011 4728 quzrdam
2052 4661 2106 4717 in
2135 4665 2189 4726 D
2213 4678 2334 4717 cmn
2369 4661 2555 4730 paucis
2585 4675 2716 4714 mss.
2742 4669 2901 4729 atque
2934 4659 3060 4714 Era.
3097 4661 3151 4715 in
3179 4675 3377 4729 marg.,
3407 4675 3559 4729 quant
3589 4659 3820 4714 interro-

2212 4746 2359 4806 getur
2392 4750 2410 4787 :
2437 4733 2528 4787 sed
2554 4734 2834 4805 interroget
2863 4732 2967 4787 hoc
2988 4731 3117 4806 loco
3146 4730 3377 4806 refertur
3403 4730 3670 4806 ad_.__ocrba_
3694 4748 3817 4796 sua,

2214 4800 2405 4876 Estque
2451 4800 2813 4876 synouymoin
2842 4819 2962 4860 cum
2995 4800 3208 4858 duobus
3235 4802 3415 4856 verbis
3449 4803 3557 4855 illic
3584 4801 3821 4871 adjunc-

2216 4878 2303 4932 tis.

2290 4946 2309 4987 ί
2345 4949 2474 5004 Mss.
2518 4963 2626 5001 non
2662 4946 2838 5017 pauci,
2868 4943 3022 5017 verba
3044 4956 3156 5004 sua,
3187 4944 3230 4997 si
3267 4941 3668 5017 custodiendum
3693 4944 3818 5000 Itoc.

2286 5029 2311 5067 ε
2353 5018 2442 5075 Sic
2486 5014 2677 5073 omnes
2707 5018 2837 5070 edit.
2883 5015 3159 5138 acvplures
3201 5014 3646 5082 pi'ObilliON‘SllIlc
3679 5032 3818 5071 mss.

2291 5109 2337 5138 ιιι
2369 5089 2640 5138 Psalterio
2672 5088 2829 5138 Rom.
2862 5096 2915 5138 et
2995 5086 3104 5138 ulu.
3135 5084 3420 5138 :nonnulli
3450 5092 3656 5138 tamen.
3679 5087 3818 5138 libe-

2215 5107 2337 5146 cuut
2369 5089 2640 5144 Psalterio
2672 5088 2829 5142 Rom.
2862 5096 2915 5140 et
2950 5084 3104 5153 Vulg.
3135 5084 3420 5138 :nunnulli
3450 5092 3656 5151 tamen,
3679 5087 3818 5141 libe-

2217 5163 2350 5216 rabit
2389 5176 2511 5226 me;
2541 5160 2738 5229 quibus
2778 5157 3042 5213 accedunt
3074 5157 3302 5226 plurima
3346 5172 3377 5212 e
3425 5167 3530 5229 vel.
3571 5157 3737 5214 PSalt,
3765 5171 3820 5213 ot

2216 5227 2596 5301 Augustinus;
2640 5230 2860 5282 Ilierou.
2897 5237 3081 5301 autem
3113 5243 3178 5281 ex
3219 5229 3425 5301 aliquot
3455 5227 3816 5301 erCiS‘Clld.

2216 5298 2452 5357 liberabit
2475 5314 2539 5354 te.
2574 5299 2641 5354 At
2664 5315 2794 5353 vero
2824 5314 2920 5370 pro
2941 5298 3085 5370 quod
3113 5311 3218 5355 est.
3246 5300 3396 5353 uerbo
3418 5316 3623 5369 aspero,
3653 5298 3821 5370 Sym-

2218 5377 2442 5448 machus
2473 5371 2707 5448 quidem
2758 5368 3463 5448 scripsItLKo'yovirrnpuuj
3484 5413 3499 5435 ,
3530 5368 3819 5448 sermonem

2214 5444 2420 5499 uiolenti
2464 5441 3333 5517 insultushcoutumclitc,'injuria?
3367 5461 3384 5498 :
3415 5442 3817 5513 Theodorelus,

2214 5521 2297 5574 τὸν
2311 5516 2464 5594 Δλόγον
2488 5510 2797 5592 ταραχώδη,
2829 5530 3113 5570 sermonem
3133 5510 3502 5574 turbulentum,
3524 5531 3583 5568 ac
3610 5510 3816 5584 perturl

2216 5590 2435 5647 (talionis
2445 5632 2456 5644 .

2289 5661 2315 5701 δ
2340 5663 2476 5719 Tres
2500 5678 2655 5723 m~s.,
2692 5658 3035 5732 Symmachus
3057 5678 3087 5713 a
3113 5659 3262 5716 verba
3291 5657 3610 5732 irritationis.

2303 5735 2319 5773 ί
2354 5736 2512 5793 Rom.
2547 5737 2683 5794 edit.
2716 5728 2779 5790 ac
2822 5728 2978 5806 pauci
3008 5748 3164 5800 mss.,
3197 5740 3242 5785 et
3268 5730 3406 5784 acuit
3436 5728 3534 5783 tela
3562 5745 3683 5789 sua.
