4030 6188
249 285 314 342 99
1322 287 1411 343 DE
1450 286 1744 344 OFFICIIS
1785 283 2255 351 MINISTRORUM
2301 296 2428 351 LIB.
2472 297 2513 352 l.
3499 297 3568 354 3t)

250 402 432 469 cessit,
477 401 544 456 ad
589 399 914 456 violentiam
959 403 1240 471 provocat,
1281 399 1346 454 ad
1389 401 1626 470 jurgium
1665 409 1850 455 vocat:
1880 409 1931 471 Α
1962 404 2144 460 vicia?
2195 405 2305 462 Cur
2347 422 2455 462 non
2504 407 2782 462 imitamur
2834 408 3104 464 dicentem
3152 426 3163 462 :

251 508 382 551 tunc
404 495 689 552 silentium
719 511 1096 559 exerceamus,
1129 503 1255 550 tunc
1297 494 1431 549 muti
1458 493 1576 549 tieri
1599 509 1704 547 nou
1733 508 1863 549 eru-

250 589 566 646 bescamus.
601 588 870 643 Peccator
898 598 981 644 est
1021 589 1166 644 enim
1198 587 1290 657 qui
1325 601 1424 640 nos
1455 591 1735 656 provocat,
1771 585 1865 656 qui

252 684 504 754 injuriam
533 682 687 750 facit,
713 691 771 738 et
810 698 910 736 nos
933 681 1140 738 similes
1170 684 1250 736 sui
1283 681 1396 736 tieri
1424 681 1719 735 desiderat.

330 779 413 835 18.
453 779 694 850 Denique
715 778 761 831 si
795 788 996 842 taceas,
1026 777 1070 832 si
1103 774 1440 842 dissimules,
1475 778 1613 830 solet
1637 774 1858 830 dicere:

248 874 391 943 Quid
443 872 626 928 taces?
672 870 948 943 Loquere,
990 873 1036 926 si
1085 871 1272 926 audes.
1329 867 1436 926 Sed
1490 885 1598 923 non
1645 867 1857 924 audes:

245 980 437 1022 mutus
465 983 545 1031 es,
570 966 842 1038 elinguem
876 975 926 1021 te
949 964 1074 1020 feci.
1109 964 1163 1021 Si
1187 981 1318 1034 ergo
1344 975 1546 1028 taceas,
1567 964 1686 1033 plus
1715 980 1861 1018 rum-

245 1065 400 1134 pitur
428 1081 441 1114 :
467 1061 665 1115 victum
699 1076 820 1116 sese
844 1069 1016 1131 putat,
1040 1059 1282 1125 irrisum,
1301 1059 1669 1129 posthabitum
1690 1068 1854 1129 atque

247 1156 494 1208 illusum.
528 1154 583 1209 Si
623 1147 979 1222 respondeas,
1010 1152 1348 1222 superiorem
1383 1167 1442 1206 se
1473 1151 1678 1206 factum
1712 1151 1856 1206 arbi—

247 1256 447 1312 tratur,
477 1245 600 1315 quia
629 1261 814 1315 parem
845 1245 1071 1300 invenit.
1105 1245 1162 1300 Si
1193 1247 1338 1298 enim
1368 1255 1571 1308 taceas,
1601 1244 1852 1300 dicetur:

244 1335 351 1394 llle
377 1338 716 1393 conviciatus
742 1347 846 1406 est,
881 1338 1024 1392 hunc
1048 1338 1376 1407 contempsit
1413 1339 1532 1393 iste.
1561 1336 1619 1393 Si
1650 1336 1856 1393 referas

244 1431 673 1495 contumeliam,
712 1428 959 1485 dicetur:
993 1429 1168 1484 Ambo
1195 1430 1484 1484 conviciati
1517 1436 1665 1484 sunt.
1692 1427 1855 1484 Uter-

244 1541 355 1594 que
387 1524 814 1588 condemnatur,
854 1539 1018 1578 nemo
1053 1521 1375 1576 absolvitur.
1413 1521 1555 1592 Ergo
1596 1521 1743 1576 illius
1773 1528 1857 1576 est

240 1615 513 1678 studium,
565 1624 622 1669 ut
669 1613 868 1681 irritet,
918 1623 976 1668 ut
1019 1613 1214 1668 similia
1264 1611 1339 1668 illi
1390 1613 1603 1684 loquar,
1648 1613 1851 1668 similia

243 1726 407 1781 agam
444 1729 456 1763 :
490 1708 622 1780 justi
660 1717 741 1764 est
783 1718 964 1763 autem
994 1707 1364 1773 dissimulare,
1399 1707 1530 1762 nihil
1561 1707 1740 1777 loqui,
1772 1715 1850 1762 te-

3225 409 3488 477 mettltti,
3523 423 3571 468 ρι

1968 498 2276 552 humiliatus
2306 516 2453 564 sum,
2485 509 2533 554 et
2563 501 2685 554 silui
2727 517 2757 553 a
2803 501 2948 555 bonis
2982 499 3151 573 (Psal.
3195 520 3434 571 xxxvttt,
3467 505 3570 578 '5)?

1967 589 2046 644 Αιι
2085 589 2186 646 hoc
2231 592 2364 646 dixit
2407 593 2821 660 tantummodo,
2858 609 2965 648 non
3010 597 3171 650 ctiam
3206 595 3334 650 fecit
3367 598 3570 653 David?

1971 683 2139 737 Immo
2184 692 2240 739 et
2289 686 2412 739 iecit
2442 683 2506 757 (11
2550 685 2676 756 Reg.
2724 699 2830 748 χιιι,
2875 687 2906 741 6
2939 699 2984 739 et
3017 686 3169 757 seq.).
3207 689 3336 743 Nam
3367 706 3486 744 cum
3521 690 3569 746 ei

1962 777 2362 831 conviciaretur
2391 774 2417 812 ἀ
2458 777 2635 833 Semei
2671 776 2809 832 titius
2840 777 3070 844 Jemini,
3101 779 3312 834 tacebat
3351 780 3518 834 David
3553 800 3564 834 ε

1964 879 2017 926 et
2048 869 2298 940 quamvis
2338 880 2527 939 septus
2557 871 2811 934 armatis,
2849 887 2954 924 non
2993 871 3344 939 retorquebat
3379 875 3570 929 convi-

1962 967 2104 1019 cium
2134 1009 2146 1028 ,
2199 982 2307 1019 non
2356 965 2618 1019 ultionem
2666 965 2978 1035 qua‘rebat,
3009 980 3252 1036 eousque
3289 981 3342 1020 ιιι
3370 967 3570 1023 dicenti

1961 1061 2062 1115 sibi
2091 1059 2292 1114 Sarviae
2324 1059 2434 1113 lilio
2465 1059 2606 1130 quod
2651 1060 2934 1115 vindicare
2965 1061 3018 1116 in
3058 1077 3185 1116 eum
3217 1063 3420 1128 vellet,
3458 1080 3568 1120 non

1959 1155 2295 1226 permiserit.
2332 1155 2445 1210 [hat
2471 1167 2600 1225 ergo
2625 1166 2895 1226 tamquam
2931 1167 3110 1210 mutus
3136 1165 3190 1210 et
3221 1157 3563 1224 humiliatus,

1959 1249 2070 1304 ibat
2121 1259 2340 1314 tacens,
2393 1265 2492 1303 nec
2534 1250 2886 1316 movebatur,
2935 1265 3056 1304 cum
3097 1252 3180 1304 vir
3207 1251 3571 1321 appellaretur

1958 1343 2258 1414 sanguinis,
2292 1343 2382 1413 qui
2415 1352 2534 1397 erat
2559 1345 2812 1398 conscius
2846 1345 3080 1412 propria:
3113 1345 3565 1400 inansuctudinis.

1957 1433 2073 1491 Non
2103 1452 2232 1506 ergo
2277 1435 2600 1490 movebatur
2631 1435 2897 1491 conviciis
2918 1479 2932 1504 ,
2967 1445 2989 1472 ο
3020 1437 3106 1490 cui
3136 1435 3445 1491 abundabat
3478 1437 3572 1492 bo-

1959 1545 2152 1584 norum
2186 1545 2412 1599 operum
2441 1527 2798 1583 conscientia.

2026 1621 2116 1679 22.
2174 1622 2360 1694 Itaque
2407 1624 2450 1679 is
2494 1622 2582 1693 qui
2627 1624 2736 1678 cito
2776 1623 2970 1692 injuria
3033 1632 3311 1691 movetur,
3353 1623 3477 1681 facit
3507 1641 3568 1682 se

1956 1717 2174 1789 (lignum
2202 1717 2370 1773 videri
2402 1718 2754 1784 contumelia,
2784 1716 2911 1772 dum
2939 1719 3048 1773 vult
3071 1735 3132 1774 ea
3158 1719 3408 1786 indiguus
3436 1736 3561 1791 pro-

242 1820 380 1860 nere
421 1806 582 1860 bona:
629 1805 861 1858 tructum
907 1799 1296 1867 conscientias,
1341 1801 1458 1873 plus
1507 1799 1850 1856 committere

1962 1813 2092 1866 bari.
2112 1811 2299 1866 Melior
2313 1820 2394 1867 est
2411 1811 2588 1882 itaque
2601 1812 2690 1881 qui
2705 1811 3008 1865 contemnit
3022 1810 3458 1882 injuriam,quam
3476 1812 3566 1883 qui

241 1899 520 1951 bonorum
558 1895 799 1969 judicio,
833 1911 995 1966 quam
1045 1896 1386 1949 criminantis
1427 1895 1766 1961 insolentia},
1801 1891 1851 1966 7

237 2001 568 2045 contentum
618 2003 739 2043 esse
780 1989 1047 2060 gravitate
1091 2003 1302 2043 morum
1351 2003 1597 2043 suorum.
1631 1987 1740 2042 Hoc
1769 1997 1855 2043 est.

236 2082 388 2140 enim
447 2082 616 2138 silere
659 2099 688 2136 a
725 2082 912 2149 bonis;
957 2083 1082 2154 quia
1139 2083 1276 2137 bcnc
1323 2081 1425 2136 sibi
1459 2083 1728 2146 conscius,
1758 2081 1856 2136 lal-

237 2182 316 2231 sis
350 2194 463 2231 non
497 2175 659 2232 debet
689 2175 897 2232 moveri
934 2194 947 2232 :
1000 2192 1101 2232 nec
1130 2182 1406 2232 :nstimarc
1440 2177 1562 2246 plus
1599 2177 1855 2246 ponderis

239 2269 292 2323 in
325 2269 521 2323 alieno
551 2284 675 2324 esse
700 2269 970 2338 convicio,
1004 2285 1165 2338 quam
1199 2267 1253 2323 in
1279 2283 1378 2323 suo
1412 2269 1744 2324 testimonio.

316 2360 408 2416 19.
445 2361 523 2416 lta
568 2361 628 2415 tit
673 2371 732 2415 ut
755 2363 918 2416 etiam
950 2361 1314 2416 humilitatem
1345 2361 1637 2416 custodiat.
1664 2361 1720 2417 Si
1753 2378 1852 2416 au-
1885 2394 1900 2408 υ

239 2469 352 2512 tem
405 2457 548 2510 ttulit
584 2457 838 2511 humilior
867 2452 1060 2522 videri,
1098 2458 1223 2511 talia
1255 2465 1470 2522 tractat,
1506 2465 1559 2511 et
1583 2456 1717 2512 dicit
1741 2459 1856 2528 ipsc

242 2565 433 2604 secum
471 2569 485 2604 :
530 2559 555 2585 °
599 2549 697 2604 Hic
738 2565 868 2621 ergo
919 2561 979 2605 ut
1022 2565 1109 2605 me
1140 2559 1489 2615 contemnat,
1539 2560 1593 2604 et
1635 2549 1686 2603 in
1727 2565 1856 2604 con-

241 2655 440 2717 Spectu
484 2661 607 2701 meo
639 2647 890 2716 loquatur
920 2639 1044 2700 talia
1077 2641 1367 2700 adversum
1413 2662 1530 2711 tne,
1564 2643 1715 2715 quasi
1744 2660 1853 2699 non

239 2738 450 2808 possim
483 2752 583 2808 ego
612 2737 659 2791 ei
691 2737 908 2807 aperire
933 2752 994 2791 os
1025 2754 1202 2792 meum
1231 2739 1253 2789 ?
1280 2737 1390 2792 Cur
1424 2753 1530 2792 non
1561 2737 1725 2797 etiam
1754 2752 1855 2807 ego

240 2833 450 2894 dicam,
485 2830 538 2884 in
568 2831 765 2900 quibus
793 2845 916 2884 eum
949 2830 1297 2886 tntBStilicare
1329 2831 1573 2900 possim?
1604 2827 1701 2884 Hic
1727 2845 1855 2899 ergo

243 2937 299 2980 ut
325 2923 460 2980 mihi
505 2923 728 2994 injurias
758 2919 942 2991 faciat,
971 2928 1122 2996 quasi
1161 2924 1241 2979 vir
1265 2941 1371 2980 non
1406 2927 1534 2992 sim,
1557 2924 1710 2995 quasi
1736 2924 1856 2978 vin-

239 3018 432 3072 dicare
460 3032 548 3072 me
579 3032 683 3071 non
715 3017 917 3089 poSsim
941 3016 962 3069 ‘i
988 3017 1084 3070 llic
1115 3025 1174 3070 ut
1212 3032 1298 3072 me
1328 3018 1670 3082 criminetur,
1699 3015 1855 3087 quasi

238 3127 343 3182 ego
376 3127 489 3165 non
522 3113 722 3180 possim
745 3112 999 3182 graviora
1026 3110 1078 3164 in
1102 3127 1223 3166 eum
1257 3111 1621 3182 componere?

307 3204 404 3260 20.
441 3205 544 3272 Qui
592 3203 717 3258 talia
749 3202 902 3270 dicit,
941 3220 1050 3259 non
1087 3217 1171 3259 est
1215 3206 1362 3259 ntitis
1403 3219 1564 3276 atque
1597 3205 1845 3273 humilis,

237 3315 347 3353 non
379 3309 467 3353 est
490 3299 612 3353 sine
637 3299 959 3354 teotatione.
995 3299 1255 3353 Tentator
1284 3315 1407 3354 eum
1433 3300 1699 3372 exagitat,
1733 3299 1847 3369 ipse

238 3398 284 3450 ei
332 3395 470 3448 tales
502 3393 791 3462 opiniones
830 3392 1042 3448 inserit.
1078 3393 1411 3464 Plerumque
1442 3391 1468 3431 ιο
1498 3383 1718 3448 adhibet
1753 3393 1847 3446 ho-

239 3489 485 3552 minem,
517 3497 682 3557 atque
707 3487 929 3556 apponit
963 3502 1193 3556 nequam
1226 3487 1474 3556 spiritus,
1508 3485 1597 3556 qui
1627 3484 1743 3540 inec
1771 3486 1847 3541 illi

237 3583 430 3635 dicat:
476 3578 576 3633 sed
625 3588 678 3632 tu
714 3579 767 3633 in
811 3587 962 3650 petra
996 3573 1162 3632 llxum
1206 3579 1494 3649 vestigium
1545 3589 1685 3633 tene.
1736 3580 1848 3635 Etsi

238 3690 438 3730 servus
471 3674 780 3728 tonvicium
807 3674 971 3738 dicat,
1002 3684 1025 3713 ε
1048 3675 1227 3744 justus
1261 3684 1402 3729 tacet
1428 3691 1440 3741 ;
1470 3675 1569 3729 etsi
1604 3676 1848 3733 intirmus

236 3767 636 3823 Contumeliam
679 3766 877 3831 faciat,
905 3766 1084 3836 justus
1124 3777 1266 3822 tacet
1300 3785 1311 3819 :
1353 3769 1456 3820 etsi
1502 3782 1710 3838 pauper
1737 3768 1848 3822 cri-

238 3865 508 3927 minetur,
529 3861 712 3931 justus
743 3877 850 3915 non
879 3860 1196 3929 respondet.
1223 3859 1347 3915 llarc
1377 3871 1502 3914 sunt
1523 3877 1670 3915 arma
1690 3861 1846 3932 justi,

239 3965 296 4008 ut
336 3955 586 4011 cedendo
640 3953 842 4008 vincat.
893 3951 1043 4008 Sicut
1094 3955 1249 4023 periti
1283 3954 1558 4023 jaculandi
1591 3953 1848 4008 cedentes

239 4052 420 4105 solent
449 4049 675 4104 vincere
697 4091 709 4114 ,
757 4060 811 4104 et
856 4047 1120 4119 fugientes
1149 4048 1491 4119 gravioribus
1531 4057 1846 4117 sequentem

239 4142 536 4196 vulnerare
567 4141 787 4196 ictibus.

868 4232 1099 4289 CAPUT
1140 4232 1224 4288 Vl.

245 4324 358 4381 Hae
381 4323 436 4381 in
468 4337 527 4382 re
552 4325 815 4382 silentium
845 4335 997 4398 atque
1019 4325 1365 4382 [inutilitatem
1393 4323 1563 4380 David
1592 4327 1848 4383 imitanda

571 4439 699 4488 esse,
733 4439 796 4477 ne
821 4422 968 4494 digni
1008 4421 1274 4477 videamur
1301 4422 1518 4493 injuria.

309 4516 370 4571 2t
387 4555 402 4568 .
423 4514 565 4584 Quid
594 4515 742 4571 enim
770 4531 907 4587 opus
929 4523 1012 4570 est
1033 4517 1262 4582 moveri;
1283 4531 1406 4572 cum
1432 4517 1688 4574 audiam!
1710 4533 1841 4574 cou-

311 4675 338 4698 ι
372 4661 511 4716 llinc
540 4662 676 4716 edit.
706 4662 835 4718 Gill.
863 4677 927 4717 ae
956 4662 1115 4718 Rem.
1149 4663 1309 4718 unius
1331 4673 1417 4716 aut
1445 4664 1671 4720 alterius
1704 4677 1839 4723 mss.

237 4737 564 4808 auctoritate
587 4735 856 4808 triplicem
889 4736 1207 4808 particulam
1230 4745 1286 4788 ut
1302 4737 1634 4791 sustulerant
1654 4755 1842 4808 :quam

239 4816 420 4878 tamen
461 4803 595 4878 alia:
620 4805 754 4860 edit.
807 4821 869 4860 ac
892 4803 1025 4878 mss.
1079 4805 1504 4876 frequentissimi
1543 4803 1845 4878 eleganzius

239 4876 522 4949 exhibent.
558 4876 655 4930 Est
699 4887 880 4931 autem
913 4877 982 4930 ibi
1009 4878 1258 4949 quaedam
1291 4878 1518 4949 ellypsis
1539 4876 1842 4949 stip'ptcnda

241 4963 336 5014 per
365 4947 594 5002 Verbum
627 4953 818 5013 patiar,
850 4948 1114 5019 ferendum
1141 4957 1229 5003 est.
1257 4960 1348 5001 aut
1373 4947 1505 5018 quid
1534 4947 1732 5005 simile.

313 5015 339 5056 ι
357 5019 515 5071 Konr.
535 5019 671 5072 edit.
697 5020 834 5076 sola,
855 5021 1058 5073 adhibet
1081 5019 1342 5073 hominem
1365 5033 1582 5076 nequam
1600 5024 1817 5076 spiritus

502 5059 515 5071 .
535 5040 671 5072 eun.
697 5040 834 5080 δυΙῖΙ,
855 5040 1058 5073 αηιιισει
1081 5040 1342 5073 ησπυηρπι
1365 5040 1582 5080 nequam
1600 5040 1837 5080 ειπνιιιιε.

314 5037 339 5056 ν
357 5037 515 5071 hut".
535 5037 671 5092 euri.
697 5037 834 5080 sola,
855 5037 1058 5073 anmoet
1081 5037 1342 5073 amntem
1365 5037 1582 5085 nequam
1600 5037 1837 5092 spiritus.

314 5099 338 5127 ε
371 5088 498 5143 llas.
549 5105 660 5176 non
711 5090 868 5158 pauci
920 5091 1002 5145 hic
1034 5101 1086 5144 et
1136 5092 1307 5176 intra,
1333 5092 1509 5161 justus
1540 5091 1748 5148 tacedt:
1789 5103 1844 5150 et

233 5171 360 5231 post
389 5176 582 5230 pauca,
603 5165 782 5234 justus
811 5178 911 5214 non
941 5165 1266 5232 respondeat.

271 5301 276 5302 ν
305 5229 332 5269 ει
375 5231 524 5302 Uss.
551 5247 660 5286 non
685 5232 863 5300 pauci,
892 5232 1061 5287 Semei
1092 5234 1253 5302 ﬁlius,
1288 5232 1485 5286 tacebat
1516 5232 1722 5299 David;
1753 5237 1844 5291 alii

234 5301 464 5374 aliquot,
491 5301 668 5374 Semei
686 5304 828 5373 ﬁlius
855 5302 1005 5374 Cera,
1037 5301 1232 5359 tacebat
1262 5302 1452 5358 Dauid.
1491 5306 1647 5360 Rom.
1679 5307 1841 5373 edit.,

236 5371 408 5428 Semei
440 5373 584 5442 ﬁli-tt:
607 5371 765 5433 Gera.
797 5376 893 5442 [illi
922 5373 1150 5439 Gemeni,
1173 5384 1279 5431 etc.

305 5445 499 5500 etiod.
559 5443 809 5512 Theod.,
864 5447 946 5499 cui
995 5447 1286 5501 abundabat
1334 5447 1497 5500 honor
1542 5459 1589 5501 et
1633 5459 1846 5516 cperunt

235 5517 570 5571 ωηεεὶωιιίσ.

310 5585 329 5624 ¹
363 5587 622 5660 Ρκτιίιιιε
659 5601 822 5660 mam,
851 5597 970 5655 post
992 5588 1140 5660 quasi
1169 5589 1382 5643 senserit
1408 5631 1421 5653 ,
1455 5590 1712 5644 omittunt
1741 5597 1846 5644 tor"-

232 5669 414 5734 μεως
441 5658 643 5734 ἔοιῇιιρ
669 5658 944 5734 loeo_legit
963 5660 1088 5734 cogi.
1111 5659 1304 5726 Laud,
1332 5669 1408 5734 est
1436 5663 1580 5730 quati
1607 5663 1844 5715 seruerit.

305 5737 333 5802 ι
372 5729 586 5785 0d"
611 5729 764 5802 hung
789 5729 969 5802 locutu
996 5729 1290 5802 eteaquas
1333 5730 1496 5799 priori
1531 5743 1682 5786 tonio
1721 5743 1838 5802 pag.

235 5800 360 5870 861,
392 5817 546 5858 llum.
581 5807 601 5858 1
635 5810 695 5858 et
720 5799 775 5869 ἓ,
807 5800 857 5854 iu
896 5799 1104 5856 titulum
1137 5802 1293 5873 hujus
1325 5803 1495 5875 ipsius
1544 5799 1732 5876 psaltni
1763 5799 1844 5860 tli-

1869 4569 1924 4629 D

1957 1903 2138 1971 dolet;
2164 1907 2252 1977 qui
2287 1906 2428 1961 cnim
2449 1906 2772 1970 contemnit,
2799 1904 2950 1973 quasi
2983 1922 3086 1957 non
3121 1905 3345 1971 sentiat,
3379 1905 3446 1958 ita
3479 1905 3573 1961 de-

1957 2001 2154 2072 Spicit:
2187 1999 2274 2069 qui
2301 2011 2482 2054 autem
2511 2000 2683 2068 dolet,
2708 2000 2861 2068 quasi
2899 1999 3162 2065 senserit,
3201 1997 3218 2036 ί
3255 2009 3563 2071 torquetur.

2513 2141 2571 2212 ε
2608 2139 2839 2195 CAPUT
2886 2139 2996 2194 vn.

1961 2254 2124 2320 Quam
2169 2253 2387 2325 pulchre
2428 2255 2661 2323 prooemii
2689 2256 2799 2309 loco
2823 2264 3110 2324 usurpatus
3144 2256 3299 2327 fuerit
3333 2259 3566 2326 psalmus

2029 2363 2272 2411 XXXVIII,
2305 2364 2404 2416 quo
2439 2347 2685 2401 inductus
2739 2345 2828 2401 Vir
2857 2359 3064 2402 sanctus
3095 2349 3158 2402 de
3194 2349 3404 2419 Ofﬁciis
3431 2349 3564 2403 srri-

2028 2438 2144 2494 bere
2189 2440 2454 2494 constituit
2488 2455 2505 2494 :
2546 2440 2698 2508 idque
2733 2437 2918 2509 potiori
2960 2442 3079 2508 jure
3118 2457 3272 2510 quant
3311 2441 3434 2495 olim
3475 2440 3563 2495 (.‘i-

2029 2547 2147 2586 cero
2174 2533 2242 2586 ad
2269 2533 2433 2600 ﬁlium
2457 2577 2470 2597 ,
2507 2537 2553 2586 et
2582 2545 2732 2603 quam
2766 2534 2829 2587 ob
2861 2551 3097 2590 causam.

2028 2645 2119 2700 9'5.
2153 2644 2334 2716 Neque
2374 2643 2676 2713 improvide
2708 2644 2773 2698 ad
2803 2662 2897 2699 vos
2931 2644 3070 2700 filios
3101 2659 3254 2702 meos
3286 2644 3558 2713 scribens,

1958 2737 2118 2807 hujus
2149 2737 2339 2809 psalmi
2375 2737 2648 2808 procemio
2677 2735 2854 2812 (Psal.
2900 2755 3124 2805 xxxvut,
3163 2736 3212 2810 1)
3249 2753 3378 2794 usus
3417 2753 3558 2793 sum.

1956 2831 2127 2901 Quem
2171 2832 2432 2898 psalmum
2488 2841 2512 2879 8
2561 2831 2823 2901 propheta
2872 2832 3036 2886 David
3092 2842 3282 2887 sancto
3330 2832 3560 2888 ldithum

1956 2924 2261 2978 cauendum
2293 2923 2460 2986 dedit,
2489 2940 2589 2993 ego
2615 2924 2770 2978 vobis
2802 2925 3092 2979 tenendum
3126 2926 3349 2991 suadeo,
3382 2925 3564 2981 delec-

1958 3027 2102 3072 tatus
2141 3017 2260 3089 ejus
2293 3033 2452 3072 sensu
2498 3017 2770 3090 profundo
2818 3028 2871 3074 ct
2913 3021 3110 3075 virtute
3141 3023 3556 3076 sententiarum.

1958 3112 2308 3166 Advenimus
2339 3114 2481 3166 cnim
2508 3129 2573 3167 ex
2609 3113 2694 3168 his
2723 3131 2842 3184 qua:
2878 3115 3119 3170 breviter
3160 3116 3472 3182 libavimus,
3508 3126 3564 3172 et

1876 3194 1921 3258 C
1957 3203 2149 3261 silendi
2175 3207 2509 3274 patientiam,
2545 3216 2598 3260 et
2621 3207 3082 3276 Opportunitatem
3114 3208 3468 3278 loquendi,ct
3507 3209 3558 3264 in

1953 3301 2346 3369 posterioribus
2378 3298 2569 3368 (Ibid..
2601 3301 2656 3368 8)
2682 3311 3054 3371 contemptum
3087 3301 3418 3367 divitiarum,
3442 3318 3561 3369 quin

1952 3394 2184 3448 maxima
2235 3395 2494 3447 virtutum
2527 3392 2875 3448 fundamenta
2910 3404 3064 3458 sunt,
3092 3391 3195 3448 hoc
3227 3393 3436 3463 psalmo
3463 3393 3561 3448 do-

1953 3487 2084 3542 ceri.
2116 3486 2250 3540 Dum
2279 3486 2438 3555 igitur
2468 3486 2612 3540 hunc
2645 3486 2912 3555 psalmum
2941 3485 3256 3552 considero,
3287 3487 3556 3542 successit

1952 3581 2134 3635 animo
2162 3580 2231 3635 de
2260 3579 2466 3634 Ofliciis
2499 3579 2759 3635 scribere.

2022 3672 2115 3727 24.
2165 3671 2238 3727 De
2280 3673 2474 3742 quibus
2524 3671 2738 3726 etiamsi
2779 3671 3000 3742 quidam
3049 3671 3410 3741 Philosophia:
3442 3679 3558 3724 stu-

1951 3764 2141 3819 dentes
2164 3765 2505 3833 scripSerint,
2542 3761 2568 3800 ιι
2603 3773 2658 3816 ιιι
2691 3763 2986 3829 Panzctius,
3020 3773 3075 3816 et
3103 3763 3244 3816 titius
3275 3763 3392 3831 ejus
3414 3762 3552 3830 apud

1950 3858 2195 3924 Grmcos,
2223 3857 2433 3912 Tullius
2476 3857 2615 3926 apud
2652 3856 2901 3921 Latinos;
2940 3872 3042 3909 non
3086 3857 3323 3910 alienum
3364 3855 3490 3910 duxi
3523 3871 3551 3911 a

1951 3959 2139 4005 nostro
2189 3965 2446 4014 munere,
2495 3957 2552 4002 ut
2597 3950 2760 4002 etiam
2805 3951 2918 4015 ipse
2959 3949 3279 4003 scriberem.
3314 3949 3380 4004 Et
3416 3950 3556 4005 sicut

1950 4042 2162 4097 Tullius
2209 4046 2225 4085 ί
2263 4040 2328 4094 ad
2371 4038 2730 4094 erudiendum
2765 4039 2967 4100 lilium,
3004 4038 3077 4093 ita
3111 4055 3213 4109 ego
3243 4055 3458 4110 quoque
3485 4041 3552 4096 ad

1950 4154 2048 4196 vos
2076 4137 2447 4193 informandos
2481 4137 2620 4192 ﬁlios
2661 4151 2842 4201 meos;
2873 4153 3045 4207 neque
3068 4137 3212 4192 enim
3246 4137 3426 4191 minus
3454 4151 3554 4193 vos

1951 4231 2118 4302 diligo
2143 4245 2276 4302 quos
2302 4231 2353 4285 iu
2380 4229 2677 4300 Evangelia
2695 4229 3065 4298 genui,‘quam
3086 4228 3128 4283 si
3159 4229 3412 4298 conjugio
3436 4241 3555 4284 Sus-

1949 4327 2236 4396 eepissem.
2279 4320 2394 4379 Non
2441 4325 2585 4380 enim
2636 4321 3017 4402 vehementior
3043 4318 3120 4378 est
3153 4334 3342 4377 natura
3372 4321 3436 4376 ad
3469 4321 3553 4376 di-

1952 4417 2246 4488 ligendum,
2279 4432 2437 4488 quam
2469 4415 2665 4486 gratia.
2701 4411 2834 4471 Plus
2859 4424 3009 4470 certe
3035 4414 3264 4484 diligere
3288 4413 3550 4469 debemus

1949 4526 2085 4582 quos
2133 4517 2394 4582 perpetuo
2447 4510 2730 4566 nobiscum
2779 4519 3030 4579 putamus
3079 4509 3323 4570 futuros,
3384 4519 3545 4576 quam

1949 4677 2181 4733 cuntur,
2235 4675 2290 4722 et
2342 4657 2654 4721 affinitatem
2706 4679 2811 4720 non
2857 4670 3076 4734 pariam
3109 4661 3400 4730 utrobique
3432 4661 3549 4716 ani-

2006 4755 2276 4792 πανριίοε.

2006 4757 2030 4792 a
2078 4755 2170 4790 ver
2265 4780 2276 4792 .

1948 4753 1998 4795 π’
2020 4740 2398 4868 δᾶνθιξιῗῇίιιιιι,
2443 4806 2595 4874 cujus
2625 4807 2959 4862 mentionem
2989 4820 3095 4859 non
3134 4821 3242 4858 uno
3271 4804 3390 4857 loco
3418 4801 3550 4855 'l‘ul-

1947 4882 2050 4935 lius
2095 4883 2256 4943 tat-it,
2317 4877 2582 4931 Ithodium
2617 4878 2784 4932 fuisse
2823 4893 2886 4931 ex
2917 4878 3185 4932 Strabone
3215 4875 3381 4929 refert
3415 4874 3550 4927 Vos-

1947 4955 2058 5006 sius
2116 4953 2209 5005 lib.
2245 4951 2306 5003 tle
2351 4947 2494 5001 Phil.
2558 4951 2727 5012 sectis,
2765 4963 2883 5016 eap.
2923 4947 3009 5013 19,
3055 4961 3173 5016 pag.
3213 4947 3336 5005 105.
3384 4961 3544 5011 quem

1947 5023 2190 5078 consule.
2223 5022 2299 5074 De
2333 5019 2441 5072 ﬁlio
2472 5026 2652 5073 autem
2703 5023 2822 5086 ejus
2853 5023 2940 5083 qui
2982 5019 3267 5085 scripserit
3296 5017 3497 5086 aliquid
3527 5059 3542 5080 ,

1948 5101 2146 5165 ιιι-αξιοι·
2196 5090 2540 5165 Ambrosium
2591 5089 2731 5165 forte
2787 5092 3035 5165 reperias
3077 5091 3381 5152 neminem,
3445 5090 3546 5143 nisi

1951 5161 2072 5233 quis
2123 5175 2208 5218 aut
2245 5163 2620 5216 Possidonium
2654 5162 2770 5228 ejus
2813 5161 3148 5233 discipulum
3175 5168 3228 5211 et
3257 5173 3543 5233 successo-

1952 5230 2063 5291 rem
2096 5237 2377 5304 intelligat,
2411 5233 2476 5286 de
2505 5248 2612 5294 quo
2639 5233 2781 5287 Tull.
2815 5232 2904 5304 lib.
2926 5247 2980 5285 ιιι
3017 5232 3084 5284 de
3105 5230 3272 5304 rOltic.
3303 5239 3360 5283 et
3381 5232 3543 5304 epist.

1952 5310 2018 5362 16
2064 5308 2128 5361 ad
2181 5303 2321 5361 Attic
2343 5345 2355 5359 .
2410 5307 2494 5358 vel
2528 5304 2858 5358 Hecatonem
2893 5303 3114 5356 Panaetii
3143 5317 3357 5370 quoque
3390 5303 3545 5356 audi-

1952 5391 2147 5442 torem,
2172 5395 2330 5449 quem
2366 5377 2504 5449 idem
2538 5375 2796 5444 'l‘utl.'sex
2821 5375 2988 5429 libros
3016 5374 3084 5428 de
3115 5373 3214 5426 hoc
3239 5374 3357 5442 ipso
3384 5388 3545 5444 argu-

1951 5461 2134 5505 mento
2157 5449 2440 5518 scripsisse
2469 5455 2660 5501 auctor
2691 5457 2794 5502 est.

2023 5522 2038 5560 ί
2076 5523 2188 5576 Lib.
2225 5537 2241 5575 ι
2272 5513 2340 5574 de
2370 5517 2524 5573 Oltic.
2559 5533 2675 5588 pag.
2714 5519 2844 5581 551,
2884 5515 3112 5588 toto.“
3155 5513 3539 5588 ejttstlett'i_Cic.

1947 5597 2175 5662 oportuit
2229 5593 2464 5647 Genevze
2495 5586 2648 5662 apud
2678 5589 2788 5644 Jer.
2834 5588 2930 5644 des
2963 5587 3248 5662 flamines
3280 5597 3366 5662 an.
3400 5586 3546 5662 κβ.

1946 5657 2215 5719 editorum
2239 5705 2251 5726 ,
2286 5677 2444 5730 quam
2477 5661 2609 5712 edit.
2646 5663 2696 5714 in
2729 5659 3077 5726 sequentibus
3110 5671 3325 5730 semper
3355 5657 3550 5711 lauda-

1949 5737 2126 5791 bimus
2145 5778 2158 5799 ,
2189 5733 2281 5788 ιῑιι.
2307 5727 2368 5788 3:
2395 5731 2504 5787 Sed
2523 5747 2637 5784 cum
2654 5734 2947 5788 statuissem
2969 5729 3166 5799 aliquid
3192 5727 3289 5782 hoc
3313 5738 3552 5794 (corpore

1948 5809 2015 5863 ad
2042 5819 2088 5864 te
2117 5806 2356 5874 scribere,
2381 5807 2486 5859 etc.
2514 5803 2644 5861 Item
2670 5806 2738 5862 ad
2772 5806 2933 5864 Attic.
2960 5803 3122 5875 epist.
3146 5799 3272 5866 527,
3299 5801 3392 5856 tib.
3418 5813 3514 5858 xv.
