4030 6188
404 209 476 269 Si
1741 196 1990 257 SANCTI
2030 194 2354 255 AMBROSII
3651 180 3724 238 $3

409 343 548 401 quos
579 325 634 383 in
662 325 767 383 hoc
798 331 1006 381 tantum
1030 320 1251 379 szecnlo.
1284 319 1365 377 Illi
1388 317 1692 392 degeneres
1717 327 2016 376 nascuntur
2042 322 2095 381 Α
2123 318 2225 373 tria
2252 317 2307 373 iu
2337 315 2573 387 quinque
2597 325 2797 382 genera
2827 308 3154 374 diviserunt,
3183 305 3237 360 in
3260 303 3369 359 duo
3396 300 3649 365 honesta,
3675 306 3732 353 et

412 390 748 497 frequenter,
794 422 884 493 qui
929 419 1228 475 dedeceant
1270 390 1482 488 patrem
1506 435 1520 472 :
1571 431 1670 472 vos
1698 425 1826 471 ante
1855 413 2021 485 elegi-
2122 409 2233 465 duo
2264 407 2457 475 utilia,
2509 414 2563 460 et
2613 401 2852 472 eligendi
2891 399 3177 470 judicium.
3224 396 3408 450 Prima
3453 390 3733 463 pertinere

414 534 561 586 mus,
592 526 649 572 ut
675 515 988 585 diligamus.
1017 513 1207 584 Itaque
1231 512 1309 567 illi
1342 511 1669 567 necessitate
1696 483 2017 580 diliguntur,
2126 505 2315 560 dicunt
2357 502 2422 557 ad
2466 500 2635 556 decus
2681 499 3133 564 honestatemque
3159 494 3282 545 vitae
3308 531 3324 557 ,
3377 486 3614 545 secunda
3664 483 3733 541 ad

411 627 535 682 qua:
575 625 680 666 non
721 609 855 663 satis
903 605 1099 662 idonea
1128 614 1290 677 atque
1320 604 1575 660 diuturna
1616 612 1699 660 est
1728 578 2022 672 all—perpe-
2127 600 2254 653 vitae
2279 594 2566 653 commoda
2596 635 2611 659 ,
2637 592 2844 660 capias,
2867 604 2997 658 opes
3018 630 3033 653 ,
3080 586 3367 641 facultates
3394 598 3408 638 :
3454 583 3523 638 de
3545 581 3610 637 iis
3634 578 3736 635 eli-

417 679 662 761 tuitatetti
708 699 969 772 diligendi
1008 699 1265 769 tnagistra
1311 716 1325 753 :
1366 712 1463 753 vos
1503 696 1745 768 judicio,
1776 709 1884 765 quo
1913 710 2028 749 ma-
2127 690 2321 762 gendis
2339 689 2564 744 subesse
2590 683 2878 756 judicium.
2913 681 3037 737 Haec
3067 679 3165 734 illi.

415 812 583 871 gnum
607 804 633 834 ⁸
683 795 968 851 cbaritatis
1001 792 1211 865 pondus
1238 793 1305 847 ad
1341 793 1447 847 vim
1475 790 1735 862 diligendi
1769 787 2025 859 adjungi-

416 904 527 964 tur,
556 893 793 965 probare
821 905 961 963 quos
999 891 1217 961 diligas.
1250 898 1305 945 et
1325 888 1556 959 diligere
1601 900 1741 959 quos
1767 884 2023 955 elegeris.

1035 980 1268 1038 CAPUT
1310 979 1444 1035 \‘lll.

422 1075 631 1133 Nomen
660 1075 864 1148 Ofﬁcii,
895 1091 999 1129 non
1019 1074 1187 1129 solum
1219 1071 1564 1144 philosophis,
1597 1069 1686 1124 sed
1717 1069 1869 1123 etiam
1891 1068 2028 1122 scri-

497 1170 731 1242 ptoribus
757 1169 923 1224 sacris
940 1168 1189 1223 usitatunt
1205 1181 1350 1232 esse;
1369 1173 1417 1219 et
1443 1164 1578 1219 unde
1592 1164 1688 1217 hoc
1712 1161 2032 1217 deductum?

496 1264 588 1320 25.
624 1263 769 1334 Ergo
795 1261 1053 1334 quoniam
1088 1274 1337 1331 personae
1366 1257 1725 1320 conveniunt,
1754 1255 2033 1311 videamus

420 1367 604 1412 utrum
650 1370 742 1411 res
782 1354 901 1426 ipsa
948 1354 1240 1409 conveniat
1284 1352 1528 1406 scribere
1573 1350 1640 1405 de
1689 1347 1902 1406 Officiis
1933 1367 1946 1401 :
1978 1356 2035 1404 et

425 1461 609 1506 utrum
640 1449 745 1506 hoc
762 1463 961 1505 nomen
980 1446 1427 1520 pltilosoiiltorum
1444 1445 1819 1501 tantummodo
1830 1444 2034 1501 schola:

428 1553 615 1615 aptum
658 1544 752 1609 sit,
795 1556 864 1597 an
896 1542 1132 1597 etiamin
1162 1539 1462 1611 Scripturis
1484 1538 1790 1610 reperiatur
1813 1537 2036 1594 divinis.

428 1638 667 1695 Pulchre
724 1638 912 1703 itaque
963 1635 1092 1692 dum
1151 1635 1387 1707 legimus
1447 1633 1610 1689 hodie
1674 1631 2034 1703 Evangelinm

2200 783 2293 838 28.
2338 791 2363 830 ις
2410 780 2521 836 Nos
2550 788 2731 833 autem
2764 775 2895 830 nihil
2934 773 3158 829 omnino
3201 770 3304 827 nisi
3353 767 3495 840 quod
3545 766 3741 822 deceat

2130 886 2185 931 et
2231 876 2520 928 honestum
2553 872 2663 935 sit,
2710 867 3013 922 futurorum
3063 861 3233 934 magis
3280 876 3442 933 quam
3495 872 3739 930 pra-sen-

2134 971 2265 1025 tium
2297 967 2551 1022 metimur
2584 962 2815 1019 formula
2845 980 2859 1016 :
2911 958 3158 1028 nihilque
3185 957 3319 1012 utile
3348 955 3449 1010 nisi
3493 951 3639 1024 quod
3671 951 3742 1007 ad

2133 1063 2258 1115 vita:
2306 1058 2454 1114 illius
2499 1066 2716 1111 interna:
2759 1053 2931 1122 prosit
2973 1051 3204 1123 gratiam
3260 1048 3589 1111 definimus,
3631 1059 3743 1100 non

2134 1154 2277 1224 quod
2305 1151 2369 1206 ad
2399 1147 2818 1205 delectationem
2842 1142 3152 1215 praesentis.
3183 1141 3368 1210 Neque
3390 1138 3569 1209 aliqua
3592 1152 3747 1193 com-

2136 1246 2294 1303 moda
2328 1247 2379 1301 itt
2426 1242 2776 1298 facultatibus
2816 1249 2872 1295 et
2916 1237 3089 1308 copiis
3118 1251 3280 1306 opum
3313 1232 3701 1289 constituimus
3729 1247 3742 1284 :

2136 1341 2231 1398 scd
2276 1337 2619 1395 incommoda
2671 1335 2787 1389 lucc
2840 1341 3123 1403 putamus,
3172 1329 3216 1384 si
3247 1344 3355 1383 non
3395 1326 3740 1398 rejiciantur;

2138 1431 2167 1470 ιι
2195 1446 2365 1502 eaque
2416 1428 2568 1485 oneri
2614 1443 2737 1483 cum
2767 1426 2876 1481 sint
2904 1420 3164 1480 aestimari
3195 1421 3366 1493 magis
3392 1461 3407 1488 ,
3437 1433 3601 1490 quam
3631 1416 3746 1472 dis-

2141 1525 2338 1597 peudio
2365 1538 2489 1578 cum
2514 1526 2831 1592 erogantur.

2209 1621 2299 1674 2f).
2342 1617 2460 1673 Non
2501 1613 2833 1687 superfluum
2875 1610 3041 1682 igitur
3083 1605 3395 1680 scriptionis
3427 1612 3626 1661 nostra:
3663 1611 3751 1660 est

432 1729 610 1805 (quasi
640 1697 1030 1785 adhortaretur
1058 1728 1123 1782 ad
1148 1697 1521 1797 scribendum)
1550 1724 1791 1795 Spiritus
1817 1697 2038 1780 sanctus

2182 1727 2298 1782 pus,
2326 1708 2454 1779 quia
2482 1706 2735 1762 Ofﬁciqu
2766 1704 2985 1759 diversa
3019 1701 3352 1756 :estimamus
3381 1697 3567 1769 regula
3589 1703 3753 1766 atque

431 1823 632 1880 obtulit
669 1824 827 1878 nobis
864 1823 1180 1889 lectionem,
1227 1837 1331 1893 qua
1379 1821 1833 1876 conﬁrmaremur
1876 1819 2039 1874 etiam

432 1917 488 1974 in
514 1918 675 1973 nobis
704 1915 958 1973 Officium
982 1915 1088 1971 dici
1114 1930 1294 1987 posse.
1327 1913 1460 1970 Nam
1490 1930 1612 1970 enm
1640 1913 1933 1970 Zacharias
1958 1928 2045 1967 sa-

431 2010 629 2066 cerdos
652 2011 1018 2067 obmutuisset
1045 2010 1098 2065 in
1131 2008 1337 2079 templo
1358 2050 1376 2077 ,
1404 2017 1459 2063 et
1481 2007 1630 2078 loqui
1675 2021 1780 2062 non
1808 2015 1996 2075 posset
2027 2021 2042 2060 :

438 2104 664 2161 Factum
698 2115 795 2175 est,
840 2105 1038 2177 inquit,
1063 2113 1117 2158 ut
1137 2103 1338 2176 impleti
1365 2113 1484 2158 sunt
1511 2102 1620 2156 dies
1640 2099 1670 2139 δ
1701 2099 1883 2173 Ofﬁcii
1911 2101 2045 2170 ejus,

437 2197 566 2253 abiit
592 2198 647 2253 in
686 2198 896 2253 domum
937 2213 1086 2254 suam
1132 2196 1287 2270 (Luc.
1334 2211 1386 2265 ι,
1435 2195 1552 2268 25).
1595 2194 1854 2265 Legimus
1885 2193 2051 2266 igitur

438 2292 688 2348 Ofﬁcium
710 2292 819 2348 dici
847 2308 880 2349 a
913 2292 1073 2349 nobis
1104 2306 1285 2362 posse.

511 2385 570 2456 9
622 2384 711 2439 26.
752 2382 865 2440 Nec
921 2384 1062 2439 ratio
1101 2383 1219 2453 ipsa
1258 2382 1549 2451 abhorret,
1606 2379 2051 2454 quandoquidem

449 2483 472 2513 ε
504 2474 756 2530 Ofﬁcium
794 2475 864 2529 ab
891 2474 1183 2531 efficiendo
1210 2474 1415 2531 dictum
1446 2485 1717 2545 putamus,
1750 2472 1906 2544 quasi
1935 2471 2055 2528 effi-

443 2567 588 2622 cium
614 2584 628 2624 :
670 2567 768 2623 sed
798 2577 1021 2638 propter
1047 2566 1301 2623 decorem
1333 2568 1604 2622 sermonis
1632 2582 1737 2622 una
1771 2566 2054 2621 immutata

447 2655 656 2723 littera,
684 2657 923 2712 officium
955 2656 983 2698 (ι
1015 2658 1314 2727 nuncupari
1346 2676 1361 2713 :
1392 2657 1477 2712 vel
1507 2666 1694 2724 certe,
1721 2666 1779 2712 ut
1807 2671 1872 2712 ea
1902 2670 2054 2727 agas,

449 2768 572 2823 qute
604 2752 737 2806 nulli
763 2750 1033 2818 ofﬁciant,
1063 2750 1271 2822 prosint
1294 2750 1568 2805 omnibus.

1081 2841 1314 2899 CAPUT
1354 2842 1447 2898 IX.

459 2935 710 3007 Ofﬁcium
733 2936 797 2991 ab
829 2934 1044 2991 honesto
1090 2946 1136 2990 et
1191 2936 1355 3002 utili,
1402 2951 1496 2989 nec
1540 2950 1643 2988 non
1687 2933 1750 2988 ab
1789 2930 2058 2987 amborum

531 3030 664 3083 inter
689 3045 744 3083 se
770 3030 1155 3097 comparatione
1181 3029 1380 3083 tlesumi
1397 3044 1416 3082 :
1437 3027 1528 3082 sed
1550 3045 1579 3079 α
1603 3026 1911 3081 Christianis
1932 3026 2063 3080 nihil

2147 1805 2222 1861 illi
2276 1804 2703 1859 aestimaverunt.
2766 1796 2851 1852 llli
2898 1794 3080 1851 saeculi
3148 1791 3433 1849 commoda
3481 1791 3536 1845 in
3593 1789 3753 1844 bonis

2147 1899 2389 1961 ducunt,
2433 1907 2531 1947 nos
2574 1890 2691 1945 bzec
2734 1889 2900 1944 etiam
2952 1887 3005 1941 in
3057 1884 3438 1949 detrimentis;
3487 1878 3751 1952 quoniam

2147 1994 2239 2065 qui
2271 1993 2356 2048 hic
2384 1990 2576 2060 recipit
2608 1988 2769 2050 bona,
2804 1993 2865 2039 ut
2890 1984 2981 2039 ille
3004 1982 3187 2049 dives,
3219 1978 3335 2035 illic
3361 1977 3674 2035 cruciatur:
3700 1982 3757 2031 ct

2152 2088 2387 2142 Lazarus
2414 2082 2506 2153 qui
2539 2081 2679 2136 mala
2711 2079 2801 2135 hic
2855 2074 3110 2148 pertulit,
3163 2072 3273 2127 illic
3318 2069 3753 2127 consolationem

2154 2180 2356 2237 invenit
2379 2177 2533 2249 (Luc.
2558 2191 2646 2231 xvt
2668 2215 2684 2240 ,
2713 2170 2829 2244 ΞΒ).
2880 2169 3085 2226 Deinde
3115 2167 3206 2237 qui
3250 2165 3346 2221 illa
3389 2179 3496 2219 non
3529 2163 3757 2232 legunt,

2154 2281 2336 2329 nostra
2367 2272 2547 2341 legent
2577 2270 2621 2324 si
2647 2267 2868 2322 volent:
2900 2264 2992 2333 qui
3017 2277 3122 2316 non
3155 2274 3466 2316 sermonum
3494 2256 3763 2328 supellec—

2157 2366 2307 2422 tilem
2334 2406 2350 2432 ,
2395 2377 2573 2434 neque
2599 2368 2773 2416 artem
2815 2355 3062 2423 dicendi;
3094 2353 3189 2410 sed
3230 2351 3531 2424 simplicem
3573 2364 3763 2405 rerum

2157 2458 2447 2530 exquirunt
2482 2452 2731 2526 gratiam.

2792 2541 3025 2600 CAPUT
3061 2540 3133 2612 _x.

2161 2644 2321 2701 Prius
2340 2644 2395 2698 in
2421 2640 2582 2697 sacris
2604 2637 2785 2693 litteris
2815 2635 3058 2689 decorum
3078 2648 3231 2703 quam
3251 2632 3305 2686 in
3331 2624 3769 2701 philosOphorum

2234 2738 2399 2794 Iibris‘
2423 2740 2801 2809 frequentatum
2845 2745 2953 2784 esse
2980 2745 2999 2784 :
3053 2726 3402 2799 Pythagoram
3442 2722 3634 2779 silentii
3680 2723 3770 2777 sui

2232 2834 2393 2905 legem
2420 2838 2714 2885 mutuatum
2730 2843 2762 2881 a
2784 2824 2987 2880 Davide
3008 2844 3023 2879 :
3044 2824 3133 2878 sed
3154 2821 3309 2894 hujus
3332 2829 3499 2875 tamen
3520 2827 3772 2891 prcestare

2235 2927 2561 3000 disciplinam
2577 2941 2596 2990 ;
2610 2940 2724 2978 cum
2740 2922 2960 2992 primunt
2978 2918 3211 2991 ofﬁcium
3225 2917 3289 2971 sit
3304 2912 3546 2986 loquendi
3560 2911 3768 2966 modus.

2237 3019 2326 3075 50.
2370 3019 2637 3073 Decorum
2671 3014 2688 3053 ί
2719 3023 2899 3069 autem
2931 3012 2986 3067 in
3030 3010 3231 3065 nostris
3271 3006 3568 3077 Scripturis
3592 3004 3774 3075 primo

530 3120 671 3189 quod
697 3121 768 3175 ad
791 3096 1021 3191 futuram
1052 3121 1207 3175 vitam
1248 3136 1351 3174 non
1391 3124 1652 3189 conferat,
1683 3118 1952 3172 honestum
1977 3126 2065 3172 aut
2093 3115 2140 3180 C
2169 3113 2423 3170 constitui
2459 3113 2578 3165 loco
2610 3108 2631 3182 (
2656 3106 2804 3180 quod
2835 3105 3028 3162 Greece
3056 3105 3252 3181 πρέπον
3286 3100 3389 3173 ιο
3425 3096 3645 3167 dicitur)
3684 3097 3771 3151 in«

531 3212 660 3267 utile
679 3215 932 3286 agnosci;
978 3225 1130 3285 atque
1158 3214 1288 3269 adeo
1317 3230 1418 3268 non
1459 3228 1896 3286 supervacaneum
1947 3214 2059 3284 fore

531 3306 670 3358 hunc
696 3306 759 3360 de
788 3306 982 3379 Ofﬁcio
1004 3306 1303 3361 tractatum.

531 3396 620 3450 27.
663 3396 850 3452 Ofﬁcia
884 3406 908 3435 ο
939 3410 1120 3453 autem
1152 3398 1222 3452 ab
1252 3396 1490 3453 honesto
1528 3406 1584 3452 et
1613 3396 1728 3452 utili
1756 3395 1882 3451 duci
1912 3396 2060 3451 exis-

463 3490 825 3558 timaverunt,
854 3502 909 3546 et
934 3491 1004 3547 de
1054 3493 1122 3547 iis
1149 3491 1363 3548 duobus
1391 3491 1596 3562 eligere
1636 3491 1765 3562 quid
1799 3499 2018 3561 [irmstet
2048 3509 2061 3544 :

466 3578 486 3617 ί
515 3579 717 3636 deinde
745 3581 989 3638 incidere
1018 3594 1074 3638 ut
1101 3582 1209 3638 duo
1237 3591 1572 3638 concurrant
1598 3583 1849 3648 honesta,
1879 3591 1934 3637 et
1959 3582 2068 3637 duo

462 3672 616 3728 utilia
641 3690 656 3739 ;
707 3683 762 3730 et
808 3686 1085 3745 quaeratur
1110 3675 1238 3746 quid
1265 3675 1549 3731 honestius
1571 3716 1586 3741 ,
1629 3683 1684 3729 et
1704 3674 1833 3744 quid
1862 3675 2067 3730 utilius.

465 3764 705 3821 Primum
733 3767 895 3839 igitur
923 3768 973 3823 in
998 3778 1109 3824 tres
1132 3777 1317 3839 partes
1343 3766 1592 3823 Officium
1638 3765 1895 3822 dividitur
1919 3782 1934 3819 :
1969 3765 2070 3821 h0-

464 3871 679 3916 nestum
702 3902 717 3927 ,
764 3869 821 3916 et
867 3862 1033 3929 utile,
1067 3873 1124 3918 et
1152 3856 1281 3933 quid
1314 3861 1684 3933 praestantius.
1720 3858 1928 3917 Deinde
1957 3858 2074 3916 haec

540 3984 566 4047 f1
592 3973 715 4031 Vel.
745 3976 876 4032 edit.
910 3992 1033 4033 cum
1080 3978 1264 4047 paucis
1296 3991 1427 4033 mss.
1448 4020 1463 4043 ,
1497 3975 1741 4031 charitati
1766 3976 1988 4045 pondus.

536 4044 565 4085 ι’
592 4047 667 4134 Ita
685 4047 815 4134 edit.
853 4049 1009 4134 vulg.
1037 4044 1259 4134 Gram-us
1296 4065 1476 4105 autem
1508 4048 2066 4134 tentus,:cﬁc).sth‘up:

463 4120 583 4191 νίας
610 4117 788 4203 «ig-6?,
833 4119 1272 4203 ministratiouis,
1293 4191 1305 4203 .
1333 4136 1429 4175 seu
1471 4118 1759 4202 ministerii
1787 4118 1923 4203 ejus.

465 4188 850 4262 cum_officium
877 4192 947 4246 sit
973 4192 1026 4247 id
1050 4192 1195 4262 quod
1222 4191 1416 4262 cuique
1450 4190 1729 4255 convenit,
1751 4188 1904 4262 unde
1930 4188 2067 4243 dici-

472 4267 558 4344 [ur
585 4259 775 4344 Graece
819 4259 1083 4344 κάθηκον.;’
1126 4259 1418 4344 nihilvero
1444 4276 1603 4344 sacro
1629 4260 1883 4344 ministro
1915 4274 2069 4344 ξςμυθ

468 4333 792 4404 coiiveuiat,
834 4345 996 4403 atque
1045 4334 1160 4404 ipsa
1215 4332 1755 4404 ministratio;hinc
1800 4329 2069 4404 intelligas

470 4400 613 4456 lnmd
645 4404 877 4460 absurde
906 4400 1318 4461 Attilirtisianant
1350 4405 1488 4461 hanc
1513 4403 1679 4475 ofﬁcii
1700 4400 2069 4471 acceptionem

475 4472 691 4528 defendi
722 4491 901 4528 nosse.

512 4488 691 4529 etcum
721 4491 901 4544 posse.

500 4615 513 4627 .
548 4545 571 4575 ⁸
605 4542 755 4627 lia-nc
781 4546 970 4627 Ofﬁcii
989 4546 1376 4627 etymologiam
1424 4547 1636 4627 prohat
1669 4542 2075 4627 Eranc.“Sanc-.-

476 4615 603 4698 tius,
639 4615 887 4698 Minerva:
915 4620 1014 4698 li_b.
1045 4614 1118 4686 iv,
1153 4614 1580 4698 De'Antiphrasi,
1610 4615 1644 4698 ᾗ
1667 4616 1749 4698 ,Α
1768 4626 1824 4698 et
1879 4614 2075 4698 Donati

473 4690 801 4745 auctoritate
830 4690 1156 4745 Confirmat:
1201 4689 1497 4746 secundam
1556 4686 1754 4743 refellit
1806 4686 1908 4742 hoc
1957 4686 2077 4754 ipso

481 4758 541 4812 D.
578 4758 853 4817 Ambrosii
902 4761 1234 4817 testimonio.
1269 4760 1377 4817 Sed
1406 4761 1585 4827 male,
1620 4772 1744 4815 cum
1789 4768 2077 4828 utramque

479 4829 706 4903 perinde
729 4833 1089 4903 amplectatur
1112 4833 1169 4887 S.
1202 4832 1466 4888 Antistes.

553 4900 578 4939 ἀ
620 4900 1002 4967 ΡΙιιτυεήιες..
1029 4905 1134 4959 dici
1174 4904 1622 4967 existimaveram,
1657 4914 1763 4953 non
1797 4910 1967 4955 recte.

559 4971 712 5045 9Cic.
736 4976 826 5032 lib.
849 4991 865 5030 ι
891 4975 1128 5031 deOlfic.
1147 4973 1385 5045 pag.55|
1408 4992 1419 5026 :
1449 4971 1664 5042 Triplex
1682 4971 1840 5045 igitur
1852 4980 2073 5045 est,etc.

562 5044 582 5084 ί
611 5046 737 5100 Mss.
762 5063 868 5102 non
897 5043 1545 5115 pauci,deindeindicere;
1565 5043 2076 5115 quidam,incedere.

556 5119 581 5156 ε
597 5113 937 5174 Sententiatn
966 5119 1103 5174 hanc
1126 5134 1231 5173 non
1254 5117 1384 5172 nihil
1412 5113 1809 5185 impeditan‘tita
1832 5114 2075 5182 explica:

487 5186 596 5241 Nos
624 5197 805 5245 autem
838 5193 952 5245 Sola
1002 5189 1249 5246 decentia
1291 5197 1348 5243 et
1393 5190 1619 5241 honesta
1671 5194 1969 5240 tractamus
2016 5200 2080 5238 ac

401 5320 404 5327 l
487 5257 808 5328 definimus,
853 5263 1016 5332 idque
1047 5262 1275 5316 faciams
1305 5259 1476 5325 magis
1509 5257 1694 5328 regula
1726 5255 2035 5310 futurorum
2063 5293 2079 5320 ,

487 5344 645 5402 qtmm
675 5336 1048 5402 pnesentium.

562 5399 588 5438 δ
617 5398 744 5460 Era.
776 5415 830 5461 et
859 5420 975 5476 seq.
993 5403 1126 5460 edit.
1150 5417 1273 5458 cum
1290 5416 1399 5476 uno
1425 5399 1511 5455 vel
1539 5398 2085 5476 altero_m_ss.,eaque

489 5479 634 5532 oneri
654 5479 817 5546 magis
838 5467 954 5532 cuni
965 5477 1070 5531 sint
1091 5474 1354 5546 restitimri,
1375 5482 1670 5546 quam,c_t_c.
1699 5467 1804 5524 Sed
1820 5481 1880 5518 ca
1897 5473 2078 5546 trans-

487 5549 689 5676 positio
703 5534 824 5617 quae
838 5547 1064 5619 reliquis
1079 5563 1208 5602 mss.
1227 5534 1520 5616 etzAiu'crb.
1538 5534 1668 5596 edit.
1684 5534 1953 5594 contraria
1975 5546 2081 5600 est,

512 5620 596 5676 oci
625 5635 734 5675 non
766 5620 900 5675 tollit
943 5618 1353 5673 obscuritatem.
1386 5614 1534 5670 lianc
1559 5628 1689 5676 ergo
1720 5617 1778 5663 ut
1802 5622 2081 5675 amoveas,

512 5620 596 5676 oci
625 5614 734 5675 non
766 5620 900 5675 tollit
943 5614 1353 5673 obscuritatem.
1386 5614 1534 5670 lianc
1559 5628 1689 5681 ergo
1720 5617 1778 5663 ut
1802 5622 2081 5675 amoveas,

489 5690 841 5759 subiutclligc
865 5689 1095 5747 verbum
1124 5700 1399 5759 putamus;
1426 5694 1484 5741 et
1523 5687 1925 5759 interpretare,
1964 5695 2084 5759 cum

489 5762 625 5829 sint,
654 5757 889 5833 positum
933 5775 1064 5831 pro,
1117 5757 1233 5816 cum
1282 5759 1487 5823 adsint;
1538 5763 1595 5808 ut
1640 5757 1945 5825 opponatur
1993 5757 2079 5804 se-

2164 3207 2423 3261 struimnr
2435 3203 2780 3267 etdocemur,
2797 3199 3041 3270 legentes
3060 3215 3073 3249 :
3092 3195 3168 3251 Te
3186 3196 3325 3249 decet
3342 3194 3582 3264 hymnus,
3607 3188 3774 3256 Deus,

2166 3301 2222 3355 in
2249 3299 2381 3356 Sion
2414 3296 2586 3363 (Psal.
2619 3310 2774 3358 thv,
2802 3291 2861 3365 2)
2888 3310 2901 3346 :
2936 3290 3019 3346 vel
3051 3288 3265 3353 Graece,
3293 3289 3374 3342 Σοὶ
3400 3285 3589 3361 πρέπει
3616 3281 3777 3353 ὑμνὸς

2170 3391 2211 3450 ὦ
2237 3395 2382 3459 Θεὸς,
2414 3394 2462 3447 ἐν
2488 3393 2626 3448 sim.
2661 3389 2729 3443 Et
2751 3387 3045 3458 Apostolus
3061 3382 3135 3438 ait
3160 3400 3172 3435 :
3200 3379 3432 3451 Loquere
3457 3392 3572 3447 qua:
3595 3374 3780 3429 decent

2171 3502 2355 3541 sanam
2380 3484 2663 3539 doctrinam
2693 3479 2823 3555 (Tit.
2851 3494 2888 3533 tl
2909 3520 2923 3542 ,
2949 3474 3025 3548 1).
3054 3475 3117 3529 Et
3140 3473 3270 3528 alibi
3298 3489 3310 3526 :
3365 3467 3583 3523 Decebat
3605 3475 3779 3519 autem

2171 3594 2284 3633 cum
2311 3593 2400 3645 per
2423 3589 2573 3642 quem
2616 3571 2789 3625 omnia
2810 3611 2825 3636 ,
2881 3578 2930 3623 et
2965 3574 3173 3638 propter
3193 3578 3339 3633 quem
3377 3559 3571 3624 omnia,
3601 3556 3782 3611 multis

2174 3673 2299 3743 ﬁliis
2320 3671 2374 3725 in
2396 3668 2613 3742 gloriam
2638 3665 2900 3730 adductis,
2922 3662 3103 3716 ducem
3134 3658 3317 3714 salutis
3342 3670 3517 3710 eorum
3543 3669 3635 3721 per
3658 3667 3781 3719 pas-

2176 3767 2371 3819 sionem
2394 3760 2738 3817 consummari
2767 3757 2958 3829 (Hebr.
2988 3770 3030 3810 ιι
3052 3796 3067 3822 ,
3102 3753 3213 3823 10).

2252 3858 2342 3914 51.
2385 3854 2655 3925 Numquid
2687 3852 2699 3903 i
2741 3852 2890 3923 prior
2916 3846 3187 3904 Panaetius
3211 3887 3227 3915 ,
3270 3841 3531 3913 numquid
3564 3838 3780 3896 Aristo-

2172 3971 2360 4044 queuti
2391 3970 2635 4044 membro
2653 4010 2668 4033 ,
2704 3984 2819 4022 cum
2842 3977 3146 4044 erogantur.

2253 4042 2269 4081 ί
2307 4042 2471 4097 Lib.t
2517 4028 2675 4095 Ofﬁc.
2701 4056 2826 4110 pag.
2859 4028 3004 4093 563:
3048 4034 3168 4090 Hoc
3219 4033 3331 4088 loco
3378 4031 3666 4087 continetur
3686 4028 3778 4095 id,

2174 4114 2313 4187 quod
2328 4113 2444 4187 dici
2456 4111 2653 4187 Latine
2674 4109 2923 4187 decorum
2939 4150 2955 4175 ,
2978 4120 3085 4163 etc.

2251 4196 2264 4236 ι
2315 4185 2468 4250 Quod
2501 4181 2825 4237 Aristoteles
2870 4169 3177 4250 disputasse
3218 4176 3290 4232 de
3331 4171 3514 4250 officio
3539 4169 3776 4250 dicilﬂlf.

2177 4272 2285 4314 non
2325 4241 2394 4309 ita
2425 4254 2720 4322 accipimus
2764 4254 2914 4319 quasi
2960 4241 3584 4322 'peculiarem_snb_hoc
3610 4241 3777 4322 titulo

2176 4313 2409 4385 ediderit
2451 4313 3000 4379 commentationem}
3054 4319 3149 4375 sed
3186 4316 3329 4389 quod
3354 4314 3673 4389 multaqug:
3704 4313 3777 4389 ad

2106 4434 2152 4495 υ
2178 4381 2513 4469 singulorum
2536 4392 2720 4449 ofﬁcia
2750 4394 2959 4462 pertiue
2978 4400 3078 4457 tut,
3111 4381 3394 4445 tradiderit
3416 4387 3468 4441 in
3500 4381 3595 4438 lih'.
3627 4381 3779 4439 Poli-

2184 4472 2254 4495 Α,
2305 4468 2585 4495 ηυηηηη...
2665 4465 2900 4495 nunt...“
2926 4462 3124 4495 ,ωηιξη
3150 4462 3319 4495 nilum
3338 4457 3617 4495 “nl-alium
3648 4468 3779 4495 cun.

2184 4457 2635 4531 tic."(Econom.,
2665 4457 2901 4519 maxime
2926 4462 3126 4519 veruin
3150 4462 3320 4517 tribus
3338 4457 3619 4531 Moralium
3648 4468 3782 4509 suo-

2179 4558 2299 4597 rum
2332 4528 2717 4599 voluminibus,
2735 4549 2855 4604 quze
2886 4534 3136 4591 manibus
3152 4532 3393 4588 omnium
3425 4528 3775 4604 evolvuntur.

2178 4612 2332 4681 Quod
2384 4626 2513 4681 vero
2543 4606 2710 4681 David
2754 4600 2915 4681 hisce
2943 4603 3293 4681 philosophis
3343 4600 3782 4681 asseritur_esse

2179 4667 2474 4753 ﬁttiqnior.
2505 4680 2557 4734 id
2584 4695 2706 4753 cum
2733 4667 3099 4753 cbropplbgia‘
3111 4667 3420 4753 consentire
3445 4670 3553 4753 jatnn
3586 4667 3781 4750 obser-

2181 4738 2427 4809 vat-intus
2450 4738 2597 4807 tonio
2618 4750 2639 4805 Ι
2660 4792 2674 4813 ,
2705 4764 2826 4820 pag.
2856 4738 3042 4820 7667c}
3070 4746 3199 4802 989..
3244 4744 3311 4820 Et
3332 4738 3483 4820 certe
3506 4738 3783 4820 Panaetius

2184 4825 2409 4881 florebat
2442 4809 2894 4877 tantunt'a'nfab
2953 4819 3094 4875 Urbe
3122 4815 3340 4872 condita
3383 4813 3519 4868 circ.
3552 4809 3705 4881 625,,
3726 4811 3783 4866 id

2181 4880 2305 4963 est,
2335 4880 2436 4950 126
2467 4911 2558 4948 an.
2592 4900 2719 4946 ante
2744 4893 2936 4963 salutis
2966 4886 3401 4963 reparationem;
3455 4880 3784 4963 Aristoteles

2180 4983 2270 5021 an.
2287 4953 2375 5020 'ab
2398 4967 2541 5021 Orbe
2566 4963 2785 5018 condito
2804 4962 2936 5017 circ.
2968 4953 3130 5023 5570,
3155 4958 3205 5011 id
3229 4964 3337 5022 est,
3360 4970 3449 5007 au.
3481 4953 3653 5008 ferme
3676 4953 3784 5009 380

2182 5049 2309 5094 ante
2338 5037 2644 5100 Christum;
2676 5033 2931 5089 Socrates
2958 5047 3101 5084 attno
3133 5026 3315 5083 mundi
3345 5023 3781 5100 3535;“APytlta-

2181 5124 2342 5178 goras
2372 5108 2604 5173 denique
2631 5094 2757 5178 ante
2789 5103 3025 5178 Virginis
3056 5110 3267 5178 partum
3309 5098 3462 5178 circ._
3491 5094 3638 5178 550_,
3680 5094 3785 5178 hoc

2183 5165 2299 5245 Est,
2329 5196 2417 5233 an.
2451 5165 2556 5233 501)
2589 5186 2708 5243 post
2741 5165 3020 5228 David'etn.
3056 5165 3225 5245 Porro
3268 5170 3359 5245 qui
3384 5169 3568 5245 _plttra
3595 5166 3663 5245 d_e
3695 5165 3783 5223 his

2186 5236 2533 5321 philosophis
2555 5236 2970 5321 desideraverit,
3002 5242 3247 5299 adeatde
3279 5236 3587 5321 li’yntltaglora
3614 5236 3786 5321 Laer-

2186 5307 2342 5388 iittm,
2375 5307 2759 5389 Porphyrium,
2788 5307 3133 5389 Anonymum
3167 5307 3632 5389 apttd'ghoiium;
3670 5307 3787 5389 Λρ-

2184 5376 2342 5516 gvttst.’
2362 5392 2435 5445 De
2459 5376 2613 5443 Civil.
2639 5376 2852 5443 υεῖιιὶ).
2885 5376 3042 5447 χνίιι.
3065 5401 3186 5456 cap.
3206 5376 3312 5450 '57;
3343 5382 3630 5465 Vayerium
3657 5376 3789 5463 [De

2241 5474 2392 5516 trtute
2415 5476 2769 5516 naaanorum:
2798 5470 2848 5514 et
2883 5457 3188 5516 Nandeum.
3231 5456 3482 5516 Apologia
3504 5452 3788 5506 illustrium

2241 5465 2392 5517 irtute
2414 5476 2769 5532 paganorum;
2798 5470 2848 5514 et
2883 5452 3188 5524 Nandenm,
3231 5452 3482 5532 Apologia
3504 5452 3788 5506 illustrium

2192 5527 2438 5590 Virorum
2456 5527 2573 5597 {de
2601 5531 2829 5587 Socrate
2849 5541 3057 5596 autem,
3081 5527 3286 5599 pra-ter
3305 5527 3543 5599 plurese
3579 5536 3791 5599 memo-

2187 5607 2343 5670 ratis,
2368 5593 2656 5660 Dio'dorum
2679 5601 2877 5671 Sicul.,
2908 5593 3202 5671 Aristidem
3222 5593 3443 5671 orati,
3467 5593 3788 5671 Eusebium,

2186 5665 2408 5747 Suidam
2433 5674 2678 5738 etalios.
2705 5673 2838 5732 Nam
2863 5665 2943 5731 'de
2974 5669 3214 5730 Panaetio
3238 5672 3348 5739 jam
3376 5666 3636 5736 quantum
3668 5665 3787 5718 suf-

2190 5750 2335 5807 ficiat
2353 5789 2366 5815 ,
2398 5747 2692 5817 attigimus.
