4030 6188
222 191 284 246 ’65
1242 193 1332 250 DE
1373 193 1662 250 OH‘ICIIS
1703 193 2184 254 MINISTRORUM
2223 199 2357 254 LIB.
2402 199 2442 254 I.
3419 201 3489 259 3‘

224 307 356 370 tetes,
384 305 468 374 qui
494 314 547 361 ct
572 307 690 376 ipse
717 306 1020 378 disputavit
1039 308 1103 366 de
1130 308 1352 377 Ofﬁcio,
1385 327 1545 382 quam
1575 310 1744 366 David
1773 327 1786 377 ;
1819 315 1864 373 Α
1897 313 2126 368 modus:
2171 316 2437 370 estetiam
2470 313 2593 371 facti
2625 317 2840 371 modus.
2898 315 3192 373 Pulchrum
3219 317 3379 390 igitur
3413 328 3490 374 te-

221 416 324 455 cum
336 411 381 453 et
405 401 510 469 ipse
531 401 894 472 Pythagoras,
919 403 1012 474 qui
1037 404 1229 474 legitur
1241 406 1466 462 Socrate
1488 406 1785 478 antiquior,

223 495 504 565 prophetam
533 505 763 551 secutus
796 497 963 552 David
1017 497 1191 568 (Psal.
1223 516 1429 554 xxxvnt
1448 542 1462 564 ,
1489 499 1527 553 2
1553 510 1600 556 et
1627 499 1785 571 seq.),

225 587 369 656 legem
394 587 585 642 silentii
610 587 826 645 dederit
848 591 965 646 suis
984 591 1008 645 ?
1030 591 1135 648 Sed
1162 592 1250 647 ille
1279 602 1336 646 ιιι
1368 609 1464 662 per
1484 594 1790 664 quinquen-

225 679 346 733 niutn
372 678 642 749 discipulis
674 696 830 736 nsum
864 682 1138 740 inhiberet
1161 685 1416 753 loquendi
1450 702 1461 738 :
1493 685 1661 740 David
1693 702 1792 741 au-

223 781 309 825 tem
336 787 429 825 non
451 780 506 826 ut
535 782 747 828 naturae
777 791 970 832 munus
1000 778 1376 842 imminueret;
1406 777 1502 833 sed
1523 789 1580 833 ut
1600 789 1788 834 custo-

219 865 338 918 diam
383 863 693 935 proferendi
746 870 1012 924 sermonis
1043 869 1286 924 doceret.
1340 870 1405 925 Et
1451 869 1791 942 Pythagoras

218 957 406 1026 quidem
447 968 502 1012 ut
543 974 654 1014 non
716 959 989 1032 loquendo
1028 962 1175 1032 loqui
1227 963 1475 1028 doceret,
1528 963 1694 1019 David
1733 973 1793 1018 ut

217 1050 456 1121 loquendo
499 1054 672 1124 magis
717 1053 1053 1110 disceremus
1102 1057 1269 1126 loqui.
1321 1057 1606 1123 Quomodo
1644 1057 1788 1113 enim

216 1148 314 1202 sine
330 1146 584 1202 exercitio
609 1148 862 1203 doctrina
884 1189 900 1216 ,
931 1158 1022 1204 aut
1051 1151 1170 1206 sine
1197 1165 1298 1205 usu
1327 1149 1649 1221 profectus?

273 1271 350 1327 5-3.
387 1269 486 1340 Qui
512 1270 862 1342 disciplinam
891 1273 1139 1329 bellicam
1173 1275 1290 1329 vult
1323 1274 1542 1344 assequi
1569 1314 1584 1341 ,
1611 1275 1794 1345 quati-

216 1364 291 1419 die
317 1374 595 1421 exercetur
623 1367 816 1432 armis,
845 1377 899 1422 et
933 1375 1206 1437 tamquam
1241 1368 1294 1422 in
1338 1370 1616 1438 procinctu
1645 1367 1794 1438 posi-

217 1467 287 1510 tus
328 1458 569 1526 prreludit
603 1459 890 1529 praelium,
939 1469 992 1516 et
1019 1460 1168 1516 velut
1206 1476 1389 1516 eorum
1437 1464 1617 1533 posito
1650 1477 1795 1532 prat-

217 1552 360 1605 tendit
387 1551 539 1607 hoste
565 1570 578 1605 :
630 1560 797 1623 atque
823 1553 888 1608 ad
918 1553 1164 1622 peritiam
1193 1554 1446 1624 viresque
1471 1553 1748 1623 j:tt-ulandi
1775 1595 1792 1622 ,

217 1644 286 1698 vel
311 1660 427 1700 suos
451 1644 706 1715 explorat
733 1646 966 1701 lacertos
985 1689 1001 1713 ,
1035 1646 1124 1700 vel
1152 1646 1594 1702 adversariorum
1623 1646 1795 1703 decli-

218 1747 292 1791 nat
319 1737 473 1803 ictus,
511 1747 566 1793 et
597 1748 624 1776 ⁸
665 1738 912 1808 vigilanti
958 1739 1071 1793 exit
1108 1739 1324 1795 obtutu.
1373 1739 1474 1806 Qui
1525 1740 1705 1794 navim
1738 1739 1791 1794 in
1821 1751 1871 1812 Β

218 1829 330 1884 mari
356 1847 538 1903 regere
559 1831 952 1902 gubernaculis
977 1833 1191 1896 studet,
1239 1833 1323 1888 vel
1351 1833 1520 1889 remis
1552 1833 1752 1890 ducere
1771 1875 1788 1902 ,

217 1925 346 1992 prius
379 1928 426 1980 in
471 1927 638 1982 ﬂuvio
671 1927 948 2000 praeludit.
996 1927 1098 1996 Qui
1126 1928 1355 1984 canendi
1388 1929 1709 1984 suavitatem
1740 1937 1797 1984 et

218 2018 342 2072 vocis
377 2018 631 2076 affectant
681 2021 1047 2090 praestantiam
1071 2063 1086 2087 ,
1139 2021 1288 2092 prius
1315 2021 1518 2076 sensim
1547 2020 1796 2076 canendo

220 2128 379 2168 vocem
404 2116 675 2171 excitant.
696 2116 764 2171 Et
789 2115 879 2185 qui
909 2115 1119 2170 viribus
1143 2115 1415 2184 corporis,
1447 2115 1798 2185 legitimoque

220 2205 432 2263 luctandi
459 2209 765 2266 certamine
789 2225 1047 2266 coronam
1085 2218 1303 2281 petunt,
1354 2209 1672 2279 quotidiano
1698 2224 1797 2264 usu

222 2303 458 2370 palmslraz
479 2306 747 2362 durantes
779 2307 1023 2362 membra
1046 2347 1060 2374 ,
1106 2307 1412 2362 nutrientes
1441 2304 1757 2376 patientiam
1782 2345 1798 2371 ,

223 2396 433 2455 laborem
459 2408 809 2458 assuescent.

282 2523 361 2578 55.
397 2522 423 2561 δ
449 2525 570 2580 IIrec
598 2528 724 2595 ipsa
756 2532 946 2580 natura
977 2524 1147 2579 nosin
1183 2522 1427 2594 parvulis
1449 2521 1633 2588 docet,
1656 2518 1804 2592 quod

224 2617 354 2684 prius
379 2633 535 2674 sonos
566 2618 912 2676 meditantur
941 2617 1200 2687 loquendi
1222 2658 1237 2678 .
1290 2624 1347 2671 ut
1393 2615 1538 2686 loqui
1568 2613 1800 2670 discant.

221 2709 383 2780 Itaque
405 2724 425 2751 ε
458 2728 631 2769 sonus
656 2712 982 2769 exercitatio
1009 2711 1258 2782 quaedam
1289 2719 1345 2764 et
1373 2709 1624 2776 palaestra
1654 2708 1805 2763 vocis

222 2814 308 2858 est.
341 2803 408 2859 Ita
438 2821 564 2877 ergo
591 2815 653 2861 et
681 2806 774 2878 qui
802 2806 989 2860 volunt
1009 2805 1221 2860 discere
1243 2803 1551 2858 cautionem
1578 2801 1806 2871 loquen-

219 2896 296 2958 di,
337 2900 468 2968 quod
501 2907 726 2954 naturae
768 2905 892 2964 est,
944 2913 1050 2953 non
1099 2893 1507 2966 negentzquod
1541 2893 1807 2948 custodite

217 3000 312 3055 est,
357 3000 690 3058 exerceant;
735 3001 792 3046 ut
821 2991 913 3061 qui
961 2992 1014 3046 in
1047 2990 1266 3062 specula
1295 2997 1443 3054 sunt,
1475 2987 1808 3058 speculando

217 3081 503 3153 intendant,
537 3101 665 3140 non
696 3083 1035 3139 dormiendo.
1061 3081 1255 3138 Omnis
1277 3082 1420 3138 enim
1450 3094 1538 3134 res
1571 3079 1806 3151 propriis

218 3189 272 3230 ac
294 3175 608 3236 domesticis
637 3178 922 3234 exercitiis
954 3187 1202 3250 augetur.

278 3293 356 3348 54.
388 3294 526 3364 Ergo
558 3292 736 3347 David
771 3292 987 3348 tacebat
1019 3307 1127 3348 non
1148 3307 1387 3364 semper,
1422 3299 1517 3351 sed
1549 3311 1648 3366 pro
1671 3303 1810 3350 tem-

221 3400 366 3456 pore:
419 3404 524 3443 non
584 3385 810 3457 jugiter,
867 3401 1043 3457 neque
1092 3388 1383 3455 omnibus;
1432 3390 1528 3446 sed
1573 3387 1807 3445 irritanti

220 3480 544 3544 adversario,
587 3481 908 3549 provocanti
958 3483 1236 3551 peccatori
1269 3500 1375 3537 non
1419 3484 1807 3555 respondebat.

222 3568 296 3635 Et,
328 3573 457 3629 sicut
485 3574 628 3629 alibi
661 3574 734 3627 ait
765 3572 940 3645 (Psal.
973 3591 1184 3640 χχχιιι,
1219 3577 1286 3630 15
1312 3618 1324 3640 ,
1372 3575 1495 3644 Ml,
1527 3579 1812 3648 loquentes

221 3666 520 3734 vanitatem,
551 3674 612 3720 et
642 3665 950 3736 cogitantes
981 3667 1166 3722 dolum
1190 3710 1204 3735 ,
1237 3684 1342 3724 non
1367 3670 1626 3726 audiebat
1656 3671 1810 3742 quasi

220 3759 425 3826 surdus,
459 3770 517 3816 et
546 3761 706 3830 quasi
738 3768 921 3814 mutus
951 3776 1056 3816 non
1089 3762 1373 3831 aperiebat
1401 3764 1509 3819 illis
1532 3780 1593 3818 os
1616 3780 1808 3831 suum;

220 3851 328 3917 quia
371 3863 424 3908 et
461 3853 604 3909 alibi
631 3852 840 3908 habes:
871 3851 1001 3907 Noli
1041 3857 1356 3925 respondere
1379 3857 1704 3924 imprudenti
1746 3857 1814 3912 ad

220 3942 609 4012 imprudentiam
654 3949 767 4014 eius
792 3987 807 4014 ,
847 3963 910 4002 ne
933 3948 1116 4002 similis
1152 3948 1233 4003 illi
1269 3950 1367 4019 ﬁas
1415 3949 1609 4022 (Prov.
1653 3967 1813 4019 χχιι,

221 4036 309 4105 4).

284 4132 367 4189 35.
404 4135 656 4190 Primum
711 4133 876 4204 igitur
918 4134 1155 4190 ofﬁcium
1186 4146 1270 4192 est
1315 4136 1570 4207 loquendi
1603 4136 1817 4192 modus.

222 4222 322 4279 Hoc
345 4226 678 4282 sacriﬁcium
706 4225 884 4281 laudis
917 4227 1026 4282 Deo
1061 4227 1414 4299 dependitur,
1455 4231 1553 4301 ιι
1588 4228 1689 4283 hoc
1719 4245 1820 4284 re-

223 4320 447 4374 verentia
485 4319 800 4386 exhibetur,
837 4336 961 4376 cum
990 4321 1288 4390 Scriptura:
1314 4322 1513 4377 divinae
1547 4323 1818 4392 leguntur,

222 4409 315 4468 hoc
354 4413 700 4470 honorantur
740 4424 1018 4483 parentes.
1053 4412 1080 4453 τι
1107 4416 1236 4471 Scio
1285 4417 1432 4486 loqui
1481 4418 1775 4488 plerosque
1800 4459 1816 4486 ,

223 4517 330 4559 cum
365 4517 550 4562 tacere
581 4507 850 4562 nesciant.
881 4507 1086 4562 Rarum
1115 4516 1200 4564 est
1231 4517 1414 4564 tacere
1446 4525 1772 4581 quemquam
1801 4552 1816 4576 ,

221 4615 333 4657 cutn
358 4604 462 4658 sibi
496 4618 604 4657 non
636 4603 808 4672 prosit
836 4603 1254 4674 quui.Sapicns
1275 4603 1622 4673 ntloquatur,
1648 4605 1815 4658 multa

224 4694 359 4761 prius
385 4695 734 4758 considerat,
767 4694 894 4764 quid
927 4695 1072 4750 dicat
1099 4737 1113 4762 ,
1161 4705 1254 4751 aut
1280 4697 1366 4750 cui
1397 4695 1579 4763 dicat,
1612 4712 1722 4768 quo
1763 4697 1814 4752 in

224 4785 363 4854 loco,
393 4798 450 4844 et
483 4799 749 4858 tempore.
802 4788 901 4842 Est
941 4803 1072 4859 ergo
1119 4798 1175 4844 et
1225 4788 1439 4844 tacendi
1469 4798 1523 4844 et
1563 4789 1817 4858 loquendi

292 4911 317 4938 ³
339 4903 412 4958 Ita
443 4914 560 4960 vet.
585 4904 719 4959 edit.
754 4917 816 4958 ac
843 4917 976 4957 mss.
1001 4903 1114 4958 fere
1134 4902 1199 4957 ad
1227 4918 1423 4957 unum:
1455 4901 1614 4956 Rom.
1639 4909 1820 4958 autem

225 4971 373 5047 edin,
401 4977 636 5047 vigilanti
675 4975 863 5044 excipit
883 4976 1084 5028 obtutu.
1134 4973 1243 5047 Sed
1298 4973 1430 5028 nihil
1468 4973 1816 5047 mutandum.

225 5045 412 5110 Quidni
445 5045 588 5102 enim
615 5057 765 5102 recte
790 5048 1020 5107 dicatur.
1038 5047 1188 5101 exire
1216 5045 1380 5100 ictum
1397 5046 1481 5098 vel
1500 5045 1648 5100 exire
1665 5055 1819 5100 extra

226 5115 380 5190 ictum
411 5160 425 5181 ,
452 5117 908 5190 quemadmodum
951 5133 983 5173 e
1011 5118 1289 5190 contrario
1318 5117 1549 5173 dicimus
1573 5157 1588 5184 ,
1631 5118 1819 5172 venire

226 5185 357 5243 intra
383 5185 586 5256 iactum
615 5198 708 5243 aut
734 5190 898 5244 ictum
931 5188 1068 5244 teli?

289 5260 318 5298 δ
355 5261 486 5316 Mss.
518 5261 762 5329 aliquot,
811 5260 920 5314 Nec
960 5261 1076 5331 ipsa
1108 5270 1338 5327 natura;
1368 5259 1500 5316 edit.
1535 5268 1671 5324 vet.,
1707 5257 1820 5312 Nec

230 5345 327 5386 non
343 5333 457 5399 ipsa
485 5341 695 5386 natura.

299 5411 324 5439 ε
359 5405 490 5461 Mss.
515 5403 762 5458 nonnulli
786 5445 802 5469 ,
835 5419 990 5457 sonus
1011 5403 1274 5456 excitatio.

293 5469 323 5508 δ
359 5475 504 5532 Hanc
534 5476 866 5530 sententiam
902 5475 1015 5543 jam
1051 5474 1280 5542 legimus
1307 5487 1430 5544 cap.
1478 5473 1535 5540 2,
1567 5487 1717 5526 num.
1739 5471 1786 5544 A5
1807 5510 1822 5533 ,

233 5543 422 5602 eisdem
463 5547 676 5603 verbis.
721 5546 790 5600 Et
825 5542 946 5600 eam
977 5545 1196 5612 quidem
1225 5545 1329 5600 hoc
1362 5542 1481 5600 loco
1523 5559 1630 5598 non
1665 5542 1829 5596 habet

236 5628 333 5668 ms.
369 5619 488 5674 Vat.
516 5631 662 5674 unus
693 5628 748 5672 et
787 5615 1163 5672 Tellerianns:
1211 5631 1398 5670 verum
1447 5631 1568 5670 cum
1598 5615 1654 5669 in
1707 5613 1830 5667 aliis

238 5689 474 5748 omnibus
510 5701 682 5762 atque
723 5687 854 5744 edit.
904 5687 1224 5758 reperiatur,
1256 5687 1427 5757 ipsum
1460 5687 1583 5744 loco
1612 5699 1832 5742 movere

1893 420 2025 461 nere
2054 422 2362 462 mensuram
2395 407 2579 462 officii.

2509 501 2741 557 CAPUT
2781 501 2875 558 XI.

1895 590 2143 663 Officium
2169 608 2346 659 omne,
2375 604 2464 648 aut
2493 594 2742 660 medium,
2766 605 2854 650 aut
2878 596 3163 667 perfectum
3201 611 3310 652 esse
3346 597 3495 654 Scri-

1965 694 2133 753 ptura:
2162 686 2466 741 testimoniis
2509 687 2837 742 ostenditur:
2880 689 2963 742 cui
2990 689 3322 762 subjungitttr
3347 691 3500 746 mise-

1963 777 2202 831 ricordite
2230 778 2371 845 laus,
2397 789 2550 850 atque
2568 780 2634 833 ad
2655 795 2765 834 eant
2790 781 3096 834 exhortatio.

1967 869 2054 924 56.
2097 869 2348 926 Officium
2371 879 2557 927 autem
2589 887 2752 928 omne
2784 882 2806 909 ο
2827 882 2919 927 aut
2951 874 3188 929 medium
3213 914 3229 941 ,
3260 884 3353 930 aut
3379 890 3500 945 per-

1893 961 2094 1018 fectum
2147 976 2264 1030 est,
2317 965 2460 1035 quod
2515 981 2666 1035 teque
2711 967 3115 1038 Scriptttrarum
3171 969 3498 1026 auctoritate

1895 1057 2130 1126 probare
2177 1071 2488 1126 possumus.
2536 1058 2810 1115 Habemus
2860 1061 3061 1115 etenim
3105 1061 3158 1115 itt
3203 1061 3500 1133 Evangelia

1894 1147 2101 1203 dixisse
2134 1149 2420 1204 Dominum
2445 1151 2537 1219 :fSi
2565 1154 2638 1206 vis
2664 1154 2717 1206 in
2736 1154 2890 1207 vitam
2911 1165 3151 1209 aeternam
3174 1154 3365 1222 venire,
3393 1173 3502 1209 ser-

1895 1257 1956 1294 va
1981 1242 2245 1296 mandata.
2284 1243 2426 1298 Dixit
2456 1245 2546 1299 ille
2571 1245 2594 1299 .9
2620 1245 2750 1312 Qttw
2771 1248 2794 1300 ?
2819 1247 2974 1301 Jesus
3020 1258 3191 1302 autent
3223 1248 3355 1302 dixit
3378 1248 3457 1302 illi
3482 1264 3503 1303 :

1897 1331 2020 1388 Non
2063 1332 2399 1390 homicidium
2442 1337 2602 1406 facies
2623 1378 2637 1402 ,
2688 1355 2789 1393 non
2819 1338 3174 1409 adulterabis,
3209 1357 3312 1395 non
3341 1341 3500 1410 facies

1895 1425 2113 1495 furtum,
2146 1444 2249 1482 non
2278 1428 2471 1499 falsum
2499 1431 2846 1486 testimonium
2869 1432 3006 1487 dices
3028 1449 3048 1487 :
3077 1433 3276 1488 honora
3303 1443 3502 1505 patrem

1895 1526 1944 1570 et
1973 1529 2184 1573 matrem
2209 1536 2226 1572 :
2251 1529 2326 1585 et,
2363 1519 2560 1590 Diliges
2583 1523 2877 1595 proximum
2924 1534 3068 1579 tuum
3098 1525 3231 1580 sicut
3253 1535 3301 1579 te
3331 1526 3503 1594 ipsum

1901 1612 2116 1681 (Matth.
2145 1629 2260 1682 χιι,
2290 1615 2415 1669 17ει
2445 1615 2606 1689 seq.).
2636 1616 2763 1675 Haec
2792 1627 2920 1674 sunt
2947 1619 3124 1676 media
3156 1620 3504 1692 ofﬁcia,qui-

1899 1708 1996 1763 ιιιις
2025 1711 2226 1780 aliquid
2255 1711 2430 1767 deest.

1969 1805 2055 1859 57.
2100 1805 2344 1876 Denique
2374 1807 2509 1863 dicit
2541 1807 2617 1862 illi
2641 1808 3000 1865 adolescens:
3038 1809 3227 1865 Omnia
3249 1809 3361 1865 haec
3387 1826 3506 1865 cus-

1896 1899 2053 1953 todivi
2081 1917 2112 1953 (t
2136 1901 2402 1968 juventute
2426 1919 2556 1968 mea,
2587 1903 2711 1972 quid
2739 1904 2913 1958 adhuc
2935 1903 3061 1958 mihi
3089 1906 3226 1959 deest
3253 1905 3278 1960 .9
3315 1905 3506 1973 Aitzilli

1896 1991 1929 2045 ,Ι
1937 2007 2052 2045 esus
2080 2007 2098 2045 :
2128 1992 2188 2046 Si
2215 1993 2290 2047 vis
2315 1997 2570 2065 perfectus
2596 2010 2706 2050 esse
2724 2037 2740 2063 ,
2773 1997 2900 2050 vade
2923 2038 2938 2063 ,
2973 1998 3134 2052 vende
3173 1999 3347 2053 omnia
3373 1999 3506 2052 bona

1901 2093 2007 2148 tua,
2040 2093 2088 2137 ct
2115 2084 2184 2138 da
2211 2086 2558 2156 pauperibus,
2584 2097 2630 2142 et
2659 2087 2868 2144 habebis
2898 2088 3200 2144 thesaurum
3246 2092 3301 2144 in
3345 2090 3505 2156 ctela,

1901 2187 1948 2230 et
1981 2179 2114 2243 reni,
2146 2195 2351 2248 sequere
2378 2195 2460 2234 me
2492 2179 2682 2246 (lbid.,
2716 2198 2805 2244 xx.
2838 2181 2955 2254 21).
2986 2183 3052 2237 Et
3081 2197 3244 2254 supra
3275 2182 3505 2254 (Matth.

1907 2285 1961 2336 v,
1985 2269 2077 2336 44,
2108 2269 2218 2340 45)
2251 2272 2320 2325 ita
2347 2281 2430 2325 est
2457 2273 2744 2342 scriptum,
2777 2273 2864 2328 ubi
2889 2274 3193 2344 diligendus
3223 2273 3504 2341 inimicus,

1903 2377 1957 2420 et
1995 2365 2262 2421 orandum
2287 2365 2419 2420 dicit
2444 2380 2542 2434 pro
2567 2366 3028 2422 calumniantibus
3075 2378 3130 2422 et
3179 2381 3508 2438 persequen-

1905 2461 2049 2515 tibus
2079 2475 2180 2516 nos
2206 2502 2220 2526 ,
2251 2469 2308 2516 et
2335 2460 2660 2517 benedicere
2689 2460 3115 2528 maledicentes;
3158 2459 3261 2517 hoc
3310 2476 3410 2516 nos
3433 2461 3512 2515 fa-

1905 2566 2031 2608 cere
2051 2553 2350 2618 debemus,
2382 2552 2429 2608 si
2463 2552 2713 2608 volumus
2743 2552 2976 2624 perfecti
2999 2569 3120 2610 esse
3142 2595 3157 2620 ,
3188 2554 3327 2609 sicut
3356 2553 3515 2608 Pater

1907 2658 2094 2701 noster
2141 2646 2231 2716 qui
2281 2647 2334 2700 in
2376 2647 2523 2704 casio
2566 2656 2686 2713 est,
2733 2647 2825 2717 qui
2856 2663 3018 2716 super
3057 2648 3230 2704 bonos
3256 2657 3311 2702 et
3336 2647 3513 2702 malos

1909 2740 2078 2794 solem
2107 2739 2262 2809 jubet
2303 2739 2485 2795 radios
2512 2755 2643 2795 suos
2669 2739 2929 2805 fundere,
2983 2751 3037 2796 et
3079 2740 3264 2811 pluvia
3294 2748 3352 2797 et
3381 2755 3509 2796 rore

1912 2841 2082 2887 terras
2102 2833 2483 2888 universorum
2503 2835 2622 2888 sine
2647 2833 2755 2888 ulla
2775 2834 3107 2890 discretione
3130 2835 3508 2905 pinguescere.

1912 2924 2025 2980 Hoc
2056 2934 2142 2980 est.
2173 2927 2335 2997 igitur
2365 2926 2664 2996 perfectum
2692 2927 2956 2995 ofﬁcium,
2990 2925 3008 2966 ἲ
3034 2928 3176 2999 quod
3210 2929 3516 3006 κατόρθωμα

1911 3016 2169 3073 dixerunt
2195 3019 2395 3084 Graeci,
2423 3035 2534 3090 quo
2560 3021 2908 3091 corriguntur
2929 3021 3134 3086 omnia,
3159 3036 3279 3092 qua:
3300 3021 3517 3092 aliquos

1835 3145 1880 3209 Ο
1914 3119 2206 3180 potuerunt
2234 3112 2417 3181 lapsus
2449 3113 2672 3169 habere.

1982 3205 2071 3260 58.
2114 3205 2261 3260 Bona
2293 3205 2454 3260 etiam
2485 3206 2860 3262 misericordia
2884 3248 2898 3269 ,
2929 3221 3050 3278 qua:
3079 3215 3135 3262 et
3162 3206 3275 3277 ipsa
3302 3204 3517 3276 perfec-

1911 3307 1999 3356 tos
2030 3302 2176 3367 facit,
2211 3302 2331 3371 quia
2363 3302 2606 3356 imitatur
2638 3301 2935 3372 perfectum
2967 3300 3208 3356 Patrem.
3237 3299 3380 3354 Nihil
3404 3308 3512 3354 tam

1911 3393 2256 3448 commendat
2274 3393 2637 3448 Christianam
2671 3395 2905 3449 animam
2928 3409 3092 3464 quam
3117 3392 3512 3448 misericordia.

1916 3488 1940 3525 8
1963 3479 2205 3534 Primum
2235 3479 2288 3535 in
2322 3495 2619 3550 pauperes,
2663 3490 2720 3536 ut
2751 3496 3070 3536 communes
3085 3479 3299 3549 jndices
3329 3487 3517 3551 partus

1915 3583 2121 3628 natura:
2146 3616 2161 3640 ,
2203 3589 2326 3645 quae
2347 3574 2601 3630 omnibus
2628 3575 2694 3629 ad
2725 3591 2882 3630 usum
2912 3583 3136 3645 generat
3171 3572 3378 3628 fructus
3408 3579 3516 3625 ter-

1915 3685 2134 3736 rarum;
2169 3680 2226 3724 ut
2250 3670 2391 3741 quod
2418 3670 2606 3735 habes,
2637 3670 2883 3740 largiaris
2913 3667 3138 3739 pauperi
3164 3707 3178 3730 ,
3206 3674 3260 3720 et
3287 3678 3519 3719 consor-

1918 3771 2024 3818 tem
2045 3773 2100 3818 et
2134 3764 2472 3818 conformetn
2489 3773 2641 3818 tuum
2660 3761 3016 3832 adjuves.'.Tu
3037 3773 3318 3815 nunnnum
3352 3757 3520 3828 largi-

1917 3859 2014 3924 ris,
2042 3859 2135 3912 ille
2161 3860 2323 3912 vitam
2343 3859 2567 3928 accipit:
2599 3868 2654 3912 tu
2677 3856 2964 3928 pecuniam
2996 3855 3114 3916 das,
3147 3853 3237 3909 ille
3267 3852 3522 3908 substan-

1921 3952 2049 4007 tiam
2073 3953 2513 4006 snamaestimat.
2545 3950 2693 4006 Tuus
2708 3950 2987 4014 denarius,
3015 3963 3213 4006 census
3241 3949 3391 4004 illius
3413 3958 3519 4004 eat.

1991 4044 2085 4100 59.
2125 4042 2205 4099 Ad
2239 4042 2355 4098 ha'c
2383 4042 2504 4114 plus
2531 4043 2622 4099 ille
2652 4043 2744 4098 tibi
2769 4041 3018 4110 confert,
3053 4057 3177 4096 cum
3206 4039 3278 4097 sit
3307 4040 3524 4098 debitor

1920 4136 2132 4193 salutis.
2169 4138 2228 4194 Si
2257 4136 2463 4192 nudum
2489 4137 2711 4204 vestias,
2739 4146 2791 4193 te
2817 4137 2992 4207 ipsum
3025 4135 3205 4192 induis
3232 4135 3522 4208 justitiam.

1921 4228 1979 4283 Si
2001 4230 2346 4300 peregrinum
2375 4229 2478 4286 sub
2501 4239 2699 4285 tectum
2723 4229 2950 4285 inducas
2976 4240 3150 4294 tuum,
3180 4231 3224 4284 si
3257 4227 3525 4299 suscipias

1923 4331 2216 4391 egentem:
2266 4324 2359 4378 ille
2390 4322 2485 4378 tibi
2514 4323 2750 4392 acquirit
2803 4333 3116 4377 sanctorum
3163 4321 3432 4376 amicitias
3473 4329 3531 4376 et

1922 4428 2128 4472 aeterna
2153 4417 2524 4474 tabernacula.
2559 4417 2674 4472 Non
2716 4416 3007 4473 mediocris
3036 4416 3138 4471 ista
3165 4413 3363 4485 gratia.
3393 4412 3528 4469 Cor-

1925 4509 2131 4577 poralia
2162 4511 2438 4576 setninas,
2481 4517 2540 4566 et
2578 4509 2782 4580 recipis
2812 4508 3100 4578 spiritalia.
3140 4507 3354 4562 Miraris
3378 4505 3527 4574 judi-

1923 4601 2066 4657 cium
2101 4604 2314 4659 Domini
2362 4603 2431 4660 de
2460 4613 2653 4659 sancto
2680 4602 2826 4659 Job?
2856 4601 3052 4657 Mirare
3080 4602 3338 4657 virtutem
3367 4599 3486 4669 ejus
3508 4639 3526 4666 ,

1922 4696 2012 4766 qui
2043 4706 2255 4766 poterat
2280 4698 2503 4752 dicere:
2562 4698 2663 4767 12
2696 4694 2893 4749 Oculus
2929 4711 3071 4750 eram
3101 4709 3356 4749 cwcorum
3379 4732 3395 4759 ,
3442 4708 3530 4762 pes

1924 4790 2254 4844 claudorum.
2313 4787 2424 4858 Ego
2454 4804 2596 4842 eram
2644 4788 2973 4857 infirmorum
3031 4797 3199 4856 pater,
3255 4784 3531 4839 velleribus

1929 4905 2236 4967 noluimus;
2271 4901 2574 4972 prmsertim
2597 4915 2718 4955 cum
2742 4900 3037 4958 Ambrosio
3067 4901 3306 4956 insolens
3338 4915 3445 4955 non
3464 4900 3536 4956 sit

1928 4975 2143 5030 easdem
2173 4974 2474 5028 sententias
2501 4973 2731 5026 subinde
2754 4982 3027 5042 repetere.

2003 5057 2024 5081 ο
2061 5044 2174 5099 Cic.
2206 5045 2299 5098 lib.
2330 5042 2529 5099 tOl‘ﬁc.
2568 5059 2688 5114 pag.
2721 5044 2817 5100 53I
2848 5085 2863 5107 ,
2892 5044 2987 5099 lin.
3016 5043 3086 5099 36
3120 5059 3132 5095 :
3189 5043 3353 5114 Atque
3381 5043 3537 5098 etiam

1925 5117 2032 5170 alia
2061 5117 2246 5170 divisio
2272 5125 2347 5170 est
2372 5156 2387 5182 ,
2427 5127 2533 5170 etc.
2561 5113 2806 5170 Ad’verte
2832 5114 3051 5169 interim
3098 5113 3371 5169 Ambrosii
3401 5115 3533 5170 doc-

1929 5190 2126 5242 trinam
2153 5188 2220 5242 de
2251 5195 2643 5257 praeceptorum
2673 5196 2730 5240 et
2758 5185 3114 5241 consiliorum
3145 5185 3496 5242 distinctione
3516 5228 3533 5255 ,

1928 5275 2049 5328 qua:
2079 5271 2186 5313 tam
2221 5260 2574 5341 pertinaciter
2603 5259 2672 5314 ab
2701 5257 3053 5313 heterodoxis
3103 5257 3398 5313 neotericis
3437 5260 3539 5313 itn-

2084 5348 2108 5383 :I
2121 5347 2209 5384 IIII‘
2238 5347 2292 5384 el
2322 5347 2582 5384 I'CIICIIUI'.

1933 5345 2209 5401 pugnatur
2238 5341 2292 5385 et
2322 5341 2582 5398 repettur.

2009 5401 2028 5440 ί
2062 5402 2199 5458 Ibid.
2222 5417 2341 5473 pag.
2370 5400 2467 5456 2:51
2495 5441 2508 5466 ,
2535 5401 2750 5457 No.37:
2782 5398 3074 5472 Perfectum
3095 5409 3263 5454 autem
3284 5400 3540 5472 ofﬁcium,

1933 5484 2041 5532 etc.

2011 5556 2035 5594 ε
2074 5546 2195 5601 Lib.
2246 5561 2285 5600 ιι
2311 5542 2472 5600 Ofﬁc.
2513 5557 2642 5616 pag.
2681 5542 2828 5612 385,
2872 5541 2971 5603 lin.
3014 5543 3120 5600 ης
3150 5541 3219 5599 In
3257 5543 3349 5600 illo
3373 5556 3546 5606 autem

1940 5620 2102 5675 altera
2130 5632 2314 5689 genere
2329 5657 2343 5682 ,
2375 5621 2484 5670 etc.
