4030 6188
485 208 555 272 35
1856 201 2103 273 SANCTl
2141 196 2467 285 annuosn
3722 188 3797 269 as

483 345 735 401 agnorum
772 343 1001 383 meorum
1030 325 1271 397 calefacti
1311 334 1430 379 sunt
1472 322 1676 378 humeri
1699 337 1896 377 eorum.
1931 320 2089 376 Foris
2115 340 2162 399 Α
2193 320 2327 375 scire
2353 318 2476 375 nolo
2505 316 2698 393 (Ibid.,
2734 316 2851 401 ιι),
2909 314 3056 397 Quid
3087 312 3351 395 prodest,
3401 314 3533 385 quia
3563 313 3794 369 servivi-

484 440 585 479 non
604 422 866 477 habitabat
882 418 1184 491 peregrinus
1207 433 1226 472 :
1249 417 1438 471 ostium
1460 425 1632 470 autem
1656 429 1823 468 meum
1847 412 1986 467 omni
2002 427 2086 465 ve-

484 517 646 572 nienti
676 513 883 585 patebat
913 511 1038 584 (Job
1070 525 1227 577 xxix,
1265 510 1355 576 15,
1390 509 1454 565 16
1478 506 1519 581 ).
1557 507 1753 563 Beatus
1783 506 1948 578 plane
1974 547 1989 572 ,
2021 504 2090 560 de

487 611 645 677 cujus
692 607 856 660 domo
903 618 1199 674 numquam
1244 617 1419 658 vacuo
1467 603 1591 656 sinu
1642 615 1848 671 pauper
1886 599 2085 667 exivit;

488 716 666 771 neque
704 700 848 754 enim
880 697 1168 769 quisquam
1223 694 1397 767 magis
1438 694 1628 749 beatus
1656 734 1670 758 ,
1700 708 1861 764 quam
1892 692 1982 762 qui
2012 691 2094 744 in-

486 793 677 864 telligit
698 805 866 860 super
900 790 1155 861 pauperis
1180 790 1563 844 necessitatem
1591 794 1648 841 et
1675 783 1877 839 inﬁrmi
1930 788 2093 851 atque

483 886 662 956 in0pis
690 898 1010 940 aerumnam.
1065 882 1122 937 ln
1174 881 1262 937 die
1288 880 1481 952 judicii
1530 876 1749 933 habebit
1794 877 2023 931 salutem
2060 887 2094 927 a

486 978 719 1035 Domino
741 1022 754 1042 .
785 992 945 1048 quem
972 974 1196 1031 habebit
1217 990 1330 1029 sua:
1356 972 1655 1027 debitorem
1682 964 2089 1024 misericordiae.

1096 1065 1327 1123 CAPUT
1365 1064 1485 1119 Xll.

486 1162 571 1218 Ne
600 1165 715 1234 quis
742 1161 806 1216 ab
831 1158 1122 1216 exercenda
1163 1156 1525 1213 misericordia
1550 1164 1831 1219 reuocetur,
1866 1149 2094 1205 ostendi-

557 1268 642 1312 tur
670 1254 835 1312 Deum
865 1270 1051 1310 curare
1078 1264 1224 1308 actus
1247 1251 1515 1306 hominum
1538 1290 1553 1317 ,
1602 1258 1649 1304 et
1697 1244 1966 1319 quemlibet
1992 1246 2093 1298 im-

556 1351 771 1422 probum
796 1350 849 1404 in
881 1349 996 1420 ipsa
1021 1364 1176 1419 opum
1217 1346 1495 1419 afﬂuentia
1538 1343 1785 1398 miserum
1832 1356 1940 1396 esse
1973 1337 2097 1394 Jobi

558 1442 860 1497 mrctoritate
889 1441 1301 1496 demonstratur.

556 1542 646 1596 40.
690 1537 797 1594 Sed
827 1538 1072 1608 plerique
1106 1542 1434 1591 revocantur
1465 1531 1533 1587 ab
1579 1528 1761 1585 ofﬁcio
1805 1527 2093 1598 dispensa-

486 1631 642 1688 tricis
674 1629 1069 1686 misericordiae
1094 1670 1110 1695 ,
1154 1627 1283 1682 dum
1316 1634 1505 1699 putant
1536 1623 1772 1680 hominis
1803 1630 1956 1681 actus
1986 1635 2093 1681 non

2194 428 2316 469 mus
2341 413 2442 484 ipsi
2470 430 2483 467 :
2527 421 2621 468 aut
2652 427 2775 489 qua:
2824 411 3029 467 utilitas
3054 450 3072 481 ,
3104 407 3229 485 quia
3272 408 3613 464 occurrimus
3640 406 3742 474 ipsi
3771 405 3795 461 2

2195 507 2252 562 In
2282 507 2533 562 manibus
2558 508 2806 578 ipsorum
2840 505 3023 571 omnia
3051 503 3191 558 bona
3214 542 3230 569 ,
3285 517 3452 573 opera
3481 510 3663 559 autem
3696 501 3798 556 im-

2195 600 2406 671 piorum
2438 615 2544 653 non
2580 597 2747 653 videt.

2266 692 2356 749 45.
2402 690 2681 749 Laudatur
2710 692 2763 747 in
2801 700 2825 729 ε
2852 690 3083 751 Platone
3110 731 3126 757 ,
3176 687 3321 761 quod
3363 689 3419 745 in
3458 687 3659 749 Politia
3698 703 3800 745 sua

2200 785 2302 861 13
2334 786 2507 861 posuit
2537 802 2662 842 eum
2687 783 2782 858 qui
2829 795 3023 840 contra
3045 783 3313 857 justitiam
3335 781 3646 852 disputandi
3678 797 3801 853 par.

2197 890 2279 935 tes
2309 882 2629 959 recepisset,
2662 880 2943 951 poStulare
2976 880 3186 934 veniam
3232 877 3508 943 dictorum
3537 892 3659 947 quae
3689 892 3796 933 nos

2197 975 2485 1053 probaret.
2518 983 2573 1030 et
2604 974 2714 1030 veri
2748 972 3062 1030 inveniendi
3095 982 3258 1045 atque
3286 970 3667 1033 examinanda:
3688 970 3801 1027 disc

2196 1066 2498 1139 putationis
2547 1067 2758 1139 gratia,
2803 1066 2950 1121 illam
2998 1065 3104 1123 sibi
3152 1063 3464 1135 impositam
3508 1078 3801 1135 personam

2196 1157 2406 1219 dicere.
2453 1156 2607 1227 Quod
2652 1172 2897 1226 eousque
2943 1155 3157 1213 Tullius
3197 1155 3714 1228 Probavit,ntipse
3746 1155 3799 1210 in

2202 1250 2358 1305 libris
2379 1264 2519 1321 quos
2550 1250 2772 1321 scripsit
2792 1250 2861 1307 de
2891 1248 3214 1323 Republica,
3244 1250 3298 1305 in
3329 1263 3447 1304 eam
3479 1249 3804 1305 sententiam

2197 1344 2488 1402 dicendum
2518 1344 2813 1417 putaverit.

2276 1438 2368 1495 at.
2414 1436 2436 1476 ί
2468 1438 2684 1505 Quanto
2714 1436 2989 1509 antiquior
3014 1435 3121 1492 illis
3161 1435 3286 1504 Joh,
3330 1435 3423 1507 qui
3450 1434 3564 1490 lucc
3596 1436 3810 1506 primus

2198 1532 2427 1603 reperit,
2458 1546 2562 1588 nec
2588 1531 2919 1603 eioqnentia:
2944 1529 3297 1601 phalerandte
3321 1528 3495 1600 gratia
3519 1571 3534 1595 ,
3574 1533 3670 1584 sed
3714 1544 3809 1584 ve-

2198 1625 2376 1683 ritatis
2407 1624 2725 1696 probanda).
2751 1623 3130 1697 pra-mittenda
3150 1622 3473 1679 aestimavit?
3502 1621 3810 1694 Statimque

484 1740 683 1782 curare
713 1725 1001 1780 Dominum
1035 1764 1051 1789 ,
1100 1731 1189 1776 aut
1222 1722 1435 1776 nescire
1464 1734 1587 1774 eum
1617 1717 1745 1789 quid
1790 1717 1841 1769 in
1865 1713 2096 1770 occultis
2126 1743 2172 1803 Β
2201 1719 2317 1789 ipse
2348 1719 2709 1790 qumstionem
2743 1717 2975 1773 enodem
3031 1716 3308 1784 reddidit,
3340 1715 3635 1786 subiiciens
3663 1714 3810 1787 quod

485 1836 741 1893 geramus
767 1861 782 1887 ,
824 1818 953 1891 quid
987 1825 1171 1873 teneat
1204 1826 1387 1870 nostra
1422 1814 1755 1870 conscientia
1788 1828 1802 1865 :
1842 1808 2097 1880 anljudi-

486 1913 632 1969 cium
662 1913 781 1982 ejus
812 1924 1154 1982 nequaquam
1177 1908 1382 1980 justum
1413 1905 1607 1971 videri,
1658 1901 1879 1977 quando
1903 1915 2098 1971 pecca-

492 2016 643 2061 tores
672 2005 877 2060 divitiis
908 2003 1190 2059 abundare
1234 2001 1422 2057 vident
1446 2042 1462 2067 ,
1494 1998 1731 2071 gaudere
1758 1996 2096 2063 honoribus,

490 2100 750 2165 sanitate,
779 2098 995 2152 liberis:
1016 2106 1207 2151 contra
1229 2107 1434 2162 autem,
1454 2093 1632 2164 justos
1662 2092 1852 2164 inopes
1875 2090 2095 2160 degere,

489 2191 821 2257 inhonorus,
849 2192 969 2245 sine
992 2188 1213 2257 liberis,
1242 2186 1490 2243 inﬁrmos
1521 2198 1783 2256 corpore,
1816 2183 1965 2239 luctu
1996 2182 2101 2236 rre-

493 2286 702 2358 quenﬁ.

567 2383 657 2441 41.
699 2383 807 2440 Nec
831 2382 1120 2439 mediocris
1150 2397 1211 2438 ea
1238 2381 1497 2453 quaestio,
1527 2375 1968 2451 quandoquidem
1991 2380 2103 2430 tres

493 2481 571 2538 illi
602 2494 757 2552 reges
780 2479 940 2534 amici
964 2477 1067 2534 Joh
1092 2520 1107 2545 ,
1141 2485 1433 2548 propterea
1461 2490 1586 2529 eum
1607 2479 1953 2547 peecatorem
1983 2484 2108 2539 pro-

492 2576 815 2632 nuntiabant
840 2616 856 2641 ,
888 2572 1013 2644 quia
1044 2570 1264 2642 inopem
1294 2569 1495 2624 factum
1527 2581 1594 2621 ex
1618 2562 1784 2619 divite
1804 2606 1819 2631 ,
1850 2562 2103 2617 orbatum

494 2666 687 2724 liberis
728 2682 795 2721 ex
849 2662 1082 2720 fecundo
1138 2672 1396 2732 parente,
1451 2656 1729 2728 perfusum
1780 2653 2055 2711 ulceribus
2087 2645 2145 2721 ,'

500 2770 526 2800 α
559 2761 1047 2828 inhorrentemqne
1092 2755 1380 2818 vibicibus,
1409 2760 1692 2807 exaratum
1723 2748 2046 2805 vulneribus
2077 2763 2107 2801 a

498 2852 677 2921 capite
702 2864 876 2921 usque
906 2848 974 2902 ad
1005 2846 1171 2917 pedes
1201 2845 1462 2900 videbant
1493 2841 1642 2914 (Job.
1676 2856 1751 2909 tv,
1783 2843 1817 2897 5
1843 2883 1858 2907 ,
1905 2839 1965 2895 ll
2001 2879 2015 2905 ,
2039 2836 2110 2894 M

499 2956 548 3004 et
570 2944 727 3021 δαίμ).
765 2945 972 3014 Quibus
1001 2942 1141 2997 hanc
1171 2950 1391 2996 sanctus
1413 2937 1515 2995 Job
1565 2936 1820 3008 proponit
1852 2933 2113 2991 assertio-

502 3055 624 3095 nem
653 3057 666 3092 :
719 3037 776 3093 Si
822 3051 923 3108 ego
952 3044 1177 3106 propter
1201 3039 1419 3102 peccata
1465 3044 1583 3085 mea
1625 3027 1742 3083 haec
1770 3026 1971 3098 patior,
2004 3022 2111 3079 Cur

2200 1810 2579 1882 exstinguatur
2620 1810 2842 1866 lucerna
2866 1809 3181 1882 impiorum,
3214 1818 3269 1865 et
3298 1808 3477 1864 futura
3507 1809 3574 1864 sit
3619 1823 3809 1865 eorum

2200 1904 2420 1959 eversio
2462 1901 2589 1972 (Job
2634 1917 2758 1967 χχι,
2788 1898 2937 1973 i7):
2987 1917 3095 1957 non
3152 1900 3265 1956 falli
3322 1900 3492 1957 Deum
3523 1900 3810 1956 doctorem

2201 1996 2491 2066 sapientiae
2534 2004 2590 2052 et
2639 1994 2972 2066 disciplinae,
3021 1993 3119 2050 sed
3145 2008 3271 2051 esse
3305 1993 3552 2050 veritatis
3574 1993 3812 2065 judieem

2201 2085 2439 2160 (Ibidem
2469 2129 2483 2152 ,
2543 2086 2693 2159 23):
2744 2094 2802 2142 et
2839 2087 2964 2143 ideo
3022 2101 3132 2143 non
3180 2085 3482 2143 secundum
3538 2086 3815 2143 forensem

2200 2187 2603 2243 abundantiam
2622 2185 2999 2242 :esrimandam
3027 2185 3419 2243 beatitudinem
3447 2183 3813 2257 singulorum;

2203 2282 2303 2339 sed
2330 2281 2632 2337 secundum
2661 2280 2980 2336 interiorem
3008 2278 3405 2337 conscientiam
3429 2322 3444 2347 ,
3489 2296 3610 2352 qua:
3659 2280 3816 2335 inno-

2205 2377 2444 2431 centium
2470 2385 2522 2430 et
2547 2374 2939 2445 ﬂagitiosorum
2964 2375 3157 2429 merita
3178 2373 3472 2441 discernit,
3500 2388 3627 2429 vera
3652 2382 3819 2444 atque

2206 2469 2523 2538 incorrupta
2568 2482 2855 2539 pinnarum
2905 2468 3364 2541 prtemiorumque
3419 2467 3649 2525 arbitra.
3701 2467 3821 2524 Mo-

2206 2562 2344 2631 ritur
2390 2562 2660 2621 innocens
2705 2562 2760 2618 in
2811 2570 3085 2635 potestate
3136 2563 3506 2634 simplicitatis
3555 2579 3701 2631 suae,
3762 2565 3817 2620 in

2205 2657 2544 2716 abundantia
2572 2658 2806 2728 propria:
2835 2657 3157 2723 voluntatis,
3182 2657 3323 2715 sicut
3348 2657 3511 2728 adipe
3539 2658 3817 2726 repletam

2208 2752 2447 2808 animam
2468 2766 2670 2823 gerens
2707 2748 2898 2823 (Ibid.,
2926 2749 3001 2809 35
3026 2760 3072 2805 et
3100 2766 3206 2821 aeq.
3224 2749 3266 2823 ).
3303 2750 3375 2806 At
3402 2764 3535 2807 vero
3561 2762 3823 2821 peccator

2208 2842 2454 2915 quamvis
2488 2842 2619 2899 loris
2645 2841 2910 2909 abundet,
2935 2841 3157 2901 deliciis
3192 2842 3408 2901 difﬂuat
3428 2884 3449 2907 ,
3472 2850 3532 2900 et
3556 2841 3825 2900 odoribus

2209 2933 2409 3005 fragrat
2432 2976 2447 3000 ,
2483 2934 2535 2988 in
2581 2933 2944 2993 amaritudine
2976 2943 3002 2983 κ
3045 2936 3247 2995 anima
3272 2948 3389 2990 sum
3416 2934 3581 2989 vitam
3611 2932 3822 3006 exigit,

2211 3034 2267 3083 et
2298 3026 2545 3083 ultimum
2574 3026 2725 3084 diem
2752 3026 2987 3094 claudit,
3038 3026 3175 3086 nihil
3215 3041 3399 3085 secum
3454 3041 3652 3083 eorum
3698 3042 3829 3097 qua:

497 3133 646 3205 impii
672 3132 843 3186 vivunt
868 3131 891 3183 ?
912 3127 1328 3183 Inveteraverunt
1357 3133 1549 3188 autem,
1576 3132 1623 3177 et
1645 3124 1697 3175 in
1729 3120 1920 3175 divitiis
1940 3134 2111 3174 semen
2136 3128 2183 3193 α
2215 3115 2505 3189 hepulatus
2519 3117 2704 3184 fuerit,
2725 3118 2852 3177 boni
2875 3116 3147 3179 reierens:
3174 3118 3307 3179 nihil
3331 3132 3518 3177 secum
3539 3117 3825 3188 auferens,

501 3241 675 3280 eorum
705 3222 987 3277 secundum
1020 3222 1353 3285 uoluntatem,
1389 3217 1487 3287 ﬁlii
1514 3232 1684 3271 eorum
1716 3215 1770 3269 in
1798 3213 1986 3279 oculis,
2018 3212 2112 3266 do-

504 3337 617 3376 mus
644 3320 875 3387 ipsorum
907 3315 1211 3377 abundant,
1265 3314 1416 3366 timor
1457 3320 1628 3365 autem
1651 3322 1945 3379 nusquam:
1976 3302 2111 3359 Fla-

502 3413 693 3482 gellum
724 3420 893 3464 autem
938 3425 969 3461 a
1013 3407 1238 3462 Domino
1264 3422 1367 3459 non
1393 3414 1465 3459 est
1492 3403 1546 3456 in
1581 3402 1706 3474 ipsis
1738 3399 1880 3474 (Job
1909 3413 2004 3454 xxI
2030 3438 2044 3458 .
2079 3398 2110 3451 7

504 3514 550 3560 et
581 3503 737 3578 seq.).

574 3598 665 3652 42.
713 3597 838 3649 lla-c
866 3594 1057 3650 videns
1083 3592 1333 3648 inlirmus
1363 3588 1529 3646 corde
1558 3588 1886 3661 exagitator,
1914 3594 1971 3640 et
1999 3592 2115 3640 stu-

504 3690 654 3745 dium
697 3689 894 3744 avertit
922 3703 1103 3744 suum.
1155 3685 1323 3755 Cujus
1351 3683 1598 3737 dicturus
1626 3695 1911 3737 sermones
1937 3721 1952 3747 ,
1984 3690 2115 3734 ante

505 3793 728 3840 sanctus
753 3782 1013 3854 pra-misit
1038 3778 1139 3834 Joh
1163 3821 1175 3842 ,
1206 3776 1395 3833 dicens
1421 3793 1435 3830 :
1460 3773 1675 3828 Portate
1702 3789 1799 3839 me,
1824 3789 1916 3847 ego
1944 3781 2113 3825 autent

507 3875 710 3947 loquar,
741 3874 927 3930 deinde
949 3873 1109 3927 ridete
1131 3887 1232 3926 me.
1260 3868 1400 3923 Nam
1420 3878 1465 3923 et
1495 3868 1763 3938 siarguor,
1793 3866 1941 3935 quasi
1961 3863 2114 3917 homo

506 3986 719 4043 arguor.
757 3967 968 4023 Portate
992 3981 1113 4037 ergo
1141 3980 1271 4020 onus
1292 3978 1583 4018 sermonum
1610 3975 1835 4014 meorum
1865 3957 2055 4033 (Ibid,
2080 3946 2109 4011 1

507 4073 554 4118 et
575 4061 729 4135 seq).
756 4061 1014 4116 Dicturus
1040 4060 1185 4117 cnim
1214 4074 1334 4113 sum
1366 4057 1510 4127 quod
1539 4070 1645 4110 non
1672 4053 1841 4125 probo
1876 4071 1889 4107 :
1927 4052 2020 4108 sed
2045 4049 2114 4106 ad

507 4170 609 4211 vos
636 4154 1047 4224 redarguendos
1099 4153 1369 4221 proferam
1418 4149 1689 4205 sermonis
1739 4149 1972 4219 iniquos.
2006 4145 2115 4200 Aut

507 4262 686 4313 certe;
726 4251 850 4319 quia
885 4250 954 4302 ita
985 4261 1062 4303 eSt
1092 4246 1120 4285 δ
1151 4261 1360 4302 versus.
1407 4243 1545 4313 Quid
1569 4251 1738 4298 autem
1770 4242 1795 4296 ?
1844 4239 2115 4312 Numquid

509 4344 572 4398 ab
617 4343 822 4397 homine
850 4339 1090 4414 arguor?
1133 4342 1235 4395 hoc
1261 4347 1365 4405 est,
1401 4348 1423 4377 ε
1457 4336 1620 4392 homo
1660 4352 1746 4391 inc
1796 4350 1901 4390 non
1936 4342 2115 4406 potest

513 4438 844 4507 redarguere
890 4434 1016 4501 quia
1067 4430 1320 4502 peccavi,
1373 4430 1476 4486 etsi
1528 4430 1677 4501 argui
1715 4426 1910 4500 dignus
1947 4441 2109 4491 sum;

2217 3218 2317 3274 nisi
2346 3218 2613 3274 scelerum
2637 3233 2863 3273 suorum
2882 3217 3078 3289 pretia.

2290 3309 2378 3367 45.
2407 3310 2533 3366 llzec
2552 3311 2795 3381 cogitans
2828 3324 2987 3382 nega,
3007 3309 3057 3364 si
3087 3318 3262 3380 potes,
3291 3309 3461 3371 divini
3493 3327 3616 3373 esse
3631 3309 3828 3383 judicii

2216 3404 2737 3459 remunerationem.
2772 3401 2870 3460 ille
2899 3417 3001 3460 suo
3026 3403 3227 3460 alIeCtu
3252 3402 3443 3463 beatus
3467 3446 3482 3472 ,
3512 3405 3601 3461 bic
3631 3405 3825 3461 miser:

2215 3496 2307 3552 ille
2351 3510 2452 3551 suo
2489 3494 2697 3567 judicio
2741 3496 3060 3564 absolutus,
3108 3495 3195 3552 hic
3242 3512 3373 3554 reus
3404 3515 3421 3557 :
3456 3497 3549 3554 ille
3583 3498 3643 3555 in
3674 3496 3828 3555 exitu

2215 3586 2375 3645 lactus
2395 3630 2411 3658 ,
2445 3588 2536 3644 hic
2567 3603 2825 3646 manens.
2855 3588 2954 3645 Cui
2979 3588 3187 3645 absolvi
3234 3599 3452 3660 potest,
3474 3590 3567 3661 qui
3594 3605 3695 3647 nec
3715 3590 3825 3647 sibi

2216 3685 2480 3740 innocens
2519 3684 2638 3738 est?
2670 3682 2865 3751 Dicite,
2895 3683 3088 3755 inquit,
3125 3684 3299 3747 mihi,
3324 3684 3416 3739 ubi
3443 3694 3528 3740 est
3555 3683 3829 3754 protectio

2216 3776 2697 3833 tabernaculorum
2746 3777 2865 3847 ejus
2896 3774 3040 3849 (Job
3072 3792 3199 3844 ut,
3249 3776 3394 3849 28)?
3449 3778 3673 3849 Signum
3702 3777 3831 3848 ejus

2218 3888 2326 3926 non
2360 3869 2683 3927 invenietur.
2713 3868 2834 3926 Vita
2864 3871 3068 3929 etenim
3100 3868 3419 3937 iacinorosi,
3445 3880 3502 3927 ut
3526 3872 3826 3927 somnium.

2215 3966 2442 4038 Aperuit
2466 3965 2678 4031 oculos,
2713 3965 2964 4021 transivit
2985 3964 3202 4035 requies
3221 3963 3367 4033 ejus,
3391 3963 3617 4020 evanuit
3641 3964 3829 4021 deice.

2214 4061 2388 4115 tntio:
2442 4060 2571 4117 licet
2602 4059 2715 4130 ipsa
2764 4074 2886 4129 qua:
2928 4057 3165 4124 videtur,
3218 4058 3383 4113 etiam
3430 4058 3559 4114 dum
3592 4058 3823 4129 vivunt,

2216 4151 2507 4221 impiorum
2548 4153 2768 4222 requies
2801 4154 2853 4205 ln
2887 4149 3099 4205 inferno
3130 4150 3241 4209 sit:
3292 4149 3540 4209 viventes
3567 4150 3715 4209 enim
3770 4153 3825 4207 in

2215 4245 2427 4300 inferna
2452 4242 2813 4303 descendunt.

2283 4334 2374 4391 46.
2420 4333 2582 4393 Vides
2631 4334 2938 4393 convivium
2989 4333 3323 4407 peccatoris,
3354 4333 3632 4405 interroga
3685 4350 3829 4394 con-

2215 4428 2496 4484 scientiam
2528 4426 2669 4497 ejus.
2701 4425 2890 4483 Nonne
2916 4426 3135 4499 gravius
3162 4425 3419 4483 omnibus
3458 4424 3596 4483 fetet
3635 4431 3829 4500 sepul-

506 4531 630 4600 qnia
656 4546 763 4585 non
795 4544 861 4582 ex
894 4525 1134 4582 evidenti
1155 4525 1313 4594 culpa
1345 4538 1431 4579 me
1459 4522 1682 4594 arguitis
1704 4563 1717 4587 ,
1753 4520 1850 4576 sed
1874 4535 1938 4576 ex
1970 4519 2113 4589 inju-
2135 4524 2188 4585 Ι)
2213 4521 2361 4577 eris?
2412 4519 2641 4575 intueris
2667 4518 2911 4575 lmtitiant
2939 4519 3077 4592 ejus,
3110 4528 3165 4577 et
3190 4519 3568 4577 salubritatem
3600 4522 3830 4582 miraris

509 4623 606 4677 riis
637 4620 922 4677 :estimatis
952 4618 1143 4673 merita
1177 4616 1530 4672 delictorum.
1564 4608 1767 4668 Vidcns
1797 4628 1927 4683 ergo
1956 4612 2106 4665 inlir—

508 4728 629 4771 mus
658 4714 943 4770 abundare
967 4709 994 4748 ἀ
1028 4711 1262 4780 injuSlos
1303 4707 1654 4765 successibus
1692 4707 2001 4777 prosperis,
2050 4719 2110 4760 se

505 4823 688 4866 autem
735 4805 928 4874 alteri,
961 4803 1089 4860 dicit
1123 4803 1392 4859 Domino:
1428 4799 1646 4854 Discede
1669 4817 1701 4853 a
1732 4815 1832 4866 me,
1864 4798 1973 4853 vias
1994 4807 2110 4853 tuas

582 4975 609 5003 ει
648 4965 778 5020 Mss.
794 4963 1018 5033 aliqum,
1041 4961 1487 5033 inhorrentemque
1508 4954 1598 5010 uili
1619 4954 1765 5009 cibo:
1787 4954 2102 5033 quidam...

508 5035 761 5091 uaricibus
785 5051 804 5089 :
828 5028 1004 5089 neutri
1031 5034 1161 5089 satis
1188 5029 1476 5087 commode
1498 5069 1515 5095 ,
1568 5041 1673 5085 uec
1707 5028 1965 5089 mutanda
2002 5043 2108 5084 vox

509 5110 739 5165 Auctori
763 5114 951 5163 nostro
981 5102 1281 5163 familiaris.

582 5178 611 5218 ι’
658 5180 850 5235 Versus
899 5178 1003 5233 hoc
1046 5177 1171 5232 loco
1215 5172 1435 5244 ponitur
1467 5184 1567 5240 pro
1604 5186 1910 5239 conversio;
1940 5172 2107 5229 aliam

512 5251 659 5308 enim
701 5250 945 5320 ejusdem
974 5249 1077 5304 loci
1108 5245 1423 5305 Ambrosius
1447 5282 1464 5310 ,
1496 5250 1557 5299 ut
1591 5244 1721 5301 alibi
1764 5258 1911 5315 sepe
1934 5283 1953 5310 ,
1985 5259 2109 5299 ver-

514 5323 725 5379 sionem
757 5321 1031 5391 preponit.

592 5407 614 5433 ο
655 5385 788 5449 Cod.
818 5385 984 5458 'l'ell.,
1008 5394 1163 5447 homo
1190 5387 1434 5443 mentiens
1461 5402 1569 5442 nats
1592 5394 1755 5453 potest
1776 5385 2101 5457 redarguere.

585 5465 611 5504 α
653 5464 885 5535 Quidam
912 5480 1069 5530 mss.,
1101 5458 1753 5535 injustas__s_ucceasionib_tts
1787 5458 2068 5525 prosperis.

591 5548 614 5575 ο
657 5528 807 5592 ῧιιιιυ
835 5534 929 5589 lib.
971 5550 1011 5590 tt
1046 5528 1114 5590 de
1142 5528 1281 5601 Rep.
1314 5530 1647 5601 Glauconem
1681 5528 1735 5583 in
1787 5541 1974 5601 eorum
2015 5528 2106 5597 qui

509 5608 733 5680 iustitiae
751 5607 1142 5680 prazlercndam
1161 5599 1481 5680 injustitiam
1505 5599 2104 5680 dicemutdoqueatem

517 5672 1020 5747 inducit,‘atque_iin
1032 5672 1261 5744 positum
1289 5674 1388 5747 sibi
1406 5687 1600 5747 munus
1616 5672 1695 5747 ita_
1709 5679 2102 5747 excusantem:

514 5741 651 5811 Ἐπεὶ
680 5740 850 5825 ἴμξοιγέ
869 5789 884 5815 ,
923 5745 963 5803 ὦ
1002 5740 1276 5825 Σῶκρατις,
1300 5742 1376 5801 ἔτι
1397 5745 1456 5801 οὐ
1480 5742 1618 5802 δοκεῖ
1637 5744 1817 5805 οὕτως.
1839 5740 1904 5797 Et
1927 5741 2063 5798 infra
2091 5761 2104 5799 :

2214 4617 2461 4689 corporis
2502 4616 2736 4673 liliorum
2775 4624 2938 4687 atque
2985 4629 3151 4687 epum
3193 4613 3828 4674 abundantiam:intro-

2216 4708 2368 4782 spice
2398 4710 2579 4765 ulcera
2606 4717 2662 4767 et
2697 4706 2907 4765 vibices
2927 4707 3126 4769 animae
3152 4707 3293 4783 ejus,
3318 4716 3377 4764 et
3395 4705 3580 4764 cordis
3613 4710 3828 4764 intesti-

2222 4803 2488 4860 tudinem.
2537 4802 2669 4859 Nam
2699 4802 2766 4861 de
2792 4803 2989 4874 opibus
3010 4802 3140 4875 quid
3170 4803 3389 4874 loquar,
3414 4814 3539 4859 cum
3567 4800 3771 4873 legeris
3805 4820 3820 4858 :

2211 4963 2399 5039 mare
2426 4960 2535 5017 οτου
2554 4962 2752 5039 λέγειν..
2782 4958 2823 5039 ᾧ
2842 4964 3125 5039 Dixere“:
3139 4960 3287 5039 ,ἀλλεὶ
3306 4961 3428 5022 τοὺς
3455 4961 3788 5025 ἐπαινοῦντας

2213 5005 3328 5111 ἓέέῥ’⁴έῖἰ›εᾷι’ἇᾶύῖγῖςᾚιὶἕαῖἓὲῗὲᾇέ’ὲάζᾶῑςέ
3341 5005 3422 5111 “ξ’
3450 5005 3783 5111 ξ”””””’ξ“’
3802 5005 3819 5033 ⁹

2291 5103 2310 5144 ί
2353 5104 2457 5159 Job
2512 5107 2837 5172 scriptorum
2888 5100 3133 5157 oinninm
3179 5100 3594 5175 antiqirissitrrns
3650 5104 3822 5175 vulgo

2213 5176 2477 5240 creditur,
2509 5186 2774 5244 natusque
2804 5188 2948 5229 anno
2968 5182 3095 5243 post
3120 5173 3307 5229 orbem
3346 5174 3633 5229 conditum
3656 5173 3822 5232 circi-

2214 5254 2300 5301 ter
2325 5245 2491 5309 2330,
2518 5260 2641 5299 cum
2692 5245 2843 5299 Plato
2873 5245 2961 5299 vix
3002 5253 3125 5299 ante
3152 5260 3351 5299 annum
3379 5246 3531 5303 5550
3550 5247 3817 5302 ﬂoruerit.

2213 5316 2330 5400 lion
2359 5317 2563 5400 desunt
2587 5326 2839 5398 nmen-ti
2868 5317 3066 5400 quibus
3108 5315 3245 5399 liber
3272 5318 3364 5400 qui
3394 5319 3564 5384 ipsius
3595 5320 3821 5400 agmine

2217 5388 2565 5469 inscribitur,
2605 5402 2713 5441 non
2744 5388 2837 5469 ei‘,
2874 5386 2968 5442 sed
3018 5387 3564 5469 Moysiﬂattribuatur.
3601 5388 3819 5469 Videst

2214 5458 2334 5514 Johi
2368 5458 2658 5513 Historiam
2701 5458 2871 5514 multa
2912 5474 3043 5515 cum
3064 5458 3377 5517 eruditione
3419 5477 3451 5516 a
3483 5460 3820 5530 Spanbemio

2215 5532 2608 5587 elucubratam.

2290 5570 2701 5681 ζ’ξῖἐὶἑῖῖἐιὲε..
2724 5602 2915 5681 «una
2938 5614 3048 5660 sua
3065 5603 3162 5659 me
3174 5603 3362 5681 victim:
3382 5602 3589 5681 accipit.

2288 5671 2316 5711 ιι
2360 5672 2479 5759 vet.
2510 5673 2641 5728 edit.
2672 5674 2991 5759 estquidem
3019 5686 3175 5741 mss,
3211 5676 3455 5747 epulatus
3478 5674 3655 5745 fuerit,
3683 5676 3818 5747 refe-

2215 5761 2371 5802 rens:
2401 5745 2649 5801 bonorum
2679 5745 2815 5802 nihii
2837 5786 2855 5815 ,
2880 5756 2986 5804 etc.
