4030 6188
523 228 596 284 ὅθ
1884 234 2086 291 SANC'I

2203 235 2261 291 .M
2272 236 2492 293 BROSII
3763 239 3832 296 ιο

518 338 698 408 Operis
725 338 806 394 sui
837 353 963 394 cura
992 354 1097 393 non
1132 339 1454 409 praeterierit
1477 380 1491 405 ,
1544 349 1837 410 praetereat
1865 343 2116 398 scientia.
2148 349 2199 410 Α
2230 355 2356 401 ruut
2377 359 2509 416 ergo
2535 348 2790 401 arborum
2818 345 3084 401 occultam
3109 346 3221 401 vim
3240 345 3444 401 caloris
3471 346 3552 403 vel
3585 346 3826 417 frigoris,

520 435 663 504 Ergo
709 434 797 504 qui
845 434 1108 503 plantavit
1159 449 1379 497 aurem,
1424 449 1530 489 non
1577 435 1772 491 audit:
1815 437 1906 507 qui
1961 436 2121 491 finxit

517 529 753 593 oculum,
780 541 886 581 non
927 526 1096 594 videt,
1127 542 1235 582 non
1267 527 1621 583 considerat?

587 619 676 674 52.
727 618 841 672 Non
893 618 1155 688 praeteriit
1201 617 1316 674 [nec
1341 635 1479 674 vana
1513 619 1699 691 opinio
1743 629 1964 676 sanctos
1994 637 2120 692 pro-

513 711 726 782 phctas.
762 709 1005 779 Denique
1034 709 1199 764 David
1233 710 1442 766 inducit
1473 725 1568 765 eos
1605 711 1888 782 loquentes
1909 751 1925 778 ,
1977 726 2116 782 quos

509 803 762 874 superbia
793 801 1014 858 inﬂatos
1045 803 1262 859 asserit.
1309 803 1448 872 Quid
1470 805 1617 859 enim
1647 815 1755 859 tam
1786 805 2114 874 superbum,

511 912 674 968 quam
706 911 830 951 curn
861 897 960 966 ipsi
993 897 1094 952 sub
1122 907 1344 967 peccato
1374 897 1505 962 sint,
1528 897 1666 951 alios
1694 897 1916 968 indigne
1941 898 2117 952 ferant

509 1000 827 1062 peccatores
850 990 1052 1056 vivere,
1072 989 1350 1047 dicentes:
1375 989 1652 1060 Usquequo
1675 989 2115 1060 peccatores,'Do-

510 1085 666 1148 mine,
691 1099 953 1153 usquequo
967 1092 1256 1156 peccatores
1273 1081 1634 1156 gloriabuntur
1650 1081 1828 1152 (Psal.
1854 1099 2006 1148 xcut,
2030 1083 2118 1155 3)?

509 1175 576 1230 Et
608 1174 748 1229 infra
781 1192 794 1227 :
831 1173 898 1230 Et
928 1175 1190 1230 dixerunt.
1251 1173 1374 1229 Non
1405 1174 1588 1229 videbit
1636 1173 1918 1243 Dominus,
1952 1193 2112 1246 neque

504 1270 760 1340 intelliget
808 1266 951 1323 Deus
1000 1267 1186 1322 Iacob.
1226 1268 1431 1335 Quibus
1489 1267 1787 1340 respondet
1844 1269 2113 1339 propheta

505 1362 731 1418 dicens:
763 1360 1047 1430 lntelligite
1075 1377 1214 1416 nunc
1234 1362 1534 1431 insipientes
1560 1364 1615 1416 in
1646 1363 1859 1434 populo,
1893 1373 1940 1417 et
1966 1362 2114 1416 stulti

505 1455 786 1526 aliquando
829 1455 1018 1524 sapite.
1051 1453 1156 1520 Qui
1181 1455 1435 1522 plantavit
1465 1471 1644 1508 aurem
1664 1495 1678 1514 .
1709 1471 1812 1509 non
1840 1455 1988 1509 audit
2018 1471 2036 1509 :
2063 1464 2112 1510 et

504 1547 594 1620 qui
614 1548 768 1617 ﬁnxit
789 1547 1016 1615 oculum,
1054 1563 1158 1602 non
1188 1547 1527 1602 considerat?
1550 1547 1653 1612 Qui
1675 1549 1886 1618 corripit
1911 1560 2106 1620 gentes,

505 1657 609 1695 non
651 1641 861 1712 arguit,
908 1641 998 1707 qui
1035 1640 1184 1695 docet
1215 1642 1470 1695 hominem
1513 1641 1824 1696 scientiam?
1853 1642 2108 1697 Dominus

2227 438 2363 493 adeo
2395 448 2451 492 ut
2499 438 2713 493 radices
2767 437 3025 493 arborum
3071 446 3168 492 aut
3216 446 3444 494 urantur
3473 437 3692 510 frigore,
3737 448 3834 494 aut

2225 528 2340 584 fotu
2371 528 2504 584 solis
2528 529 2819 584 virescant.
2855 529 3099 600 Denique
3146 528 3241 584 ubi
3265 529 3558 586 clementia
3586 529 3711 588 cmli
3741 545 3833 587 ar-

2223 621 2462 683 riserit,°
2482 620 2664 676 varios
2689 630 2833 676 terra
2865 636 2924 676 se
2956 620 3130 677 fundit
3161 621 3214 676 in
3238 620 3466 678 fructus.

2295 712 2386 770 56.
2415 713 2472 769 Si
2500 713 2663 781 igitur
2694 714 2878 769 radius
2905 713 3038 770 solis
3064 712 3242 769 fundit
3271 714 3453 770 lumen
3485 729 3642 770 suum
3661 729 3829 787 super

2220 820 2439 860 onmem
2467 815 2694 873 terram,
2723 817 2776 862 et
2809 806 2861 860 itt
2893 822 2952 862 ca
2979 822 3101 877 quzc
3127 806 3312 862 clausa
3343 817 3492 878 sunt,
3519 823 3580 863 se
3609 808 3824 875 inserit,

2219 911 2320 951 nec
2348 897 2590 951 vecnibus
2622 896 2817 952 ferreis
2860 907 2950 952 aut
2978 896 3225 966 gravium
3251 899 3528 954 valvarum
3553 899 3825 966 obicibus,

2218 988 2508 1057 quominus
2543 998 2809 1056 penetret,
2837 988 3161 1059 impeditur;
3204 989 3478 1061 quomodo
3510 1005 3616 1045 non
3645 1000 3828 1062 potest

2219 1082 2579 1154 intelligibilis
2607 1083 2700 1138 Dei
2752 1083 3018 1154 splendor
3047 1084 3099 1137 in
3151 1084 3510 1154 cogitationes
3538 1084 3824 1141 hominum

2217 1183 2271 1229 et
2299 1176 2465 1230 corda
2499 1187 2673 1231 semet
2703 1191 2823 1246 qua:
2872 1176 2990 1245 ipse
3041 1177 3276 1246 creavit,
3313 1178 3550 1234 inserere
3581 1195 3592 1231 :
3628 1178 3723 1234 sed
3755 1195 3823 1234 ea

2215 1284 2334 1337 qua:
2368 1268 2483 1338 ipse
2530 1267 2694 1336 fecit,
2729 1285 2835 1322 non
2867 1268 3042 1336 videt,
3094 1277 3150 1323 ct
3188 1267 3315 1324 fecit
3361 1280 3417 1323 ut
3449 1269 3670 1326 meliora
3711 1274 3826 1328 sint

2213 1375 2336 1430 quae
2367 1359 2506 1416 facta
2539 1370 2701 1425 sunt,
2749 1369 2804 1414 et
2830 1360 3158 1430 potentiora,
3188 1376 3350 1431 quam
3382 1361 3496 1430 ipse
3517 1371 3598 1416 est
3631 1362 3720 1434 qui
3752 1377 3822 1418 ea

2212 1451 2372 1518 fecit,
2405 1463 2460 1506 ut
2485 1453 2691 1523 possint
2717 1453 2934 1523 quando
2961 1453 3170 1519 volunt,
3193 1451 3554 1525 cognitionem
3577 1455 3658 1509 sui
3687 1469 3823 1526 ope-

2213 1545 2408 1598 ratoris
2433 1544 2643 1600 latere?
2670 1545 2898 1600 Tantam
2925 1561 3054 1615 ergo
3092 1545 3343 1600 virtutem
3393 1555 3448 1601 et
3487 1555 3817 1618 potestatem

2211 1637 2440 1692 inseruit
2473 1639 2748 1694 mentibus
2779 1639 3019 1704 nostris;
3079 1647 3138 1694 ut
3177 1653 3298 1695 eam
3349 1638 3820 1709 comprehendere

502 1734 599 1788 scit
624 1733 958 1803 cogitationes
983 1731 1271 1799 hominum,
1301 1732 1546 1803 quoniam
1570 1749 1715 1787 vana:
1735 1741 1854 1787 sunt
1881 1731 2046 1805 (Ibid.
2077 1734 2108 1788 7
2141 1743 2186 1804 Β
2213 1743 2335 1784 cum
2371 1729 2523 1798 velit,
2557 1731 2674 1801 ipse
2705 1745 2812 1785 non
2848 1731 3063 1802 possit?

502 1835 550 1880 et
581 1823 746 1896 seq.).
777 1824 878 1892 Qui
909 1838 970 1880 ea
1001 1839 1356 1895 quaecumque
1384 1840 1522 1879 vana
1545 1832 1674 1879 sunt
1702 1823 2100 1896 deprehendit,

501 1935 565 1976 ea
593 1929 618 1956 ει
647 1934 768 1992 quae
795 1927 982 1974 sancta
1013 1928 1172 1986 sunt,
1224 1919 1426 1983 nescit.
1473 1929 1527 1974 et
1575 1920 1790 1990 ignorat
1815 1920 1958 1990 quod
1989 1920 2104 1990 ipse

502 2013 668 2069 fecit?
717 2012 904 2068 Potest
950 2026 1088 2082 Opus
1139 2027 1297 2068 suum
1350 2016 1600 2084 ignorare
1656 2014 1880 2070 artifex?
1928 2014 2102 2070 Homo

501 2116 623 2173 est,
671 2115 728 2164 et
776 2109 828 2162 in
866 2122 1034 2178 opere
1064 2121 1164 2163 suo
1192 2109 1415 2164 latentia
1451 2109 1843 2179 deprehendit;
1873 2118 1930 2165 et
1959 2111 2102 2166 Deus

497 2213 637 2268 Opus
675 2215 833 2255 suum
863 2199 1071 2254 nescit?
1114 2199 1291 2255 Altius
1321 2216 1451 2271 ergo
1473 2200 1802 2270 profundum
1827 2202 1880 2257 in
1910 2218 2097 2274 opere,

496 2305 658 2360 quam
689 2293 739 2346 in
770 2299 1016 2347 auctore.
1043 2291 1110 2346 Et
1132 2290 1260 2348 fecit
1285 2293 1487 2364 aliquid
1510 2293 1652 2364 quod
1671 2309 1832 2363 supra
1855 2310 1915 2350 se
1931 2305 2100 2362 esset,

496 2385 655 2456 cujus
686 2386 940 2442 meritum
969 2386 1245 2457 ignoraret
1276 2397 1488 2453 auctor,
1541 2389 1696 2460 cujus
1723 2389 1975 2446 allectum
2005 2406 2100 2447 ne-

496 2481 667 2538 sciret
690 2482 938 2538 arbiter?
965 2481 1098 2538 Haec
1129 2482 1260 2538 illis.

571 2575 661 2632 53.
695 2574 968 2630 Craterum
1010 2575 1166 2630 nobis
1201 2576 1335 2631 satis
1363 2585 1446 2631 est
1476 2577 1646 2646 ipsius
1688 2579 2058 2633 testimonium
2079 2619 2094 2644 ,

491 2666 585 2737 qui
610 2668 714 2721 ait:
743 2665 855 2738 Ego
875 2683 991 2722 sum
1026 2677 1264 2722 scrutans
1285 2668 1444 2722 corda
1465 2679 1512 2724 et
1533 2686 1680 2723 renes
1708 2669 1928 2742 (Jerem.
1962 2687 2093 2738 xvtt,

493 2761 606 2828 10).
643 2760 710 2814 Et
740 2759 792 2814 in
817 2760 1110 2830 Evangelio
1137 2760 1214 2815 ait
1245 2761 1506 2817 Dominus
1535 2761 1696 2817 lesus
1724 2781 1736 2818 :
1775 2762 1916 2829 Quid
1951 2765 2096 2833 cogi-

490 2851 612 2904 tatis
643 2849 779 2903 mala
824 2851 876 2903 in
907 2849 1146 2904 cordibus
1181 2853 1359 2906 vestris
1407 2849 1560 2924 (Luc.
1591 2867 1644 2915 v,
1678 2851 1818 2922 22)?
1876 2850 2095 2907 Sciebat

493 2943 634 2998 enim
678 2941 822 3012 quod
880 2943 1186 3014 cogitarent
1238 2945 1399 2999 mala.
1453 2944 1698 3015 Denique
1744 2944 2092 3015 Evangelista

489 3045 719 3092 testatur
746 3036 934 3092 dicens
958 3053 972 3091 :
998 3035 1209 3093 Sciebat
1232 3038 1366 3093 enim
1384 3035 1536 3093 Jesus
1555 3038 1892 3109 cogitationes
1915 3055 2092 3095 eorum

494 3132 514 3202 (
541 3128 669 3184 Luc.
705 3144 759 3184 Vt
781 3171 795 3196 ,
825 3130 906 3200 8).

561 3227 654 3282 54.
695 3226 935 3293 Quorum
990 3241 1097 3281 non
1143 3227 1342 3297 poterit
1370 3227 1502 3281 satis
1530 3241 1752 3284 movere
1773 3228 1995 3299 opinio,
2040 3229 2086 3284 si

486 3319 628 3376 facta
666 3335 856 3375 eorum
887 3319 1318 3380 consideremus.
1345 3319 1546 3375 Nolunt
1586 3335 1748 3390 supra
1776 3338 1834 3377 sc
1863 3336 1984 3377 esse
2002 3323 2090 3392 ju-

487 3413 688 3479 dicem,
719 3427 880 3483 quem
913 3411 1048 3466 nihil
1081 3412 1264 3466 fallat:
1305 3411 1498 3467 nolunt
1525 3413 1571 3466 ei
1596 3411 1726 3467 dare
1747 3413 2084 3468 occultorum

484 3504 796 3568 scientiam,
827 3503 919 3574 qui
949 3511 1196 3558 metuttut
1215 3503 1425 3558 occulta
1456 3518 1550 3558 sua
1579 3503 1759 3573 prodi.
1783 3503 1891 3560 Sed
1922 3505 2084 3559 etiam

487 3597 748 3654 Dominus
777 3597 960 3652 sciens
997 3611 1162 3666 opera
1213 3611 1428 3662 eorum,
1462 3595 1684 3652 tradidit
1709 3613 1803 3653 eos
1832 3598 1884 3653 in
1937 3609 2086 3655 tene-

482 3695 630 3751 bras.
662 3692 730 3748 In
754 3703 926 3760 nocte,
972 3691 1179 3762 inquit,
1236 3692 1332 3747 erit
1375 3696 1482 3764 fur.
1539 3692 1604 3744 Et
1649 3693 1831 3747 oculus
1861 3694 2085 3750 adulteri

480 3785 699 3841 servabit
726 3785 981 3850 tenebras,
1007 3784 1182 3839 dicens
1199 3800 1218 3838 :
1252 3783 1375 3838 Non
1400 3783 1743 3839 considerabit
1773 3801 1852 3839 me
1880 3788 2082 3843 oculus:

479 3888 527 3933 et
554 3878 826 3932 latibulum
850 3893 1081 3947 persona:
1108 3878 1280 3948 posuit
1301 3893 1409 3932 sure
1439 3877 1560 3948 (Job
1593 3878 2083 3953 xxtv,14,l5).16

481 3970 672 4028 Omnis
697 3972 839 4027 enim
867 3970 895 4010 δ
925 3971 1014 4041 qui
1046 3971 1221 4026 lucem
1255 3971 1406 4042 fugit,
1438 3969 1613 4041 diligit
1659 3973 1931 4040 tenebras,
1966 3985 2080 4030 stu-

476 4065 614 4121 dens
643 4066 832 4133 latere,
875 4079 998 4118 cum
1031 4064 1197 4120 Deum
1230 4063 1401 4119 latere
1432 4079 1536 4118 non
1563 4065 1769 4134 possit,
1801 4067 1893 4134 qui
1937 4067 2075 4120 intra

476 4156 802 4228 profundum
835 4155 1054 4228 abyssi,
1102 4166 1156 4212 et
1187 4157 1324 4211 intra
1375 4155 1655 4211 hominum
1705 4166 1916 4212 mentes
1968 4173 2074 4213 non

476 4251 653 4305 solum
723 4256 995 4316 tractata,
1057 4248 1150 4302 sed
1206 4249 1368 4303 etiam
1431 4248 1700 4303 volvenda
1771 4253 2072 4321 cognoscit.

476 4345 720 4416 Denique
746 4353 801 4400 et
826 4342 922 4400 ille
951 4345 1042 4415 qui
1074 4343 1206 4398 dicit
1227 4343 1278 4397 in
1307 4342 1692 4399 Ecclesiastieo
1720 4360 1732 4395 :
1770 4346 1898 4411 Quis
1943 4347 2074 4401 videt

476 4441 594 4496 me?
639 4440 706 4494 Et
757 4439 976 4496 tenebrae
1015 4439 1315 4509 coaperiunt
1363 4454 1484 4506 me,
1531 4450 1582 4493 et
1622 4442 1876 4509 parietes,
1919 4459 2070 4513 quem

471 4550 644 4590 vereor
669 4535 690 4602 (
716 4531 882 4588 Eccli.
912 4549 1066 4598 χχιιι,
1117 4530 1210 4598 25,
1250 4530 1383 4601 26)?
1409 4531 1663 4602 quamvis
1695 4532 1746 4586 in
1787 4534 1951 4603 lecto!
1971 4551 2070 4591 suo

469 4626 676 4698 positus
702 4625 822 4682 haec
865 4627 1088 4697 cogitet,
1123 4625 1212 4681 ubi
1243 4640 1348 4679 non
1378 4626 1643 4694 putaverit
1665 4667 1679 4689 ,
1707 4629 2072 4694 comprehen-

468 4721 635 4777 ditur.
666 4718 732 4774 Et
763 4719 890 4782 erit,
945 4719 1137 4788 inquit,
1171 4718 1414 4784 dedecus,
1463 4719 1602 4789 quod
1630 4735 1730 4772 non
1761 4719 2069 4776 intellexerit

467 4814 701 4868 timorem
725 4809 824 4866 Dei
850 4809 1016 4881 (Ibid.
1047 4809 1185 4882 ,51).

536 4903 625 4959 55.
669 4901 811 4970 Quid
832 4911 1012 4957 autem
1046 4909 1154 4956 tam
1184 4901 1464 4968 stolidum,
1497 4919 1658 4974 quam
1683 4913 1876 4974 putare
1916 4905 2058 4974 quod

468 4996 640 5054 Deum
671 4995 966 5066 quidquam
1019 5004 1338 5065 przetereat;
1395 5011 1517 5051 cum
1563 4996 1643 5051 sol
1675 4997 1764 5065 qui
1815 4995 2062 5052 minister

459 5088 680 5144 luminis
705 5097 810 5153 est,
842 5089 1007 5143 etiam
1038 5085 1220 5143 abdita
1250 5096 1522 5157 penetret,
1547 5099 1601 5143 et
1627 5089 1680 5143 in
1708 5087 2059 5146 fundamenta

458 5177 654 5234 domus
673 5179 757 5234 vel
784 5186 998 5234 secreta
1021 5177 1301 5233 conclavia
1331 5179 1411 5234 vis
1456 5179 1654 5234 caloris
1698 5180 1815 5249 ejus
1862 5181 2059 5235 irrum-

460 5271 585 5339 pat?
635 5269 765 5336 Quis
794 5277 955 5340 neget
1009 5284 1181 5324 verna
1230 5270 1490 5338 temperie
1522 5269 1762 5339 tepefieri
1795 5270 2053 5326 interiora

457 5368 748 5427 terrarum,
794 5373 928 5430 quas
957 5358 1161 5430 glacies
1192 5358 1418 5414 hiberna
1459 5360 1892 5415 constrinxerit?
1941 5360 2053 5415 No-

457 5497 529 5554 de
563 5497 671 5568 diis
707 5493 933 5568 indigna,
963 5493 1275 5568 fabulantes
1307 5507 1464 5568 negat
1492 5495 1808 5558 audiendos,
1837 5512 2056 5552 eorum-

459 5584 566 5638 que
609 5567 828 5638 fabulas
866 5566 1065 5638 ibidem
1117 5566 1209 5622 lib.
1243 5584 1348 5632 xw,
1384 5566 1514 5636 'cap.
1543 5569 1607 5635 8,
1653 5569 1884 5637 exagitat
1913 5587 1926 5624 :
1956 5569 2054 5625 sed

457 5637 562 5695 hoc
590 5639 760 5694 multo
783 5637 1002 5691 uberius
1024 5646 1308 5693 tractatum
1339 5641 1577 5709 reperits
1601 5640 1738 5708 apud
1767 5639 2050 5695 Platonem

456 5727 578 5795 cunt
597 5709 741 5795 ,91ΙίΡὶ
769 5749 784 5774 ,
838 5718 954 5795 tum
977 5709 1247 5795 praecipue
1278 5712 1430 5795 libris
1471 5727 1542 5795 tt._
1561 5721 1730 5795 ut,.et
1761 5711 1896 5795 adq
1914 5712 2051 5795 Rep.

527 5789 556 5823 ι
593 5780 740 5843 Edit.
771 5795 895 5839 cum
929 5793 1064 5836 mss.
1109 5781 1351 5855 aliquot,
1374 5799 1488 5854 qua:
1513 5787 1650 5856 facta
1688 5792 1831 5841 sunt.
1862 5780 1972 5842 Sed
1996 5780 2052 5842 in

2813 1870 3047 1928 CAPUT
3099 1869 3214 1927 XV.

2210 1985 2410 2054 Quibus
2441 1985 2676 2055 displicet
2700 1985 2838 2056 quod
2869 1986 3012 2040 bonis
3036 1986 3192 2048 ntale.
3218 1994 3266 2040 et
3289 1986 3443 2041 malis
3471 1985 3598 2041 bene
3627 1985 3711 2051 sit,
3740 1988 3816 2040 eis

2276 2078 2466 2132 Lazari
2496 2079 2731 2148 exemplo
2761 2087 2808 2133 et
2833 2077 3013 2141 ,Pauli
3043 2079 3348 2134 auctoritate
3373 2079 3663 2134 ostenditur
3693 2088 3813 2150 post

2275 2172 2431 2225 vitam
2456 2187 2630 2242 poenas
2655 2188 2716 2224 ac
2745 2171 2960 2242 prcemia
2983 2171 3254 2226 reseruari.

2276 2265 2365 2320 57.
2411 2265 2524 2319 Duo
2540 2265 2878 2319 absolvimus
2905 2271 2982 2330 ct,
3009 2274 3069 2318 ut
3099 2264 3446 2331 arbitramur,
3481 2281 3588 2319 non
3619 2264 3809 2319 incon-

2199 2373 2333 2429 grue
2382 2359 2538 2414 nobis
2585 2358 2894 2429 hujusmudi
2938 2359 3138 2415 cecidit
3189 2359 3507 2431 disputatio.
3555 2359 3804 2415 Tertium

2201 2467 2374 2523 genus
2409 2453 2728 2523 quaestionis
2753 2453 2958 2510 residet
2984 2453 3328 2525 bujusmodi:
3355 2470 3454 2511 cur
3483 2463 3802 2526 peccatores

2200 2544 2478 2600 abundent
2507 2544 2698 2614 opibus
2733 2555 2788 2600 et
2824 2545 3050 2613 divitiis,
3099 2546 3386 2616 epulentur
3428 2545 3643 2616 iugiter,
3675 2547 3802 2602 sine

2200 2653 2456 2705 tumrore,
2487 2640 2605 2694 sine
2633 2641 2815 2704 luctu;
2838 2639 2970 2708 justi
2997 2649 3178 2694 autem
3211 2649 3424 2709 egeant,
3475 2649 3530 2694 et
3558 2639 3802 2695 affician-

2200 2742 2288 2786 tur
2311 2743 2404 2786 aut
2431 2732 2719 2802 conjugum
2749 2731 3077 2798 amissione,
3109 2740 3203 2786 aut
3229 2730 3564 2785 liberorum?
3589 2730 3804 2798 Quibus

2201 2825 2516 2880 satisfacere
2545 2824 2729 2880 debuit
2757 2824 2846 2879 illa
2869 2823 3146 2894 Evangelii
3170 2823 3446 2894 parabola,
3480 2823 3622 2894 quod
3645 2823 3802 2880 dives

2199 2919 2361 2987 bysso
2383 2926 2439 2972 et
2467 2931 2704 2986 purpura
2733 2915 3083 2984 induebatur,
3130 2924 3186 2971 et
3207 2915 3399 2987 epulas
3428 2917 3680 2985 copiosas
3703 2931 3803 2972 ex-

2196 3010 2418 3066 hibebat
2444 3010 2684 3081 quotidie
2715 3027 2728 3063 :
2777 3025 2982 3080 pauper
3007 3020 3187 3066 autem
3233 3010 3426 3080 plenus
3461 3010 3701 3066 ulcerum
3728 3012 3800 3067 de

2116 3141 2161 3202 Ο
2195 3120 2383 3159 mensa
2423 3104 2539 3172 ejus
2564 3103 2853 3175 colligebat
2909 3104 3188 3174 reliquias.
3243 3105 3371 3159 Post
3423 3104 3630 3159 obitum
3663 3119 3799 3161 vero

2195 3197 2497 3267 utriusque,
2527 3211 2730 3267 pauper
2758 3204 2878 3252 erat
2906 3196 2958 3251 iu
2983 3199 3104 3252 sinu
3132 3196 3368 3252 Abrahae
3416 3196 3658 3268 requiem
3690 3197 3795 3250 ha-

2192 3289 2347 3354 bens,
2375 3290 2530 3344 dives
2550 3289 2602 3343 in
2619 3288 2911 3359 suppliciis
2931 3287 3333 3360 (Luc.xvt,25).
3358 3287 3547 3344 Nonne
3567 3288 3798 3344 evitlcns

2189 3391 2274 3438 est
2295 3382 2614 3437 meritorum
2641 3390 2734 3437 aut
2756 3381 2979 3452 praemia
3003 3389 3097 3437 aut
3121 3380 3386 3452 supplicia
3412 3389 3534 3450 post
3558 3386 3792 3436 mortem

2191 3478 2451 3533 manere?

2261 3573 2352 3627 58.
2397 3571 2466 3626 Et
2512 3582 2662 3627 recte
2688 3612 2703 3638 ,
2753 3571 2877 3642 quia
2909 3570 2963 3626 in
3009 3571 3306 3627 certamine
3337 3569 3489 3626 labor
3515 3577 3630 3637 est,
3667 3578 3796 3640 post

2185 3676 2461 3722 certamen
2494 3665 2616 3720 aliis
2669 3665 2930 3731 victoria,
2979 3665 3100 3720 aliis
3148 3665 3466 3736 ignominia.
3509 3663 3790 3734 Numquid

2186 3760 2498 3830 priusquam
2519 3774 2718 3814 cursus
2747 3757 3087 3824 conficiatur,
3116 3757 3293 3826 palma
3324 3755 3575 3827 cuiquam
3603 3755 3787 3824 datur,

2183 3862 2276 3908 aut
2319 3852 2560 3908 defertur
2587 3852 2833 3907 corona?
2872 3851 3066 3906 Merito
3094 3850 3291 3906 Paulus
3324 3867 3337 3903 :
3369 3851 3669 3915 Certamen,
3703 3849 3792 3904 in-

2181 3948 2334 4016 quit,
2365 3949 2553 4000 bonum
2581 3947 2803 4013 certari,
2846 3959 3060 3998 cursum
3088 3943 3460 4009 consummavi,
3489 3943 3642 4012 [idem
3670 3959 3788 3995 ser-

2179 4038 2338 4093 vavi:
2387 4037 2525 4108 quod
2573 4036 2832 4105 reliquum
2883 4045 2986 4100 est,
3041 4035 3270 4104 reposita
3311 4042 3381 4089 est
3433 4032 3560 4086 mihi
3592 4048 3790 4089 corona

2169 4133 2425 4204 justitiar,
2465 4147 2620 4200 quam
2649 4129 2828 4184 reddet
2875 4126 3000 4182 mihi
3046 4124 3300 4181 Dominus
3333 4127 3431 4198 l7
3458 4125 3511 4179 in
3542 4125 3634 4179 illa
3673 4125 3786 4191 die,

2166 4227 2345 4297 justus
2365 4224 2534 4294 judea:
2560 4240 2580 4278 :
2611 4241 2714 4278 non
2743 4223 2912 4278 solum
2939 4232 3109 4276 autem
3132 4221 3280 4285 milii,
3302 4221 3393 4275 sed
3408 4221 3562 4274 etiam
3588 4219 3668 4273 his
3691 4221 3786 4287 qui

2175 4315 2398 4386 diligunt
2446 4315 2722 4368 aduentum
2762 4318 2873 4387 ejus
2923 4313 3003 4384 (ll
3028 4311 3165 4366 Tim.
3199 4327 3276 4376 tv,
3313 4311 3381 4378 7,
3413 4310 3503 4381 8).
3539 4309 3604 4363 In
3652 4313 3784 4378 illa,

2175 4409 2372 4479 inquit,
2403 4407 2488 4463 die
2516 4408 2713 4475 reddet,
2747 4423 2855 4464 non
2887 4407 2992 4462 hic.
3032 4407 3127 4462 llic
3169 4414 3350 4461 autem
3380 4404 3433 4458 in
3466 4403 3781 4472 laboribus,

2096 4526 2148 4585 υ
2176 4501 2229 4556 in
2260 4501 2552 4572 periculis,
2588 4502 2640 4556 in
2685 4498 3012 4572 naufragiis,
3041 4500 3195 4570 quasi
3225 4497 3433 4554 athleta
3471 4497 3648 4553 bonus
3679 4497 3783 4554 de-

2173 4595 2446 4660 certabat;
2494 4595 2618 4664 quia
2648 4595 2860 4651 sciebat
2888 4594 3146 4665 quoniam
3181 4608 3276 4664 per
3303 4593 3519 4650 ,multas
3551 4589 3784 4648 tribula-

2175 4688 2350 4746 tiones
2376 4699 2591 4759 Oportet
2615 4704 2716 4744 nos
2745 4689 2975 4745 introire
3006 4689 3057 4743 in
3090 4703 3314 4760 regnum
3351 4686 3466 4742 Dei.
3499 4685 3641 4756 Ergo
3665 4701 3777 4742 non

2169 4792 2350 4852 potest
2389 4783 2511 4852 quis
2541 4783 2824 4853 praemium
2855 4781 3124 4852 accipere,
3153 4780 3276 4851 ,nisi
3325 4778 3566 4850 legitime
3593 4787 3781 4834 certa-

2167 4878 2333 4943 verit;
2360 4893 2460 4933 nec
2491 4887 2575 4933 est
2606 4876 2840 4948 gloriosa
2870 4877 3116 4944 victoria,
3153 4874 3256 4930 nisi
3289 4874 3376 4930 ubi
3401 4871 3776 4930 fuerintlabo-

2168 4971 2314 5027 riosa
2343 4972 2663 5028 certamina.

2757 5081 2984 5139 CAPUT
3025 5081 3169 5137 Χνι.

2165 5197 2480 5270 Conﬁrmata
2505 5198 2644 5268 quod
2669 5214 2827 5268 supra
2856 5197 2920 5252 de
2941 5197 3170 5268 prtentiis
3186 5205 3233 5251 et
3255 5195 3416 5268 poenis
3437 5195 3632 5251 dictum
3653 5199 3773 5268 [ue-

2231 5301 2334 5358 rat,
2366 5291 2697 5364 subjungitur
2725 5291 3042 5358 nonjmirum
3067 5306 3176 5345 esse
3204 5291 3247 5344 si
3281 5291 3464 5360 quibus
3493 5305 3684 5344 merces
3712 5291 3772 5347 in

2231 5389 2406 5456 futuro
2447 5401 2551 5438 non
2598 5384 2919 5452 destinatur,
2947 5385 3031 5440 ltic
3068 5384 3149 5439 illi
3195 5401 3296 5439 non
3343 5384 3571 5439 laborent
3602 5399 3773 5454 neque

2156 5500 2403 5570 plurimis
2439 5515 2501 5554 ac
2527 5499 2927 5568 probatissimis
2956 5501 3155 5572 legitur
3179 5517 3294 5572 qua:
3319 5509 3498 5556 sancta
3524 5509 3667 5554 sunt.
3705 5499 3767 5558 In

2153 5587 2257 5644 qua
2281 5572 2686 5644 lectioneinest
2713 5573 3003 5629 antithesis
3033 5589 3139 5628 non
3172 5575 3468 5642 inelegans.

2229 5643 2256 5680 δ
2283 5643 2443 5697 Rom.
2471 5643 2602 5699 edit.
2629 5645 2717 5712 qui
2741 5645 2874 5698 male
2905 5646 3032 5714 agit,
3060 5646 3224 5698 lucem
3254 5645 3406 5714 fugit,
3436 5653 3542 5698 etc.

2235 5725 2257 5754 ο
2297 5715 2424 5771 Mss.
2453 5716 2681 5788 aliquot,
2713 5718 2882 5773 varios
2915 5729 3079 5774 terras
3107 5714 3324 5783 eﬁundit
3355 5715 3409 5769 in
3435 5717 3657 5785 fructus.
