  <div class='ocr_page' id='page_1' title='image "/cluster/home/n/w/nwhite01/storage/ocr_20150623/16/uva.x000826550/028.png"; bbox 0 0 4010 6186; ppageno 0'>
   <div class='ocr_carea' id='block_1_1' title="bbox 191 217 1783 312">
    <p class='ocr_par' dir='ltr' id='par_1_1' title="bbox 191 217 1783 289">
     <span class='ocr_line' id='line_1_1' title="bbox 191 217 1783 289; baseline 0.009 -15"><span class='ocrx_word' id='word_1_1' title='bbox 191 217 245 274; x_wconf 82' lang='grc' dir='ltr'><strong><em>ιι</em></strong></span> <span class='ocrx_word' id='word_1_2' title='bbox 1263 227 1352 285; x_wconf 85' lang='lat' dir='ltr'><strong><em>DE</em></strong></span> <span class='ocrx_word' id='word_1_3' title='bbox 1390 228 1479 286; x_wconf 87' lang='lat' dir='ltr'><strong>OF</strong></span> <span class='ocrx_word' id='word_1_4' title='bbox 1485 228 1523 286; x_wconf 68' lang='grc' dir='ltr'><strong>Ρ</strong></span> <span class='ocrx_word' id='word_1_5' title='bbox 1529 227 1680 288; x_wconf 87' lang='lat' dir='ltr'><strong><em>lCIlS</em></strong></span> <span class='ocrx_word' id='word_1_6' title='bbox 1720 231 1783 289; x_wconf 83' lang='lat' dir='ltr'><strong><em>Ml</em></strong></span> 
     </span>
    </p>
   </div>
   <div class='ocr_carea' id='block_1_2' title="bbox 1891 217 3519 312">
    <p class='ocr_par' dir='ltr' id='par_1_2' title="bbox 1891 235 3519 312">
     <span class='ocr_line' id='line_1_2' title="bbox 1891 235 3519 312; baseline 0.011 -18"><span class='ocrx_word' id='word_1_7' title='bbox 1891 235 2204 298; x_wconf 75' lang='lat' dir='ltr'><strong><em>STRORUM</em></strong></span> <span class='ocrx_word' id='word_1_8' title='bbox 2242 241 2371 298; x_wconf 84' lang='lat' dir='ltr'><strong><em>LIB.</em></strong></span> <span class='ocrx_word' id='word_1_9' title='bbox 2420 243 2459 298; x_wconf 92' lang='lat' dir='ltr'><strong><em>I.</em></strong></span> <span class='ocrx_word' id='word_1_10' title='bbox 3444 255 3519 312; x_wconf 66' lang='lat' dir='ltr'><strong>ﬂ</strong></span> 
     </span>
    </p>
   </div>
   <div class='ocr_carea' id='block_1_3' title="bbox 254 339 3518 440">
    <p class='ocr_par' dir='ltr' id='par_1_3' title="bbox 254 339 3518 440">
     <span class='ocr_line' id='line_1_3' title="bbox 254 339 3518 440; baseline 0.013 -49"><span class='ocrx_word' id='word_1_11' title='bbox 254 339 532 440; x_wconf 70' lang='lat' dir='ltr'><strong><em>conﬁiqant</em></strong></span> <span class='ocrx_word' id='word_1_12' title='bbox 572 357 596 397; x_wconf 85' lang='lat'><strong><em>:</em></strong></span> <span class='ocrx_word' id='word_1_13' title='bbox 645 346 971 418; x_wconf 76' lang='lat' dir='ltr'><strong><em>additurque</em></strong></span> <span class='ocrx_word' id='word_1_14' title='bbox 1008 351 1124 407; x_wconf 85' lang='lat' dir='ltr'><strong><em>ideo</em></strong></span> <span class='ocrx_word' id='word_1_15' title='bbox 1160 359 1463 426; x_wconf 71' lang='lat' dir='ltr'><strong><em>temporalia</em></strong></span> <span class='ocrx_word' id='word_1_16' title='bbox 1510 358 1643 412; x_wconf 84' lang='lat' dir='ltr'><strong><em>bona</em></strong></span> <span class='ocrx_word' id='word_1_17' title='bbox 1680 359 1809 430; x_wconf 82' lang='lat' dir='ltr'><strong><em>ipsis</em></strong></span> <span class='ocrx_word' id='word_1_18' title='bbox 1836 373 1884 436; x_wconf 76' lang='grc' dir='ltr'><strong>Α</strong></span> <span class='ocrx_word' id='word_1_19' title='bbox 1914 365 2096 436; x_wconf 89' lang='lat' dir='ltr'><strong><em>loqui,</em></strong></span> <span class='ocrx_word' id='word_1_20' title='bbox 2130 377 2186 422; x_wconf 87' lang='lat' dir='ltr'><strong><em>ut</em></strong></span> <span class='ocrx_word' id='word_1_21' title='bbox 2235 368 2491 440; x_wconf 86' lang='lat' dir='ltr'><strong><em>parvulus</em></strong></span> <span class='ocrx_word' id='word_1_22' title='bbox 2533 369 2809 440; x_wconf 86' lang='lat' dir='ltr'><strong><em>cogitare,</em></strong></span> <span class='ocrx_word' id='word_1_23' title='bbox 2843 379 2902 426; x_wconf 90' lang='lat' dir='ltr'><strong><em>ut</em></strong></span> <span class='ocrx_word' id='word_1_24' title='bbox 2930 373 3194 440; x_wconf 89' lang='lat' dir='ltr'><strong><em>parvulus</em></strong></span> <span class='ocrx_word' id='word_1_25' title='bbox 3237 377 3518 436; x_wconf 87' lang='lat' dir='ltr'><strong><em>vindicare</em></strong></span> 
     </span>
    </p>
   </div>
   <div class='ocr_carea' id='block_1_4' title="bbox 258 434 1386 513">
    <p class='ocr_par' dir='ltr' id='par_1_4' title="bbox 258 434 1386 513">
     <span class='ocr_line' id='line_1_4' title="bbox 258 434 1386 513; baseline 0.016 -27"><span class='ocrx_word' id='word_1_26' title='bbox 258 434 481 502; x_wconf 77' lang='lat' dir='ltr'><strong><em>concedi,</em></strong></span> <span class='ocrx_word' id='word_1_27' title='bbox 515 453 584 491; x_wconf 85' lang='lat' dir='ltr'><strong><em>ne</em></strong></span> <span class='ocrx_word' id='word_1_28' title='bbox 607 455 723 503; x_wconf 78' lang='lat' dir='ltr'><strong><em>qua</em></strong></span> <span class='ocrx_word' id='word_1_29' title='bbox 749 441 1077 513; x_wconf 70' lang='lat' dir='ltr'><strong><em>relinquatur</em></strong></span> <span class='ocrx_word' id='word_1_30' title='bbox 1105 450 1386 505; x_wconf 71' lang='lat' dir='ltr'><strong><em>excusatio.</em></strong></span> 
     </span>
    </p>
   </div>
   <div class='ocr_carea' id='block_1_5' title="bbox 268 548 1798 634">
    <p class='ocr_par' dir='ltr' id='par_1_5' title="bbox 268 548 1798 634">
     <span class='ocr_line' id='line_1_5' title="bbox 268 548 1798 634; baseline 0.01 -29"><span class='ocrx_word' id='word_1_31' title='bbox 268 548 348 605; x_wconf 83' lang='lat'><strong><em>59.</em></strong></span> <span class='ocrx_word' id='word_1_32' title='bbox 386 548 586 608; x_wconf 87' lang='lat' dir='ltr'><strong><em>Nonne</em></strong></span> <span class='ocrx_word' id='word_1_33' title='bbox 619 552 865 625; x_wconf 73' lang='lat' dir='ltr'><strong><em>injustas</em></strong></span> <span class='ocrx_word' id='word_1_34' title='bbox 896 565 1017 626; x_wconf 90' lang='lat' dir='ltr'><strong><em>est,</em></strong></span> <span class='ocrx_word' id='word_1_35' title='bbox 1045 562 1135 630; x_wconf 86' lang='lat' dir='ltr'><strong>qui</strong></span> <span class='ocrx_word' id='word_1_36' title='bbox 1166 570 1191 597; x_wconf 75' lang='grc'><strong><em>⁸</em></strong></span> <span class='ocrx_word' id='word_1_37' title='bbox 1213 571 1339 618; x_wconf 92' lang='lat' dir='ltr'><strong><em>ante</em></strong></span> <span class='ocrx_word' id='word_1_38' title='bbox 1359 563 1452 620; x_wconf 88' lang='lat' dir='ltr'><strong><em>dat</em></strong></span> <span class='ocrx_word' id='word_1_39' title='bbox 1482 565 1760 634; x_wconf 72' lang='lat' dir='ltr'><strong><em>prtetnium</em></strong></span> <span class='ocrx_word' id='word_1_40' title='bbox 1783 608 1798 633; x_wconf 84' lang='lat'><strong><em>,</em></strong></span> 
     </span>
    </p>
   </div>
   <div class='ocr_carea' id='block_1_6' title="bbox 211 647 1802 728">
    <p class='ocr_par' dir='ltr' id='par_1_6' title="bbox 211 647 1802 728">
     <span class='ocr_line' id='line_1_6' title="bbox 211 647 1802 728; baseline 0.014 -36"><span class='ocrx_word' id='word_1_41' title='bbox 211 656 346 712; x_wconf 83' lang='lat' dir='ltr'><strong><em>quant</em></strong></span> <span class='ocrx_word' id='word_1_42' title='bbox 372 651 663 702; x_wconf 73' lang='lat' dir='ltr'><strong><em>certamen</em></strong></span> <span class='ocrx_word' id='word_1_43' title='bbox 698 647 866 705; x_wconf 78' lang='lat' dir='ltr'><strong><em>fuerit</em></strong></span> <span class='ocrx_word' id='word_1_44' title='bbox 895 651 1245 709; x_wconf 87' lang='lat' dir='ltr'><strong><em>absolutum?</em></strong></span> <span class='ocrx_word' id='word_1_45' title='bbox 1270 655 1508 728; x_wconf 78' lang='lat' dir='ltr'><strong><em>Ideoque</em></strong></span> <span class='ocrx_word' id='word_1_46' title='bbox 1538 659 1802 714; x_wconf 83' lang='lat' dir='ltr'><strong><em>Dominus</em></strong></span> 
     </span>
    </p>
   </div>
   <div class='ocr_carea' id='block_1_7' title="bbox 213 735 1799 823">
    <p class='ocr_par' dir='ltr' id='par_1_7' title="bbox 213 735 1799 823">
     <span class='ocr_line' id='line_1_7' title="bbox 213 735 1799 823; baseline 0.011 -33"><span class='ocrx_word' id='word_1_47' title='bbox 213 735 256 792; x_wconf 89' lang='lat' dir='ltr'><strong><em>in</em></strong></span> <span class='ocrx_word' id='word_1_48' title='bbox 283 737 566 809; x_wconf 80' lang='lat' dir='ltr'><strong><em>Evangelio</em></strong></span> <span class='ocrx_word' id='word_1_49' title='bbox 589 741 669 796; x_wconf 88' lang='lat' dir='ltr'><strong><em>ait</em></strong></span> <span class='ocrx_word' id='word_1_50' title='bbox 693 759 709 794; x_wconf 85' lang='lat'><strong>:</strong></span> <span class='ocrx_word' id='word_1_51' title='bbox 744 742 894 799; x_wconf 88' lang='lat' dir='ltr'><strong><em>Beati</em></strong></span> <span class='ocrx_word' id='word_1_52' title='bbox 921 764 1172 817; x_wconf 75' lang='lat' dir='ltr'><strong><em>pauperes</em></strong></span> <span class='ocrx_word' id='word_1_53' title='bbox 1195 751 1380 822; x_wconf 76' lang='lat' dir='ltr'><strong><em>spiritu</em></strong></span> <span class='ocrx_word' id='word_1_54' title='bbox 1402 793 1416 817; x_wconf 93' lang='lat'><strong><em>,</em></strong></span> <span class='ocrx_word' id='word_1_55' title='bbox 1450 753 1692 820; x_wconf 86' lang='lat' dir='ltr'><strong><em>quoniam</em></strong></span> <span class='ocrx_word' id='word_1_56' title='bbox 1717 755 1799 823; x_wconf 84' lang='lat' dir='ltr'><strong><em>ip-</em></strong></span> 
     </span>
    </p>
   </div>
   <div class='ocr_carea' id='block_1_8' title="bbox 209 837 1795 916">
    <p class='ocr_par' dir='ltr' id='par_1_8' title="bbox 209 837 1795 916">
     <span class='ocr_line' id='line_1_8' title="bbox 209 837 1795 916; baseline 0.008 -30"><span class='ocrx_word' id='word_1_57' title='bbox 209 846 360 886; x_wconf 74' lang='lat' dir='ltr'><strong><em>sorum</em></strong></span> <span class='ocrx_word' id='word_1_58' title='bbox 389 843 466 887; x_wconf 91' lang='lat' dir='ltr'><strong><em>est</em></strong></span> <span class='ocrx_word' id='word_1_59' title='bbox 492 849 715 906; x_wconf 78' lang='lat' dir='ltr'><strong><em>regnum</em></strong></span> <span class='ocrx_word' id='word_1_60' title='bbox 742 837 990 893; x_wconf 67' lang='lat' dir='ltr'><strong><em>caelorum</em></strong></span> <span class='ocrx_word' id='word_1_61' title='bbox 1017 840 1250 913; x_wconf 75' lang='lat' dir='ltr'><strong><em>(Matth.</em></strong></span> <span class='ocrx_word' id='word_1_62' title='bbox 1281 858 1330 911; x_wconf 90' lang='lat' dir='ltr'><strong><em>v,</em></strong></span> <span class='ocrx_word' id='word_1_63' title='bbox 1361 841 1437 916; x_wconf 78' lang='grc'>5).</span> <span class='ocrx_word' id='word_1_64' title='bbox 1469 843 1591 899; x_wconf 89' lang='lat' dir='ltr'><strong><em>Non</em></strong></span> <span class='ocrx_word' id='word_1_65' title='bbox 1621 845 1795 900; x_wconf 76' lang='lat' dir='ltr'><strong><em>dixit:</em></strong></span> 
     </span>
    </p>
   </div>
   <div class='ocr_carea' id='block_1_9' title="bbox 209 927 1799 1009">
    <p class='ocr_par' dir='ltr' id='par_1_9' title="bbox 209 927 1799 1009">
     <span class='ocr_line' id='line_1_9' title="bbox 209 927 1799 1009; baseline 0.007 -27"><span class='ocrx_word' id='word_1_66' title='bbox 209 927 335 982; x_wconf 81' lang='lat' dir='ltr'><strong><em>Beati</em></strong></span> <span class='ocrx_word' id='word_1_67' title='bbox 363 927 604 996; x_wconf 89' lang='lat' dir='ltr'><strong><em>divites,</em></strong></span> <span class='ocrx_word' id='word_1_68' title='bbox 650 931 750 987; x_wconf 86' lang='lat' dir='ltr'><strong><em>sed</em></strong></span> <span class='ocrx_word' id='word_1_69' title='bbox 783 949 1078 1003; x_wconf 86' lang='lat' dir='ltr'><strong><em>pauperes.</em></strong></span> <span class='ocrx_word' id='word_1_70' title='bbox 1111 935 1242 992; x_wconf 89' lang='lat' dir='ltr'><strong><em>Inde</em></strong></span> <span class='ocrx_word' id='word_1_71' title='bbox 1282 938 1474 1009; x_wconf 90' lang='lat' dir='ltr'><strong><em>incipit</em></strong></span> <span class='ocrx_word' id='word_1_72' title='bbox 1513 939 1799 995; x_wconf 85' lang='lat' dir='ltr'><strong><em>beatitudo</em></strong></span> 
     </span>
    </p>
   </div>
   <div class='ocr_carea' id='block_1_10' title="bbox 199 1018 1799 1090">
    <p class='ocr_par' dir='ltr' id='par_1_10' title="bbox 199 1018 1799 1090">
     <span class='ocr_line' id='line_1_10' title="bbox 199 1018 1799 1090; baseline 0.01 -18"><span class='ocrx_word' id='word_1_73' title='bbox 199 1018 390 1090; x_wconf 87' lang='lat' dir='ltr'><strong><em>judicio</em></strong></span> <span class='ocrx_word' id='word_1_74' title='bbox 409 1020 604 1078; x_wconf 88' lang='lat' dir='ltr'><strong><em>divino</em></strong></span> <span class='ocrx_word' id='word_1_75' title='bbox 619 1063 634 1087; x_wconf 92' lang='lat'><strong><em>,</em></strong></span> <span class='ocrx_word' id='word_1_76' title='bbox 659 1025 751 1082; x_wconf 88' lang='lat' dir='ltr'><strong><em>ubi</em></strong></span> <span class='ocrx_word' id='word_1_77' title='bbox 772 1041 1017 1083; x_wconf 66' lang='lat' dir='ltr'><strong><em>aerumna</em></strong></span> <span class='ocrx_word' id='word_1_78' title='bbox 1038 1029 1344 1085; x_wconf 65' lang='lat' dir='ltr'><strong><em>aestimatur</em></strong></span> <span class='ocrx_word' id='word_1_79' title='bbox 1366 1030 1623 1086; x_wconf 89' lang='lat' dir='ltr'><strong><em>humana.</em></strong></span> <span class='ocrx_word' id='word_1_80' title='bbox 1647 1032 1799 1088; x_wconf 88' lang='lat' dir='ltr'><strong><em>Beati</em></strong></span> 
     </span>
    </p>
   </div>
   <div class='ocr_carea' id='block_1_11' title="bbox 201 1112 1794 1192">
    <p class='ocr_par' dir='ltr' id='par_1_11' title="bbox 201 1112 1794 1192">
     <span class='ocr_line' id='line_1_11' title="bbox 201 1112 1794 1192; baseline 0.011 -32"><span class='ocrx_word' id='word_1_81' title='bbox 201 1112 275 1176; x_wconf 82' lang='lat' dir='ltr'><strong><em>qui</em></strong></span> <span class='ocrx_word' id='word_1_82' title='bbox 301 1113 538 1167; x_wconf 71' lang='lat' dir='ltr'><strong><em>esuriant</em></strong></span> <span class='ocrx_word' id='word_1_83' title='bbox 563 1155 579 1181; x_wconf 92' lang='lat'><strong><em>,</em></strong></span> <span class='ocrx_word' id='word_1_84' title='bbox 607 1115 730 1184; x_wconf 82' lang='lat' dir='ltr'><strong><em>quia</em></strong></span> <span class='ocrx_word' id='word_1_85' title='bbox 756 1117 859 1188; x_wconf 88' lang='lat' dir='ltr'><strong><em>ipsi</em></strong></span> <span class='ocrx_word' id='word_1_86' title='bbox 884 1118 1274 1174; x_wconf 81' lang='lat' dir='ltr'><strong><em>saturabuntur.</em></strong></span> <span class='ocrx_word' id='word_1_87' title='bbox 1297 1119 1447 1174; x_wconf 81' lang='lat' dir='ltr'><strong><em>Beati</em></strong></span> <span class='ocrx_word' id='word_1_88' title='bbox 1476 1121 1565 1188; x_wconf 85' lang='lat' dir='ltr'><strong><em>qui</em></strong></span> <span class='ocrx_word' id='word_1_89' title='bbox 1586 1123 1794 1192; x_wconf 85' lang='lat' dir='ltr'><strong><em>lugent,</em></strong></span> 
     </span>
    </p>
   </div>
   <div class='ocr_carea' id='block_1_12' title="bbox 199 1205 1796 1275">
    <p class='ocr_par' dir='ltr' id='par_1_12' title="bbox 199 1205 1796 1275">
     <span class='ocr_line' id='line_1_12' title="bbox 199 1205 1796 1275; baseline 0.007 -19"><span class='ocrx_word' id='word_1_90' title='bbox 199 1205 427 1272; x_wconf 82' lang='lat' dir='ltr'><strong><em>quoniam</em></strong></span> <span class='ocrx_word' id='word_1_91' title='bbox 458 1206 559 1275; x_wconf 84' lang='lat' dir='ltr'><strong><em>ipsi</em></strong></span> <span class='ocrx_word' id='word_1_92' title='bbox 588 1209 990 1264; x_wconf 69' lang='lat' dir='ltr'><strong><em>consolationem</em></strong></span> <span class='ocrx_word' id='word_1_93' title='bbox 1020 1210 1297 1265; x_wconf 81' lang='lat' dir='ltr'><strong><em>habebunt.</em></strong></span> <span class='ocrx_word' id='word_1_94' title='bbox 1328 1211 1478 1266; x_wconf 86' lang='lat' dir='ltr'><strong><em>Beati</em></strong></span> <span class='ocrx_word' id='word_1_95' title='bbox 1507 1214 1796 1268; x_wconf 83' lang='lat' dir='ltr'><strong><em>misericor-</em></strong></span> 
     </span>
    </p>
   </div>
   <div class='ocr_carea' id='block_1_13' title="bbox 197 1298 1796 1369">
    <p class='ocr_par' dir='ltr' id='par_1_13' title="bbox 197 1298 1796 1369">
     <span class='ocr_line' id='line_1_13' title="bbox 197 1298 1796 1369; baseline 0.007 -19"><span class='ocrx_word' id='word_1_96' title='bbox 197 1298 308 1360; x_wconf 85' lang='lat' dir='ltr'><strong><em>des,</em></strong></span> <span class='ocrx_word' id='word_1_97' title='bbox 357 1299 607 1368; x_wconf 86' lang='lat' dir='ltr'><strong><em>quoniam</em></strong></span> <span class='ocrx_word' id='word_1_98' title='bbox 650 1301 778 1369; x_wconf 81' lang='lat' dir='ltr'><strong><em>ipsis</em></strong></span> <span class='ocrx_word' id='word_1_99' title='bbox 823 1303 1145 1358; x_wconf 79' lang='lat' dir='ltr'><strong><em>miserebitur</em></strong></span> <span class='ocrx_word' id='word_1_100' title='bbox 1188 1304 1350 1359; x_wconf 83' lang='lat' dir='ltr'><strong><em>Deus.</em></strong></span> <span class='ocrx_word' id='word_1_101' title='bbox 1403 1305 1557 1360; x_wconf 88' lang='lat' dir='ltr'><strong><em>Beati</em></strong></span> <span class='ocrx_word' id='word_1_102' title='bbox 1601 1309 1796 1362; x_wconf 88' lang='lat' dir='ltr'><strong><em>mundo</em></strong></span> 
     </span>
    </p>
   </div>
   <div class='ocr_carea' id='block_1_14' title="bbox 195 1390 1793 1472">
    <p class='ocr_par' dir='ltr' id='par_1_14' title="bbox 195 1390 1793 1472">
     <span class='ocr_line' id='line_1_14' title="bbox 195 1390 1793 1472; baseline 0.008 -31"><span class='ocrx_word' id='word_1_103' title='bbox 195 1390 366 1456; x_wconf 83' lang='lat' dir='ltr'><strong><em>corde,</em></strong></span> <span class='ocrx_word' id='word_1_104' title='bbox 405 1392 657 1461; x_wconf 85' lang='lat' dir='ltr'><strong><em>quoniam</em></strong></span> <span class='ocrx_word' id='word_1_105' title='bbox 685 1394 787 1462; x_wconf 83' lang='lat' dir='ltr'><strong><em>ipsi</em></strong></span> <span class='ocrx_word' id='word_1_106' title='bbox 820 1393 982 1449; x_wconf 88' lang='lat' dir='ltr'><strong><em>Deum</em></strong></span> <span class='ocrx_word' id='word_1_107' title='bbox 1018 1397 1274 1452; x_wconf 80' lang='lat' dir='ltr'><strong><em>videbunt.</em></strong></span> <span class='ocrx_word' id='word_1_108' title='bbox 1309 1397 1456 1454; x_wconf 85' lang='lat' dir='ltr'><strong><em>Beati</em></strong></span> <span class='ocrx_word' id='word_1_109' title='bbox 1485 1401 1573 1470; x_wconf 89' lang='lat' dir='ltr'><strong><em>qui</em></strong></span> <span class='ocrx_word' id='word_1_110' title='bbox 1617 1417 1793 1472; x_wconf 85' lang='lat' dir='ltr'><strong><em>perse-</em></strong></span> 
     </span>
    </p>
   </div>
   <div class='ocr_carea' id='block_1_15' title="bbox 193 1484 1792 1564">
    <p class='ocr_par' dir='ltr' id='par_1_15' title="bbox 193 1484 1792 1564">
     <span class='ocr_line' id='line_1_15' title="bbox 193 1484 1792 1564; baseline 0.007 -29"><span class='ocrx_word' id='word_1_111' title='bbox 193 1484 438 1537; x_wconf 80' lang='lat' dir='ltr'><strong><em>cutionem</em></strong></span> <span class='ocrx_word' id='word_1_112' title='bbox 468 1486 742 1555; x_wconf 84' lang='lat' dir='ltr'><strong><em>patiuntur</em></strong></span> <span class='ocrx_word' id='word_1_113' title='bbox 764 1498 974 1560; x_wconf 86' lang='lat' dir='ltr'><strong><em>propter</em></strong></span> <span class='ocrx_word' id='word_1_114' title='bbox 984 1490 1273 1560; x_wconf 86' lang='lat' dir='ltr'><strong><em>justitiam,</em></strong></span> <span class='ocrx_word' id='word_1_115' title='bbox 1303 1492 1542 1558; x_wconf 85' lang='lat' dir='ltr'><strong><em>quoniam</em></strong></span> <span class='ocrx_word' id='word_1_116' title='bbox 1560 1493 1792 1564; x_wconf 86' lang='lat' dir='ltr'><strong><em>ipsorum</em></strong></span> 
     </span>
    </p>
   </div>
   <div class='ocr_carea' id='block_1_16' title="bbox 191 1577 1793 1648">
    <p class='ocr_par' dir='ltr' id='par_1_16' title="bbox 191 1577 1793 1648">
     <span class='ocr_line' id='line_1_16' title="bbox 191 1577 1793 1648; baseline 0.006 -20"><span class='ocrx_word' id='word_1_117' title='bbox 191 1584 253 1628; x_wconf 90' lang='lat' dir='ltr'><strong><em>est</em></strong></span> <span class='ocrx_word' id='word_1_118' title='bbox 295 1592 518 1647; x_wconf 79' lang='lat' dir='ltr'><strong><em>regnum</em></strong></span> <span class='ocrx_word' id='word_1_119' title='bbox 569 1577 835 1631; x_wconf 73' lang='lat' dir='ltr'><strong><em>caelorum.</em></strong></span> <span class='ocrx_word' id='word_1_120' title='bbox 884 1578 1034 1635; x_wconf 85' lang='lat' dir='ltr'><strong><em>Beati</em></strong></span> <span class='ocrx_word' id='word_1_121' title='bbox 1087 1583 1238 1648; x_wconf 84' lang='lat' dir='ltr'><strong><em>estis,</em></strong></span> <span class='ocrx_word' id='word_1_122' title='bbox 1271 1599 1388 1636; x_wconf 88' lang='lat' dir='ltr'><strong><em>cum</em></strong></span> <span class='ocrx_word' id='word_1_123' title='bbox 1439 1584 1579 1638; x_wconf 80' lang='lat' dir='ltr'><strong><em>vobis</em></strong></span> <span class='ocrx_word' id='word_1_124' title='bbox 1635 1584 1793 1638; x_wconf 89' lang='lat' dir='ltr'><strong><em>male-</em></strong></span> 
     </span>
    </p>
   </div>
   <div class='ocr_carea' id='block_1_17' title="bbox 189 1669 1794 1742">
    <p class='ocr_par' dir='ltr' id='par_1_17' title="bbox 189 1669 1794 1742">
     <span class='ocr_line' id='line_1_17' title="bbox 189 1669 1794 1742; baseline 0.007 -20"><span class='ocrx_word' id='word_1_125' title='bbox 189 1669 388 1735; x_wconf 83' lang='lat' dir='ltr'><strong><em>dicent,</em></strong></span> <span class='ocrx_word' id='word_1_126' title='bbox 417 1680 465 1725; x_wconf 90' lang='lat' dir='ltr'><strong><em>et</em></strong></span> <span class='ocrx_word' id='word_1_127' title='bbox 494 1683 866 1742; x_wconf 78' lang='lat' dir='ltr'><strong><em>persequentur</em></strong></span> <span class='ocrx_word' id='word_1_128' title='bbox 889 1719 904 1741; x_wconf 91' lang='lat'><strong><em>,</em></strong></span> <span class='ocrx_word' id='word_1_129' title='bbox 936 1685 985 1729; x_wconf 90' lang='lat' dir='ltr'><strong><em>et</em></strong></span> <span class='ocrx_word' id='word_1_130' title='bbox 1011 1676 1179 1730; x_wconf 85' lang='lat' dir='ltr'><strong><em>dicent</em></strong></span> <span class='ocrx_word' id='word_1_131' title='bbox 1208 1693 1356 1731; x_wconf 86' lang='lat' dir='ltr'><strong><em>omne</em></strong></span> <span class='ocrx_word' id='word_1_132' title='bbox 1388 1679 1582 1732; x_wconf 88' lang='lat' dir='ltr'><strong><em>malum</em></strong></span> <span class='ocrx_word' id='word_1_133' title='bbox 1612 1679 1794 1733; x_wconf 83' lang='lat' dir='ltr'><strong><em>adver-</em></strong></span> 
     </span>
    </p>
   </div>
   <div class='ocr_carea' id='block_1_18' title="bbox 1904 460 3510 528">
    <p class='ocr_par' dir='ltr' id='par_1_18' title="bbox 1904 460 3510 528">
     <span class='ocr_line' id='line_1_18' title="bbox 1904 460 3510 528; baseline 0.011 -18"><span class='ocrx_word' id='word_1_134' title='bbox 1904 471 1968 511; x_wconf 90' lang='lat' dir='ltr'><strong><em>ca</em></strong></span> <span class='ocrx_word' id='word_1_135' title='bbox 1995 473 2114 526; x_wconf 72' lang='lat' dir='ltr'><strong><em>qure</em></strong></span> <span class='ocrx_word' id='word_1_136' title='bbox 2144 469 2270 513; x_wconf 88' lang='lat' dir='ltr'><strong><em>sunt</em></strong></span> <span class='ocrx_word' id='word_1_137' title='bbox 2302 460 2628 528; x_wconf 89' lang='lat' dir='ltr'><strong><em>posterioris</em></strong></span> <span class='ocrx_word' id='word_1_138' title='bbox 2659 463 2856 518; x_wconf 65' lang='lat' dir='ltr'><strong><em>artatis.</em></strong></span> <span class='ocrx_word' id='word_1_139' title='bbox 2892 463 3263 522; x_wconf 81' lang='lat' dir='ltr'><strong><em>Perfectorum</em></strong></span> <span class='ocrx_word' id='word_1_140' title='bbox 3295 479 3380 524; x_wconf 87' lang='lat' dir='ltr'><strong><em>est</em></strong></span> <span class='ocrx_word' id='word_1_141' title='bbox 3417 486 3510 526; x_wconf 87' lang='lat' dir='ltr'><strong><em>co-</em></strong></span> 
     </span>
    </p>
   </div>
   <div class='ocr_carea' id='block_1_19' title="bbox 1904 529 3514 612">
    <p class='ocr_par' dir='ltr' id='par_1_19' title="bbox 1904 529 3514 612">
     <span class='ocr_line' id='line_1_19' title="bbox 1904 529 3514 612; baseline 0.009 -29"><span class='ocrx_word' id='word_1_142' title='bbox 1904 544 2058 583; x_wconf 88' lang='lat' dir='ltr'><strong><em>rona.</em></strong></span> <span class='ocrx_word' id='word_1_143' title='bbox 2085 529 2354 600; x_wconf 75' lang='lat' dir='ltr'><strong><em>EsSpecta</em></strong></span> <span class='ocrx_word' id='word_1_144' title='bbox 2376 573 2391 596; x_wconf 91' lang='lat'><strong><em>,</em></strong></span> <span class='ocrx_word' id='word_1_145' title='bbox 2416 541 2475 586; x_wconf 91' lang='lat' dir='ltr'><strong><em>ut</em></strong></span> <span class='ocrx_word' id='word_1_146' title='bbox 2500 534 2685 588; x_wconf 83' lang='lat' dir='ltr'><strong>veniat</strong></span> <span class='ocrx_word' id='word_1_147' title='bbox 2709 534 2852 604; x_wconf 92' lang='lat' dir='ltr'><strong><em>quod</em></strong></span> <span class='ocrx_word' id='word_1_148' title='bbox 2877 536 3177 604; x_wconf 78' lang='lat' dir='ltr'><strong><em>perfectum</em></strong></span> <span class='ocrx_word' id='word_1_149' title='bbox 3204 550 3285 594; x_wconf 87' lang='lat' dir='ltr'><strong><em>est</em></strong></span> <span class='ocrx_word' id='word_1_150' title='bbox 3304 582 3319 605; x_wconf 98' lang='lat'><strong><em>,</em></strong></span> <span class='ocrx_word' id='word_1_151' title='bbox 3341 558 3514 612; x_wconf 91' lang='lat' dir='ltr'><strong><em>quan-</em></strong></span> 
     </span>
    </p>
   </div>
   <div class='ocr_carea' id='block_1_20' title="bbox 1903 620 3509 697">
    <p class='ocr_par' dir='ltr' id='par_1_20' title="bbox 1903 620 3509 697">
     <span class='ocr_line' id='line_1_20' title="bbox 1903 620 3509 697; baseline 0.009 -22"><span class='ocrx_word' id='word_1_152' title='bbox 1903 620 1973 675; x_wconf 90' lang='lat' dir='ltr'><strong><em>do</em></strong></span> <span class='ocrx_word' id='word_1_153' title='bbox 1995 637 2101 676; x_wconf 90' lang='lat' dir='ltr'><strong><em>non</em></strong></span> <span class='ocrx_word' id='word_1_154' title='bbox 2132 637 2231 692; x_wconf 92' lang='lat' dir='ltr'><strong><em>per</em></strong></span> <span class='ocrx_word' id='word_1_155' title='bbox 2255 624 2495 694; x_wconf 88' lang='lat' dir='ltr'><strong><em>speciem</em></strong></span> <span class='ocrx_word' id='word_1_156' title='bbox 2525 625 2577 679; x_wconf 93' lang='lat' dir='ltr'><strong><em>in</em></strong></span> <span class='ocrx_word' id='word_1_157' title='bbox 2601 627 2890 697; x_wconf 72' lang='lat' dir='ltr'><strong><em>mnigmate</em></strong></span> <span class='ocrx_word' id='word_1_158' title='bbox 2907 669 2921 692; x_wconf 91' lang='lat'><strong><em>,</em></strong></span> <span class='ocrx_word' id='word_1_159' title='bbox 2947 628 3042 683; x_wconf 91' lang='lat' dir='ltr'><strong><em>sed</em></strong></span> <span class='ocrx_word' id='word_1_160' title='bbox 3067 627 3205 685; x_wconf 81' lang='lat' dir='ltr'><strong><em>facie</em></strong></span> <span class='ocrx_word' id='word_1_161' title='bbox 3226 631 3291 685; x_wconf 91' lang='lat' dir='ltr'><strong><em>ad</em></strong></span> <span class='ocrx_word' id='word_1_162' title='bbox 3318 632 3509 689; x_wconf 76' lang='lat' dir='ltr'><strong><em>facient</em></strong></span> 
     </span>
    </p>
   </div>
   <div class='ocr_carea' id='block_1_21' title="bbox 1901 712 3506 795">
    <p class='ocr_par' dir='ltr' id='par_1_21' title="bbox 1901 712 3506 795">
     <span class='ocr_line' id='line_1_21' title="bbox 1901 712 3506 795; baseline 0.01 -29"><span class='ocrx_word' id='word_1_163' title='bbox 1901 712 2133 768; x_wconf 82' lang='lat' dir='ltr'><strong><em>formam</em></strong></span> <span class='ocrx_word' id='word_1_164' title='bbox 2166 716 2338 786; x_wconf 91' lang='lat' dir='ltr'><strong><em>ipsam</em></strong></span> <span class='ocrx_word' id='word_1_165' title='bbox 2369 717 2680 788; x_wconf 68' lang='lat' dir='ltr'><strong><em>redopertte</em></strong></span> <span class='ocrx_word' id='word_1_166' title='bbox 2705 720 2956 776; x_wconf 78' lang='lat' dir='ltr'><strong>veritatis</strong></span> <span class='ocrx_word' id='word_1_167' title='bbox 2988 723 3165 790; x_wconf 89' lang='lat' dir='ltr'><strong><em>possis</em></strong></span> <span class='ocrx_word' id='word_1_168' title='bbox 3193 739 3506 795; x_wconf 77' lang='lat' dir='ltr'><strong><em>agnoscere.</em></strong></span> 
     </span>
    </p>
   </div>
   <div class='ocr_carea' id='block_1_22' title="bbox 1903 805 3513 887">
    <p class='ocr_par' dir='ltr' id='par_1_22' title="bbox 1903 805 3513 887">
     <span class='ocr_line' id='line_1_22' title="bbox 1903 805 3513 887; baseline 0.009 -28"><span class='ocrx_word' id='word_1_169' title='bbox 1903 805 2054 861; x_wconf 88' lang='lat' dir='ltr'><strong><em>Tunc</em></strong></span> <span class='ocrx_word' id='word_1_170' title='bbox 2082 822 2187 877; x_wconf 89' lang='lat' dir='ltr'><strong><em>qua</em></strong></span> <span class='ocrx_word' id='word_1_171' title='bbox 2215 823 2380 864; x_wconf 89' lang='lat' dir='ltr'><strong><em>causa</em></strong></span> <span class='ocrx_word' id='word_1_172' title='bbox 2409 808 2501 865; x_wconf 90' lang='lat' dir='ltr'><strong><em>ille</em></strong></span> <span class='ocrx_word' id='word_1_173' title='bbox 2529 811 2684 866; x_wconf 85' lang='lat' dir='ltr'><strong>dives</strong></span> <span class='ocrx_word' id='word_1_174' title='bbox 2711 811 2874 868; x_wconf 79' lang='lat' dir='ltr'><strong><em>fuerit</em></strong></span> <span class='ocrx_word' id='word_1_175' title='bbox 2898 855 2912 878; x_wconf 93' lang='lat'><strong><em>,</em></strong></span> <span class='ocrx_word' id='word_1_176' title='bbox 2945 814 3036 884; x_wconf 91' lang='lat' dir='ltr'><strong><em>qui</em></strong></span> <span class='ocrx_word' id='word_1_177' title='bbox 3066 825 3186 870; x_wconf 89' lang='lat' dir='ltr'><strong><em>erat</em></strong></span> <span class='ocrx_word' id='word_1_178' title='bbox 3231 817 3513 887; x_wconf 86' lang='lat' dir='ltr'><strong><em>improbus</em></strong></span> 
     </span>
    </p>
   </div>
   <div class='ocr_carea' id='block_1_23' title="bbox 1900 900 3512 980">
    <p class='ocr_par' dir='ltr' id='par_1_23' title="bbox 1900 900 3512 980">
     <span class='ocr_line' id='line_1_23' title="bbox 1900 900 3512 980; baseline 0.009 -28"><span class='ocrx_word' id='word_1_179' title='bbox 1900 906 1956 952; x_wconf 90' lang='lat' dir='ltr'><strong><em>et</em></strong></span> <span class='ocrx_word' id='word_1_180' title='bbox 1984 906 2170 968; x_wconf 91' lang='lat' dir='ltr'><strong><em>raptor</em></strong></span> <span class='ocrx_word' id='word_1_181' title='bbox 2197 900 2396 966; x_wconf 90' lang='lat' dir='ltr'><strong><em>alieni,</em></strong></span> <span class='ocrx_word' id='word_1_182' title='bbox 2429 917 2533 972; x_wconf 84' lang='lat' dir='ltr'><strong><em>qua</em></strong></span> <span class='ocrx_word' id='word_1_183' title='bbox 2564 918 2725 958; x_wconf 87' lang='lat' dir='ltr'><strong><em>causa</em></strong></span> <span class='ocrx_word' id='word_1_184' title='bbox 2775 914 2971 974; x_wconf 88' lang='lat' dir='ltr'><strong><em>potens</em></strong></span> <span class='ocrx_word' id='word_1_185' title='bbox 3018 907 3186 973; x_wconf 88' lang='lat' dir='ltr'><strong><em>alius,</em></strong></span> <span class='ocrx_word' id='word_1_186' title='bbox 3220 925 3322 980; x_wconf 90' lang='lat' dir='ltr'><strong><em>qua</em></strong></span> <span class='ocrx_word' id='word_1_187' title='bbox 3349 926 3512 967; x_wconf 86' lang='lat' dir='ltr'><strong><em>causa</em></strong></span> 
     </span>
    </p>
   </div>
   <div class='ocr_carea' id='block_1_24' title="bbox 1901 991 3512 1070">
    <p class='ocr_par' dir='ltr' id='par_1_24' title="bbox 1901 991 3512 1070">
     <span class='ocr_line' id='line_1_24' title="bbox 1901 991 3512 1070; baseline 0.011 -24"><span class='ocrx_word' id='word_1_188' title='bbox 1901 991 1997 1048; x_wconf 91' lang='lat' dir='ltr'><strong><em>ille</em></strong></span> <span class='ocrx_word' id='word_1_189' title='bbox 2027 993 2383 1051; x_wconf 82' lang='lat' dir='ltr'><strong><em>abundaverit</em></strong></span> <span class='ocrx_word' id='word_1_190' title='bbox 2414 996 2635 1065; x_wconf 88' lang='lat' dir='ltr'><strong><em>liberis,</em></strong></span> <span class='ocrx_word' id='word_1_191' title='bbox 2668 997 2762 1054; x_wconf 86' lang='lat' dir='ltr'><strong><em>ille</em></strong></span> <span class='ocrx_word' id='word_1_192' title='bbox 2786 999 2956 1056; x_wconf 81' lang='lat' dir='ltr'><strong><em>fultus</em></strong></span> <span class='ocrx_word' id='word_1_193' title='bbox 2980 999 3279 1058; x_wconf 86' lang='lat' dir='ltr'><strong><em>honoribus</em></strong></span> <span class='ocrx_word' id='word_1_194' title='bbox 3301 1046 3316 1070; x_wconf 89' lang='lat'><strong><em>,</em></strong></span> <span class='ocrx_word' id='word_1_195' title='bbox 3348 1020 3512 1063; x_wconf 90' lang='lat' dir='ltr'><strong><em>reve-</em></strong></span> 
     </span>
    </p>
   </div>
   <div class='ocr_carea' id='block_1_25' title="bbox 1901 1085 2125 1142">
    <p class='ocr_par' dir='ltr' id='par_1_25' title="bbox 1901 1085 2125 1142">
     <span class='ocr_line' id='line_1_25' title="bbox 1901 1085 2125 1142; baseline 0.004 -3"><span class='ocrx_word' id='word_1_196' title='bbox 1901 1085 2125 1142; x_wconf 83' lang='lat' dir='ltr'><strong><em>labitur.</em></strong></span> 
     </span>
    </p>
   </div>
   <div class='ocr_carea' id='block_1_26' title="bbox 1971 1180 3507 1262">
    <p class='ocr_par' dir='ltr' id='par_1_26' title="bbox 1971 1180 3507 1262">
     <span class='ocr_line' id='line_1_26' title="bbox 1971 1180 3507 1262; baseline 0.008 -27"><span class='ocrx_word' id='word_1_197' title='bbox 1971 1180 2060 1236; x_wconf 81' lang='grc'>65.</span> <span class='ocrx_word' id='word_1_198' title='bbox 2103 1182 2362 1238; x_wconf 85' lang='lat' dir='ltr'><strong><em>Fortasse</em></strong></span> <span class='ocrx_word' id='word_1_199' title='bbox 2393 1194 2451 1240; x_wconf 89' lang='lat' dir='ltr'><strong><em>ut</em></strong></span> <span class='ocrx_word' id='word_1_200' title='bbox 2479 1185 2696 1242; x_wconf 88' lang='lat' dir='ltr'><strong><em>dicatur</em></strong></span> <span class='ocrx_word' id='word_1_201' title='bbox 2726 1188 2936 1257; x_wconf 85' lang='lat' dir='ltr'><strong><em>raptori</em></strong></span> <span class='ocrx_word' id='word_1_202' title='bbox 2964 1206 2975 1242; x_wconf 94' lang='lat'>:</span> <span class='ocrx_word' id='word_1_203' title='bbox 3013 1189 3176 1246; x_wconf 79' lang='lat' dir='ltr'><strong><em>Dives</em></strong></span> <span class='ocrx_word' id='word_1_204' title='bbox 3204 1207 3328 1246; x_wconf 89' lang='lat' dir='ltr'><strong><em>cras</em></strong></span> <span class='ocrx_word' id='word_1_205' title='bbox 3353 1234 3367 1257; x_wconf 92' lang='lat'><strong><em>,</em></strong></span> <span class='ocrx_word' id='word_1_206' title='bbox 3402 1208 3507 1262; x_wconf 87' lang='lat' dir='ltr'><strong><em>qua</em></strong></span> 
     </span>
    </p>
   </div>
   <div class='ocr_carea' id='block_1_27' title="bbox 1899 1278 3508 1355">
    <p class='ocr_par' dir='ltr' id='par_1_27' title="bbox 1899 1278 3508 1355">
     <span class='ocr_line' id='line_1_27' title="bbox 1899 1278 3508 1355; baseline 0.006 -24"><span class='ocrx_word' id='word_1_207' title='bbox 1899 1290 2059 1331; x_wconf 87' lang='lat' dir='ltr'><strong><em>causa</em></strong></span> <span class='ocrx_word' id='word_1_208' title='bbox 2087 1278 2265 1334; x_wconf 88' lang='lat' dir='ltr'><strong><em>aliena</em></strong></span> <span class='ocrx_word' id='word_1_209' title='bbox 2298 1281 2592 1348; x_wconf 88' lang='lat' dir='ltr'><strong><em>rapiebas?</em></strong></span> <span class='ocrx_word' id='word_1_210' title='bbox 2641 1283 2867 1352; x_wconf 76' lang='lat' dir='ltr'><strong><em>Egestas</em></strong></span> <span class='ocrx_word' id='word_1_211' title='bbox 2900 1300 3007 1338; x_wconf 92' lang='lat' dir='ltr'><strong><em>non</em></strong></span> <span class='ocrx_word' id='word_1_212' title='bbox 3050 1285 3354 1355; x_wconf 89' lang='lat' dir='ltr'><strong><em>compulit,</em></strong></span> <span class='ocrx_word' id='word_1_213' title='bbox 3389 1286 3508 1341; x_wconf 83' lang='lat' dir='ltr'><strong><em>ino-</em></strong></span> 
     </span>
    </p>
   </div>
   <div class='ocr_carea' id='block_1_28' title="bbox 1898 1370 3511 1443">
    <p class='ocr_par' dir='ltr' id='par_1_28' title="bbox 1898 1370 3511 1443">
     <span class='ocr_line' id='line_1_28' title="bbox 1898 1370 3511 1443; baseline 0.007 -21"><span class='ocrx_word' id='word_1_214' title='bbox 1898 1370 1984 1440; x_wconf 85' lang='lat' dir='ltr'><strong><em>pia</em></strong></span> <span class='ocrx_word' id='word_1_215' title='bbox 2016 1386 2122 1425; x_wconf 89' lang='lat' dir='ltr'><strong><em>non</em></strong></span> <span class='ocrx_word' id='word_1_216' title='bbox 2149 1373 2348 1443; x_wconf 79' lang='lat' dir='ltr'><strong><em>coegit.</em></strong></span> <span class='ocrx_word' id='word_1_217' title='bbox 2380 1373 2571 1430; x_wconf 88' lang='lat' dir='ltr'><strong><em>Nonne</em></strong></span> <span class='ocrx_word' id='word_1_218' title='bbox 2598 1375 2721 1431; x_wconf 78' lang='lat' dir='ltr'><strong><em>ideo</em></strong></span> <span class='ocrx_word' id='word_1_219' title='bbox 2754 1385 2804 1431; x_wconf 89' lang='lat' dir='ltr'><strong><em>te</em></strong></span> <span class='ocrx_word' id='word_1_220' title='bbox 2832 1376 3056 1431; x_wconf 87' lang='lat' dir='ltr'><strong><em>divitem</em></strong></span> <span class='ocrx_word' id='word_1_221' title='bbox 3087 1379 3190 1432; x_wconf 85' lang='lat' dir='ltr'><strong><em>l‘eci</em></strong></span> <span class='ocrx_word' id='word_1_222' title='bbox 3215 1420 3229 1443; x_wconf 90' lang='lat'><strong><em>,</em></strong></span> <span class='ocrx_word' id='word_1_223' title='bbox 3261 1387 3319 1432; x_wconf 90' lang='lat' dir='ltr'><strong><em>ut</em></strong></span> <span class='ocrx_word' id='word_1_224' title='bbox 3345 1394 3511 1434; x_wconf 79' lang='lat' dir='ltr'><strong><em>excu-</em></strong></span> 
     </span>
    </p>
   </div>
   <div class='ocr_carea' id='block_1_29' title="bbox 1896 1464 3506 1540">
    <p class='ocr_par' dir='ltr' id='par_1_29' title="bbox 1896 1464 3506 1540">
     <span class='ocr_line' id='line_1_29' title="bbox 1896 1464 3506 1540; baseline 0.006 -24"><span class='ocrx_word' id='word_1_225' title='bbox 1896 1464 2162 1519; x_wconf 87' lang='lat' dir='ltr'><strong><em>sationem</em></strong></span> <span class='ocrx_word' id='word_1_226' title='bbox 2189 1465 2395 1521; x_wconf 89' lang='lat' dir='ltr'><strong><em>habere</em></strong></span> <span class='ocrx_word' id='word_1_227' title='bbox 2422 1483 2529 1522; x_wconf 88' lang='lat' dir='ltr'><strong><em>non</em></strong></span> <span class='ocrx_word' id='word_1_228' title='bbox 2563 1469 2777 1538; x_wconf 85' lang='lat' dir='ltr'><strong><em>possis?</em></strong></span> <span class='ocrx_word' id='word_1_229' title='bbox 2807 1469 3028 1524; x_wconf 85' lang='lat' dir='ltr'><strong><em>Dicatur</em></strong></span> <span class='ocrx_word' id='word_1_230' title='bbox 3054 1471 3219 1524; x_wconf 89' lang='lat' dir='ltr'><strong><em>etiam</em></strong></span> <span class='ocrx_word' id='word_1_231' title='bbox 3254 1474 3465 1540; x_wconf 81' lang='lat' dir='ltr'><strong><em>potenti</em></strong></span> <span class='ocrx_word' id='word_1_232' title='bbox 3493 1491 3506 1525; x_wconf 91' lang='lat'><strong>:</strong></span> 
     </span>
    </p>
   </div>
   <div class='ocr_carea' id='block_1_30' title="bbox 1895 1553 3504 1633">
    <p class='ocr_par' dir='ltr' id='par_1_30' title="bbox 1895 1553 3504 1633">
     <span class='ocr_line' id='line_1_30' title="bbox 1895 1553 3504 1633; baseline 0.005 -23"><span class='ocrx_word' id='word_1_233' title='bbox 1895 1553 2006 1611; x_wconf 90' lang='lat' dir='ltr'><strong><em>Cur</em></strong></span> <span class='ocrx_word' id='word_1_234' title='bbox 2050 1573 2157 1610; x_wconf 91' lang='lat' dir='ltr'><strong><em>non</em></strong></span> <span class='ocrx_word' id='word_1_235' title='bbox 2188 1556 2414 1612; x_wconf 79' lang='lat' dir='ltr'><strong><em>adfuisti</em></strong></span> <span class='ocrx_word' id='word_1_236' title='bbox 2455 1559 2634 1614; x_wconf 69' lang='lat' dir='ltr'><strong><em>vidua:</em></strong></span> <span class='ocrx_word' id='word_1_237' title='bbox 2655 1603 2669 1625; x_wconf 94' lang='lat'><strong><em>,</em></strong></span> <span class='ocrx_word' id='word_1_238' title='bbox 2700 1560 2966 1631; x_wconf 81' lang='lat' dir='ltr'><strong><em>orphanis</em></strong></span> <span class='ocrx_word' id='word_1_239' title='bbox 2995 1576 3214 1633; x_wconf 89' lang='lat' dir='ltr'><strong><em>quoque</em></strong></span> <span class='ocrx_word' id='word_1_240' title='bbox 3257 1563 3504 1633; x_wconf 88' lang='lat' dir='ltr'><strong><em>injuriam</em></strong></span> 
     </span>
    </p>
   </div>
   <div class='ocr_carea' id='block_1_31' title="bbox 1898 1649 3505 1726">
    <p class='ocr_par' dir='ltr' id='par_1_31' title="bbox 1898 1649 3505 1726">
     <span class='ocr_line' id='line_1_31' title="bbox 1898 1649 3505 1726; baseline 0.007 -24"><span class='ocrx_word' id='word_1_241' title='bbox 1898 1649 2272 1719; x_wconf 82' lang='lat' dir='ltr'><strong><em>patientibus?</em></strong></span> <span class='ocrx_word' id='word_1_242' title='bbox 2305 1649 2578 1722; x_wconf 84' lang='lat' dir='ltr'><strong><em>Numquid</em></strong></span> <span class='ocrx_word' id='word_1_243' title='bbox 2621 1664 2676 1708; x_wconf 87' lang='lat' dir='ltr'><strong>tu</strong></span> <span class='ocrx_word' id='word_1_244' title='bbox 2728 1653 2980 1709; x_wconf 82' lang='lat' dir='ltr'><strong><em>inﬁrmus</em></strong></span> <span class='ocrx_word' id='word_1_245' title='bbox 3025 1656 3188 1710; x_wconf 83' lang='lat' dir='ltr'><strong><em>eras?</em></strong></span> <span class='ocrx_word' id='word_1_246' title='bbox 3232 1655 3505 1726; x_wconf 75' lang='lat' dir='ltr'><strong>Numquid</strong></span> 
     </span>
    </p>
   </div>
   <div class='ocr_carea' id='block_1_32' title="bbox 187 1745 3513 1840">
    <p class='ocr_par' dir='ltr' id='par_1_32' title="bbox 187 1745 3513 1840">
     <span class='ocr_line' id='line_1_32' title="bbox 187 1745 3513 1840; baseline 0.007 -24"><span class='ocrx_word' id='word_1_247' title='bbox 187 1779 291 1816; x_wconf 84' lang='lat' dir='ltr'><strong><em>sunt</em></strong></span> <span class='ocrx_word' id='word_1_248' title='bbox 318 1779 406 1818; x_wconf 76' lang='lat' dir='ltr'><strong><em>uos</em></strong></span> <span class='ocrx_word' id='word_1_249' title='bbox 429 1805 445 1829; x_wconf 89' lang='lat'><strong><em>,</em></strong></span> <span class='ocrx_word' id='word_1_250' title='bbox 486 1775 700 1834; x_wconf 83' lang='lat' dir='ltr'><strong><em>propter</em></strong></span> <span class='ocrx_word' id='word_1_251' title='bbox 719 1767 1004 1836; x_wconf 84' lang='lat' dir='ltr'><strong><em>justitiam.</em></strong></span> <span class='ocrx_word' id='word_1_252' title='bbox 1036 1768 1271 1825; x_wconf 84' lang='lat' dir='ltr'><strong><em>Gaudete</em></strong></span> <span class='ocrx_word' id='word_1_253' title='bbox 1298 1781 1344 1826; x_wconf 90' lang='lat' dir='ltr'><strong><em>et</em></strong></span> <span class='ocrx_word' id='word_1_254' title='bbox 1375 1772 1629 1826; x_wconf 76' lang='lat' dir='ltr'><strong><em>exsultate</em></strong></span> <span class='ocrx_word' id='word_1_255' title='bbox 1658 1789 1790 1840; x_wconf 88' lang='lat' dir='ltr'><strong><em>quo-</em></strong></span> <span class='ocrx_word' id='word_1_256' title='bbox 1821 1773 1870 1834; x_wconf 89' lang='lat' dir='ltr'><strong>B</strong></span> <span class='ocrx_word' id='word_1_257' title='bbox 1897 1758 2006 1799; x_wconf 74' lang='lat' dir='ltr'><strong>non</strong></span> <span class='ocrx_word' id='word_1_258' title='bbox 2039 1755 2262 1814; x_wconf 64' lang='lat' dir='ltr'><strong><em>pmems</em></strong></span> <span class='ocrx_word' id='word_1_259' title='bbox 2309 1745 2648 1801; x_wconf 60' lang='lat' dir='ltr'><strong><em>subvenire?</em></strong></span> <span class='ocrx_word' id='word_1_260' title='bbox 2679 1747 2806 1802; x_wconf 68' lang='lat' dir='ltr'><strong><em>“eo</em></strong></span> <span class='ocrx_word' id='word_1_261' title='bbox 2849 1757 2900 1802; x_wconf 56' lang='lat' dir='ltr'><strong><em>te</em></strong></span> <span class='ocrx_word' id='word_1_262' title='bbox 2943 1746 3047 1803; x_wconf 49' lang='lat' dir='ltr'><strong><em>{eoi</em></strong></span> <span class='ocrx_word' id='word_1_263' title='bbox 3090 1757 3404 1819; x_wconf 57' lang='lat' dir='ltr'><strong><em>pownlem’</em></strong></span> <span class='ocrx_word' id='word_1_264' title='bbox 3454 1760 3513 1804; x_wconf 55' lang='lat' dir='ltr'><strong>ut</strong></span> 
     </span>
    </p>
   </div>
   <div class='ocr_carea' id='block_1_33' title="bbox 189 1857 1786 1935">
    <p class='ocr_par' dir='ltr' id='par_1_33' title="bbox 189 1857 1786 1935">
     <span class='ocr_line' id='line_1_33' title="bbox 189 1857 1786 1935; baseline 0.009 -28"><span class='ocrx_word' id='word_1_265' title='bbox 189 1857 319 1910; x_wconf 81' lang='lat' dir='ltr'><strong><em>niam</em></strong></span> <span class='ocrx_word' id='word_1_266' title='bbox 347 1874 547 1912; x_wconf 85' lang='lat' dir='ltr'><strong><em>merces</em></strong></span> <span class='ocrx_word' id='word_1_267' title='bbox 576 1870 747 1914; x_wconf 83' lang='lat' dir='ltr'><strong><em>vestra</em></strong></span> <span class='ocrx_word' id='word_1_268' title='bbox 770 1861 979 1931; x_wconf 86' lang='lat' dir='ltr'><strong><em>copiosa</em></strong></span> <span class='ocrx_word' id='word_1_269' title='bbox 993 1863 1134 1916; x_wconf 87' lang='lat' dir='ltr'><strong><em>estin</em></strong></span> <span class='ocrx_word' id='word_1_270' title='bbox 1148 1864 1278 1917; x_wconf 79' lang='lat' dir='ltr'><strong><em>rtelo</em></strong></span> <span class='ocrx_word' id='word_1_271' title='bbox 1298 1863 1346 1935; x_wconf 89' lang='grc' dir='ltr'><strong><em>(Ι</em></strong></span> <span class='ocrx_word' id='word_1_272' title='bbox 1357 1864 1491 1929; x_wconf 87' lang='lat' dir='ltr'><strong><em>bid.,</em></strong></span> <span class='ocrx_word' id='word_1_273' title='bbox 1519 1865 1552 1920; x_wconf 81' lang='grc'><strong>5</strong></span> <span class='ocrx_word' id='word_1_274' title='bbox 1570 1875 1615 1918; x_wconf 87' lang='lat' dir='ltr'><strong><em>et</em></strong></span> <span class='ocrx_word' id='word_1_275' title='bbox 1631 1864 1786 1935; x_wconf 91' lang='lat' dir='ltr'><strong><em>seq.).</em></strong></span> 
     </span>
    </p>
   </div>
   <div class='ocr_carea' id='block_1_34' title="bbox 189 1947 1787 2024">
    <p class='ocr_par' dir='ltr' id='par_1_34' title="bbox 189 1947 1787 2024">
     <span class='ocr_line' id='line_1_34' title="bbox 189 1947 1787 2024; baseline 0.007 -22"><span class='ocrx_word' id='word_1_276' title='bbox 189 1947 476 2019; x_wconf 81' lang='lat' dir='ltr'><strong><em>Futuram,</em></strong></span> <span class='ocrx_word' id='word_1_277' title='bbox 523 1966 631 2006; x_wconf 91' lang='lat' dir='ltr'><strong><em>non</em></strong></span> <span class='ocrx_word' id='word_1_278' title='bbox 680 1963 1042 2024; x_wconf 66' lang='lat' dir='ltr'><strong><em>prmsentem:</em></strong></span> <span class='ocrx_word' id='word_1_279' title='bbox 1075 1954 1130 2009; x_wconf 92' lang='lat' dir='ltr'><strong><em>in</em></strong></span> <span class='ocrx_word' id='word_1_280' title='bbox 1176 1955 1360 2023; x_wconf 86' lang='lat' dir='ltr'><strong><em>coelo,</em></strong></span> <span class='ocrx_word' id='word_1_281' title='bbox 1395 1973 1503 2012; x_wconf 90' lang='lat' dir='ltr'><strong><em>non</em></strong></span> <span class='ocrx_word' id='word_1_282' title='bbox 1545 1957 1597 2010; x_wconf 92' lang='lat' dir='ltr'><strong><em>in</em></strong></span> <span class='ocrx_word' id='word_1_283' title='bbox 1644 1968 1787 2013; x_wconf 88' lang='lat' dir='ltr'><strong><em>terra</em></strong></span> 
     </span>
    </p>
   </div>
   <div class='ocr_carea' id='block_1_35' title="bbox 189 2041 1784 2121">
    <p class='ocr_par' dir='ltr' id='par_1_35' title="bbox 189 2041 1784 2121">
     <span class='ocr_line' id='line_1_35' title="bbox 189 2041 1784 2121; baseline 0.009 -29"><span class='ocrx_word' id='word_1_284' title='bbox 189 2041 495 2098; x_wconf 79' lang='lat' dir='ltr'><strong><em>mercedem</em></strong></span> <span class='ocrx_word' id='word_1_285' title='bbox 527 2045 780 2114; x_wconf 89' lang='lat' dir='ltr'><strong><em>promisit</em></strong></span> <span class='ocrx_word' id='word_1_286' title='bbox 810 2060 935 2101; x_wconf 92' lang='lat' dir='ltr'><strong><em>esse</em></strong></span> <span class='ocrx_word' id='word_1_287' title='bbox 965 2046 1324 2103; x_wconf 85' lang='lat' dir='ltr'><strong><em>reddendam.</em></strong></span> <span class='ocrx_word' id='word_1_288' title='bbox 1356 2048 1495 2118; x_wconf 87' lang='lat' dir='ltr'><strong>Quid</strong></span> <span class='ocrx_word' id='word_1_289' title='bbox 1526 2049 1655 2105; x_wconf 87' lang='lat' dir='ltr'><strong><em>alibi</em></strong></span> <span class='ocrx_word' id='word_1_290' title='bbox 1686 2066 1784 2121; x_wconf 89' lang='lat' dir='ltr'><strong><em>po-</em></strong></span> 
     </span>
    </p>
   </div>
   <div class='ocr_carea' id='block_1_36' title="bbox 188 2135 1784 2212">
    <p class='ocr_par' dir='ltr' id='par_1_36' title="bbox 188 2135 1784 2212">
     <span class='ocr_line' id='line_1_36' title="bbox 188 2135 1784 2212; baseline 0.007 -24"><span class='ocrx_word' id='word_1_291' title='bbox 188 2135 314 2200; x_wconf 86' lang='lat' dir='ltr'><strong><em>scis,</em></strong></span> <span class='ocrx_word' id='word_1_292' title='bbox 345 2135 493 2206; x_wconf 88' lang='lat' dir='ltr'><strong><em>quod</em></strong></span> <span class='ocrx_word' id='word_1_293' title='bbox 521 2135 652 2192; x_wconf 82' lang='lat' dir='ltr'><strong><em>alibi</em></strong></span> <span class='ocrx_word' id='word_1_294' title='bbox 678 2136 959 2194; x_wconf 77' lang='lat' dir='ltr'><strong><em>debetur?</em></strong></span> <span class='ocrx_word' id='word_1_295' title='bbox 983 2141 1111 2210; x_wconf 86' lang='lat' dir='ltr'><strong><em>quid</em></strong></span> <span class='ocrx_word' id='word_1_296' title='bbox 1148 2157 1496 2212; x_wconf 70' lang='lat' dir='ltr'><strong><em>praepropere</em></strong></span> <span class='ocrx_word' id='word_1_297' title='bbox 1525 2158 1784 2199; x_wconf 71' lang='lat' dir='ltr'><strong><em>coronam</em></strong></span> 
     </span>
    </p>
   </div>
   <div class='ocr_carea' id='block_1_37' title="bbox 188 2227 1786 2310">
    <p class='ocr_par' dir='ltr' id='par_1_37' title="bbox 188 2227 1786 2310">
     <span class='ocr_line' id='line_1_37' title="bbox 188 2227 1786 2310; baseline 0.007 -29"><span class='ocrx_word' id='word_1_298' title='bbox 188 2227 384 2299; x_wconf 78' lang='lat' dir='ltr'><strong><em>exigis,</em></strong></span> <span class='ocrx_word' id='word_1_299' title='bbox 414 2241 706 2301; x_wconf 83' lang='lat' dir='ltr'><strong><em>antequam</em></strong></span> <span class='ocrx_word' id='word_1_300' title='bbox 737 2232 960 2287; x_wconf 90' lang='lat' dir='ltr'><strong><em>vincas?</em></strong></span> <span class='ocrx_word' id='word_1_301' title='bbox 989 2234 1116 2305; x_wconf 91' lang='lat' dir='ltr'><strong><em>quid</em></strong></span> <span class='ocrx_word' id='word_1_302' title='bbox 1145 2234 1432 2306; x_wconf 86' lang='lat' dir='ltr'><strong><em>detergere</em></strong></span> <span class='ocrx_word' id='word_1_303' title='bbox 1459 2238 1786 2310; x_wconf 80' lang='lat' dir='ltr'><strong><em>pulverem?</em></strong></span> 
     </span>
    </p>
   </div>
   <div class='ocr_carea' id='block_1_38' title="bbox 189 2324 1782 2402">
    <p class='ocr_par' dir='ltr' id='par_1_38' title="bbox 189 2324 1782 2402">
     <span class='ocr_line' id='line_1_38' title="bbox 189 2324 1782 2402; baseline 0.007 -25"><span class='ocrx_word' id='word_1_304' title='bbox 189 2324 307 2392; x_wconf 87' lang='lat' dir='ltr'><strong><em>quid</em></strong></span> <span class='ocrx_word' id='word_1_305' title='bbox 338 2329 688 2396; x_wconf 85' lang='lat' dir='ltr'><strong><em>requiescere</em></strong></span> <span class='ocrx_word' id='word_1_306' title='bbox 715 2329 919 2398; x_wconf 87' lang='lat' dir='ltr'><strong><em>cupis?</em></strong></span> <span class='ocrx_word' id='word_1_307' title='bbox 945 2329 1073 2399; x_wconf 89' lang='lat' dir='ltr'><strong><em>quid</em></strong></span> <span class='ocrx_word' id='word_1_308' title='bbox 1113 2331 1323 2401; x_wconf 86' lang='lat' dir='ltr'><strong><em>epulari</em></strong></span> <span class='ocrx_word' id='word_1_309' title='bbox 1366 2332 1536 2402; x_wconf 78' lang='lat' dir='ltr'><strong><em>gestis</em></strong></span> <span class='ocrx_word' id='word_1_310' title='bbox 1555 2373 1574 2402; x_wconf 95' lang='lat'><strong><em>,</em></strong></span> <span class='ocrx_word' id='word_1_311' title='bbox 1622 2341 1782 2388; x_wconf 81' lang='lat' dir='ltr'><strong><em>ante-</em></strong></span> 
     </span>
    </p>
   </div>
   <div class='ocr_carea' id='block_1_39' title="bbox 190 2420 1780 2498">
    <p class='ocr_par' dir='ltr' id='par_1_39' title="bbox 190 2420 1780 2498">
     <span class='ocr_line' id='line_1_39' title="bbox 190 2420 1780 2498; baseline 0.008 -26"><span class='ocrx_word' id='word_1_312' title='bbox 190 2433 337 2486; x_wconf 84' lang='lat' dir='ltr'><strong><em>quam</em></strong></span> <span class='ocrx_word' id='word_1_313' title='bbox 388 2420 627 2476; x_wconf 77' lang='lat' dir='ltr'><strong><em>stadium</em></strong></span> <span class='ocrx_word' id='word_1_314' title='bbox 671 2421 960 2492; x_wconf 65' lang='lat' dir='ltr'><strong><em>solvatur}</em></strong></span> <span class='ocrx_word' id='word_1_315' title='bbox 1013 2423 1209 2480; x_wconf 83' lang='lat' dir='ltr'><strong><em>Adhuc</em></strong></span> <span class='ocrx_word' id='word_1_316' title='bbox 1257 2428 1490 2496; x_wconf 88' lang='lat' dir='ltr'><strong><em>populus</em></strong></span> <span class='ocrx_word' id='word_1_317' title='bbox 1529 2438 1780 2498; x_wconf 83' lang='lat' dir='ltr'><strong><em>spectat,</em></strong></span> 
     </span>
    </p>
   </div>
   <div class='ocr_carea' id='block_1_40' title="bbox 193 2512 1780 2594">
    <p class='ocr_par' dir='ltr' id='par_1_40' title="bbox 193 2512 1780 2594">
     <span class='ocr_line' id='line_1_40' title="bbox 193 2512 1780 2594; baseline 0.009 -28"><span class='ocrx_word' id='word_1_318' title='bbox 193 2512 354 2570; x_wconf 82' lang='lat' dir='ltr'><strong><em>adhuc</em></strong></span> <span class='ocrx_word' id='word_1_319' title='bbox 381 2514 602 2572; x_wconf 68' lang='lat' dir='ltr'><strong><em>athlette</em></strong></span> <span class='ocrx_word' id='word_1_320' title='bbox 625 2515 654 2556; x_wconf 71' lang='grc' dir='ltr'><strong><em>ιι</em></strong></span> <span class='ocrx_word' id='word_1_321' title='bbox 680 2516 735 2573; x_wconf 92' lang='lat' dir='ltr'><strong><em>in</em></strong></span> <span class='ocrx_word' id='word_1_322' title='bbox 769 2528 1070 2577; x_wconf 86' lang='lat' dir='ltr'><strong><em>scammate</em></strong></span> <span class='ocrx_word' id='word_1_323' title='bbox 1098 2530 1254 2588; x_wconf 88' lang='lat' dir='ltr'><strong><em>sunt,</em></strong></span> <span class='ocrx_word' id='word_1_324' title='bbox 1296 2531 1352 2578; x_wconf 89' lang='lat' dir='ltr'><strong><em>et</em></strong></span> <span class='ocrx_word' id='word_1_325' title='bbox 1384 2531 1440 2578; x_wconf 90' lang='lat' dir='ltr'><strong><em>tu</em></strong></span> <span class='ocrx_word' id='word_1_326' title='bbox 1464 2522 1580 2594; x_wconf 84' lang='lat' dir='ltr'><strong><em>jam</em></strong></span> <span class='ocrx_word' id='word_1_327' title='bbox 1609 2525 1780 2581; x_wconf 91' lang='lat' dir='ltr'><strong><em>otium</em></strong></span> 
     </span>
    </p>
   </div>
   <div class='ocr_carea' id='block_1_41' title="bbox 193 2617 341 2674">
    <p class='ocr_par' dir='ltr' id='par_1_41' title="bbox 193 2617 341 2674">
     <span class='ocr_line' id='line_1_41' title="bbox 193 2617 341 2674; baseline 0.014 -15"><span class='ocrx_word' id='word_1_328' title='bbox 193 2617 341 2674; x_wconf 85' lang='lat' dir='ltr'><strong><em>peus.</em></strong></span> 
     </span>
    </p>
   </div>
   <div class='ocr_carea' id='block_1_42' title="bbox 258 2699 1783 2779">
    <p class='ocr_par' dir='ltr' id='par_1_42' title="bbox 258 2699 1783 2779">
     <span class='ocr_line' id='line_1_42' title="bbox 258 2699 1783 2779; baseline 0.009 -26"><span class='ocrx_word' id='word_1_329' title='bbox 258 2699 344 2754; x_wconf 84' lang='lat'><strong><em>60.</em></strong></span> <span class='ocrx_word' id='word_1_330' title='bbox 383 2699 486 2756; x_wconf 87' lang='lat' dir='ltr'><strong><em>Sed</em></strong></span> <span class='ocrx_word' id='word_1_331' title='bbox 526 2702 673 2760; x_wconf 84' lang='lat' dir='ltr'><strong><em>forte</em></strong></span> <span class='ocrx_word' id='word_1_332' title='bbox 722 2703 916 2761; x_wconf 87' lang='lat' dir='ltr'><strong><em>dicas:</em></strong></span> <span class='ocrx_word' id='word_1_333' title='bbox 973 2705 1082 2762; x_wconf 90' lang='lat' dir='ltr'><strong><em>Cur</em></strong></span> <span class='ocrx_word' id='word_1_334' title='bbox 1129 2706 1284 2779; x_wconf 92' lang='lat' dir='ltr'><strong><em>impii</em></strong></span> <span class='ocrx_word' id='word_1_335' title='bbox 1331 2707 1634 2764; x_wconf 65' lang='lat' dir='ltr'><strong><em>laetantur?</em></strong></span> <span class='ocrx_word' id='word_1_336' title='bbox 1683 2726 1783 2767; x_wconf 90' lang='lat' dir='ltr'><strong><em>cur</em></strong></span> 
     </span>
    </p>
   </div>
   <div class='ocr_carea' id='block_1_43' title="bbox 197 2791 1782 2872">
    <p class='ocr_par' dir='ltr' id='par_1_43' title="bbox 197 2791 1782 2872">
     <span class='ocr_line' id='line_1_43' title="bbox 197 2791 1782 2872; baseline 0.008 -25"><span class='ocrx_word' id='word_1_337' title='bbox 197 2791 566 2853; x_wconf 78' lang='lat' dir='ltr'><strong><em>luxuriantur?</em></strong></span> <span class='ocrx_word' id='word_1_338' title='bbox 595 2814 694 2854; x_wconf 88' lang='lat' dir='ltr'><strong><em>cur</em></strong></span> <span class='ocrx_word' id='word_1_339' title='bbox 723 2799 889 2856; x_wconf 88' lang='lat' dir='ltr'><strong><em>etiam</em></strong></span> <span class='ocrx_word' id='word_1_340' title='bbox 927 2800 1030 2872; x_wconf 90' lang='lat' dir='ltr'><strong><em>ipsi</em></strong></span> <span class='ocrx_word' id='word_1_341' title='bbox 1072 2817 1180 2857; x_wconf 92' lang='lat' dir='ltr'><strong><em>non</em></strong></span> <span class='ocrx_word' id='word_1_342' title='bbox 1221 2818 1435 2858; x_wconf 91' lang='lat' dir='ltr'><strong><em>mecum</em></strong></span> <span class='ocrx_word' id='word_1_343' title='bbox 1491 2804 1782 2860; x_wconf 79' lang='lat' dir='ltr'><strong><em>laborant?</em></strong></span> 
     </span>
    </p>
   </div>
   <div class='ocr_carea' id='block_1_44' title="bbox 199 2885 1779 2965">
    <p class='ocr_par' dir='ltr' id='par_1_44' title="bbox 199 2885 1779 2965">
     <span class='ocr_line' id='line_1_44' title="bbox 199 2885 1779 2965; baseline 0.008 -25"><span class='ocrx_word' id='word_1_344' title='bbox 199 2885 444 2953; x_wconf 79' lang='lat' dir='ltr'><strong><em>Quoniam</em></strong></span> <span class='ocrx_word' id='word_1_345' title='bbox 472 2891 562 2960; x_wconf 87' lang='lat' dir='ltr'><strong><em>qui</em></strong></span> <span class='ocrx_word' id='word_1_346' title='bbox 608 2906 716 2946; x_wconf 90' lang='lat' dir='ltr'><strong><em>non</em></strong></span> <span class='ocrx_word' id='word_1_347' title='bbox 759 2893 1186 2965; x_wconf 89' lang='lat' dir='ltr'><strong><em>subscripserint</em></strong></span> <span class='ocrx_word' id='word_1_348' title='bbox 1217 2894 1283 2950; x_wconf 87' lang='lat' dir='ltr'><strong><em>ad</em></strong></span> <span class='ocrx_word' id='word_1_349' title='bbox 1313 2911 1573 2951; x_wconf 89' lang='lat' dir='ltr'><strong><em>coronam</em></strong></span> <span class='ocrx_word' id='word_1_350' title='bbox 1601 2936 1618 2963; x_wconf 91' lang='lat'><strong><em>,</em></strong></span> <span class='ocrx_word' id='word_1_351' title='bbox 1669 2911 1779 2952; x_wconf 93' lang='lat' dir='ltr'><strong><em>non</em></strong></span> 
     </span>
    </p>
   </div>
   <div class='ocr_carea' id='block_1_45' title="bbox 201 2985 1777 3062">
    <p class='ocr_par' dir='ltr' id='par_1_45' title="bbox 201 2985 1777 3062">
     <span class='ocr_line' id='line_1_45' title="bbox 201 2985 1777 3062; baseline 0.008 -28"><span class='ocrx_word' id='word_1_352' title='bbox 201 2989 432 3038; x_wconf 81' lang='lat' dir='ltr'><strong><em>tenentur</em></strong></span> <span class='ocrx_word' id='word_1_353' title='bbox 455 2985 521 3040; x_wconf 88' lang='lat' dir='ltr'><strong><em>ad</em></strong></span> <span class='ocrx_word' id='word_1_354' title='bbox 551 2986 793 3044; x_wconf 86' lang='lat' dir='ltr'><strong><em>laborem</em></strong></span> <span class='ocrx_word' id='word_1_355' title='bbox 813 2990 1137 3045; x_wconf 86' lang='lat' dir='ltr'><strong><em>certaminis</em></strong></span> <span class='ocrx_word' id='word_1_356' title='bbox 1161 3006 1176 3045; x_wconf 89' lang='lat'>:</span> <span class='ocrx_word' id='word_1_357' title='bbox 1208 2991 1300 3062; x_wconf 90' lang='lat' dir='ltr'><strong><em>qui</em></strong></span> <span class='ocrx_word' id='word_1_358' title='bbox 1328 2991 1382 3046; x_wconf 92' lang='lat' dir='ltr'><strong><em>in</em></strong></span> <span class='ocrx_word' id='word_1_359' title='bbox 1406 2991 1640 3046; x_wconf 90' lang='lat' dir='ltr'><strong><em>stadium</em></strong></span> <span class='ocrx_word' id='word_1_360' title='bbox 1669 3006 1777 3047; x_wconf 92' lang='lat' dir='ltr'><strong><em>non</em></strong></span> 
     </span>
    </p>
   </div>
   <div class='ocr_carea' id='block_1_46' title="bbox 201 3073 1776 3152">
    <p class='ocr_par' dir='ltr' id='par_1_46' title="bbox 201 3073 1776 3152">
     <span class='ocr_line' id='line_1_46' title="bbox 201 3073 1776 3152; baseline 0.01 -26"><span class='ocrx_word' id='word_1_361' title='bbox 201 3073 596 3145; x_wconf 85' lang='lat' dir='ltr'><strong><em>descenderint,</em></strong></span> <span class='ocrx_word' id='word_1_362' title='bbox 642 3094 753 3136; x_wconf 92' lang='lat' dir='ltr'><strong><em>non</em></strong></span> <span class='ocrx_word' id='word_1_363' title='bbox 801 3095 862 3136; x_wconf 86' lang='lat' dir='ltr'><strong><em>se</em></strong></span> <span class='ocrx_word' id='word_1_364' title='bbox 909 3081 1246 3152; x_wconf 81' lang='lat' dir='ltr'><strong><em>perfundunt</em></strong></span> <span class='ocrx_word' id='word_1_365' title='bbox 1291 3084 1452 3151; x_wconf 90' lang='lat' dir='ltr'><strong><em>oleo,</em></strong></span> <span class='ocrx_word' id='word_1_366' title='bbox 1488 3100 1596 3139; x_wconf 93' lang='lat' dir='ltr'><strong><em>non</em></strong></span> <span class='ocrx_word' id='word_1_367' title='bbox 1633 3084 1776 3140; x_wconf 90' lang='lat' dir='ltr'><strong><em>obli-</em></strong></span> 
     </span>
    </p>
   </div>
   <div class='ocr_carea' id='block_1_47' title="bbox 1895 1840 3510 1910">
    <p class='ocr_par' dir='ltr' id='par_1_47' title="bbox 1895 1840 3510 1910">
     <span class='ocr_line' id='line_1_47' title="bbox 1895 1840 3510 1910; baseline 0.004 -18"><span class='ocrx_word' id='word_1_368' title='bbox 1895 1854 2002 1894; x_wconf 90' lang='lat' dir='ltr'><strong><em>non</em></strong></span> <span class='ocrx_word' id='word_1_369' title='bbox 2049 1840 2284 1896; x_wconf 81' lang='lat' dir='ltr'><strong><em>inferres</em></strong></span> <span class='ocrx_word' id='word_1_370' title='bbox 2324 1841 2682 1909; x_wconf 82' lang='lat' dir='ltr'><strong><em>violentiam,</em></strong></span> <span class='ocrx_word' id='word_1_371' title='bbox 2728 1843 2823 1897; x_wconf 91' lang='lat' dir='ltr'><strong><em>sed</em></strong></span> <span class='ocrx_word' id='word_1_372' title='bbox 2879 1844 3197 1910; x_wconf 86' lang='lat' dir='ltr'><strong><em>repelleres.</em></strong></span> <span class='ocrx_word' id='word_1_373' title='bbox 3251 1843 3366 1898; x_wconf 84' lang='lat' dir='ltr'><strong><em>Non</em></strong></span> <span class='ocrx_word' id='word_1_374' title='bbox 3409 1843 3510 1899; x_wconf 88' lang='lat' dir='ltr'><strong><em>tibi</em></strong></span> 
     </span>
    </p>
   </div>
   <div class='ocr_carea' id='block_1_48' title="bbox 1893 1931 3503 2008">
    <p class='ocr_par' dir='ltr' id='par_1_48' title="bbox 1893 1931 3503 2008">
     <span class='ocr_line' id='line_1_48' title="bbox 1893 1931 3503 2008; baseline 0.001 -20"><span class='ocrx_word' id='word_1_375' title='bbox 1893 1935 2158 2005; x_wconf 89' lang='lat' dir='ltr'><strong><em>scriptum</em></strong></span> <span class='ocrx_word' id='word_1_376' title='bbox 2190 1944 2314 1989; x_wconf 87' lang='lat' dir='ltr'><strong><em>est:</em></strong></span> <span class='ocrx_word' id='word_1_377' title='bbox 2346 1931 2510 2004; x_wconf 87' lang='lat' dir='ltr'><strong><em>Eripe</em></strong></span> <span class='ocrx_word' id='word_1_378' title='bbox 2535 1935 2787 2007; x_wconf 86' lang='lat' dir='ltr'><strong><em>injuriam</em></strong></span> <span class='ocrx_word' id='word_1_379' title='bbox 2815 1935 3155 2007; x_wconf 85' lang='lat' dir='ltr'><strong><em>accipientem</em></strong></span> <span class='ocrx_word' id='word_1_380' title='bbox 3182 1934 3375 2008; x_wconf 84' lang='lat' dir='ltr'><strong><em>(Eccli.</em></strong></span> <span class='ocrx_word' id='word_1_381' title='bbox 3412 1952 3503 2003; x_wconf 90' lang='lat' dir='ltr'><strong><em>tv,</em></strong></span> 
     </span>
    </p>
   </div>
   <div class='ocr_carea' id='block_1_49' title="bbox 1889 2030 3507 2102">
    <p class='ocr_par' dir='ltr' id='par_1_49' title="bbox 1889 2030 3507 2102">
     <span class='ocr_line' id='line_1_49' title="bbox 1889 2030 3507 2102; baseline 0 -16"><span class='ocrx_word' id='word_1_382' title='bbox 1889 2031 1986 2102; x_wconf 84' lang='lat'><strong><em>9)?</em></strong></span> <span class='ocrx_word' id='word_1_383' title='bbox 2016 2030 2132 2086; x_wconf 89' lang='lat' dir='ltr'><strong><em>Non</em></strong></span> <span class='ocrx_word' id='word_1_384' title='bbox 2164 2032 2258 2088; x_wconf 89' lang='lat' dir='ltr'><strong><em>tibi</em></strong></span> <span class='ocrx_word' id='word_1_385' title='bbox 2303 2032 2567 2102; x_wconf 86' lang='lat' dir='ltr'><strong><em>scriptum</em></strong></span> <span class='ocrx_word' id='word_1_386' title='bbox 2599 2042 2686 2087; x_wconf 88' lang='lat' dir='ltr'><strong><em>est</em></strong></span> <span class='ocrx_word' id='word_1_387' title='bbox 2713 2049 2725 2086; x_wconf 95' lang='lat'><strong>:</strong></span> <span class='ocrx_word' id='word_1_388' title='bbox 2759 2031 3054 2102; x_wconf 86' lang='lat' dir='ltr'><strong><em>Pauperem</em></strong></span> <span class='ocrx_word' id='word_1_389' title='bbox 3076 2073 3092 2098; x_wconf 94' lang='lat'><strong><em>,</em></strong></span> <span class='ocrx_word' id='word_1_390' title='bbox 3122 2042 3168 2085; x_wconf 91' lang='lat' dir='ltr'><strong><em>et</em></strong></span> <span class='ocrx_word' id='word_1_391' title='bbox 3193 2049 3410 2102; x_wconf 86' lang='lat' dir='ltr'><strong><em>egenum</em></strong></span> <span class='ocrx_word' id='word_1_392' title='bbox 3442 2034 3507 2086; x_wconf 86' lang='lat' dir='ltr'><strong><em>de</em></strong></span> 
     </span>
    </p>
   </div>
   <div class='ocr_carea' id='block_1_50' title="bbox 1889 2123 3508 2200">
    <p class='ocr_par' dir='ltr' id='par_1_50' title="bbox 1889 2123 3508 2200">
     <span class='ocr_line' id='line_1_50' title="bbox 1889 2123 3508 2200; baseline -0.001 -21"><span class='ocrx_word' id='word_1_393' title='bbox 1889 2143 2047 2180; x_wconf 88' lang='lat' dir='ltr'><strong><em>manu</em></strong></span> <span class='ocrx_word' id='word_1_394' title='bbox 2092 2126 2380 2200; x_wconf 84' lang='lat' dir='ltr'><strong><em>peccatoris</em></strong></span> <span class='ocrx_word' id='word_1_395' title='bbox 2425 2126 2640 2181; x_wconf 80' lang='lat' dir='ltr'><strong><em>liberate</em></strong></span> <span class='ocrx_word' id='word_1_396' title='bbox 2688 2124 2877 2200; x_wconf 90' lang='lat' dir='ltr'><strong><em>(Psal.</em></strong></span> <span class='ocrx_word' id='word_1_397' title='bbox 2913 2141 3100 2190; x_wconf 72' lang='lat' dir='ltr'><strong><em>LXXXI,</em></strong></span> <span class='ocrx_word' id='word_1_398' title='bbox 3128 2123 3233 2194; x_wconf 65' lang='lat'><strong><em>4)?</em></strong></span> <span class='ocrx_word' id='word_1_399' title='bbox 3281 2125 3508 2179; x_wconf 88' lang='lat' dir='ltr'><strong><em>Dicatur</em></strong></span> 
     </span>
    </p>
   </div>
   <div class='ocr_carea' id='block_1_51' title="bbox 1886 2219 3500 2283">
    <p class='ocr_par' dir='ltr' id='par_1_51' title="bbox 1886 2219 3500 2283">
     <span class='ocr_line' id='line_1_51' title="bbox 1886 2219 3500 2283; baseline -0.001 -8"><span class='ocrx_word' id='word_1_400' title='bbox 1886 2220 2051 2275; x_wconf 90' lang='lat' dir='ltr'><strong><em>etiam</em></strong></span> <span class='ocrx_word' id='word_1_401' title='bbox 2103 2219 2441 2274; x_wconf 87' lang='lat' dir='ltr'><strong><em>abundanti:</em></strong></span> <span class='ocrx_word' id='word_1_402' title='bbox 2489 2219 2704 2274; x_wconf 89' lang='lat' dir='ltr'><strong><em>Liberis</em></strong></span> <span class='ocrx_word' id='word_1_403' title='bbox 2729 2261 2744 2283; x_wconf 92' lang='lat'><strong><em>,</em></strong></span> <span class='ocrx_word' id='word_1_404' title='bbox 2774 2229 2829 2275; x_wconf 92' lang='lat' dir='ltr'><strong><em>et</em></strong></span> <span class='ocrx_word' id='word_1_405' title='bbox 2881 2219 3180 2273; x_wconf 89' lang='lat' dir='ltr'><strong><em>honoribus</em></strong></span> <span class='ocrx_word' id='word_1_406' title='bbox 3221 2219 3500 2274; x_wconf 88' lang='lat' dir='ltr'><strong><em>cumulavi</em></strong></span> 
     </span>
    </p>
   </div>
   <div class='ocr_carea' id='block_1_52' title="bbox 1890 2309 3506 2381">
    <p class='ocr_par' dir='ltr' id='par_1_52' title="bbox 1890 2309 3506 2381">
     <span class='ocr_line' id='line_1_52' title="bbox 1890 2309 3506 2381; baseline -0.001 -15"><span class='ocrx_word' id='word_1_407' title='bbox 1890 2321 1979 2379; x_wconf 90' lang='lat' dir='ltr'><strong><em>te,</em></strong></span> <span class='ocrx_word' id='word_1_408' title='bbox 2030 2311 2409 2367; x_wconf 88' lang='lat' dir='ltr'><strong><em>salubritatem</em></strong></span> <span class='ocrx_word' id='word_1_409' title='bbox 2463 2312 2715 2381; x_wconf 88' lang='lat' dir='ltr'><strong><em>corporis</em></strong></span> <span class='ocrx_word' id='word_1_410' title='bbox 2764 2311 3012 2365; x_wconf 88' lang='lat' dir='ltr'><strong><em>concessi</em></strong></span> <span class='ocrx_word' id='word_1_411' title='bbox 3065 2309 3204 2376; x_wconf 87' lang='lat' dir='ltr'><strong><em>tibi;</em></strong></span> <span class='ocrx_word' id='word_1_412' title='bbox 3249 2326 3346 2365; x_wconf 89' lang='lat' dir='ltr'><strong><em>cur</em></strong></span> <span class='ocrx_word' id='word_1_413' title='bbox 3396 2328 3506 2366; x_wconf 89' lang='lat' dir='ltr'><strong><em>non</em></strong></span> 
     </span>
    </p>
   </div>
   <div class='ocr_carea' id='block_1_53' title="bbox 1888 2402 3506 2475">
    <p class='ocr_par' dir='ltr' id='par_1_53' title="bbox 1888 2402 3506 2475">
     <span class='ocr_line' id='line_1_53' title="bbox 1888 2402 3506 2475; baseline 0 -17"><span class='ocrx_word' id='word_1_414' title='bbox 1888 2411 2111 2460; x_wconf 89' lang='lat' dir='ltr'><strong><em>secutus</em></strong></span> <span class='ocrx_word' id='word_1_415' title='bbox 2142 2419 2202 2460; x_wconf 90' lang='lat' dir='ltr'><strong><em>es</em></strong></span> <span class='ocrx_word' id='word_1_416' title='bbox 2230 2413 2506 2475; x_wconf 63' lang='lat' dir='ltr'><strong><em>praecepta</em></strong></span> <span class='ocrx_word' id='word_1_417' title='bbox 2561 2404 2721 2457; x_wconf 82' lang='lat' dir='ltr'><strong><em>mea?</em></strong></span> <span class='ocrx_word' id='word_1_418' title='bbox 2751 2402 2975 2457; x_wconf 83' lang='lat' dir='ltr'><strong><em>Famule</em></strong></span> <span class='ocrx_word' id='word_1_419' title='bbox 3005 2417 3162 2457; x_wconf 91' lang='lat' dir='ltr'><strong><em>meus</em></strong></span> <span class='ocrx_word' id='word_1_420' title='bbox 3182 2445 3196 2468; x_wconf 86' lang='lat'><strong><em>,</em></strong></span> <span class='ocrx_word' id='word_1_421' title='bbox 3224 2402 3354 2472; x_wconf 90' lang='lat' dir='ltr'><strong><em>quid</em></strong></span> <span class='ocrx_word' id='word_1_422' title='bbox 3400 2404 3506 2458; x_wconf 80' lang='lat' dir='ltr'><strong><em>ieci</em></strong></span> 
     </span>
    </p>
   </div>
   <div class='ocr_carea' id='block_1_54' title="bbox 1888 2493 3500 2568">
    <p class='ocr_par' dir='ltr' id='par_1_54' title="bbox 1888 2493 3500 2568">
     <span class='ocr_line' id='line_1_54' title="bbox 1888 2493 3500 2568; baseline -0.001 -17"><span class='ocrx_word' id='word_1_423' title='bbox 1888 2496 2024 2564; x_wconf 89' lang='lat' dir='ltr'><strong><em>tibi,</em></strong></span> <span class='ocrx_word' id='word_1_424' title='bbox 2065 2507 2160 2552; x_wconf 90' lang='lat' dir='ltr'><strong><em>aut</em></strong></span> <span class='ocrx_word' id='word_1_425' title='bbox 2188 2496 2318 2568; x_wconf 89' lang='lat' dir='ltr'><strong><em>quid</em></strong></span> <span class='ocrx_word' id='word_1_426' title='bbox 2347 2496 2670 2551; x_wconf 89' lang='lat' dir='ltr'><strong><em>contristavi</em></strong></span> <span class='ocrx_word' id='word_1_427' title='bbox 2706 2495 2798 2550; x_wconf 89' lang='lat' dir='ltr'><strong><em>te?</em></strong></span> <span class='ocrx_word' id='word_1_428' title='bbox 2839 2494 3030 2550; x_wconf 86' lang='lat' dir='ltr'><strong><em>Nonne</em></strong></span> <span class='ocrx_word' id='word_1_429' title='bbox 3067 2510 3171 2564; x_wconf 91' lang='lat' dir='ltr'><strong><em>ego</em></strong></span> <span class='ocrx_word' id='word_1_430' title='bbox 3217 2493 3312 2548; x_wconf 91' lang='lat' dir='ltr'><strong><em>tibi</em></strong></span> <span class='ocrx_word' id='word_1_431' title='bbox 3361 2493 3500 2549; x_wconf 83' lang='lat' dir='ltr'><strong><em>libe-</em></strong></span> 
     </span>
    </p>
   </div>
   <div class='ocr_carea' id='block_1_55' title="bbox 1885 2587 3504 2657">
    <p class='ocr_par' dir='ltr' id='par_1_55' title="bbox 1885 2587 3504 2657">
     <span class='ocr_line' id='line_1_55' title="bbox 1885 2587 3504 2657; baseline -0.002 -12"><span class='ocrx_word' id='word_1_432' title='bbox 1885 2605 1976 2646; x_wconf 89' lang='lat' dir='ltr'><strong><em>ros</em></strong></span> <span class='ocrx_word' id='word_1_433' title='bbox 2024 2590 2187 2657; x_wconf 89' lang='lat' dir='ltr'><strong><em>dedi,</em></strong></span> <span class='ocrx_word' id='word_1_434' title='bbox 2240 2589 2483 2646; x_wconf 90' lang='lat' dir='ltr'><strong><em>honores</em></strong></span> <span class='ocrx_word' id='word_1_435' title='bbox 2535 2590 2779 2656; x_wconf 89' lang='lat' dir='ltr'><strong><em>contuli,</em></strong></span> <span class='ocrx_word' id='word_1_436' title='bbox 2830 2589 3064 2643; x_wconf 88' lang='lat' dir='ltr'><strong><em>salutem</em></strong></span> <span class='ocrx_word' id='word_1_437' title='bbox 3111 2587 3347 2653; x_wconf 89' lang='lat' dir='ltr'><strong><em>donavi;</em></strong></span> <span class='ocrx_word' id='word_1_438' title='bbox 3399 2602 3504 2642; x_wconf 91' lang='lat' dir='ltr'><strong><em>cur</em></strong></span> 
     </span>
    </p>
   </div>
   <div class='ocr_carea' id='block_1_56' title="bbox 1887 2683 3499 2755">
    <p class='ocr_par' dir='ltr' id='par_1_56' title="bbox 1887 2683 3499 2755">
     <span class='ocr_line' id='line_1_56' title="bbox 1887 2683 3499 2755; baseline -0.002 -16"><span class='ocrx_word' id='word_1_439' title='bbox 1887 2700 1976 2740; x_wconf 91' lang='lat' dir='ltr'><strong><em>me</em></strong></span> <span class='ocrx_word' id='word_1_440' title='bbox 1993 2684 2274 2755; x_wconf 78' lang='lat' dir='ltr'><strong><em>negabas?</em></strong></span> <span class='ocrx_word' id='word_1_441' title='bbox 2299 2683 2408 2740; x_wconf 90' lang='lat' dir='ltr'><strong><em>Cur</em></strong></span> <span class='ocrx_word' id='word_1_442' title='bbox 2425 2683 2736 2740; x_wconf 83' lang='lat' dir='ltr'><strong><em>aestimabas</em></strong></span> <span class='ocrx_word' id='word_1_443' title='bbox 2757 2683 2901 2752; x_wconf 91' lang='lat' dir='ltr'><strong><em>quod</em></strong></span> <span class='ocrx_word' id='word_1_444' title='bbox 2929 2683 2996 2736; x_wconf 91' lang='lat' dir='ltr'><strong><em>ad</em></strong></span> <span class='ocrx_word' id='word_1_445' title='bbox 3017 2683 3300 2738; x_wconf 88' lang='lat' dir='ltr'><strong><em>scientiam</em></strong></span> <span class='ocrx_word' id='word_1_446' title='bbox 3326 2697 3499 2736; x_wconf 87' lang='lat' dir='ltr'><strong><em>meam</em></strong></span> 
     </span>
    </p>
   </div>
   <div class='ocr_carea' id='block_1_57' title="bbox 1883 2775 3498 2849">
    <p class='ocr_par' dir='ltr' id='par_1_57' title="bbox 1883 2775 3498 2849">
     <span class='ocr_line' id='line_1_57' title="bbox 1883 2775 3498 2849; baseline -0.002 -16"><span class='ocrx_word' id='word_1_447' title='bbox 1883 2794 2005 2849; x_wconf 73' lang='lat' dir='ltr'><strong><em>quae</em></strong></span> <span class='ocrx_word' id='word_1_448' title='bbox 2049 2793 2268 2849; x_wconf 80' lang='lat' dir='ltr'><strong><em>gereres</em></strong></span> <span class='ocrx_word' id='word_1_449' title='bbox 2303 2792 2408 2832; x_wconf 88' lang='lat' dir='ltr'><strong><em>non</em></strong></span> <span class='ocrx_word' id='word_1_450' title='bbox 2463 2775 2822 2848; x_wconf 88' lang='lat' dir='ltr'><strong><em>pervenirent</em></strong></span> <span class='ocrx_word' id='word_1_451' title='bbox 2867 2795 2878 2828; x_wconf 88' lang='lat'><strong>:</strong></span> <span class='ocrx_word' id='word_1_452' title='bbox 2929 2792 3031 2831; x_wconf 91' lang='lat' dir='ltr'><strong><em>cur</em></strong></span> <span class='ocrx_word' id='word_1_453' title='bbox 3075 2775 3302 2832; x_wconf 85' lang='lat' dir='ltr'><strong><em>tenebas</em></strong></span> <span class='ocrx_word' id='word_1_454' title='bbox 3356 2775 3498 2830; x_wconf 89' lang='lat' dir='ltr'><strong><em>dona</em></strong></span> 
     </span>
    </p>
   </div>
   <div class='ocr_carea' id='block_1_58' title="bbox 1884 2868 3498 2940">
    <p class='ocr_par' dir='ltr' id='par_1_58' title="bbox 1884 2868 3498 2940">
     <span class='ocr_line' id='line_1_58' title="bbox 1884 2868 3498 2940; baseline -0.003 -12"><span class='ocrx_word' id='word_1_455' title='bbox 1884 2887 2004 2928; x_wconf 89' lang='lat' dir='ltr'><strong><em>mea</em></strong></span> <span class='ocrx_word' id='word_1_456' title='bbox 2025 2915 2039 2940; x_wconf 93' lang='lat'><strong><em>,</em></strong></span> <span class='ocrx_word' id='word_1_457' title='bbox 2068 2871 2412 2940; x_wconf 80' lang='lat' dir='ltr'><strong><em>deSpiciebas</em></strong></span> <span class='ocrx_word' id='word_1_458' title='bbox 2440 2869 2692 2925; x_wconf 90' lang='lat' dir='ltr'><strong><em>mandata</em></strong></span> <span class='ocrx_word' id='word_1_459' title='bbox 2725 2886 2842 2924; x_wconf 89' lang='lat' dir='ltr'><strong><em>mea</em></strong></span> <span class='ocrx_word' id='word_1_460' title='bbox 2871 2869 3060 2940; x_wconf 75' lang='lat' dir='ltr'><strong><em>(Mich.</em></strong></span> <span class='ocrx_word' id='word_1_461' title='bbox 3089 2885 3140 2923; x_wconf 79' lang='lat' dir='ltr'><strong><em>VI</em></strong></span> <span class='ocrx_word' id='word_1_462' title='bbox 3161 2910 3175 2935; x_wconf 97' lang='lat'><strong><em>,</em></strong></span> <span class='ocrx_word' id='word_1_463' title='bbox 3205 2869 3240 2923; x_wconf 76' lang='lat'><strong>3</strong></span> <span class='ocrx_word' id='word_1_464' title='bbox 3261 2879 3308 2923; x_wconf 91' lang='lat' dir='ltr'><strong><em>et</em></strong></span> <span class='ocrx_word' id='word_1_465' title='bbox 3339 2868 3498 2938; x_wconf 59' lang='grc' dir='ltr'><strong><em>δίᾳ).</em></strong></span> 
     </span>
    </p>
   </div>
   <div class='ocr_carea' id='block_1_59' title="bbox 1955 2963 3502 3035">
    <p class='ocr_par' dir='ltr' id='par_1_59' title="bbox 1955 2963 3502 3035">
     <span class='ocr_line' id='line_1_59' title="bbox 1955 2963 3502 3035; baseline -0.002 -15"><span class='ocrx_word' id='word_1_466' title='bbox 1955 2966 2044 3022; x_wconf 74' lang='grc'><strong><em>64.</em></strong></span> <span class='ocrx_word' id='word_1_467' title='bbox 2087 2965 2328 3035; x_wconf 87' lang='lat' dir='ltr'><strong><em>Denique</em></strong></span> <span class='ocrx_word' id='word_1_468' title='bbox 2369 2964 2438 3020; x_wconf 91' lang='lat' dir='ltr'><strong><em>de</em></strong></span> <span class='ocrx_word' id='word_1_469' title='bbox 2475 2964 2614 3019; x_wconf 84' lang='lat' dir='ltr'><strong><em>Juda</em></strong></span> <span class='ocrx_word' id='word_1_470' title='bbox 2657 2965 2942 3032; x_wconf 84' lang='lat' dir='ltr'><strong><em>proditore</em></strong></span> <span class='ocrx_word' id='word_1_471' title='bbox 2973 2963 3089 3019; x_wconf 63' lang='lat' dir='ltr'><strong><em>haec</em></strong></span> <span class='ocrx_word' id='word_1_472' title='bbox 3137 2963 3400 3034; x_wconf 88' lang='lat' dir='ltr'><strong><em>colligere</em></strong></span> <span class='ocrx_word' id='word_1_473' title='bbox 3426 2963 3502 3018; x_wconf 76' lang='lat' dir='ltr'><strong><em>Ii-</em></strong></span> 
     </span>
    </p>
   </div>
   <div class='ocr_carea' id='block_1_60' title="bbox 1881 3057 3502 3130">
    <p class='ocr_par' dir='ltr' id='par_1_60' title="bbox 1881 3057 3502 3130">
     <span class='ocr_line' id='line_1_60' title="bbox 1881 3057 3502 3130; baseline -0.003 -15"><span class='ocrx_word' id='word_1_474' title='bbox 1881 3068 2004 3124; x_wconf 87' lang='lat' dir='ltr'><strong><em>cet,</em></strong></span> <span class='ocrx_word' id='word_1_475' title='bbox 2045 3059 2134 3130; x_wconf 89' lang='lat' dir='ltr'><strong><em>qui</em></strong></span> <span class='ocrx_word' id='word_1_476' title='bbox 2169 3067 2224 3114; x_wconf 88' lang='lat' dir='ltr'><strong><em>et</em></strong></span> <span class='ocrx_word' id='word_1_477' title='bbox 2262 3057 2544 3128; x_wconf 82' lang='lat' dir='ltr'><strong><em>apostolus</em></strong></span> <span class='ocrx_word' id='word_1_478' title='bbox 2587 3057 2728 3112; x_wconf 90' lang='lat' dir='ltr'><strong><em>inter</em></strong></span> <span class='ocrx_word' id='word_1_479' title='bbox 2771 3057 3062 3112; x_wconf 90' lang='lat' dir='ltr'><strong><em>duodecim</em></strong></span> <span class='ocrx_word' id='word_1_480' title='bbox 3111 3057 3321 3113; x_wconf 86' lang='lat' dir='ltr'><strong><em>electus</em></strong></span> <span class='ocrx_word' id='word_1_481' title='bbox 3371 3064 3457 3112; x_wconf 89' lang='lat' dir='ltr'><strong><em>est</em></strong></span> <span class='ocrx_word' id='word_1_482' title='bbox 3486 3099 3502 3124; x_wconf 89' lang='lat'><strong><em>,</em></strong></span> 
     </span>
    </p>
   </div>
   <div class='ocr_carea' id='block_1_61' title="bbox 203 3152 3500 3250">
    <p class='ocr_par' dir='ltr' id='par_1_61' title="bbox 203 3152 3500 3250">
     <span class='ocr_line' id='line_1_61' title="bbox 203 3152 3500 3250; baseline 0.009 -31"><span class='ocrx_word' id='word_1_483' title='bbox 203 3179 320 3223; x_wconf 85' lang='grc' dir='ltr'><strong>ιιιιιιι</strong></span> <span class='ocrx_word' id='word_1_484' title='bbox 346 3174 581 3240; x_wconf 87' lang='lat' dir='ltr'><strong><em>pulvere.</em></strong></span> <span class='ocrx_word' id='word_1_485' title='bbox 611 3172 761 3241; x_wconf 86' lang='lat' dir='ltr'><strong><em>Quos</em></strong></span> <span class='ocrx_word' id='word_1_486' title='bbox 792 3185 977 3232; x_wconf 89' lang='lat' dir='ltr'><strong><em>manet</em></strong></span> <span class='ocrx_word' id='word_1_487' title='bbox 1005 3176 1180 3247; x_wconf 87' lang='lat' dir='ltr'><strong><em>gloria</em></strong></span> <span class='ocrx_word' id='word_1_488' title='bbox 1203 3220 1218 3244; x_wconf 90' lang='lat'><strong><em>,</em></strong></span> <span class='ocrx_word' id='word_1_489' title='bbox 1248 3188 1529 3248; x_wconf 56' lang='lat' dir='ltr'><strong><em>exsiiectat</em></strong></span> <span class='ocrx_word' id='word_1_490' title='bbox 1558 3178 1773 3250; x_wconf 84' lang='lat' dir='ltr'><strong><em>injuria.</em></strong></span> <span class='ocrx_word' id='word_1_491' title='bbox 1805 3171 1853 3233; x_wconf 88' lang='lat' dir='ltr'>C</span> <span class='ocrx_word' id='word_1_492' title='bbox 1884 3164 1938 3210; x_wconf 66' lang='grc' dir='ltr'><strong>ει</strong></span> <span class='ocrx_word' id='word_1_493' title='bbox 1976 3153 2186 3250; x_wconf 54' lang='grc' dir='ltr'><strong><em>¹⁰⁰ξ¹¹⁰⁵</em></strong></span> <span class='ocrx_word' id='word_1_494' title='bbox 2231 3153 2586 3250; x_wconf 61' lang='lat' dir='ltr'><strong><em>Pe9““i‘“‘&quot;&quot;‘</em></strong></span> <span class='ocrx_word' id='word_1_495' title='bbox 2636 3168 2770 3250; x_wconf 32' lang='lat' dir='ltr'><strong><em>quas</em></strong></span> <span class='ocrx_word' id='word_1_496' title='bbox 2819 3152 3153 3224; x_wconf 56' lang='lat' dir='ltr'><strong><em>pauperibus</em></strong></span> <span class='ocrx_word' id='word_1_497' title='bbox 3203 3160 3458 3250; x_wconf 42' lang='lat' dir='ltr'><strong><em>erigi?“</em></strong></span> <span class='ocrx_word' id='word_1_498' title='bbox 3485 3194 3500 3217; x_wconf 86' lang='lat'><strong><em>‘</em></strong></span> 
     </span>
    </p>
   </div>
   <div class='ocr_carea' id='block_1_62' title="bbox 209 3259 1778 3338">
    <p class='ocr_par' dir='ltr' id='par_1_62' title="bbox 209 3259 1778 3338">
     <span class='ocr_line' id='line_1_62' title="bbox 209 3259 1778 3338; baseline 0.01 -22"><span class='ocrx_word' id='word_1_499' title='bbox 209 3269 226 3296; x_wconf 75' lang='grc' dir='ltr'><strong>ε</strong></span> <span class='ocrx_word' id='word_1_500' title='bbox 261 3259 573 3332; x_wconf 86' lang='lat' dir='ltr'><strong><em>Unguentati</em></strong></span> <span class='ocrx_word' id='word_1_501' title='bbox 616 3277 870 3338; x_wconf 87' lang='lat' dir='ltr'><strong><em>spectare</em></strong></span> <span class='ocrx_word' id='word_1_502' title='bbox 910 3270 1126 3337; x_wconf 90' lang='lat' dir='ltr'><strong><em>solent,</em></strong></span> <span class='ocrx_word' id='word_1_503' title='bbox 1167 3288 1277 3328; x_wconf 90' lang='lat' dir='ltr'><strong><em>non</em></strong></span> <span class='ocrx_word' id='word_1_504' title='bbox 1309 3271 1592 3330; x_wconf 86' lang='lat' dir='ltr'><strong><em>decertare</em></strong></span> <span class='ocrx_word' id='word_1_505' title='bbox 1621 3291 1634 3327; x_wconf 88' lang='lat'><strong>:</strong></span> <span class='ocrx_word' id='word_1_506' title='bbox 1667 3289 1778 3331; x_wconf 92' lang='lat' dir='ltr'><strong><em>non</em></strong></span> 
     </span>
    </p>
   </div>
   <div class='ocr_carea' id='block_1_63' title="bbox 207 3354 1775 3436">
    <p class='ocr_par' dir='ltr' id='par_1_63' title="bbox 207 3354 1775 3436">
     <span class='ocr_line' id='line_1_63' title="bbox 207 3354 1775 3436; baseline 0.008 -28"><span class='ocrx_word' id='word_1_507' title='bbox 207 3354 390 3423; x_wconf 82' lang='lat' dir='ltr'><strong><em>solem,</em></strong></span> <span class='ocrx_word' id='word_1_508' title='bbox 435 3368 635 3428; x_wconf 67' lang='lat' dir='ltr'><strong><em>aestus,</em></strong></span> <span class='ocrx_word' id='word_1_509' title='bbox 687 3363 966 3433; x_wconf 89' lang='lat' dir='ltr'><strong><em>pulverem</em></strong></span> <span class='ocrx_word' id='word_1_510' title='bbox 992 3405 1008 3432; x_wconf 95' lang='lat'><strong><em>,</em></strong></span> <span class='ocrx_word' id='word_1_511' title='bbox 1051 3364 1363 3436; x_wconf 87' lang='lat' dir='ltr'><strong><em>imbresque</em></strong></span> <span class='ocrx_word' id='word_1_512' title='bbox 1404 3365 1636 3436; x_wconf 89' lang='lat' dir='ltr'><strong><em>perpeti.</em></strong></span> <span class='ocrx_word' id='word_1_513' title='bbox 1681 3367 1775 3421; x_wconf 90' lang='lat' dir='ltr'><strong><em>Di-</em></strong></span> 
     </span>
    </p>
   </div>
   <div class='ocr_carea' id='block_1_64' title="bbox 207 3452 1780 3523">
    <p class='ocr_par' dir='ltr' id='par_1_64' title="bbox 207 3452 1780 3523">
     <span class='ocr_line' id='line_1_64' title="bbox 207 3452 1780 3523; baseline 0.01 -25"><span class='ocrx_word' id='word_1_514' title='bbox 207 3457 317 3502; x_wconf 81' lang='lat' dir='ltr'><strong><em>cant</em></strong></span> <span class='ocrx_word' id='word_1_515' title='bbox 341 3463 462 3522; x_wconf 86' lang='lat' dir='ltr'><strong><em>ergo</em></strong></span> <span class='ocrx_word' id='word_1_516' title='bbox 489 3461 544 3508; x_wconf 92' lang='lat' dir='ltr'><strong><em>et</em></strong></span> <span class='ocrx_word' id='word_1_517' title='bbox 571 3452 704 3523; x_wconf 91' lang='lat' dir='ltr'><strong><em>ipsis</em></strong></span> <span class='ocrx_word' id='word_1_518' title='bbox 743 3454 968 3511; x_wconf 72' lang='lat' dir='ltr'><strong><em>atbletm</em></strong></span> <span class='ocrx_word' id='word_1_519' title='bbox 996 3473 1011 3509; x_wconf 86' lang='lat'><strong>:</strong></span> <span class='ocrx_word' id='word_1_520' title='bbox 1047 3455 1242 3513; x_wconf 84' lang='lat' dir='ltr'><strong><em>Venite</em></strong></span> <span class='ocrx_word' id='word_1_521' title='bbox 1263 3498 1278 3522; x_wconf 93' lang='lat'><strong><em>,</em></strong></span> <span class='ocrx_word' id='word_1_522' title='bbox 1313 3457 1596 3514; x_wconf 89' lang='lat' dir='ltr'><strong><em>nobiscum</em></strong></span> <span class='ocrx_word' id='word_1_523' title='bbox 1627 3459 1780 3514; x_wconf 90' lang='lat' dir='ltr'><strong><em>labo-</em></strong></span> 
     </span>
    </p>
   </div>
   <div class='ocr_carea' id='block_1_65' title="bbox 210 3541 1780 3618">
    <p class='ocr_par' dir='ltr' id='par_1_65' title="bbox 210 3541 1780 3618">
     <span class='ocr_line' id='line_1_65' title="bbox 210 3541 1780 3618; baseline 0.011 -28"><span class='ocrx_word' id='word_1_524' title='bbox 210 3547 326 3594; x_wconf 86' lang='lat' dir='ltr'><strong><em>rale.</em></strong></span> <span class='ocrx_word' id='word_1_525' title='bbox 362 3541 462 3600; x_wconf 86' lang='lat' dir='ltr'><strong><em>Sed</em></strong></span> <span class='ocrx_word' id='word_1_526' title='bbox 503 3546 918 3617; x_wconf 85' lang='lat' dir='ltr'><strong><em>respondebunt</em></strong></span> <span class='ocrx_word' id='word_1_527' title='bbox 965 3557 1308 3618; x_wconf 88' lang='lat' dir='ltr'><strong><em>spectatores</em></strong></span> <span class='ocrx_word' id='word_1_528' title='bbox 1337 3568 1350 3603; x_wconf 94' lang='lat'><strong>:</strong></span> <span class='ocrx_word' id='word_1_529' title='bbox 1384 3550 1494 3606; x_wconf 86' lang='lat' dir='ltr'><strong><em>Nos</em></strong></span> <span class='ocrx_word' id='word_1_530' title='bbox 1523 3551 1610 3606; x_wconf 91' lang='lat' dir='ltr'><strong><em>hic</em></strong></span> <span class='ocrx_word' id='word_1_531' title='bbox 1640 3551 1780 3608; x_wconf 82' lang='lat' dir='ltr'><strong><em>inte-</em></strong></span> 
     </span>
    </p>
   </div>
   <div class='ocr_carea' id='block_1_66' title="bbox 211 3628 1780 3710">
    <p class='ocr_par' dir='ltr' id='par_1_66' title="bbox 211 3628 1780 3710">
     <span class='ocr_line' id='line_1_66' title="bbox 211 3628 1780 3710; baseline 0.013 -27"><span class='ocrx_word' id='word_1_532' title='bbox 211 3628 299 3686; x_wconf 83' lang='lat' dir='ltr'><strong><em>rim</em></strong></span> <span class='ocrx_word' id='word_1_533' title='bbox 323 3632 386 3690; x_wconf 87' lang='lat' dir='ltr'><strong><em>de</em></strong></span> <span class='ocrx_word' id='word_1_534' title='bbox 411 3637 561 3693; x_wconf 87' lang='lat' dir='ltr'><strong><em>vobis</em></strong></span> <span class='ocrx_word' id='word_1_535' title='bbox 584 3637 899 3710; x_wconf 86' lang='lat' dir='ltr'><strong><em>judicamus</em></strong></span> <span class='ocrx_word' id='word_1_536' title='bbox 924 3659 939 3696; x_wconf 90' lang='lat'><strong>:</strong></span> <span class='ocrx_word' id='word_1_537' title='bbox 970 3657 1069 3698; x_wconf 89' lang='lat' dir='ltr'><strong><em>vos</em></strong></span> <span class='ocrx_word' id='word_1_538' title='bbox 1099 3652 1278 3698; x_wconf 90' lang='lat' dir='ltr'><strong><em>autem</em></strong></span> <span class='ocrx_word' id='word_1_539' title='bbox 1326 3644 1446 3701; x_wconf 89' lang='lat' dir='ltr'><strong><em>sine</em></strong></span> <span class='ocrx_word' id='word_1_540' title='bbox 1485 3645 1642 3702; x_wconf 90' lang='lat' dir='ltr'><strong><em>nobis</em></strong></span> <span class='ocrx_word' id='word_1_541' title='bbox 1686 3661 1780 3702; x_wconf 82' lang='lat' dir='ltr'><strong><em>co-</em></strong></span> 
     </span>
    </p>
   </div>
   <div class='ocr_carea' id='block_1_67' title="bbox 215 3727 1399 3804">
    <p class='ocr_par' dir='ltr' id='par_1_67' title="bbox 215 3727 1399 3804">
     <span class='ocr_line' id='line_1_67' title="bbox 215 3727 1399 3804; baseline 0.013 -28"><span class='ocrx_word' id='word_1_542' title='bbox 215 3735 361 3792; x_wconf 68' lang='lat' dir='ltr'><strong><em>tona,</em></strong></span> <span class='ocrx_word' id='word_1_543' title='bbox 386 3727 427 3782; x_wconf 89' lang='lat' dir='ltr'><strong><em>si</em></strong></span> <span class='ocrx_word' id='word_1_544' title='bbox 452 3728 692 3787; x_wconf 85' lang='lat' dir='ltr'><strong><em>viceritis</em></strong></span> <span class='ocrx_word' id='word_1_545' title='bbox 714 3772 729 3799; x_wconf 92' lang='lat'><strong><em>,</em></strong></span> <span class='ocrx_word' id='word_1_546' title='bbox 759 3731 991 3804; x_wconf 87' lang='lat' dir='ltr'><strong><em>gloriam</em></strong></span> <span class='ocrx_word' id='word_1_547' title='bbox 1021 3734 1399 3792; x_wconf 85' lang='lat' dir='ltr'><strong><em>vindicabitis.</em></strong></span> 
     </span>
    </p>
   </div>
   <div class='ocr_carea' id='block_1_68' title="bbox 270 3819 1782 3902">
    <p class='ocr_par' dir='ltr' id='par_1_68' title="bbox 270 3819 1782 3902">
     <span class='ocr_line' id='line_1_68' title="bbox 270 3819 1782 3902; baseline 0.013 -29"><span class='ocrx_word' id='word_1_548' title='bbox 270 3819 348 3873; x_wconf 84' lang='grc'>61.</span> <span class='ocrx_word' id='word_1_549' title='bbox 383 3820 470 3877; x_wconf 84' lang='lat' dir='ltr'><strong><em>Isti</em></strong></span> <span class='ocrx_word' id='word_1_550' title='bbox 511 3823 676 3895; x_wconf 81' lang='lat' dir='ltr'><strong><em>igitur</em></strong></span> <span class='ocrx_word' id='word_1_551' title='bbox 705 3826 798 3898; x_wconf 88' lang='lat' dir='ltr'><strong><em>qui</em></strong></span> <span class='ocrx_word' id='word_1_552' title='bbox 843 3827 900 3882; x_wconf 91' lang='lat' dir='ltr'><strong><em>in</em></strong></span> <span class='ocrx_word' id='word_1_553' title='bbox 933 3828 1168 3898; x_wconf 91' lang='lat' dir='ltr'><strong><em>deliciis,</em></strong></span> <span class='ocrx_word' id='word_1_554' title='bbox 1203 3831 1294 3902; x_wconf 90' lang='lat' dir='ltr'><strong><em>qui</em></strong></span> <span class='ocrx_word' id='word_1_555' title='bbox 1326 3832 1382 3887; x_wconf 89' lang='lat' dir='ltr'><strong><em>in</em></strong></span> <span class='ocrx_word' id='word_1_556' title='bbox 1414 3831 1650 3902; x_wconf 79' lang='lat' dir='ltr'><strong><em>luxuria,</em></strong></span> <span class='ocrx_word' id='word_1_557' title='bbox 1692 3850 1782 3891; x_wconf 87' lang='lat' dir='ltr'><strong><em>ra-</em></strong></span> 
     </span>
    </p>
   </div>
   <div class='ocr_carea' id='block_1_69' title="bbox 213 3908 1777 3998">
    <p class='ocr_par' dir='ltr' id='par_1_69' title="bbox 213 3908 1777 3998">
     <span class='ocr_line' id='line_1_69' title="bbox 213 3908 1777 3998; baseline 0.012 -34"><span class='ocrx_word' id='word_1_558' title='bbox 213 3908 362 3979; x_wconf 81' lang='lat' dir='ltr'><strong><em>pinis,</em></strong></span> <span class='ocrx_word' id='word_1_559' title='bbox 391 3920 712 3991; x_wconf 65' lang='lat' dir='ltr'><strong><em>quaestibus,</em></strong></span> <span class='ocrx_word' id='word_1_560' title='bbox 743 3921 1076 3992; x_wconf 85' lang='lat' dir='ltr'><strong><em>honoribus,</em></strong></span> <span class='ocrx_word' id='word_1_561' title='bbox 1105 3925 1284 3981; x_wconf 87' lang='lat' dir='ltr'><strong><em>studia</em></strong></span> <span class='ocrx_word' id='word_1_562' title='bbox 1313 3940 1616 3997; x_wconf 91' lang='lat' dir='ltr'><strong><em>posuerunt</em></strong></span> <span class='ocrx_word' id='word_1_563' title='bbox 1643 3943 1777 3998; x_wconf 90' lang='lat' dir='ltr'><strong><em>sua,</em></strong></span> 
     </span>
    </p>
   </div>
   <div class='ocr_carea' id='block_1_70' title="bbox 215 4017 1784 4091">
    <p class='ocr_par' dir='ltr' id='par_1_70' title="bbox 215 4017 1784 4091">
     <span class='ocr_line' id='line_1_70' title="bbox 215 4017 1784 4091; baseline 0.013 -32"><span class='ocrx_word' id='word_1_564' title='bbox 215 4018 515 4074; x_wconf 87' lang='lat' dir='ltr'><strong><em>spectatores</em></strong></span> <span class='ocrx_word' id='word_1_565' title='bbox 551 4017 726 4088; x_wconf 86' lang='lat' dir='ltr'><strong><em>magis</em></strong></span> <span class='ocrx_word' id='word_1_566' title='bbox 780 4027 910 4073; x_wconf 90' lang='lat' dir='ltr'><strong>sunt</strong></span> <span class='ocrx_word' id='word_1_567' title='bbox 961 4035 1125 4090; x_wconf 88' lang='lat' dir='ltr'><strong><em>quam</em></strong></span> <span class='ocrx_word' id='word_1_568' title='bbox 1159 4022 1524 4091; x_wconf 67' lang='lat' dir='ltr'><strong><em>praeliatores.</em></strong></span> <span class='ocrx_word' id='word_1_569' title='bbox 1572 4023 1784 4080; x_wconf 89' lang='lat' dir='ltr'><strong><em>Habent</em></strong></span> 
     </span>
    </p>
   </div>
   <div class='ocr_carea' id='block_1_71' title="bbox 214 4093 1776 4188">
    <p class='ocr_par' dir='ltr' id='par_1_71' title="bbox 214 4093 1776 4188">
     <span class='ocr_line' id='line_1_71' title="bbox 214 4093 1776 4188; baseline 0.013 -35"><span class='ocrx_word' id='word_1_570' title='bbox 214 4093 237 4130; x_wconf 69' lang='grc' dir='ltr'><em>δ</em></span> <span class='ocrx_word' id='word_1_571' title='bbox 263 4100 442 4160; x_wconf 86' lang='lat' dir='ltr'><strong><em>lucrum</em></strong></span> <span class='ocrx_word' id='word_1_572' title='bbox 464 4107 686 4178; x_wconf 87' lang='lat' dir='ltr'><strong><em>laboris,</em></strong></span> <span class='ocrx_word' id='word_1_573' title='bbox 719 4110 959 4168; x_wconf 83' lang='lat' dir='ltr'><strong><em>fructum</em></strong></span> <span class='ocrx_word' id='word_1_574' title='bbox 1000 4114 1218 4170; x_wconf 88' lang='lat' dir='ltr'><strong><em>virtutis</em></strong></span> <span class='ocrx_word' id='word_1_575' title='bbox 1251 4117 1356 4188; x_wconf 71' lang='grc' dir='ltr'><strong>ιε</strong></span> <span class='ocrx_word' id='word_1_576' title='bbox 1401 4131 1508 4171; x_wconf 90' lang='lat' dir='ltr'><strong><em>non</em></strong></span> <span class='ocrx_word' id='word_1_577' title='bbox 1556 4116 1776 4173; x_wconf 89' lang='lat' dir='ltr'><strong><em>habent.</em></strong></span> 
     </span>
    </p>
   </div>
   <div class='ocr_carea' id='block_1_72' title="bbox 213 4189 1781 4280">
    <p class='ocr_par' dir='ltr' id='par_1_72' title="bbox 213 4189 1781 4280">
     <span class='ocr_line' id='line_1_72' title="bbox 213 4189 1781 4280; baseline 0.013 -34"><span class='ocrx_word' id='word_1_578' title='bbox 213 4189 392 4252; x_wconf 84' lang='lat' dir='ltr'><strong><em>Fovent</em></strong></span> <span class='ocrx_word' id='word_1_579' title='bbox 418 4201 575 4258; x_wconf 91' lang='lat' dir='ltr'><strong><em>otium</em></strong></span> <span class='ocrx_word' id='word_1_580' title='bbox 595 4245 612 4268; x_wconf 93' lang='lat'><strong><em>,</em></strong></span> <span class='ocrx_word' id='word_1_581' title='bbox 645 4206 846 4260; x_wconf 87' lang='lat' dir='ltr'><strong><em>astutia</em></strong></span> <span class='ocrx_word' id='word_1_582' title='bbox 874 4215 930 4262; x_wconf 90' lang='lat' dir='ltr'><strong><em>et</em></strong></span> <span class='ocrx_word' id='word_1_583' title='bbox 956 4206 1311 4278; x_wconf 87' lang='lat' dir='ltr'><strong><em>improbitate</em></strong></span> <span class='ocrx_word' id='word_1_584' title='bbox 1335 4219 1600 4280; x_wconf 89' lang='lat' dir='ltr'><strong><em>aggerant</em></strong></span> <span class='ocrx_word' id='word_1_585' title='bbox 1643 4211 1781 4266; x_wconf 86' lang='lat' dir='ltr'><strong><em>divi-</em></strong></span> 
     </span>
    </p>
   </div>
   <div class='ocr_carea' id='block_1_73' title="bbox 213 4285 1780 4374">
    <p class='ocr_par' dir='ltr' id='par_1_73' title="bbox 213 4285 1780 4374">
     <span class='ocr_line' id='line_1_73' title="bbox 213 4285 1780 4374; baseline 0.013 -39"><span class='ocrx_word' id='word_1_586' title='bbox 213 4285 382 4344; x_wconf 84' lang='lat' dir='ltr'><strong><em>tiarum</em></strong></span> <span class='ocrx_word' id='word_1_587' title='bbox 404 4307 618 4351; x_wconf 85' lang='lat' dir='ltr'><strong><em>acervos</em></strong></span> <span class='ocrx_word' id='word_1_588' title='bbox 645 4313 660 4349; x_wconf 90' lang='lat'><strong>:</strong></span> <span class='ocrx_word' id='word_1_589' title='bbox 692 4295 788 4352; x_wconf 91' lang='lat' dir='ltr'><strong><em>sed</em></strong></span> <span class='ocrx_word' id='word_1_590' title='bbox 818 4299 1107 4354; x_wconf 79' lang='lat' dir='ltr'><strong><em>exsolvent</em></strong></span> <span class='ocrx_word' id='word_1_591' title='bbox 1126 4340 1144 4366; x_wconf 93' lang='lat'><strong><em>,</em></strong></span> <span class='ocrx_word' id='word_1_592' title='bbox 1176 4315 1355 4357; x_wconf 89' lang='lat' dir='ltr'><strong><em>seram</em></strong></span> <span class='ocrx_word' id='word_1_593' title='bbox 1385 4301 1548 4367; x_wconf 90' lang='lat' dir='ltr'><strong><em>licet,</em></strong></span> <span class='ocrx_word' id='word_1_594' title='bbox 1583 4304 1780 4374; x_wconf 88' lang='lat' dir='ltr'><strong><em>nequi-</em></strong></span> 
     </span>
    </p>
   </div>
   <div class='ocr_carea' id='block_1_74' title="bbox 211 4379 1779 4464">
    <p class='ocr_par' dir='ltr' id='par_1_74' title="bbox 211 4379 1779 4464">
     <span class='ocr_line' id='line_1_74' title="bbox 211 4379 1779 4464; baseline 0.013 -34"><span class='ocrx_word' id='word_1_595' title='bbox 211 4379 288 4433; x_wconf 73' lang='lat' dir='ltr'><strong><em>tiae</em></strong></span> <span class='ocrx_word' id='word_1_596' title='bbox 324 4397 424 4439; x_wconf 64' lang='lat' dir='ltr'><strong><em>suae</em></strong></span> <span class='ocrx_word' id='word_1_597' title='bbox 462 4401 697 4456; x_wconf 63' lang='lat' dir='ltr'><strong><em>poenam.</em></strong></span> <span class='ocrx_word' id='word_1_598' title='bbox 739 4388 948 4445; x_wconf 83' lang='lat' dir='ltr'><strong><em>Horum</em></strong></span> <span class='ocrx_word' id='word_1_599' title='bbox 994 4393 1212 4464; x_wconf 89' lang='lat' dir='ltr'><strong><em>requies</em></strong></span> <span class='ocrx_word' id='word_1_600' title='bbox 1261 4393 1316 4449; x_wconf 90' lang='lat' dir='ltr'><strong><em>in</em></strong></span> <span class='ocrx_word' id='word_1_601' title='bbox 1367 4393 1640 4462; x_wconf 80' lang='lat' dir='ltr'><strong><em>infernis,</em></strong></span> <span class='ocrx_word' id='word_1_602' title='bbox 1691 4405 1779 4450; x_wconf 90' lang='lat' dir='ltr'><strong><em>tua</em></strong></span> 
     </span>
    </p>
   </div>
   <div class='ocr_carea' id='block_1_75' title="bbox 207 4476 1778 4556">
    <p class='ocr_par' dir='ltr' id='par_1_75' title="bbox 207 4476 1778 4556">
     <span class='ocr_line' id='line_1_75' title="bbox 207 4476 1778 4556; baseline 0.011 -32"><span class='ocrx_word' id='word_1_603' title='bbox 207 4482 323 4527; x_wconf 87' lang='lat' dir='ltr'><strong><em>vero</em></strong></span> <span class='ocrx_word' id='word_1_604' title='bbox 346 4476 393 4531; x_wconf 90' lang='lat' dir='ltr'><strong><em>in</em></strong></span> <span class='ocrx_word' id='word_1_605' title='bbox 435 4481 612 4537; x_wconf 71' lang='lat' dir='ltr'><strong><em>ctelo:</em></strong></span> <span class='ocrx_word' id='word_1_606' title='bbox 664 4482 863 4538; x_wconf 88' lang='lat' dir='ltr'><strong><em>borum</em></strong></span> <span class='ocrx_word' id='word_1_607' title='bbox 910 4483 1107 4541; x_wconf 89' lang='lat' dir='ltr'><strong><em>domus</em></strong></span> <span class='ocrx_word' id='word_1_608' title='bbox 1151 4487 1204 4541; x_wconf 91' lang='lat' dir='ltr'><strong><em>in</em></strong></span> <span class='ocrx_word' id='word_1_609' title='bbox 1240 4488 1534 4556; x_wconf 90' lang='lat' dir='ltr'><strong><em>sepulcro,</em></strong></span> <span class='ocrx_word' id='word_1_610' title='bbox 1581 4497 1672 4543; x_wconf 91' lang='lat' dir='ltr'><strong><em>tua</em></strong></span> <span class='ocrx_word' id='word_1_611' title='bbox 1724 4487 1778 4542; x_wconf 90' lang='lat' dir='ltr'><strong><em>in</em></strong></span> 
     </span>
    </p>
   </div>
   <div class='ocr_carea' id='block_1_76' title="bbox 207 4568 1777 4648">
    <p class='ocr_par' dir='ltr' id='par_1_76' title="bbox 207 4568 1777 4648">
     <span class='ocr_line' id='line_1_76' title="bbox 207 4568 1777 4648; baseline 0.01 -27"><span class='ocrx_word' id='word_1_612' title='bbox 207 4568 448 4630; x_wconf 80' lang='lat' dir='ltr'><strong><em>paradiso.</em></strong></span> <span class='ocrx_word' id='word_1_613' title='bbox 486 4572 639 4630; x_wconf 87' lang='lat' dir='ltr'><strong><em>Unde</em></strong></span> <span class='ocrx_word' id='word_1_614' title='bbox 682 4575 915 4644; x_wconf 90' lang='lat' dir='ltr'><strong><em>pulchre</em></strong></span> <span class='ocrx_word' id='word_1_615' title='bbox 947 4577 1178 4648; x_wconf 84' lang='lat' dir='ltr'><strong><em>vigilare</em></strong></span> <span class='ocrx_word' id='word_1_616' title='bbox 1204 4593 1303 4634; x_wconf 91' lang='lat' dir='ltr'><strong><em>eos</em></strong></span> <span class='ocrx_word' id='word_1_617' title='bbox 1345 4579 1400 4634; x_wconf 91' lang='lat' dir='ltr'><strong><em>in</em></strong></span> <span class='ocrx_word' id='word_1_618' title='bbox 1435 4581 1644 4636; x_wconf 89' lang='lat' dir='ltr'><strong><em>tumulo</em></strong></span> <span class='ocrx_word' id='word_1_619' title='bbox 1673 4581 1777 4637; x_wconf 88' lang='lat' dir='ltr'><strong><em>Job</em></strong></span> 
     </span>
    </p>
   </div>
   <div class='ocr_carea' id='block_1_77' title="bbox 202 4655 1777 4744">
    <p class='ocr_par' dir='ltr' id='par_1_77' title="bbox 202 4655 1777 4744">
     <span class='ocr_line' id='line_1_77' title="bbox 202 4655 1777 4744; baseline 0.015 -36"><span class='ocrx_word' id='word_1_620' title='bbox 202 4655 324 4713; x_wconf 71' lang='lat' dir='ltr'><strong><em>dixit</em></strong></span> <span class='ocrx_word' id='word_1_621' title='bbox 355 4661 488 4732; x_wconf 82' lang='lat' dir='ltr'><strong><em>(Job.</em></strong></span> <span class='ocrx_word' id='word_1_622' title='bbox 530 4683 662 4734; x_wconf 72' lang='grc' dir='ltr'><strong>ιιι,</strong></span> <span class='ocrx_word' id='word_1_623' title='bbox 693 4667 822 4741; x_wconf 68' lang='grc'><strong><em>52);</em></strong></span> <span class='ocrx_word' id='word_1_624' title='bbox 856 4671 983 4742; x_wconf 89' lang='lat' dir='ltr'><strong><em>quia</em></strong></span> <span class='ocrx_word' id='word_1_625' title='bbox 1021 4686 1276 4743; x_wconf 90' lang='lat' dir='ltr'><strong><em>soporem</em></strong></span> <span class='ocrx_word' id='word_1_626' title='bbox 1323 4675 1524 4744; x_wconf 87' lang='lat' dir='ltr'><strong><em>quietis</em></strong></span> <span class='ocrx_word' id='word_1_627' title='bbox 1572 4675 1777 4732; x_wconf 86' lang='lat' dir='ltr'><strong><em>habere</em></strong></span> 
     </span>
    </p>
   </div>
   <div class='ocr_carea' id='block_1_78' title="bbox 204 4763 1685 4838">
    <p class='ocr_par' dir='ltr' id='par_1_78' title="bbox 204 4763 1685 4838">
     <span class='ocr_line' id='line_1_78' title="bbox 204 4763 1685 4838; baseline 0.011 -30"><span class='ocrx_word' id='word_1_628' title='bbox 204 4764 300 4807; x_wconf 82' lang='lat' dir='ltr'><strong><em>non</em></strong></span> <span class='ocrx_word' id='word_1_629' title='bbox 326 4770 557 4828; x_wconf 88' lang='lat' dir='ltr'><strong><em>possunt,</em></strong></span> <span class='ocrx_word' id='word_1_630' title='bbox 589 4778 753 4833; x_wconf 90' lang='lat' dir='ltr'><strong><em>quem</em></strong></span> <span class='ocrx_word' id='word_1_631' title='bbox 785 4763 881 4819; x_wconf 92' lang='lat' dir='ltr'><strong><em>ille</em></strong></span> <span class='ocrx_word' id='word_1_632' title='bbox 907 4763 1206 4832; x_wconf 89' lang='lat' dir='ltr'><strong><em>dormivit,</em></strong></span> <span class='ocrx_word' id='word_1_633' title='bbox 1239 4767 1331 4838; x_wconf 90' lang='lat' dir='ltr'><strong><em>qui</em></strong></span> <span class='ocrx_word' id='word_1_634' title='bbox 1362 4769 1685 4824; x_wconf 86' lang='lat' dir='ltr'><strong><em>resurrexit.</em></strong></span> 
     </span>
    </p>
   </div>
   <div class='ocr_carea' id='block_1_79' title="bbox 270 4845 1778 4932">
    <p class='ocr_par' dir='ltr' id='par_1_79' title="bbox 270 4845 1778 4932">
     <span class='ocr_line' id='line_1_79' title="bbox 270 4845 1778 4932; baseline 0.013 -33"><span class='ocrx_word' id='word_1_635' title='bbox 270 4845 348 4902; x_wconf 74' lang='lat'><strong><em>69..</em></strong></span> <span class='ocrx_word' id='word_1_636' title='bbox 374 4849 488 4909; x_wconf 86' lang='lat' dir='ltr'><strong><em>Noli</em></strong></span> <span class='ocrx_word' id='word_1_637' title='bbox 536 4855 701 4926; x_wconf 87' lang='lat' dir='ltr'><strong><em>igitur</em></strong></span> <span class='ocrx_word' id='word_1_638' title='bbox 741 4864 801 4912; x_wconf 90' lang='lat' dir='ltr'><strong><em>ut</em></strong></span> <span class='ocrx_word' id='word_1_639' title='bbox 845 4859 1106 4929; x_wconf 88' lang='lat' dir='ltr'><strong><em>parvulus</em></strong></span> <span class='ocrx_word' id='word_1_640' title='bbox 1146 4874 1377 4930; x_wconf 88' lang='lat' dir='ltr'><strong><em>sapere,</em></strong></span> <span class='ocrx_word' id='word_1_641' title='bbox 1417 4870 1476 4915; x_wconf 91' lang='lat' dir='ltr'><strong><em>ut</em></strong></span> <span class='ocrx_word' id='word_1_642' title='bbox 1519 4861 1778 4932; x_wconf 89' lang='lat' dir='ltr'><strong><em>parvulus</em></strong></span> 
     </span>
    </p>
   </div>
   <div class='ocr_carea' id='block_1_80' title="bbox 271 4984 1765 5067">
    <p class='ocr_par' dir='ltr' id='par_1_80' title="bbox 271 4984 1765 5067">
     <span class='ocr_line' id='line_1_80' title="bbox 271 4984 1765 5067; baseline 0.006 -28"><span class='ocrx_word' id='word_1_643' title='bbox 271 4990 296 5018; x_wconf 79' lang='grc'><strong>⁸</strong></span> <span class='ocrx_word' id='word_1_644' title='bbox 318 4984 424 5067; x_wconf 71' lang='lat' dir='ltr'><strong><em>Era.</em></strong></span> <span class='ocrx_word' id='word_1_645' title='bbox 449 4999 500 5044; x_wconf 88' lang='lat' dir='ltr'><strong><em>et</em></strong></span> <span class='ocrx_word' id='word_1_646' title='bbox 520 5001 810 5062; x_wconf 83' lang='lat' dir='ltr'><strong><em>sequentes</em></strong></span> <span class='ocrx_word' id='word_1_647' title='bbox 831 4992 1102 5067; x_wconf 80' lang='lat' dir='ltr'><strong><em>edit.,_qui</em></strong></span> <span class='ocrx_word' id='word_1_648' title='bbox 1124 5004 1240 5051; x_wconf 83' lang='lat' dir='ltr'><strong><em>ante</em></strong></span> <span class='ocrx_word' id='word_1_649' title='bbox 1261 5003 1457 5064; x_wconf 72' lang='lat' dir='ltr'><strong><em>quierat</em></strong></span> <span class='ocrx_word' id='word_1_650' title='bbox 1478 4995 1765 5067; x_wconf 63' lang='lat' dir='ltr'><strong><em>praemium.</em></strong></span> 
     </span>
    </p>
   </div>
   <div class='ocr_carea' id='block_1_81' title="bbox 202 5051 1770 5136">
    <p class='ocr_par' dir='ltr' id='par_1_81' title="bbox 202 5051 1770 5136">
     <span class='ocr_line' id='line_1_81' title="bbox 202 5051 1770 5136; baseline 0.009 -27"><span class='ocrx_word' id='word_1_651' title='bbox 202 5051 399 5136; x_wconf 58' lang='lat' dir='ltr'><strong><em>Anterh.</em></strong></span> <span class='ocrx_word' id='word_1_652' title='bbox 425 5071 476 5114; x_wconf 87' lang='lat' dir='ltr'><strong><em>et</em></strong></span> <span class='ocrx_word' id='word_1_653' title='bbox 504 5051 633 5117; x_wconf 68' lang='lat' dir='ltr'><strong><em>mss.</em></strong></span> <span class='ocrx_word' id='word_1_654' title='bbox 661 5079 851 5136; x_wconf 85' lang='lat' dir='ltr'><strong><em>omnes</em></strong></span> <span class='ocrx_word' id='word_1_655' title='bbox 873 5105 889 5131; x_wconf 91' lang='lat'><strong><em>,</em></strong></span> <span class='ocrx_word' id='word_1_656' title='bbox 916 5051 1005 5134; x_wconf 81' lang='lat' dir='ltr'><strong><em>qui</em></strong></span> <span class='ocrx_word' id='word_1_657' title='bbox 1024 5051 1153 5120; x_wconf 64' lang='lat' dir='ltr'><strong><em>&#39;ante</em></strong></span> <span class='ocrx_word' id='word_1_658' title='bbox 1181 5051 1287 5120; x_wconf 66' lang='lat' dir='ltr'><strong><em>dat&#39;</em></strong></span> <span class='ocrx_word' id='word_1_659' title='bbox 1321 5051 1610 5136; x_wconf 65' lang='lat' dir='ltr'><strong><em>prtem&#39;ium.</em></strong></span> <span class='ocrx_word' id='word_1_660' title='bbox 1653 5066 1770 5123; x_wconf 89' lang='lat' dir='ltr'><strong><em>Non</em></strong></span> 
     </span>
    </p>
   </div>
   <div class='ocr_carea' id='block_1_82' title="bbox 205 5125 1596 5205">
    <p class='ocr_par' dir='ltr' id='par_1_82' title="bbox 205 5125 1596 5205">
     <span class='ocr_line' id='line_1_82' title="bbox 205 5125 1596 5205; baseline 0.009 -26"><span class='ocrx_word' id='word_1_661' title='bbox 205 5125 361 5205; x_wconf 74' lang='lat' dir='ltr'><strong><em>male;</em></strong></span> <span class='ocrx_word' id='word_1_662' title='bbox 394 5140 676 5204; x_wconf 88' lang='lat' dir='ltr'><strong><em>utrumque</em></strong></span> <span class='ocrx_word' id='word_1_663' title='bbox 701 5134 847 5190; x_wconf 89' lang='lat' dir='ltr'><strong><em>enim</em></strong></span> <span class='ocrx_word' id='word_1_664' title='bbox 872 5125 1152 5205; x_wconf 68' lang='lat' dir='ltr'><strong><em>iniustitiae</em></strong></span> <span class='ocrx_word' id='word_1_665' title='bbox 1179 5125 1380 5192; x_wconf 74' lang='lat' dir='ltr'><strong><em>ascribi</em></strong></span> <span class='ocrx_word' id='word_1_666' title='bbox 1411 5138 1596 5192; x_wconf 86' lang='lat' dir='ltr'><strong><em>debet.</em></strong></span> 
     </span>
    </p>
   </div>
   <div class='ocr_carea' id='block_1_83' title="bbox 262 5194 1767 5275">
    <p class='ocr_par' dir='ltr' id='par_1_83' title="bbox 262 5194 1767 5275">
     <span class='ocr_line' id='line_1_83' title="bbox 262 5194 1767 5275; baseline 0.006 -19"><span class='ocrx_word' id='word_1_667' title='bbox 262 5194 292 5234; x_wconf 64' lang='grc' dir='ltr'>δ</span> <span class='ocrx_word' id='word_1_668' title='bbox 315 5202 434 5275; x_wconf 63' lang='lat' dir='ltr'><strong><em>Ani.</em></strong></span> <span class='ocrx_word' id='word_1_669' title='bbox 457 5194 600 5260; x_wconf 52' lang='lat' dir='ltr'><strong><em>edit:</em></strong></span> <span class='ocrx_word' id='word_1_670' title='bbox 618 5221 744 5260; x_wconf 88' lang='lat' dir='ltr'><strong><em>cum</em></strong></span> <span class='ocrx_word' id='word_1_671' title='bbox 778 5194 965 5275; x_wconf 68' lang='lat' dir='ltr'><strong><em>paucis</em></strong></span> <span class='ocrx_word' id='word_1_672' title='bbox 989 5223 1117 5262; x_wconf 73' lang='lat' dir='ltr'><strong><em>mss.</em></strong></span> <span class='ocrx_word' id='word_1_673' title='bbox 1142 5249 1157 5274; x_wconf 96' lang='lat'><strong><em>,</em></strong></span> <span class='ocrx_word' id='word_1_674' title='bbox 1181 5210 1235 5262; x_wconf 89' lang='lat' dir='ltr'><strong><em>in</em></strong></span> <span class='ocrx_word' id='word_1_675' title='bbox 1265 5219 1535 5262; x_wconf 84' lang='lat' dir='ltr'><strong><em>stemmate</em></strong></span> <span class='ocrx_word' id='word_1_676' title='bbox 1561 5225 1579 5264; x_wconf 90' lang='lat'><strong><em>:</em></strong></span> <span class='ocrx_word' id='word_1_677' title='bbox 1605 5209 1767 5265; x_wconf 83' lang='lat' dir='ltr'><strong><em>Rom.</em></strong></span> 
     </span>
    </p>
   </div>
   <div class='ocr_carea' id='block_1_84' title="bbox 206 5271 1772 5348">
    <p class='ocr_par' dir='ltr' id='par_1_84' title="bbox 206 5271 1772 5348">
     <span class='ocr_line' id='line_1_84' title="bbox 206 5271 1772 5348; baseline 0.009 -26"><span class='ocrx_word' id='word_1_678' title='bbox 206 5278 312 5323; x_wconf 79' lang='lat' dir='ltr'><strong><em>tum</em></strong></span> <span class='ocrx_word' id='word_1_679' title='bbox 352 5271 475 5348; x_wconf 82' lang='lat' dir='ltr'><strong><em>aliis</em></strong></span> <span class='ocrx_word' id='word_1_680' title='bbox 507 5271 794 5346; x_wconf 74' lang='lat' dir='ltr'><strong><em>pluribus,</em></strong></span> <span class='ocrx_word' id='word_1_681' title='bbox 829 5277 883 5332; x_wconf 91' lang='lat' dir='ltr'><strong><em>in</em></strong></span> <span class='ocrx_word' id='word_1_682' title='bbox 933 5271 1232 5335; x_wconf 81' lang='lat' dir='ltr'><strong><em>scammate.</em></strong></span> <span class='ocrx_word' id='word_1_683' title='bbox 1281 5279 1420 5348; x_wconf 87' lang='lat' dir='ltr'><strong><em>Quid</em></strong></span> <span class='ocrx_word' id='word_1_684' title='bbox 1471 5281 1540 5334; x_wconf 91' lang='lat' dir='ltr'><strong><em>sit</em></strong></span> <span class='ocrx_word' id='word_1_685' title='bbox 1586 5292 1772 5337; x_wconf 90' lang='lat' dir='ltr'><strong><em>autem</em></strong></span> 
     </span>
    </p>
   </div>
   <div class='ocr_carea' id='block_1_85' title="bbox 204 5346 1770 5476">
    <p class='ocr_par' dir='ltr' id='par_1_85' title="bbox 204 5346 1770 5476">
     <span class='ocr_line' id='line_1_85' title="bbox 204 5346 1770 5422; baseline 0.008 -29"><span class='ocrx_word' id='word_1_686' title='bbox 204 5351 418 5408; x_wconf 63' lang='lat' dir='ltr'><strong><em>«animo,</em></strong></span> <span class='ocrx_word' id='word_1_687' title='bbox 448 5346 647 5402; x_wconf 83' lang='lat' dir='ltr'><strong><em>dictum</em></strong></span> <span class='ocrx_word' id='word_1_688' title='bbox 675 5359 761 5402; x_wconf 89' lang='lat' dir='ltr'><strong><em>est</em></strong></span> <span class='ocrx_word' id='word_1_689' title='bbox 789 5349 854 5403; x_wconf 88' lang='lat' dir='ltr'><strong><em>ad</em></strong></span> <span class='ocrx_word' id='word_1_690' title='bbox 897 5349 993 5404; x_wconf 90' lang='lat' dir='ltr'><strong><em>lib.</em></strong></span> <span class='ocrx_word' id='word_1_691' title='bbox 1023 5352 1090 5406; x_wconf 90' lang='lat' dir='ltr'><strong><em>de</em></strong></span> <span class='ocrx_word' id='word_1_692' title='bbox 1133 5352 1254 5407; x_wconf 85' lang='lat' dir='ltr'><strong><em>Elia</em></strong></span> <span class='ocrx_word' id='word_1_693' title='bbox 1296 5346 1351 5407; x_wconf 84' lang='lat' dir='ltr'><strong><em>et</em></strong></span> <span class='ocrx_word' id='word_1_694' title='bbox 1386 5351 1617 5422; x_wconf 82' lang='lat' dir='ltr'><strong><em>jejunio,</em></strong></span> <span class='ocrx_word' id='word_1_695' title='bbox 1647 5367 1770 5422; x_wconf 87' lang='lat' dir='ltr'><strong><em>cap.</em></strong></span> 
     </span>
     <span class='ocr_line' id='line_1_86' title="bbox 209 5407 579 5476; baseline -0.003 -1"><span class='ocrx_word' id='word_1_696' title='bbox 209 5407 579 5476; x_wconf 68' lang='grc' dir='ltr'><strong><em>ίδ,1ηκ.550.</em></strong></span> 
     </span>
    </p>
   </div>
   <div class='ocr_carea' id='block_1_86' title="bbox 277 5421 579 5486">
    <p class='ocr_par' dir='ltr' id='par_1_86' title="bbox 277 5421 579 5486">
     <span class='ocr_line' id='line_1_87' title="bbox 277 5421 579 5486; baseline -0.007 -10"><span class='ocrx_word' id='word_1_697' title='bbox 277 5453 292 5476; x_wconf 72' lang='lat'><strong><em>.</em></strong></span> <span class='ocrx_word' id='word_1_698' title='bbox 317 5429 424 5486; x_wconf 75' lang='lat' dir='ltr'><strong><em>pag.</em></strong></span> <span class='ocrx_word' id='word_1_699' title='bbox 455 5421 579 5476; x_wconf 80' lang='lat'><strong><em>550.</em></strong></span> 
     </span>
    </p>
   </div>
   <div class='ocr_carea' id='block_1_87' title="bbox 269 5483 1769 5566">
    <p class='ocr_par' dir='ltr' id='par_1_87' title="bbox 269 5483 1769 5566">
     <span class='ocr_line' id='line_1_88' title="bbox 269 5483 1769 5566; baseline 0.007 -27"><span class='ocrx_word' id='word_1_700' title='bbox 269 5483 552 5566; x_wconf 42' lang='lat' dir='ltr'><strong><em>{Nonnulli</em></strong></span> <span class='ocrx_word' id='word_1_701' title='bbox 583 5507 746 5566; x_wconf 56' lang='lat' dir='ltr'><strong><em>mss,</em></strong></span> <span class='ocrx_word' id='word_1_702' title='bbox 782 5491 1098 5566; x_wconf 81' lang='lat' dir='ltr'><strong><em>Uttgtteulali</em></strong></span> <span class='ocrx_word' id='word_1_703' title='bbox 1125 5504 1442 5564; x_wconf 83' lang='lat' dir='ltr'><strong><em>spectatores</em></strong></span> <span class='ocrx_word' id='word_1_704' title='bbox 1480 5495 1668 5550; x_wconf 87' lang='lat' dir='ltr'><strong><em>solent.</em></strong></span> <span class='ocrx_word' id='word_1_705' title='bbox 1698 5493 1769 5550; x_wconf 87' lang='lat' dir='ltr'><strong><em>Et</em></strong></span> 
     </span>
    </p>
   </div>
   <div class='ocr_carea' id='block_1_88' title="bbox 207 5563 1651 5634">
    <p class='ocr_par' dir='ltr' id='par_1_88' title="bbox 207 5563 1651 5634">
     <span class='ocr_line' id='line_1_89' title="bbox 207 5563 1651 5634; baseline 0.008 -25"><span class='ocrx_word' id='word_1_706' title='bbox 207 5563 426 5634; x_wconf 65' lang='lat' dir='ltr'><strong><em>continuo</em></strong></span> <span class='ocrx_word' id='word_1_707' title='bbox 451 5571 572 5629; x_wconf 85' lang='lat' dir='ltr'><strong><em>post</em></strong></span> <span class='ocrx_word' id='word_1_708' title='bbox 599 5563 822 5634; x_wconf 88' lang='lat' dir='ltr'><strong><em>quidam</em></strong></span> <span class='ocrx_word' id='word_1_709' title='bbox 846 5563 970 5632; x_wconf 80' lang='lat' dir='ltr'><strong><em>alii,</em></strong></span> <span class='ocrx_word' id='word_1_710' title='bbox 1003 5584 1104 5620; x_wconf 88' lang='lat' dir='ltr'><strong><em>non</em></strong></span> <span class='ocrx_word' id='word_1_711' title='bbox 1134 5563 1297 5622; x_wconf 87' lang='lat' dir='ltr'><strong><em>solent</em></strong></span> <span class='ocrx_word' id='word_1_712' title='bbox 1323 5576 1514 5633; x_wconf 71' lang='lat' dir='ltr'><strong><em>(estus,</em></strong></span> <span class='ocrx_word' id='word_1_713' title='bbox 1544 5577 1651 5622; x_wconf 90' lang='lat' dir='ltr'><strong><em>etc.</em></strong></span> 
     </span>
    </p>
   </div>
   <div class='ocr_carea' id='block_1_89' title="bbox 264 5623 1764 5702">
    <p class='ocr_par' dir='ltr' id='par_1_89' title="bbox 264 5623 1764 5702">
     <span class='ocr_line' id='line_1_90' title="bbox 264 5623 1764 5702; baseline 0.004 -17"><span class='ocrx_word' id='word_1_714' title='bbox 264 5623 287 5663; x_wconf 72' lang='lat'><strong>‘</strong></span> <span class='ocrx_word' id='word_1_715' title='bbox 315 5623 517 5688; x_wconf 77' lang='lat' dir='ltr'><strong><em>Lucrum</em></strong></span> <span class='ocrx_word' id='word_1_716' title='bbox 543 5623 772 5700; x_wconf 73' lang='lat' dir='ltr'><strong><em>laboris,</em></strong></span> <span class='ocrx_word' id='word_1_717' title='bbox 804 5635 858 5690; x_wconf 83' lang='lat' dir='ltr'><strong><em>id</em></strong></span> <span class='ocrx_word' id='word_1_718' title='bbox 904 5623 990 5692; x_wconf 76' lang='lat' dir='ltr'><strong><em>est</em></strong></span> <span class='ocrx_word' id='word_1_719' title='bbox 1011 5679 1025 5702; x_wconf 93' lang='lat'><strong><em>,</em></strong></span> <span class='ocrx_word' id='word_1_720' title='bbox 1071 5639 1468 5694; x_wconf 84' lang='lat' dir='ltr'><strong><em>immunitatem</em></strong></span> <span class='ocrx_word' id='word_1_721' title='bbox 1498 5623 1764 5702; x_wconf 48' lang='lat' dir='ltr'><strong><em>&#39;laboris;</em></strong></span> 
     </span>
    </p>
   </div>
   <div class='ocr_carea' id='block_1_90' title="bbox 207 5706 1441 5782">
    <p class='ocr_par' dir='ltr' id='par_1_90' title="bbox 207 5706 1441 5782">
     <span class='ocr_line' id='line_1_91' title="bbox 207 5706 1441 5782; baseline 0.004 -24"><span class='ocrx_word' id='word_1_722' title='bbox 207 5706 836 5782; x_wconf 31' lang='lat' dir='ltr'><strong><em>mxero‘lucrumquod</em></strong></span> <span class='ocrx_word' id='word_1_723' title='bbox 864 5724 932 5764; x_wconf 83' lang='lat' dir='ltr'><strong><em>ex</em></strong></span> <span class='ocrx_word' id='word_1_724' title='bbox 968 5710 1151 5782; x_wconf 66' lang='lat' dir='ltr'><strong><em>labore</em></strong></span> <span class='ocrx_word' id='word_1_725' title='bbox 1177 5711 1441 5782; x_wconf 79' lang='lat' dir='ltr'><strong><em>gignitur.</em></strong></span> 
     </span>
    </p>
   </div>
   <div class='ocr_carea' id='block_1_91' title="bbox 265 5771 1768 5855">
    <p class='ocr_par' dir='ltr' id='par_1_91' title="bbox 265 5771 1768 5855">
     <span class='ocr_line' id='line_1_92' title="bbox 265 5771 1768 5855; baseline 0.004 -25"><span class='ocrx_word' id='word_1_726' title='bbox 265 5779 286 5809; x_wconf 74' lang='grc'><strong>⁸</strong></span> <span class='ocrx_word' id='word_1_727' title='bbox 309 5771 410 5832; x_wconf 87' lang='lat' dir='ltr'><strong><em>Cic.</em></strong></span> <span class='ocrx_word' id='word_1_728' title='bbox 435 5777 591 5836; x_wconf 82' lang='lat' dir='ltr'><strong><em>Oilic.</em></strong></span> <span class='ocrx_word' id='word_1_729' title='bbox 638 5771 737 5834; x_wconf 51' lang='lat' dir='ltr'><strong><em>lib&#39;.</em></strong></span> <span class='ocrx_word' id='word_1_730' title='bbox 765 5795 818 5845; x_wconf 84' lang='grc' dir='ltr'><strong>ι,</strong></span> <span class='ocrx_word' id='word_1_731' title='bbox 849 5795 971 5852; x_wconf 83' lang='lat' dir='ltr'><strong><em>pag.</em></strong></span> <span class='ocrx_word' id='word_1_732' title='bbox 1000 5781 1106 5837; x_wconf 77' lang='lat'><strong><em>368</em></strong></span> <span class='ocrx_word' id='word_1_733' title='bbox 1125 5825 1139 5849; x_wconf 95' lang='lat'><strong><em>,</em></strong></span> <span class='ocrx_word' id='word_1_734' title='bbox 1173 5771 1270 5838; x_wconf 50' lang='lat' dir='ltr'><strong><em>lin&quot;.</em></strong></span> <span class='ocrx_word' id='word_1_735' title='bbox 1297 5784 1332 5840; x_wconf 72' lang='lat'><strong>4</strong></span> <span class='ocrx_word' id='word_1_736' title='bbox 1358 5800 1370 5838; x_wconf 91' lang='lat'>:</span> <span class='ocrx_word' id='word_1_737' title='bbox 1406 5781 1476 5839; x_wconf 85' lang='lat' dir='ltr'><strong><em>Et</em></strong></span> <span class='ocrx_word' id='word_1_738' title='bbox 1522 5781 1768 5855; x_wconf 84' lang='lat' dir='ltr'><strong><em>quoniam</em></strong></span> 
     </span>
    </p>
   </div>
   <div class='ocr_carea' id='block_1_92' title="bbox 597 5872 1099 5935">
    <p class='ocr_par' dir='ltr' id='par_1_92' title="bbox 597 5872 1099 5935">
     <span class='ocr_line' id='line_1_93' title="bbox 597 5872 1099 5935; baseline -0.004 -1"><span class='ocrx_word' id='word_1_739' title='bbox 597 5873 876 5935; x_wconf 68' lang='lat' dir='ltr'><strong><em>Parum.</em></strong></span> <span class='ocrx_word' id='word_1_740' title='bbox 927 5872 1099 5935; x_wconf 78' lang='lat' dir='ltr'><strong><em>XVI.</em></strong></span> 
     </span>
    </p>
   </div>
   <div class='ocr_carea' id='block_1_93' title="bbox 1882 3246 3500 3319">
    <p class='ocr_par' dir='ltr' id='par_1_93' title="bbox 1882 3246 3500 3319">
     <span class='ocr_line' id='line_1_94' title="bbox 1882 3246 3500 3319; baseline 0 -17"><span class='ocrx_word' id='word_1_741' title='bbox 1882 3246 2208 3303; x_wconf 86' lang='lat' dir='ltr'><strong><em>commissos</em></strong></span> <span class='ocrx_word' id='word_1_742' title='bbox 2241 3247 2516 3314; x_wconf 88' lang='lat' dir='ltr'><strong><em>habebat,</em></strong></span> <span class='ocrx_word' id='word_1_743' title='bbox 2550 3264 2619 3304; x_wconf 90' lang='lat' dir='ltr'><strong><em>ne</em></strong></span> <span class='ocrx_word' id='word_1_744' title='bbox 2665 3248 2948 3303; x_wconf 84' lang='lat' dir='ltr'><strong><em>videretur</em></strong></span> <span class='ocrx_word' id='word_1_745' title='bbox 2992 3258 3085 3303; x_wconf 91' lang='lat' dir='ltr'><strong><em>aut</em></strong></span> <span class='ocrx_word' id='word_1_746' title='bbox 3134 3248 3289 3319; x_wconf 86' lang='lat' dir='ltr'><strong><em>quasi</em></strong></span> <span class='ocrx_word' id='word_1_747' title='bbox 3339 3247 3500 3302; x_wconf 87' lang='lat' dir='ltr'><strong><em>inho-</em></strong></span> 
     </span>
    </p>
   </div>
   <div class='ocr_carea' id='block_1_94' title="bbox 1882 3339 3503 3412">
    <p class='ocr_par' dir='ltr' id='par_1_94' title="bbox 1882 3339 3503 3412">
     <span class='ocr_line' id='line_1_95' title="bbox 1882 3339 3503 3412; baseline -0.001 -16"><span class='ocrx_word' id='word_1_748' title='bbox 1882 3355 2091 3410; x_wconf 89' lang='lat' dir='ltr'><strong><em>norus,</em></strong></span> <span class='ocrx_word' id='word_1_749' title='bbox 2126 3349 2221 3396; x_wconf 91' lang='lat' dir='ltr'><strong><em>aut</em></strong></span> <span class='ocrx_word' id='word_1_750' title='bbox 2267 3341 2424 3412; x_wconf 89' lang='lat' dir='ltr'><strong><em>quasi</em></strong></span> <span class='ocrx_word' id='word_1_751' title='bbox 2458 3356 2664 3412; x_wconf 92' lang='lat' dir='ltr'><strong><em>egenus</em></strong></span> <span class='ocrx_word' id='word_1_752' title='bbox 2715 3342 3006 3397; x_wconf 87' lang='lat' dir='ltr'><strong><em>Dominmn</em></strong></span> <span class='ocrx_word' id='word_1_753' title='bbox 3056 3339 3388 3412; x_wconf 84' lang='lat' dir='ltr'><strong><em>prodidisse.</em></strong></span> <span class='ocrx_word' id='word_1_754' title='bbox 3431 3339 3503 3396; x_wconf 82' lang='lat' dir='ltr'><strong><em>Et</em></strong></span> 
     </span>
    </p>
   </div>
   <div class='ocr_carea' id='block_1_95' title="bbox 1878 3433 3495 3506">
    <p class='ocr_par' dir='ltr' id='par_1_95' title="bbox 1878 3433 3495 3506">
     <span class='ocr_line' id='line_1_96' title="bbox 1878 3433 3495 3506; baseline -0.002 -13"><span class='ocrx_word' id='word_1_755' title='bbox 1878 3437 2004 3493; x_wconf 92' lang='lat' dir='ltr'><strong><em>ideo</em></strong></span> <span class='ocrx_word' id='word_1_756' title='bbox 2032 3445 2092 3492; x_wconf 90' lang='lat' dir='ltr'><strong><em>ut</em></strong></span> <span class='ocrx_word' id='word_1_757' title='bbox 2132 3436 2525 3506; x_wconf 80' lang='lat' dir='ltr'><strong><em>justiﬁcaretur</em></strong></span> <span class='ocrx_word' id='word_1_758' title='bbox 2556 3439 2608 3491; x_wconf 88' lang='lat' dir='ltr'><strong><em>in</em></strong></span> <span class='ocrx_word' id='word_1_759' title='bbox 2643 3452 2712 3492; x_wconf 92' lang='lat' dir='ltr'><strong><em>eo</em></strong></span> <span class='ocrx_word' id='word_1_760' title='bbox 2751 3435 3054 3501; x_wconf 88' lang='lat' dir='ltr'><strong><em>Dominus,</em></strong></span> <span class='ocrx_word' id='word_1_761' title='bbox 3091 3435 3208 3490; x_wconf 76' lang='lat' dir='ltr'><strong><em>lucc</em></strong></span> <span class='ocrx_word' id='word_1_762' title='bbox 3258 3433 3311 3490; x_wconf 91' lang='lat' dir='ltr'><strong><em>ei</em></strong></span> <span class='ocrx_word' id='word_1_763' title='bbox 3359 3449 3495 3490; x_wconf 80' lang='lat' dir='ltr'><strong><em>con-</em></strong></span> 
     </span>
    </p>
   </div>
   <div class='ocr_carea' id='block_1_96' title="bbox 1882 3526 3490 3601">
    <p class='ocr_par' dir='ltr' id='par_1_96' title="bbox 1882 3526 3490 3601">
     <span class='ocr_line' id='line_1_97' title="bbox 1882 3526 3490 3601; baseline -0.002 -15"><span class='ocrx_word' id='word_1_764' title='bbox 1882 3531 2042 3596; x_wconf 88' lang='lat' dir='ltr'><strong>tulit;</strong></span> <span class='ocrx_word' id='word_1_765' title='bbox 2073 3540 2133 3586; x_wconf 88' lang='lat' dir='ltr'><strong><em>ut</em></strong></span> <span class='ocrx_word' id='word_1_766' title='bbox 2161 3546 2268 3586; x_wconf 91' lang='lat' dir='ltr'><strong><em>non</em></strong></span> <span class='ocrx_word' id='word_1_767' title='bbox 2309 3530 2465 3601; x_wconf 89' lang='lat' dir='ltr'><strong><em>quasi</em></strong></span> <span class='ocrx_word' id='word_1_768' title='bbox 2509 3529 2703 3601; x_wconf 89' lang='lat' dir='ltr'><strong><em>injuria</em></strong></span> <span class='ocrx_word' id='word_1_769' title='bbox 2750 3537 3148 3598; x_wconf 77' lang='lat' dir='ltr'><strong><em>exasperatus,</em></strong></span> <span class='ocrx_word' id='word_1_770' title='bbox 3195 3526 3290 3582; x_wconf 88' lang='lat' dir='ltr'><strong><em>sed</em></strong></span> <span class='ocrx_word' id='word_1_771' title='bbox 3332 3529 3490 3597; x_wconf 87' lang='lat' dir='ltr'><strong><em>quasi</em></strong></span> 
     </span>
    </p>
   </div>
   <div class='ocr_carea' id='block_1_97' title="bbox 1881 3619 3492 3696">
    <p class='ocr_par' dir='ltr' id='par_1_97' title="bbox 1881 3619 3492 3696">
     <span class='ocr_line' id='line_1_98' title="bbox 1881 3619 3492 3696; baseline 0 -16"><span class='ocrx_word' id='word_1_772' title='bbox 1881 3625 2270 3696; x_wconf 70' lang='lat' dir='ltr'><strong><em>praevaricatus</em></strong></span> <span class='ocrx_word' id='word_1_773' title='bbox 2290 3624 2544 3695; x_wconf 89' lang='lat' dir='ltr'><strong><em>gratiam,</em></strong></span> <span class='ocrx_word' id='word_1_774' title='bbox 2564 3623 2759 3694; x_wconf 89' lang='lat' dir='ltr'><strong><em>majori</em></strong></span> <span class='ocrx_word' id='word_1_775' title='bbox 2781 3632 2928 3678; x_wconf 90' lang='lat' dir='ltr'><strong><em>esset</em></strong></span> <span class='ocrx_word' id='word_1_776' title='bbox 2943 3621 3166 3678; x_wconf 74' lang='lat' dir='ltr'><strong><em>oﬂ&#39;ensa:</em></strong></span> <span class='ocrx_word' id='word_1_777' title='bbox 3197 3619 3492 3680; x_wconf 80' lang='lat' dir='ltr'><strong><em>obnoxius.</em></strong></span> 
     </span>
    </p>
   </div>
   <div class='ocr_carea' id='block_1_98' title="bbox 2457 3737 2904 3795">
    <p class='ocr_par' dir='ltr' id='par_1_98' title="bbox 2457 3737 2904 3795">
     <span class='ocr_line' id='line_1_99' title="bbox 2457 3737 2904 3795; baseline -0.007 -1"><span class='ocrx_word' id='word_1_778' title='bbox 2457 3737 2690 3795; x_wconf 83' lang='lat' dir='ltr'><strong><em>CAPUT</em></strong></span> <span class='ocrx_word' id='word_1_779' title='bbox 2741 3737 2904 3794; x_wconf 80' lang='lat' dir='ltr'><strong><em>XVII.</em></strong></span> 
     </span>
    </p>
   </div>
   <div class='ocr_carea' id='block_1_99' title="bbox 1885 3833 3498 3905">
    <p class='ocr_par' dir='ltr' id='par_1_99' title="bbox 1885 3833 3498 3905">
     <span class='ocr_line' id='line_1_100' title="bbox 1885 3833 3498 3905; baseline 0.001 -18"><span class='ocrx_word' id='word_1_780' title='bbox 1885 3833 2239 3890; x_wconf 82' lang='lat' dir='ltr'><strong><em>Adolescentis</em></strong></span> <span class='ocrx_word' id='word_1_781' title='bbox 2262 3834 2441 3905; x_wconf 78' lang='lat' dir='ltr'><strong><em>ofﬁcia</em></strong></span> <span class='ocrx_word' id='word_1_782' title='bbox 2459 3873 2474 3898; x_wconf 95' lang='lat'><strong><em>,</em></strong></span> <span class='ocrx_word' id='word_1_783' title='bbox 2505 3842 2550 3886; x_wconf 89' lang='lat' dir='ltr'><strong><em>et</em></strong></span> <span class='ocrx_word' id='word_1_784' title='bbox 2576 3833 2815 3902; x_wconf 72' lang='lat' dir='ltr'><strong><em>exempla</em></strong></span> <span class='ocrx_word' id='word_1_785' title='bbox 2841 3833 3004 3886; x_wconf 86' lang='lat' dir='ltr'><strong><em>eidem</em></strong></span> <span class='ocrx_word' id='word_1_786' title='bbox 3034 3833 3174 3888; x_wconf 74' lang='grc' dir='ltr'><em>απαιί</em></span> <span class='ocrx_word' id='word_1_787' title='bbox 3198 3849 3498 3889; x_wconf 87' lang='lat' dir='ltr'><strong><em>accommo-</em></strong></span> 
     </span>
    </p>
   </div>
   <div class='ocr_carea' id='block_1_100' title="bbox 2441 3924 2920 3994">
    <p class='ocr_par' dir='ltr' id='par_1_100' title="bbox 2441 3924 2920 3994">
     <span class='ocr_line' id='line_1_101' title="bbox 2441 3924 2920 3994; baseline -0.002 -17"><span class='ocrx_word' id='word_1_788' title='bbox 2441 3924 2509 3978; x_wconf 89' lang='lat' dir='ltr'><strong><em>da</em></strong></span> <span class='ocrx_word' id='word_1_789' title='bbox 2536 3933 2920 3994; x_wconf 86' lang='lat' dir='ltr'><strong><em>praponuntur.</em></strong></span> 
     </span>
    </p>
   </div>
   <div class='ocr_carea' id='block_1_101' title="bbox 1954 4016 3498 4089">
    <p class='ocr_par' dir='ltr' id='par_1_101' title="bbox 1954 4016 3498 4089">
     <span class='ocr_line' id='line_1_102' title="bbox 1954 4016 3498 4089; baseline 0.003 -14"><span class='ocrx_word' id='word_1_790' title='bbox 1954 4020 2044 4076; x_wconf 80' lang='grc'><strong><em>65.</em></strong></span> <span class='ocrx_word' id='word_1_791' title='bbox 2087 4017 2356 4088; x_wconf 86' lang='lat' dir='ltr'><strong><em>Quoniam</em></strong></span> <span class='ocrx_word' id='word_1_792' title='bbox 2409 4016 2574 4085; x_wconf 85' lang='lat' dir='ltr'><strong><em>igitur</em></strong></span> <span class='ocrx_word' id='word_1_793' title='bbox 2625 4025 2681 4071; x_wconf 89' lang='lat' dir='ltr'><strong><em>et</em></strong></span> <span class='ocrx_word' id='word_1_794' title='bbox 2740 4030 2956 4086; x_wconf 84' lang='lat' dir='ltr'><strong><em>poenam</em></strong></span> <span class='ocrx_word' id='word_1_795' title='bbox 3010 4017 3392 4089; x_wconf 88' lang='lat' dir='ltr'><strong><em>improbitati,</em></strong></span> <span class='ocrx_word' id='word_1_796' title='bbox 3439 4033 3498 4079; x_wconf 90' lang='lat' dir='ltr'><strong><em>et</em></strong></span> 
     </span>
    </p>
   </div>
   <div class='ocr_carea' id='block_1_102' title="bbox 1880 4111 3495 4187">
    <p class='ocr_par' dir='ltr' id='par_1_102' title="bbox 1880 4111 3495 4187">
     <span class='ocr_line' id='line_1_103' title="bbox 1880 4111 3495 4187; baseline 0.002 -19"><span class='ocrx_word' id='word_1_797' title='bbox 1880 4114 2074 4169; x_wconf 87' lang='lat' dir='ltr'><strong><em>virtuti</em></strong></span> <span class='ocrx_word' id='word_1_798' title='bbox 2106 4113 2223 4168; x_wconf 79' lang='lat' dir='ltr'><strong><em>fore</em></strong></span> <span class='ocrx_word' id='word_1_799' title='bbox 2271 4111 2553 4182; x_wconf 67' lang='lat' dir='ltr'><strong><em>praemium</em></strong></span> <span class='ocrx_word' id='word_1_800' title='bbox 2584 4111 2719 4166; x_wconf 88' lang='lat' dir='ltr'><strong><em>satis</em></strong></span> <span class='ocrx_word' id='word_1_801' title='bbox 2762 4112 3001 4178; x_wconf 86' lang='lat' dir='ltr'><strong><em>claruit,</em></strong></span> <span class='ocrx_word' id='word_1_802' title='bbox 3033 4113 3103 4168; x_wconf 90' lang='lat' dir='ltr'><strong><em>de</em></strong></span> <span class='ocrx_word' id='word_1_803' title='bbox 3138 4114 3352 4171; x_wconf 78' lang='lat' dir='ltr'><strong>Ofﬁciis</strong></span> <span class='ocrx_word' id='word_1_804' title='bbox 3397 4133 3495 4187; x_wconf 81' lang='lat' dir='ltr'><strong><em>ag-</em></strong></span> 
     </span>
    </p>
   </div>
   <div class='ocr_carea' id='block_1_103' title="bbox 1883 4204 3492 4278">
    <p class='ocr_par' dir='ltr' id='par_1_103' title="bbox 1883 4204 3492 4278">
     <span class='ocr_line' id='line_1_104' title="bbox 1883 4204 3492 4278; baseline 0.002 -16"><span class='ocrx_word' id='word_1_805' title='bbox 1883 4207 2198 4278; x_wconf 87' lang='lat' dir='ltr'><strong><em>grediamur</em></strong></span> <span class='ocrx_word' id='word_1_806' title='bbox 2227 4206 2446 4270; x_wconf 91' lang='lat' dir='ltr'><strong><em>dicere;</em></strong></span> <span class='ocrx_word' id='word_1_807' title='bbox 2480 4215 2503 4242; x_wconf 86' lang='grc' dir='ltr'><strong>ο</strong></span> <span class='ocrx_word' id='word_1_808' title='bbox 2535 4221 2656 4276; x_wconf 77' lang='lat' dir='ltr'><strong><em>qute</em></strong></span> <span class='ocrx_word' id='word_1_809' title='bbox 2685 4204 2842 4260; x_wconf 90' lang='lat' dir='ltr'><strong><em>nobis</em></strong></span> <span class='ocrx_word' id='word_1_810' title='bbox 2868 4205 2937 4262; x_wconf 88' lang='lat' dir='ltr'><strong><em>ab</em></strong></span> <span class='ocrx_word' id='word_1_811' title='bbox 2962 4205 3331 4263; x_wconf 86' lang='lat' dir='ltr'><strong><em>adolescentia</em></strong></span> <span class='ocrx_word' id='word_1_812' title='bbox 3362 4225 3492 4278; x_wconf 86' lang='lat' dir='ltr'><strong><em>spe-</em></strong></span> 
     </span>
    </p>
   </div>
   <div class='ocr_carea' id='block_1_104' title="bbox 1883 4300 3494 4368">
    <p class='ocr_par' dir='ltr' id='par_1_104' title="bbox 1883 4300 3494 4368">
     <span class='ocr_line' id='line_1_105' title="bbox 1883 4300 3494 4368; baseline 0.002 -12"><span class='ocrx_word' id='word_1_813' title='bbox 1883 4301 2082 4357; x_wconf 88' lang='lat' dir='ltr'><strong><em>ctanda</em></strong></span> <span class='ocrx_word' id='word_1_814' title='bbox 2113 4308 2283 4368; x_wconf 88' lang='lat' dir='ltr'><strong><em>sunt,</em></strong></span> <span class='ocrx_word' id='word_1_815' title='bbox 2315 4308 2376 4355; x_wconf 92' lang='lat' dir='ltr'><strong><em>ut</em></strong></span> <span class='ocrx_word' id='word_1_816' title='bbox 2418 4315 2540 4356; x_wconf 91' lang='lat' dir='ltr'><strong><em>cum</em></strong></span> <span class='ocrx_word' id='word_1_817' title='bbox 2573 4309 2732 4357; x_wconf 62' lang='lat' dir='ltr'><strong><em>aetate</em></strong></span> <span class='ocrx_word' id='word_1_818' title='bbox 2770 4300 3137 4358; x_wconf 72' lang='lat' dir='ltr'><strong><em>accrescuntf</em></strong></span> <span class='ocrx_word' id='word_1_819' title='bbox 3173 4303 3360 4359; x_wconf 89' lang='lat' dir='ltr'><strong><em>simul.</em></strong></span> <span class='ocrx_word' id='word_1_820' title='bbox 3393 4303 3494 4360; x_wconf 71' lang='lat' dir='ltr'><strong>Est</strong></span> 
     </span>
    </p>
   </div>
   <div class='ocr_carea' id='block_1_105' title="bbox 1884 4393 3487 4466">
    <p class='ocr_par' dir='ltr' id='par_1_105' title="bbox 1884 4393 3487 4466">
     <span class='ocr_line' id='line_1_106' title="bbox 1884 4393 3487 4466; baseline 0 -16"><span class='ocrx_word' id='word_1_821' title='bbox 1884 4395 2052 4466; x_wconf 87' lang='lat' dir='ltr'><strong><em>igitur</em></strong></span> <span class='ocrx_word' id='word_1_822' title='bbox 2089 4395 2363 4451; x_wconf 90' lang='lat' dir='ltr'><strong><em>bonorum</em></strong></span> <span class='ocrx_word' id='word_1_823' title='bbox 2383 4393 2818 4450; x_wconf 87' lang='lat' dir='ltr'><strong><em>adolescentium</em></strong></span> <span class='ocrx_word' id='word_1_824' title='bbox 2847 4395 3102 4451; x_wconf 89' lang='lat' dir='ltr'><strong><em>timorem</em></strong></span> <span class='ocrx_word' id='word_1_825' title='bbox 3127 4396 3222 4451; x_wconf 92' lang='lat' dir='ltr'><strong><em>Dei</em></strong></span> <span class='ocrx_word' id='word_1_826' title='bbox 3253 4396 3454 4452; x_wconf 77' lang='lat' dir='ltr'><strong><em>habere</em></strong></span> <span class='ocrx_word' id='word_1_827' title='bbox 3473 4441 3487 4465; x_wconf 95' lang='lat'><strong><em>,</em></strong></span> 
     </span>
    </p>
   </div>
   <div class='ocr_carea' id='block_1_106' title="bbox 1884 4489 3485 4560">
    <p class='ocr_par' dir='ltr' id='par_1_106' title="bbox 1884 4489 3485 4560">
     <span class='ocr_line' id='line_1_107' title="bbox 1884 4489 3485 4560; baseline -0.001 -15"><span class='ocrx_word' id='word_1_828' title='bbox 1884 4489 2100 4546; x_wconf 84' lang='lat' dir='ltr'><strong><em>deferre</em></strong></span> <span class='ocrx_word' id='word_1_829' title='bbox 2148 4489 2470 4560; x_wconf 89' lang='lat' dir='ltr'><strong><em>parentibus</em></strong></span> <span class='ocrx_word' id='word_1_830' title='bbox 2498 4531 2512 4555; x_wconf 93' lang='lat'><strong><em>,</em></strong></span> <span class='ocrx_word' id='word_1_831' title='bbox 2562 4489 2828 4546; x_wconf 89' lang='lat' dir='ltr'><strong><em>honorem</em></strong></span> <span class='ocrx_word' id='word_1_832' title='bbox 2882 4489 3088 4545; x_wconf 88' lang='lat' dir='ltr'><strong><em>habere</em></strong></span> <span class='ocrx_word' id='word_1_833' title='bbox 3134 4489 3485 4558; x_wconf 89' lang='lat' dir='ltr'><strong><em>senioribus,</em></strong></span> 
     </span>
    </p>
   </div>
   <div class='ocr_carea' id='block_1_107' title="bbox 1886 4583 3490 4656">
    <p class='ocr_par' dir='ltr' id='par_1_107' title="bbox 1886 4583 3490 4656">
     <span class='ocr_line' id='line_1_108' title="bbox 1886 4583 3490 4656; baseline -0.001 -18"><span class='ocrx_word' id='word_1_834' title='bbox 1886 4584 2192 4638; x_wconf 88' lang='lat' dir='ltr'><strong><em>castitatem</em></strong></span> <span class='ocrx_word' id='word_1_835' title='bbox 2240 4586 2418 4649; x_wconf 91' lang='lat' dir='ltr'><strong><em>tueri,</em></strong></span> <span class='ocrx_word' id='word_1_836' title='bbox 2457 4583 2561 4656; x_wconf 75' lang='grc' dir='ltr'><strong>ιθ</strong></span> <span class='ocrx_word' id='word_1_837' title='bbox 2603 4599 2712 4639; x_wconf 89' lang='lat' dir='ltr'><strong><em>non</em></strong></span> <span class='ocrx_word' id='word_1_838' title='bbox 2759 4583 3044 4653; x_wconf 89' lang='lat' dir='ltr'><strong><em>aspernari</em></strong></span> <span class='ocrx_word' id='word_1_839' title='bbox 3086 4583 3490 4650; x_wconf 87' lang='lat' dir='ltr'><strong><em>humilitatem,</em></strong></span> 
     </span>
    </p>
   </div>
   <div class='ocr_carea' id='block_1_108' title="bbox 1885 4676 3492 4748">
    <p class='ocr_par' dir='ltr' id='par_1_108' title="bbox 1885 4676 3492 4748">
     <span class='ocr_line' id='line_1_109' title="bbox 1885 4676 3492 4748; baseline -0.002 -15"><span class='ocrx_word' id='word_1_840' title='bbox 1885 4677 2112 4748; x_wconf 81' lang='lat' dir='ltr'><strong><em>diligere</em></strong></span> <span class='ocrx_word' id='word_1_841' title='bbox 2141 4677 2486 4733; x_wconf 88' lang='lat' dir='ltr'><strong><em>clementiam</em></strong></span> <span class='ocrx_word' id='word_1_842' title='bbox 2511 4691 2575 4732; x_wconf 91' lang='lat' dir='ltr'><strong><em>ac</em></strong></span> <span class='ocrx_word' id='word_1_843' title='bbox 2604 4676 2987 4734; x_wconf 89' lang='lat' dir='ltr'><strong><em>verecundiam</em></strong></span> <span class='ocrx_word' id='word_1_844' title='bbox 3006 4718 3021 4743; x_wconf 89' lang='lat'><strong><em>,</em></strong></span> <span class='ocrx_word' id='word_1_845' title='bbox 3054 4693 3176 4747; x_wconf 63' lang='lat' dir='ltr'><strong><em>quae</em></strong></span> <span class='ocrx_word' id='word_1_846' title='bbox 3201 4690 3492 4731; x_wconf 78' lang='lat' dir='ltr'><strong><em>ornamen-</em></strong></span> 
     </span>
    </p>
   </div>
   <div class='ocr_carea' id='block_1_109' title="bbox 1887 4771 3488 4841">
    <p class='ocr_par' dir='ltr' id='par_1_109' title="bbox 1887 4771 3488 4841">
     <span class='ocr_line' id='line_1_110' title="bbox 1887 4771 3488 4841; baseline -0.001 -13"><span class='ocrx_word' id='word_1_847' title='bbox 1887 4780 1943 4828; x_wconf 89' lang='lat' dir='ltr'><strong><em>to</em></strong></span> <span class='ocrx_word' id='word_1_848' title='bbox 1980 4779 2110 4826; x_wconf 90' lang='lat' dir='ltr'><strong><em>sunt</em></strong></span> <span class='ocrx_word' id='word_1_849' title='bbox 2146 4771 2347 4826; x_wconf 90' lang='lat' dir='ltr'><strong><em>minori</em></strong></span> <span class='ocrx_word' id='word_1_850' title='bbox 2398 4771 2569 4825; x_wconf 68' lang='lat' dir='ltr'><strong><em>aetati.</em></strong></span> <span class='ocrx_word' id='word_1_851' title='bbox 2612 4771 2682 4827; x_wconf 91' lang='lat' dir='ltr'><strong><em>Ut</em></strong></span> <span class='ocrx_word' id='word_1_852' title='bbox 2733 4772 2878 4827; x_wconf 91' lang='lat' dir='ltr'><strong><em>enim</em></strong></span> <span class='ocrx_word' id='word_1_853' title='bbox 2929 4772 2982 4826; x_wconf 94' lang='lat' dir='ltr'><strong><em>in</em></strong></span> <span class='ocrx_word' id='word_1_854' title='bbox 3033 4771 3258 4827; x_wconf 86' lang='lat' dir='ltr'><strong><em>senibus</em></strong></span> <span class='ocrx_word' id='word_1_855' title='bbox 3307 4771 3488 4841; x_wconf 88' lang='lat' dir='ltr'><strong><em>gravi-</em></strong></span> 
     </span>
    </p>
   </div>
   <div class='ocr_carea' id='block_1_110' title="bbox 1887 4861 3490 4931">
    <p class='ocr_par' dir='ltr' id='par_1_110' title="bbox 1887 4861 3490 4931">
     <span class='ocr_line' id='line_1_111' title="bbox 1887 4861 3490 4931; baseline 0.002 -13"><span class='ocrx_word' id='word_1_856' title='bbox 1887 4873 2011 4930; x_wconf 88' lang='lat' dir='ltr'><strong><em>tas,</em></strong></span> <span class='ocrx_word' id='word_1_857' title='bbox 2054 4862 2107 4916; x_wconf 91' lang='lat' dir='ltr'><strong><em>in</em></strong></span> <span class='ocrx_word' id='word_1_858' title='bbox 2149 4861 2440 4931; x_wconf 85' lang='lat' dir='ltr'><strong><em>juvenibus</em></strong></span> <span class='ocrx_word' id='word_1_859' title='bbox 2487 4863 2784 4930; x_wconf 86' lang='lat' dir='ltr'><strong><em>alacritas;</em></strong></span> <span class='ocrx_word' id='word_1_860' title='bbox 2833 4864 2907 4918; x_wconf 89' lang='lat' dir='ltr'><strong><em>ita</em></strong></span> <span class='ocrx_word' id='word_1_861' title='bbox 2957 4865 3012 4920; x_wconf 93' lang='lat' dir='ltr'><strong><em>in</em></strong></span> <span class='ocrx_word' id='word_1_862' title='bbox 3051 4863 3490 4922; x_wconf 89' lang='lat' dir='ltr'><strong><em>adolescentibus</em></strong></span> 
     </span>
    </p>
   </div>
   <div class='ocr_carea' id='block_1_111' title="bbox 1873 4994 3488 5068">
    <p class='ocr_par' dir='ltr' id='par_1_111' title="bbox 1873 4994 3488 5068">
     <span class='ocr_line' id='line_1_112' title="bbox 1873 4994 3488 5068; baseline 0.004 -17"><span class='ocrx_word' id='word_1_863' title='bbox 1873 4996 2042 5067; x_wconf 73' lang='lat' dir='ltr'><strong><em>ofﬁcia</em></strong></span> <span class='ocrx_word' id='word_1_864' title='bbox 2068 5011 2170 5048; x_wconf 88' lang='lat' dir='ltr'><strong><em>non</em></strong></span> <span class='ocrx_word' id='word_1_865' title='bbox 2196 4994 2375 5047; x_wconf 83' lang='lat' dir='ltr'><strong><em>eadem</em></strong></span> <span class='ocrx_word' id='word_1_866' title='bbox 2416 4995 2714 5062; x_wconf 82' lang='lat' dir='ltr'><strong><em>disparibus</em></strong></span> <span class='ocrx_word' id='word_1_867' title='bbox 2739 4999 2978 5054; x_wconf 77' lang='lat' dir='ltr'><strong><em>wtatibus</em></strong></span> <span class='ocrx_word' id='word_1_868' title='bbox 3005 5000 3324 5068; x_wconf 85' lang='lat' dir='ltr'><strong><em>tribuuntur,</em></strong></span> <span class='ocrx_word' id='word_1_869' title='bbox 3352 5004 3488 5057; x_wconf 77' lang='lat' dir='ltr'><strong><em>alia-</em></strong></span> 
     </span>
    </p>
   </div>
   <div class='ocr_carea' id='block_1_112' title="bbox 1874 5069 2570 5138">
    <p class='ocr_par' dir='ltr' id='par_1_112' title="bbox 1874 5069 2570 5138">
     <span class='ocr_line' id='line_1_113' title="bbox 1874 5069 2570 5138; baseline -0.003 -17"><span class='ocrx_word' id='word_1_870' title='bbox 1874 5084 1972 5138; x_wconf 78' lang='lat' dir='ltr'><strong><em>que</em></strong></span> <span class='ocrx_word' id='word_1_871' title='bbox 1999 5075 2117 5138; x_wconf 79' lang='lat' dir='ltr'><strong><em>sunt</em></strong></span> <span class='ocrx_word' id='word_1_872' title='bbox 2134 5069 2390 5138; x_wconf 81' lang='lat' dir='ltr'><strong><em>juvenum</em></strong></span> <span class='ocrx_word' id='word_1_873' title='bbox 2414 5106 2430 5130; x_wconf 96' lang='lat'><strong><em>,</em></strong></span> <span class='ocrx_word' id='word_1_874' title='bbox 2464 5077 2570 5121; x_wconf 89' lang='lat' dir='ltr'><strong><em>etc.</em></strong></span> 
     </span>
    </p>
   </div>
   <div class='ocr_carea' id='block_1_113' title="bbox 1955 5136 3483 5204">
    <p class='ocr_par' dir='ltr' id='par_1_113' title="bbox 1955 5136 3483 5204">
     <span class='ocr_line' id='line_1_114' title="bbox 1955 5136 3483 5204; baseline 0.007 -11"><span class='ocrx_word' id='word_1_875' title='bbox 1955 5136 1973 5175; x_wconf 70' lang='grc' dir='ltr'><strong>ί</strong></span> <span class='ocrx_word' id='word_1_876' title='bbox 2008 5136 2208 5193; x_wconf 80' lang='lat' dir='ltr'><strong><em>Omnes</em></strong></span> <span class='ocrx_word' id='word_1_877' title='bbox 2233 5137 2365 5192; x_wconf 88' lang='lat' dir='ltr'><strong><em>edit.</em></strong></span> <span class='ocrx_word' id='word_1_878' title='bbox 2384 5178 2397 5201; x_wconf 93' lang='lat'><strong><em>,</em></strong></span> <span class='ocrx_word' id='word_1_879' title='bbox 2423 5138 2580 5191; x_wconf 88' lang='lat' dir='ltr'><strong><em>simul</em></strong></span> <span class='ocrx_word' id='word_1_880' title='bbox 2619 5141 2790 5193; x_wconf 87' lang='lat' dir='ltr'><strong><em>studia</em></strong></span> <span class='ocrx_word' id='word_1_881' title='bbox 2820 5141 3072 5196; x_wconf 86' lang='lat' dir='ltr'><strong><em>bonorum</em></strong></span> <span class='ocrx_word' id='word_1_882' title='bbox 3102 5153 3309 5198; x_wconf 82' lang='lat' dir='ltr'><strong><em>actuum</em></strong></span> <span class='ocrx_word' id='word_1_883' title='bbox 3339 5161 3358 5200; x_wconf 88' lang='lat'><strong><em>:</em></strong></span> <span class='ocrx_word' id='word_1_884' title='bbox 3385 5147 3483 5204; x_wconf 88' lang='lat' dir='ltr'><strong><em>sed</em></strong></span> 
     </span>
    </p>
   </div>
   <div class='ocr_carea' id='block_1_114' title="bbox 1877 5207 3490 5281">
    <p class='ocr_par' dir='ltr' id='par_1_114' title="bbox 1877 5207 3490 5281">
     <span class='ocr_line' id='line_1_115' title="bbox 1877 5207 3490 5281; baseline 0.007 -18"><span class='ocrx_word' id='word_1_885' title='bbox 1877 5226 1998 5281; x_wconf 72' lang='lat' dir='ltr'><strong><em>qua:</em></strong></span> <span class='ocrx_word' id='word_1_886' title='bbox 2028 5207 2398 5281; x_wconf 81' lang='lat' dir='ltr'><strong><em>reSecav_imus</em></strong></span> <span class='ocrx_word' id='word_1_887' title='bbox 2419 5250 2435 5274; x_wconf 96' lang='lat'><strong><em>,</em></strong></span> <span class='ocrx_word' id='word_1_888' title='bbox 2464 5224 2492 5261; x_wconf 93' lang='lat' dir='ltr'><strong><em>a</em></strong></span> <span class='ocrx_word' id='word_1_889' title='bbox 2537 5224 2668 5264; x_wconf 88' lang='lat' dir='ltr'><strong><em>mss.</em></strong></span> <span class='ocrx_word' id='word_1_890' title='bbox 2693 5212 2922 5276; x_wconf 90' lang='lat' dir='ltr'><strong><em>absunt,</em></strong></span> <span class='ocrx_word' id='word_1_891' title='bbox 2949 5230 3049 5268; x_wconf 89' lang='lat' dir='ltr'><strong><em>nec</em></strong></span> <span class='ocrx_word' id='word_1_892' title='bbox 3079 5214 3332 5271; x_wconf 83' lang='lat' dir='ltr'><strong><em>videntur</em></strong></span> <span class='ocrx_word' id='word_1_893' title='bbox 3359 5234 3490 5274; x_wconf 84' lang='lat' dir='ltr'><strong><em>sen-</em></strong></span> 
     </span>
    </p>
   </div>
   <div class='ocr_carea' id='block_1_115' title="bbox 1879 5279 3485 5354">
    <p class='ocr_par' dir='ltr' id='par_1_115' title="bbox 1879 5279 3485 5354">
     <span class='ocr_line' id='line_1_116' title="bbox 1879 5279 3485 5354; baseline 0.006 -19"><span class='ocrx_word' id='word_1_894' title='bbox 1879 5279 1961 5337; x_wconf 82' lang='lat' dir='ltr'><strong><em>sui</em></strong></span> <span class='ocrx_word' id='word_1_895' title='bbox 1995 5280 2106 5354; x_wconf 87' lang='lat' dir='ltr'><strong><em>ullo</em></strong></span> <span class='ocrx_word' id='word_1_896' title='bbox 2139 5279 2299 5333; x_wconf 87' lang='lat' dir='ltr'><strong><em>modo</em></strong></span> <span class='ocrx_word' id='word_1_897' title='bbox 2350 5282 2681 5354; x_wconf 82' lang='lat' dir='ltr'><strong><em>necessaria.</em></strong></span> <span class='ocrx_word' id='word_1_898' title='bbox 2711 5281 2922 5338; x_wconf 87' lang='lat' dir='ltr'><strong><em>Rursus</em></strong></span> <span class='ocrx_word' id='word_1_899' title='bbox 2947 5285 3078 5340; x_wconf 90' lang='lat' dir='ltr'><strong><em>edit.</em></strong></span> <span class='ocrx_word' id='word_1_900' title='bbox 3107 5293 3162 5340; x_wconf 92' lang='lat' dir='ltr'><strong><em>et</em></strong></span> <span class='ocrx_word' id='word_1_901' title='bbox 3199 5288 3354 5354; x_wconf 89' lang='lat' dir='ltr'><strong><em>pauci</em></strong></span> <span class='ocrx_word' id='word_1_902' title='bbox 3396 5305 3485 5345; x_wconf 89' lang='lat' dir='ltr'><strong><em>re-</em></strong></span> 
     </span>
    </p>
   </div>
   <div class='ocr_carea' id='block_1_116' title="bbox 1878 5353 3484 5423">
    <p class='ocr_par' dir='ltr' id='par_1_116' title="bbox 1878 5353 3484 5423">
     <span class='ocr_line' id='line_1_117' title="bbox 1878 5353 3484 5423; baseline 0.004 -14"><span class='ocrx_word' id='word_1_903' title='bbox 1878 5353 2261 5421; x_wconf 86' lang='lat' dir='ltr'><strong><em>centioresque</em></strong></span> <span class='ocrx_word' id='word_1_904' title='bbox 2284 5366 2414 5406; x_wconf 89' lang='lat' dir='ltr'><strong><em>mss.</em></strong></span> <span class='ocrx_word' id='word_1_905' title='bbox 2427 5392 2442 5415; x_wconf 89' lang='lat'><strong><em>,</em></strong></span> <span class='ocrx_word' id='word_1_906' title='bbox 2456 5353 2660 5423; x_wconf 76' lang='lat' dir='ltr'><strong><em>deferre</em></strong></span> <span class='ocrx_word' id='word_1_907' title='bbox 2673 5355 2968 5422; x_wconf 86' lang='lat' dir='ltr'><strong><em>parentibus</em></strong></span> <span class='ocrx_word' id='word_1_908' title='bbox 2997 5353 3270 5422; x_wconf 80' lang='lat' dir='ltr'><strong><em>honorem,</em></strong></span> <span class='ocrx_word' id='word_1_909' title='bbox 3297 5359 3484 5416; x_wconf 81' lang='lat' dir='ltr'><strong><em>habere</em></strong></span> 
     </span>
    </p>
   </div>
   <div class='ocr_carea' id='block_1_117' title="bbox 1869 5425 3482 5492">
    <p class='ocr_par' dir='ltr' id='par_1_117' title="bbox 1869 5425 3482 5492">
     <span class='ocr_line' id='line_1_118' title="bbox 1869 5425 3482 5492; baseline 0.004 -13"><span class='ocrx_word' id='word_1_910' title='bbox 1869 5425 2156 5479; x_wconf 86' lang='lat' dir='ltr'><strong><em>senioribus</em></strong></span> <span class='ocrx_word' id='word_1_911' title='bbox 2181 5427 2522 5479; x_wconf 83' lang='lat' dir='ltr'><strong><em>reverentiam</em></strong></span> <span class='ocrx_word' id='word_1_912' title='bbox 2549 5427 2760 5492; x_wconf 89' lang='lat' dir='ltr'><strong><em>:plures</em></strong></span> <span class='ocrx_word' id='word_1_913' title='bbox 2787 5436 2968 5481; x_wconf 88' lang='lat' dir='ltr'><strong><em>autem</em></strong></span> <span class='ocrx_word' id='word_1_914' title='bbox 2992 5443 3055 5481; x_wconf 85' lang='lat' dir='ltr'><strong><em>ac</em></strong></span> <span class='ocrx_word' id='word_1_915' title='bbox 3083 5430 3322 5492; x_wconf 87' lang='lat' dir='ltr'><strong><em>potiores</em></strong></span> <span class='ocrx_word' id='word_1_916' title='bbox 3349 5445 3482 5486; x_wconf 89' lang='lat' dir='ltr'><strong><em>mss.</em></strong></span> 
     </span>
    </p>
   </div>
   <div class='ocr_carea' id='block_1_118' title="bbox 1866 5496 3484 5569">
    <p class='ocr_par' dir='ltr' id='par_1_118' title="bbox 1866 5496 3484 5569">
     <span class='ocr_line' id='line_1_119' title="bbox 1866 5496 3484 5569; baseline 0.003 -19"><span class='ocrx_word' id='word_1_917' title='bbox 1866 5496 2108 5567; x_wconf 84' lang='lat' dir='ltr'><strong><em>jugulata</em></strong></span> <span class='ocrx_word' id='word_1_918' title='bbox 2153 5511 2286 5552; x_wconf 82' lang='lat' dir='ltr'><strong><em>voce</em></strong></span> <span class='ocrx_word' id='word_1_919' title='bbox 2326 5497 2698 5569; x_wconf 78' lang='lat' dir='ltr'><strong><em>reverentiam,</em></strong></span> <span class='ocrx_word' id='word_1_920' title='bbox 2740 5498 2961 5552; x_wconf 87' lang='lat' dir='ltr'><strong><em>verbum</em></strong></span> <span class='ocrx_word' id='word_1_921' title='bbox 3006 5499 3209 5569; x_wconf 74' lang='lat' dir='ltr'><strong><em>deferre</em></strong></span> <span class='ocrx_word' id='word_1_922' title='bbox 3234 5500 3484 5558; x_wconf 86' lang='lat' dir='ltr'><strong><em>ahsolute</em></strong></span> 
     </span>
    </p>
   </div>
   <div class='ocr_carea' id='block_1_119' title="bbox 1873 5567 3484 5640">
    <p class='ocr_par' dir='ltr' id='par_1_119' title="bbox 1873 5567 3484 5640">
     <span class='ocr_line' id='line_1_120' title="bbox 1873 5567 3484 5640; baseline 0.002 -17"><span class='ocrx_word' id='word_1_923' title='bbox 1873 5578 2098 5636; x_wconf 88' lang='lat' dir='ltr'><strong><em>p0nunt;</em></strong></span> <span class='ocrx_word' id='word_1_924' title='bbox 2124 5583 2224 5623; x_wconf 90' lang='lat' dir='ltr'><strong><em>nec</em></strong></span> <span class='ocrx_word' id='word_1_925' title='bbox 2251 5584 2356 5622; x_wconf 91' lang='lat' dir='ltr'><strong><em>non</em></strong></span> <span class='ocrx_word' id='word_1_926' title='bbox 2379 5567 2596 5640; x_wconf 81' lang='lat' dir='ltr'><strong><em>ctinfra</em></strong></span> <span class='ocrx_word' id='word_1_927' title='bbox 2620 5568 2829 5624; x_wconf 88' lang='lat' dir='ltr'><strong><em>duobus</em></strong></span> <span class='ocrx_word' id='word_1_928' title='bbox 2848 5569 3004 5637; x_wconf 83' lang='lat' dir='ltr'><strong><em>locis,</em></strong></span> <span class='ocrx_word' id='word_1_929' title='bbox 3021 5567 3484 5640; x_wconf 80' lang='lat' dir='ltr'><strong><em>quorumeprimo</em></strong></span> 
     </span>
    </p>
   </div>
   <div class='ocr_carea' id='block_1_120' title="bbox 1871 5639 3486 5710">
    <p class='ocr_par' dir='ltr' id='par_1_120' title="bbox 1871 5639 3486 5710">
     <span class='ocr_line' id='line_1_121' title="bbox 1871 5639 3486 5710; baseline 0.002 -16"><span class='ocrx_word' id='word_1_930' title='bbox 1871 5652 2185 5710; x_wconf 81' lang='lat' dir='ltr'><strong><em>expungunt</em></strong></span> <span class='ocrx_word' id='word_1_931' title='bbox 2211 5655 2399 5695; x_wconf 78' lang='lat' dir='ltr'><strong><em>vocem</em></strong></span> <span class='ocrx_word' id='word_1_932' title='bbox 2428 5639 2692 5701; x_wconf 76' lang='lat' dir='ltr'><strong><em>honorem.</em></strong></span> <span class='ocrx_word' id='word_1_933' title='bbox 2724 5655 2847 5709; x_wconf 76' lang='lat' dir='ltr'><strong><em>qua:</em></strong></span> <span class='ocrx_word' id='word_1_934' title='bbox 2892 5641 2947 5696; x_wconf 92' lang='lat' dir='ltr'><strong><em>in</em></strong></span> <span class='ocrx_word' id='word_1_935' title='bbox 2997 5642 3126 5697; x_wconf 90' lang='lat' dir='ltr'><strong><em>edit.</em></strong></span> <span class='ocrx_word' id='word_1_936' title='bbox 3162 5639 3334 5710; x_wconf 80' lang='lat' dir='ltr'><strong><em>posita</em></strong></span> <span class='ocrx_word' id='word_1_937' title='bbox 3367 5653 3486 5697; x_wconf 88' lang='lat' dir='ltr'><strong><em>erat</em></strong></span> 
     </span>
    </p>
   </div>
   <div class='ocr_carea' id='block_1_121' title="bbox 1870 5711 3482 5784">
    <p class='ocr_par' dir='ltr' id='par_1_121' title="bbox 1870 5711 3482 5784">
     <span class='ocr_line' id='line_1_122' title="bbox 1870 5711 3482 5784; baseline 0 -18"><span class='ocrx_word' id='word_1_938' title='bbox 1870 5724 2018 5784; x_wconf 85' lang='lat' dir='ltr'><strong><em>ante,</em></strong></span> <span class='ocrx_word' id='word_1_939' title='bbox 2039 5711 2313 5784; x_wconf 79' lang='lat' dir='ltr'><strong><em>deferens:</em></strong></span> <span class='ocrx_word' id='word_1_940' title='bbox 2347 5713 2600 5784; x_wconf 86' lang='lat' dir='ltr'><strong><em>inaltero</em></strong></span> <span class='ocrx_word' id='word_1_941' title='bbox 2625 5718 2804 5765; x_wconf 86' lang='lat' dir='ltr'><strong><em>autem</em></strong></span> <span class='ocrx_word' id='word_1_942' title='bbox 2829 5713 3074 5784; x_wconf 83' lang='lat' dir='ltr'><strong><em>scribunt</em></strong></span> <span class='ocrx_word' id='word_1_943' title='bbox 3101 5715 3282 5769; x_wconf 87' lang='lat' dir='ltr'><strong><em>sedulo</em></strong></span> <span class='ocrx_word' id='word_1_944' title='bbox 3313 5725 3482 5768; x_wconf 85' lang='lat' dir='ltr'><strong><em>tamen</em></strong></span> 
     </span>
    </p>
   </div>
   <div class='ocr_carea' id='block_1_122' title="bbox 1874 5783 3486 5856">
    <p class='ocr_par' dir='ltr' id='par_1_122' title="bbox 1874 5783 3486 5856">
     <span class='ocr_line' id='line_1_123' title="bbox 1874 5783 3486 5856; baseline 0.002 -19"><span class='ocrx_word' id='word_1_945' title='bbox 1874 5783 2115 5856; x_wconf 88' lang='lat' dir='ltr'><strong><em>obsequio</em></strong></span> <span class='ocrx_word' id='word_1_946' title='bbox 2129 5826 2143 5851; x_wconf 87' lang='lat'><strong><em>,</em></strong></span> <span class='ocrx_word' id='word_1_947' title='bbox 2188 5800 2287 5854; x_wconf 89' lang='lat' dir='ltr'><strong><em>pro</em></strong></span> <span class='ocrx_word' id='word_1_948' title='bbox 2331 5783 2568 5839; x_wconf 84' lang='lat' dir='ltr'><strong><em>sedulum</em></strong></span> <span class='ocrx_word' id='word_1_949' title='bbox 2595 5793 2763 5839; x_wconf 88' lang='lat' dir='ltr'><strong><em>tamen</em></strong></span> <span class='ocrx_word' id='word_1_950' title='bbox 2796 5783 3114 5853; x_wconf 85' lang='lat' dir='ltr'><strong><em>obsequium,</em></strong></span> <span class='ocrx_word' id='word_1_951' title='bbox 3160 5785 3486 5841; x_wconf 87' lang='lat' dir='ltr'><strong><em>editionum.</em></strong></span> 
     </span>
    </p>
   </div>
   <div class='ocr_carea' id='block_1_123' title="bbox 2887 5876 2926 5934">
    <p class='ocr_par' dir='ltr' id='par_1_123' title="bbox 2887 5876 2926 5934">
     <span class='ocr_line' id='line_1_124' title="bbox 2887 5876 2926 5934; baseline 0 0"><span class='ocrx_word' id='word_1_952' title='bbox 2887 5876 2926 5934; x_wconf 80' lang='grc'><strong>2</strong></span> 
     </span>
    </p>
   </div>
  </div>
