4030 6188
491 197 563 257 ιδ
1860 201 2083 260 SANCT

2200 203 2471 264 LIBROS"
3736 217 3805 274 44

484 314 813 372 verecundia
841 357 856 382 ,
880 317 1036 399 velut
1083 316 1317 389 quadam
1362 315 1489 371 dote
1533 316 1948 375 commendatur
1990 334 2087 374 na-
2116 338 2167 401 Α
2198 319 2435 392 fugiebat
2464 338 2561 380 ora
2612 324 2813 383 intueri
2844 327 3121 396 virorum;
3154 339 3238 387 est
3267 332 3414 388 enim
3446 342 3501 389 et
3529 335 3586 392 in
3628 338 3806 393 oculis

494 417 652 463 turre.

560 502 649 556 66.
692 500 815 557 Erat
856 500 1004 556 Isaac
1048 500 1341 563 Dominum
1377 502 1573 558 timens
1601 546 1615 571 ,
1647 511 1835 575 utpote
1862 502 2096 560 Abrahae

487 592 733 658 indoles,
766 591 1022 648 deferens
1052 593 1191 663 patri
1216 609 1389 665 usque
1418 594 1557 650 adeo
1579 637 1594 660 ,
1627 604 1684 650 ut
1711 595 1978 652 adversus
2008 612 2098 664 pa-

492 696 700 749 ternam
725 684 1060 741 voluntatem
1083 701 1183 742 nec
1208 698 1442 745 mortem
1470 698 1749 747 recusaret
1771 687 1926 762 (Gen.
1950 703 2063 744 χιιι
2079 729 2094 755 ,

499 776 532 839 9
558 784 605 829 et
627 771 778 846 seq.).
800 774 1004 847 Joseph
1031 793 1248 850 qunque
1272 793 1396 837 cum
1425 779 1751 843 somniasset
1772 779 1918 850 quod
1939 780 2023 836 Sol
2044 790 2099 834 et

488 870 613 933 luna
635 879 691 925 et
716 870 895 929 stella:
914 871 1207 933 adorarent
1231 888 1381 939 eum,
1411 873 1607 929 sedulo
1632 884 1810 931 tamen
1830 872 2096 942 obsequio

487 962 769 1029 deferebat
817 964 953 1032 patri
997 962 1152 1037 (Gen.
1199 980 1419 1028 xxxvu.
1450 964 1483 1021 6
1512 976 1559 1019 et
1589 966 1724 1035 seq.)
1759 984 1772 1021 :
1805 976 1992 1021 castus
2023 966 2094 1020 ita

488 1064 547 1108 ut
593 1069 660 1108 ne
709 1068 1022 1110 sermonem
1062 1055 1282 1126 quidem
1333 1057 1527 1112 audire
1565 1058 1730 1111 vellet
1782 1057 1887 1111 nisi
1935 1055 2098 1127 pudi-

484 1162 606 1204 cmn
637 1165 649 1200 :
682 1148 902 1203 humilis
933 1165 1108 1220 usque
1133 1150 1200 1204 ad
1231 1150 1559 1205 servitutem
1583 1192 1597 1215 ,
1632 1149 1977 1207 verecundus
2006 1164 2097 1205 us-

485 1257 593 1313 que
614 1242 680 1296 ad
712 1241 887 1313 fugam
908 1284 921 1309 ,
950 1244 1162 1314 patiens
1193 1259 1366 1314 usque
1400 1243 1467 1301 ad
1492 1258 1797 1312 carcerem,
1833 1244 2099 1300 remis-sor

488 1335 701 1406 injuria:
732 1352 899 1408 usque
926 1337 994 1393 ad
1024 1339 1550 1395 remunerationem.
1580 1336 1749 1408 Cujus
1769 1349 1920 1395 tanta
1941 1354 2098 1395 vere-

488 1429 685 1487 cundia
726 1428 828 1487 fuit
854 1472 867 1495 ,
921 1438 979 1485 ut
1022 1430 1455 1503 cmnprebensus
1496 1448 1527 1486 a
1574 1430 1802 1487 muliere
1828 1473 1843 1498 ,
1888 1442 2094 1487 vestem

491 1523 544 1577 in
584 1523 841 1587 manibus
880 1522 998 1593 ejus
1046 1522 1262 1594 fugiens
1302 1524 1491 1579 mallet
1532 1525 1847 1594 relinquere
1871 1565 1885 1590 ,
1933 1539 2095 1595 quam

484 1614 873 1673 verecundiam
902 1615 1180 1686 deponere
1212 1615 1366 1686 (Gen.
1401 1632 1595 1683 uitis,
1622 1617 1656 1675 8
1684 1625 1729 1670 et
1758 1615 1914 1689 καφ).
1950 1615 2096 1687 Moy-

484 1721 573 1771 ses
598 1722 816 1779 quoque
838 1716 893 1765 et
920 1707 1221 1765 Hieremias
1246 1709 1405 1764 electi
1431 1724 1461 1765 a
1493 1709 1722 1767 Domino
1743 1751 1758 1778 ,
1792 1718 1853 1764 ut
1876 1709 2094 1765 oracula

486 1798 581 1865 Dei
610 1800 971 1873 praedicarent
995 1802 1226 1871 populo,
1255 1801 1399 1873 quod
1423 1808 1680 1872 poterant
1703 1817 1800 1873 per
1825 1805 2088 1873 gratiam,

483 1894 825 1959 excusabant
866 1908 962 1965 per
990 1894 1377 1951 verecundiam
1406 1894 1618 1968 (Exod.
1646 1911 1732 1962 tv,
1765 1894 1860 1961 10;
1889 1892 2084 1953 Jerem.

489 1986 660 2055 1,6).

1056 2078 1288 2139 CAPUT
1323 2078 1513 2139 XVIII.

487 2165 568 2228 De
599 2169 831 2241 partibus
858 2170 1176 2227 verecundiae
1200 2187 1218 2226 :
1247 2171 1687 2242 quemadmodum
1716 2187 2001 2226 sermonem
2032 2187 2092 2226 ac

558 2262 822 2317 silentium
870 2273 1149 2336 temperet,
1198 2265 1504 2336 pudicitiam
1550 2265 1864 2332 comitetur,
1916 2280 2092 2335 preces

557 2366 759 2413 nostras
788 2356 899 2412 Deo
930 2357 1280 2421 commendet,
1311 2358 1533 2412 motibus
1565 2358 1827 2430 corporeis
1861 2358 2093 2412 modere—

558 2459 679 2515 tur;
707 2448 794 2502 ubi
838 2449 1059 2519 refertur
1087 2449 1309 2504 historia
1337 2450 1401 2504 de
1442 2449 1643 2504 duobus
1692 2449 1890 2505 clericis
1921 2449 2095 2504 obser-

555 2551 677 2596 vatu
718 2541 929 2597 minime
957 2542 1174 2613 indigna
1200 2558 1219 2596 :
1248 2551 1355 2597 tum
1398 2541 1722 2595 subnectitur
1749 2557 1850 2611 qua
1890 2541 2094 2597 ratione

557 2635 945 2705 componendus
983 2652 1046 2692 ea:
1090 2635 1269 2689 eadem
1314 2635 1504 2689 virtute
1552 2636 1814 2700 incessus,
1842 2645 2095 2703 quantove

557 2729 726 2783 cautio
772 2745 835 2784 ne
878 2729 1005 2799 quid
1053 2728 1453 2785 inverecundum
1500 2744 1588 2783 ore
1638 2730 1973 2800 proferatur,
2004 2741 2095 2785 aut

556 2821 828 2893 delegatur
858 2821 912 2875 in
943 2837 1157 2891 corpore
1176 2863 1189 2885 ,
1222 2820 1518 2876 adhibenda
1549 2823 1615 2875 sit
1640 2836 1657 2877 :
1687 2832 1733 2879 et
1765 2822 1872 2877 haec
1920 2826 2095 2877 omnia

565 2914 815 2984 exemplis
844 2915 1245 2984 appositissimis
1272 2915 1623 2970 illustrantur.

557 3006 648 3062 67.
690 3006 921 3063 Pulchra
952 3007 1117 3076 igitur
1144 3016 1169 3043 λ
1202 3008 1378 3063 virtus
1428 3017 1514 3064 est
1540 3007 1568 3045 δ
1603 3007 1954 3065 verecundia}
1975 3049 1991 3073 ,
2038 3016 2094 3063 et

2205 416 2530 472 verecundia
2554 458 2569 482 ,
2600 427 2658 475 ιιι
2688 434 2790 476 nec
2816 421 3002 480 videre
3040 424 3187 481 viros
3219 426 3421 483 femina
3441 468 3457 495 ,
3490 444 3595 486 nec
3623 431 3803 487 videri

2199 508 2354 563 velit.

2270 599 2357 654 69.
2400 600 2588 673 Neque
2618 619 2748 661 vero
2771 607 3055 680 quisquam
3083 611 3258 669 solius
3283 612 3423 671 hanc
3450 614 3666 673 laudem
3692 620 3805 692 20

2199 694 2464 749 castitatis
2513 706 2681 767 putet.
2709 700 2805 755 Est
2845 704 2988 758 enim
3022 706 3349 765 verecundia
3397 709 3670 779 pudicitiae
3709 729 3807 769 co-

2200 800 2317 840 mes
2338 827 2352 852 ,
2378 788 2534 858 cujus
2565 792 2829 851 societate
2875 797 3102 857 castitas
3145 800 3259 868 ipsa
3291 803 3457 859 tutior
3486 815 3588 861 est.
3621 806 3807 869 Bonus

2198 878 2346 933 enim
2378 882 2629 952 regenda:
2659 887 2930 942 comitatis
2963 889 3138 961 pudor
3168 900 3252 948 est
3296 909 3486 955 comes
3518 914 3532 951 :
3564 910 3585 936 ο
3633 900 3723 969 qui
3757 898 3809 955 si

2198 984 2258 1024 se
2307 974 2608 1042 [irrctendat
2668 977 2734 1035 ad
2791 995 2854 1039 ea
2914 997 3034 1052 quae
3099 986 3273 1057 prima
3337 990 3574 1066 pericula
3633 1001 3807 1061 sunt,

2200 1066 2512 1135 pudicitiam
2550 1074 2803 1129 temerari
2837 1091 2944 1131 non
2991 1078 3154 1135 sinat.
3192 1080 3289 1137 Hic
3332 1084 3541 1160 primus
3584 1085 3637 1143 in
3688 1085 3810 1156 ipso

2198 1159 2524 1229 cognitionis
2582 1165 2868 1235 ingressu,
2923 1168 3137 1225 Domini
3180 1182 3411 1229 matrem
3459 1177 3812 1234 commendat

2199 1248 2533 1321 legentibus,
2565 1264 2621 1310 et
2651 1265 2925 1329 tamquam
2958 1264 3109 1316 testis
3137 1263 3412 1337 locuples,
3439 1267 3655 1338 dignam
3681 1286 3811 1341 qua:

2198 1344 2265 1398 ad
2298 1347 2401 1401 tale
2433 1363 2629 1404 munus
2658 1349 2982 1421 eligeretur,
3006 1357 3202 1417 astruit
3234 1374 3247 1412 :
3296 1358 3440 1433 quod
3487 1362 3540 1417 in
3580 1362 3811 1418 cubicu-

2199 1435 2289 1500 lo,
2319 1438 2461 1509 quod
2493 1440 2645 1507 sola,
2693 1445 2837 1509 quod
2891 1446 3132 1504 salutata
3177 1450 3247 1505 ab
3277 1452 3471 1523 angelo
3519 1463 3698 1522 tacet,
3748 1466 3812 1511 et

2199 1540 2344 1585 mota
2366 1542 2453 1587 est
2482 1536 2532 1587 in
2562 1534 2785 1592 introitu
2810 1539 2927 1608 ejus
2944 1581 2960 1608 ,
2988 1542 3130 1611 quod
3160 1543 3229 1600 ad
3254 1545 3424 1603 virilis
3446 1545 3656 1607 sexus‘1
3678 1564 3810 1620 spe-

2198 1623 2338 1680 ciem
2373 1631 2712 1699 peregrinam
2746 1633 2995 1691 turbatur
3022 1650 3275 1709 aspectus
3299 1640 3539 1712 Virginis
3561 1642 3719 1717 (Luc.
3748 1661 3805 1713 ι.

2125 1734 2174 1796 Β
2198 1717 2270 1773 29
2291 1730 2338 1774 et
2367 1722 2520 1792 seq.).
2546 1723 2729 1795 Itaque
2755 1729 3002 1799 quamvis
3031 1742 3180 1788 esset
3212 1735 3429 1793 ltumilis
3456 1778 3471 1804 ,
3506 1753 3615 1807 prie
3643 1755 3809 1797 vere-

2196 1812 2393 1867 cundia
2418 1822 2600 1872 tamen
2630 1817 2957 1877 salutantem
2985 1838 3092 1879 non
3120 1825 3437 1885 resalutavit
3456 1870 3473 1895 ,
3504 1845 3606 1886 nec
3630 1830 3819 1887 ullum-

2197 1922 2518 1977 responsum
2567 1914 2791 1980 retulit,
2827 1916 2928 1972 nisi
2958 1917 3051 1972 ubi
3090 1918 3160 1976 de
3206 1921 3554 1992 suscipienda
3584 1924 3808 1982 Domini

2194 2002 2554 2069 generatione
2589 2009 2886 2076 cognovit;
2920 2019 2980 2065 ut
3008 2011 3328 2081 qualitatem
3371 2014 3599 2075 effectus
3624 2018 3809 2076 disce-

2196 2102 2316 2158 ret,
2352 2107 2459 2147 non
2492 2103 2550 2149 ut
2578 2110 2892 2155 sermonem
2925 2105 3174 2160 referret.

2268 2185 2359 2240 70.
2400 2185 2460 2241 In
2505 2188 2618 2257 ipsa
2652 2190 2903 2250 oratione
2953 2204 3139 2254 nostra
3188 2199 3421 2257 multum
3469 2203 3805 2261 verecundia

2197 2277 2415 2348 placet,
2476 2281 2709 2338 multum
2754 2287 3015 2344 conciliat
3065 2292 3253 2359 gratia:
3302 2294 3451 2364 apud
3489 2296 3659 2355 Deum
3705 2312 3809 2352 no-

2197 2378 2393 2424 strum.
2416 2371 2605 2428 Nonne
2635 2375 2749 2430 hinc
2777 2380 3417 2453 praitulitPublicanum,
3446 2395 3500 2445 et
3524 2402 3811 2446 commen—

2196 2460 2351 2516 davit
2382 2480 2506 2520 eum
2537 2467 2628 2538 qui
2659 2484 2759 2524 nec
2786 2471 2979 2527 oculos
3000 2489 3126 2529 suos
3155 2476 3393 2536 audebat
3413 2478 3481 2535 ad
3507 2480 3700 2537 coelum
3727 2483 3810 2540 le-

2196 2557 2361 2612 vare?
2392 2558 2518 2614 Ideo
2544 2560 2874 2630 justificatur
2905 2567 3075 2636 magis
3124 2568 3333 2625 Domini
3359 2572 3601 2641 judicio,
3639 2591 3807 2646 quam

2198 2648 2289 2703 ille
2320 2651 2628 2708 Pbarismus
2649 2695 2661 2716 .
2702 2670 2862 2725 quem
2894 2656 3220 2714 deformavit
3250 2664 3605 2736 prhsumptio
3636 2666 3806 2735 (Luc.

2197 2757 2351 2809 xvm,
2382 2743 2471 2809 15,
2499 2742 2605 2818 ii).
2624 2744 2865 2820 Ideoque
2885 2765 3105 2806 oremus
3132 2753 3184 2807 in
3209 2752 3618 2823 incorruptione
3633 2760 3809 2828 quieti

2200 2845 2254 2888 ct
2306 2834 2540 2892 modesti
2594 2839 2856 2907 Spiritus,
2899 2843 2992 2913 qui
3027 2854 3111 2899 est
3160 2851 3288 2898 ante
3323 2847 3491 2902 Deum
3522 2847 3805 2920 locuples,

2195 2934 2255 2981 ut
2280 2928 2355 2980 ait
2383 2928 2572 2984 Petrus
2600 2930 2645 3002 (Ι
2672 2929 2816 2986 Petr.
2844 2949 2937 2996 tu,
2959 2933 3043 3006 4).
3075 2934 3263 3006 Magna
3296 2936 3464 3008 igitur
3493 2940 3800 3009 modestia,

2194 3034 2316 3090 quae
2346 3036 2468 3076 cum
2520 3024 2590 3077 sit
2634 3024 2799 3080 etiam
2847 3027 2933 3081 sui
2976 3026 3118 3101 juris
3169 3030 3485 3097 remissior,
3515 3032 3647 3087 nihil
3697 3033 3809 3090 sibi

485 3100 667 3155 suavis
697 3100 872 3169 gratia
893 3143 906 3166 ,
939 3116 1059 3169 qua:
1093 3116 1202 3155 non
1231 3100 1411 3156 solum
1448 3100 1502 3155 in
1554 3100 1708 3156 factis
1733 3143 1749 3168 ,
1789 3100 1885 3157 sed
1919 3102 2084 3157 etiam
2117 3134 2164 3197 Ο
2197 3128 2495 3183 usurpans,
2528 3116 2663 3169 ηίιιίι
2694 3117 3011 3186 vindicans,
3037 3128 3092 3175 et
3120 3121 3524 3192 quodammodo
3558 3124 3697 3181 intra
3727 3126 3816 3180 vi-

484 3193 538 3247 in
590 3192 725 3265 ipsis
772 3200 1050 3262 spectatur
1078 3192 1471 3257 sermonibus;
1504 3209 1572 3246 ne
1614 3192 1834 3247 modum
1868 3206 2092 3263 progre-
2130 3192 2155 3207 τ

485 3286 650 3342 diaris
682 3286 978 3354 loquendi,
1023 3302 1092 3342 ne
1120 3285 1254 3358 quid
1282 3285 1601 3341 indecorum
1652 3304 1836 3343 sermo
1871 3295 2093 3343 resonet

484 3389 629 3434 tuus.
671 3380 964 3450 Speculum
994 3380 1142 3436 enim
1189 3383 1388 3435 mentis
1439 3381 1758 3451 plerumque
1805 3381 1858 3436 in
1907 3381 2090 3435 verbis

485 3473 738 3544 refulget.
782 3472 962 3543 Ipsum
1019 3473 1168 3526 vocis
1224 3487 1416 3526 sonum
1463 3472 1627 3527 librat
1672 3472 1940 3527 modestia
1968 3514 1982 3538 ,
2022 3488 2092 3527 nc

483 3564 801 3636 cujusquam
846 3564 1089 3620 offendat
1132 3579 1322 3619 aurem
1360 3579 1464 3619 vox
1514 3563 1727 3619 fortior.
1760 3565 2006 3637 Denique
2035 3566 2088 3620 in

483 3660 604 3730 ipso
628 3661 855 3714 canendi
881 3673 1083 3730 genere
1112 3659 1285 3728 prima
1307 3658 1592 3728 disciplina
1622 3659 1943 3714 verecundia
1968 3670 2051 3714 est
2073 3676 2086 3713 :

482 3757 651 3812 immo
682 3756 846 3811 etiam
877 3756 929 3810 in
961 3754 1109 3810 omni
1144 3770 1240 3808 usu
1275 3753 1571 3823 loquendi;
1616 3766 1672 3807 ut
1717 3755 1921 3809 sensim
1969 3754 2088 3823 quis

485 3864 578 3907 aut
609 3852 875 3921 psallere,
921 3860 1017 3905 aut
1044 3864 1243 3905 canere
1271 3890 1285 3914 ,
1316 3857 1410 3902 aut
1452 3857 1731 3917 postremo
1762 3847 1910 3918 loqui
1955 3848 2087 3903 inci-

484 3944 628 4012 piat;
678 3950 735 3997 ut
768 3941 1076 3998 verecunda
1129 3941 1393 4012 principia
1429 3941 1819 3997 commendent
1863 3955 2081 4011 proces-

483 4051 625 4092 sum.

557 4131 642 4187 68.
687 4130 973 4186 Silentium
1006 4144 1226 4200 quoque
1269 4130 1479 4198 ipsum,
1512 4129 1564 4183 in
1606 4144 1713 4199 quo
1739 4142 1822 4183 cst
1853 4130 2086 4198 reliqua-

489 4242 608 4280 rum
652 4225 906 4278 virtutum
961 4225 1168 4289 otium,
1226 4224 1496 4277 maximus
1545 4230 1695 4277 actus
1742 4223 2085 4279 verecundia:

482 4322 587 4372 est.
625 4316 864 4384 Denique
906 4314 952 4369 si
981 4323 1072 4369 aut
1114 4313 1358 4368 infantia:
1391 4325 1612 4385 putatur
1640 4326 1731 4370 aut
1773 4316 2079 4386 superbiae,

478 4410 681 4481 probro
707 4409 866 4464 datur
892 4427 903 4462 :
931 4410 974 4463 si
1001 4407 1379 4474 verecundiae,
1412 4408 1558 4463 laudi
1588 4408 1821 4465 ducitur.
1847 4409 2083 4465 Tacebat

479 4504 532 4559 in
564 4503 821 4575 periculis
850 4503 1097 4558 SnZanna
1122 4542 1139 4568 ,
1174 4511 1231 4556 et
1259 4502 1475 4572 gravius
1506 4502 1848 4557 verecundia:
1869 4544 1885 4570 ,
1918 4519 2076 4574 quam

2194 3222 2282 3262 res
2312 3223 2436 3261 suas
2474 3212 2840 3276 contractior,
2872 3211 3027 3269 dives
3068 3224 3155 3269 est
3200 3215 3341 3286 apud
3393 3216 3606 3287 Deum,
3656 3220 3808 3290 apud

2191 3315 2353 3369 quem
2402 3316 2559 3355 nemo
2587 3301 2763 3359 dives.
2792 3304 2955 3361 Dives
2992 3315 3077 3361 est
3107 3308 3377 3365 modestia
3402 3350 3418 3374 ,
3451 3312 3574 3382 quia
3622 3317 3809 3383 portio

2190 3390 2286 3447 Dei
2315 3401 2418 3451 est.
2460 3394 2660 3452 Paulus
2705 3414 2922 3471 quoque
2966 3402 3274 3458 orationem
3303 3404 3504 3461 deferri
3537 3411 3810 3479 praecepit

2191 3501 2311 3541 cum
2342 3492 2669 3546 verecundia
2696 3500 2753 3547 et
2780 3493 3103 3552 sobrietate.
3134 3496 3371 3553 Primam
3401 3499 3541 3557 hanc
3569 3513 3623 3557 et
3645 3506 3809 3573 quasi

2191 3579 2446 3648 praevium
2479 3583 2591 3637 vult
2634 3599 2757 3639 esse
2786 3588 3058 3644 orationis
3089 3589 3319 3658 futurae,
3350 3602 3409 3647 ut
3440 3610 3555 3655 non
3594 3595 3807 3673 glorie-

2193 3682 2279 3728 tur
2330 3679 2632 3745 peccaturis
2672 3682 2849 3738 oratio
2894 3702 2907 3737 :
2958 3684 3052 3739 sed
3099 3688 3250 3756 quasi
3300 3696 3323 3727 θ
3353 3687 3536 3751 colore
3581 3690 3809 3758 pudoris

2187 3767 2421 3824 obducta
2446 3811 2459 3836 ,
2493 3787 2603 3842 quo
2634 3775 2751 3843 plus
2781 3774 2959 3832 defert
2992 3779 3342 3843 verecundia:
3370 3781 3439 3843 de
3467 3783 3807 3841 recordatio-

2190 3873 2261 3914 ne
2305 3861 2487 3915 delic1i
2510 3904 2525 3929 ,
2559 3862 2662 3919 hoc
2708 3866 3021 3923 uberiorem
3053 3881 3327 3927 mereatur
3355 3875 3584 3945 gratiam
3615 3874 3795 3948 (Tim.

2189 3966 2259 4018 ιι,
2294 3952 2374 4023 9).

2262 4047 2348 4103 71.
2393 4050 2490 4105 Est
2526 4055 2688 4108 etiam
2724 4052 2741 4091 ί
2775 4056 2825 4109 in
2858 4055 2977 4125 ipso
3009 4065 3196 4124 motu,
3230 4066 3387 4130 gestu
3411 4099 3426 4125 ,
3460 4058 3682 4119 incessu
3714 4069 3798 4118 te—

2188 4140 2363 4195 nenda
2395 4147 2742 4202 verecundia.
2781 4148 3008 4206 llabitus
3052 4150 3199 4206 enim
3229 4151 3429 4207 mentis
3462 4152 3513 4207 in
3547 4156 3802 4225 corporis

2184 4244 2327 4289 statu
2358 4239 2622 4294 cernitur.
2654 4242 2788 4297 llinc
2839 4243 3004 4299 homo
3048 4246 3229 4300 cordis
3282 4247 3451 4309 nostri
3498 4247 3800 4305 abscondi-

2185 4335 2272 4382 tus
2294 4370 2309 4395 ,
2339 4340 2433 4384 aut
2464 4332 2635 4387 levior
2663 4377 2679 4403 ,
2712 4346 2806 4390 aut
2850 4335 3179 4407 jactantior,
3212 4348 3306 4392 aut
3354 4339 3624 4396 turbidior
3653 4359 3666 4396 :
3699 4356 3804 4404 aut

2186 4430 2373 4477 contra
2402 4425 2656 4495 gravior,
2683 4439 2740 4481 et
2781 4430 3148 4496 constantior,
3180 4439 3235 4485 ct
3263 4431 3480 4501 purior,
3523 4442 3575 4488 et
3609 4443 3797 4491 utatu-

2186 4515 2298 4571 rior
2329 4518 2648 4577 restituatur.
2681 4521 2866 4597 Itaque
2899 4539 3001 4579 vox
3027 4523 3276 4600 quaedam
3304 4536 3390 4583 est
3433 4527 3635 4594 animi,
3666 4544 3800 4586 cor-

478 4598 603 4652 vit-,c
625 4597 882 4652 damnum
914 4596 1167 4666 putabat,
1194 4609 1295 4649 nec
1323 4595 1689 4651 arbitrabatur
1716 4595 1958 4664 periculo
1987 4611 2084 4663 pu—
2109 4588 2163 4659 Ι)
2189 4610 2339 4679 poris
2368 4623 2570 4668 ιηοιυδ,

481 4691 631 4746 doris
662 4689 916 4744 tuendam
958 4689 1214 4743 salutem.
1246 4689 1357 4743 Deo
1398 4688 1499 4742 soli
1544 4688 1866 4758 loquebatur
1897 4688 2076 4757 (Dan.

479 4799 607 4849 xui,
639 4782 733 4852 55)
757 4823 772 4847 ,
800 4780 885 4836 cui
935 4791 1148 4851 poterat
1195 4788 1342 4834 casta
1378 4779 1703 4835 verecundia
1736 4780 1915 4852 eloqui
1946 4800 1957 4836 :
1994 4799 2080 4837 re-

549 4944 573 4971 δ
615 4932 868 4989 Nonnulli
899 4946 1057 4995 mss.,
1092 4931 1250 4985 uirtus
1290 4940 1361 4986 est
1391 4931 1761 4985 misericordia
1797 4942 1844 4986 et
1882 4934 2072 5001 _’suavis

512 5009 674 5061 ratur.

475 5026 728 5131 “rimae.
759 5074 917 5131 Offic.
962 5074 1141 5147 no.1,
1170 5088 1290 5143 pag.
1324 5072 1464 5147 569,
1506 5073 1611 5147 lin.
1638 5075 1742 5129 is:
1774 5074 1842 5129 In
1890 5080 2071 5147 ptent:

474 5149 740 5219 provident
768 5189 781 5215 ,
812 5164 875 5201 ne
900 5162 1065 5201 sermo
1098 5146 1275 5199 vitium
1300 5143 1512 5215 aliquod
1542 5145 1732 5202 indicet
1762 5143 1931 5203 inesée
1961 5168 2069 5205 mo-

470 5220 615 5273 ribus
634 5261 646 5282 ,
677 5228 780 5274 etc.

548 5302 570 5329 ε
607 5292 679 5345 Ita
706 5292 835 5344 edit.
862 5305 925 5342 ac
957 5302 1085 5342 mss.
1133 5288 1388 5355 perpauci
1420 5304 1431 5338 :
1459 5286 1551 5341 alii
1600 5288 2061 5359 frequentissimi,

471 5364 625 5433 quisi
663 5360 980 5433 praetendat,
1008 5370 1054 5412 et
1079 5374 1196 5424 qua:
1235 5359 1472 5430 prima...
1502 5361 1687 5433 tentari
1737 5379 1837 5415 non
1880 5365 2011 5419 sinat
2043 5379 2061 5415 :

472 5431 607 5486 unus
630 5474 645 5496 ,
664 5431 763 5502 qui
793 5432 890 5485 sibi
918 5435 1201 5497 praetendat
1221 5473 1233 5491 ,
1265 5439 1314 5483 et
1342 5445 1456 5501 quae
1482 5431 1678 5498 prium,
1712 5444 1815 5484 etc.
1840 5472 1854 5494 ,
1885 5433 2022 5488 alius
2044 5474 2059 5499 ,

469 5505 618 5573 quasi
648 5506 928 5570 pi'tt'tendat
950 5543 965 5568 ,
997 5512 1103 5558 etc.
1125 5543 1138 5567 ,
1167 5503 1475 5573 qutelectio
1501 5503 1631 5554 satis
1658 5502 1881 5555 arridet.

540 5574 566 5611 ἀ
600 5574 728 5629 Mss.
753 5591 851 5628 nec
881 5574 1064 5641 panici.
1095 5587 1194 5627 nec
1222 5571 1491 5625 inferioris
1524 5582 1692 5631 uotae.
1724 5575 1943 5641 speciem
1971 5590 2061 5641 pe-

474 5648 783 5716 regrinatur,
826 5645 1068 5713 quidam,
1128 5644 1502 5713 peregrinatus,
1559 5653 1816 5711 aspectus,
1843 5653 1948 5716 etc.
1973 5644 2065 5700 Iu-

467 5713 548 5773 l'ra
581 5733 707 5773 vero
742 5718 826 5772 ubi
855 5716 986 5771 edit.
1014 5729 1077 5769 ac
1103 5729 1256 5789 pauci
1287 5726 1419 5769 mss.
1460 5726 1744 5768 sermonem
1769 5713 2063 5786 refetteret;

2261 4703 2349 4756 72.
2396 4713 2420 4751 ε
2450 4705 2804 4775 Meministis,
2835 4709 2928 4765 lilii
2955 4752 2969 4777 ,
2999 4712 3288 4782 quemdam
3337 4713 3614 4782 amicum,
3660 4729 3795 4774 cum

2187 4795 2391 4853 sedulis
2419 4813 2478 4854 se
2506 4801 2780 4858 videretur
2823 4805 3209 4861 commendare
3253 4805 3492 4875 officiis;
3525 4805 3628 4862 boc
3666 4809 3793 4864 solo

2184 4947 2378 5033 reliqui
2408 4950 2593 5033 legunt
2634 4954 2867 5033 partim,
2901 4973 3186 5033 sermonem
3230 4960 3499 5030 prwferret
3525 5001 3540 5026 ,
3575 4962 3783 5033 aliqui,

2181 5022 2437 5101 proferret
2457 5038 2476 5101 ,ς
2511 5027 2738 5092 partim,
2770 5044 3057 5101 sermonem
3080 5022 3319 5097 referret,
3342 5022 3499 5101 quod
3526 5022 3785 5095 ultimum

2178 5094 2358 5168 sensui
2391 5093 2612 5168 vitiatur
2635 5112 2757 5153 esse
2788 5099 2956 5166 magis
2988 5093 3307 5168 congruum.

2254 5169 2275 5232 (ξ
2313 5164 2437 5215 Mss.
2475 5164 2614 5218 haud
2645 5168 2799 5232 pauci
2824 5207 2836 5227 ,
2871 5164 3338 5230 colorem'pudoris
3369 5172 3610 5229 obducat.

2254 5227 2272 5265 τ
2307 5232 2418 5285 Cic.
2569 5252 2587 5316 ι
2613 5227 2770 5316 (illic.
2793 5277 2807 5301 ,
2835 5252 2956 5316 pag.
2981 5239 3107 5316 .1508,
3126 5227 3238 5294 lin.
3261 5242 3365 5316 28:
3398 5227 3785 5316 Sedvquoninm

2174 5302 2418 5388 decorum
2444 5304 2578 5358 illud
2616 5306 2670 5359 in
2710 5302 3122 5388 omnibnsfactis
3159 5323 3206 5366 et
3236 5314 3389 5370 dictis
3409 5358 3426 5386 ,
3450 5318 3507 5371 in
3540 5302 3784 5388 corporis

2168 5372 2385 5442 denique
2418 5386 2554 5427 motu
2579 5387 2625 5429 et
2652 5386 2791 5430 statu
2820 5372 3066 5435 cernitur.

2240 5452 2266 5491 ις
2298 5443 2494 5522 lilirare
2520 5458 2775 5522 quantam
2799 5450 2849 5504 in
2877 5466 3144 5521 corporeo
3174 5455 3290 5522 ipsn
3311 5455 3652 5515 Clericorum
3680 5459 3784 5515 lia-

2166 5512 2287 5595 bitu
2312 5512 2698 5582 perfectionem
2725 5512 3039 5590 requirebat
3060 5512 3281 5583 sanctus
3306 5512 3543 5595 Praestil',
3569 5512 3625 5586 et
3652 5512 3784 5590 hinc

2164 5586 2521 5727 gglltigcﬂu-ts
2552 5600 2605 5645 et
2634 5586 2868 5660 quantas
2902 5595 2951 5649 in
2985 5596 3193 5654 eisdem
3224 5600 3391 5657 animi
3422 5586 3654 5658 virtutes
3682 5586 3784 5659 ex:

2262 5672 2291 5711 e
2331 5674 2360 5713 a
2395 5700 2404 5710 .

2262 5672 2380 5713 BDal
2395 5700 2404 5710 .

4024 2420 4030 2445 1

4024 2596 4030 2630 l

4024 3156 4030 3207 l

4027 3358 4030 3389 l
