4030 6188
248 172 320 234 45
1304 183 1393 241 DE
1432 185 1726 244 OFFlCllS
1764 185 2244 247 MINISTRORUM
2288 189 2424 247 LIB.
2466 191 2508 247 l.
3473 201 3546 261 ιο

242 306 423 390 tamen
454 297 509 353 in
537 298 750 355 clerum
779 315 811 355 a
853 315 941 356 me
968 315 1074 356 non
1114 310 1388 371 receptum
1416 342 1431 367 ,
1463 299 1609 371 quod
1652 310 1843 372 gestus
1869 310 1925 373 Α
1943 302 2177 374 jusmodi
2218 308 2463 375 praebere
2490 308 2690 366 dictis:
2732 310 2873 365 sicut
2910 311 3112 378 Joseph
3144 330 3214 371 ne
3250 315 3547 390 incongrua

239 387 360 458 ejus
390 390 684 461 plurimum
714 392 1010 450 dedeceret
1040 410 1055 449 :
1088 396 1317 451 alterum
1368 410 1584 467 quoque
1623 410 1745 450 cum
1789 396 1842 451 in

237 483 392 538 clero
437 485 765 554 reperissem
787 528 803 554 ,
830 485 1063 558 jussisse
1109 504 1194 544 me
1239 504 1307 545 ne
1337 504 1591 560 umquam
1624 490 1846 561 praeiret

240 576 409 643 mihi;
439 577 560 649 quia
591 580 739 634 velut
764 582 1000 649 quodam
1025 581 1308 637 insolentis
1338 581 1582 638 incessus
1613 582 1844 639 verbere

238 669 431 724 oculos
479 669 669 725 feriret
719 686 890 727 meos.
941 672 1107 741 quue
1153 672 1300 740 dixi,
1351 689 1476 729 cum
1525 673 1845 731 redderetur

238 773 361 832 post
388 761 656 818 olfensam
683 764 923 820 muneri.
954 764 1068 820 Hoc
1094 765 1268 821 solum
1294 766 1520 837 excepi,
1552 781 1655 823 nec
1687 765 1844 824 fefel-

232 855 292 910 lit
320 855 631 923 sententia;
664 868 893 928 uterque
920 858 1065 913 enim
1097 858 1166 913 ab
1196 858 1441 914 Ecclesia
1472 858 1703 915 recessit
1727 902 1740 924 ,
1786 870 1845 915 ut

229 948 413 1018 qualis
456 948 669 1004 incessu
718 949 1083 1020 prodebatur,
1119 951 1242 1006 talis
1286 950 1509 1021 perﬁdia
1538 952 1705 1006 animi
1747 951 1844 1009 de-

231 1049 662 1096 monstraretur.
713 1038 958 1113 Namque
1018 1042 1160 1098 alter
1207 1043 1429 1098 Arianae
1476 1041 1843 1099 infestationis

230 1142 514 1203 tempore,
553 1132 714 1187 (idem
747 1133 1028 1190 deseruit:
1058 1136 1196 1191 alter
1242 1134 1486 1206 pecunia:
1515 1135 1695 1191 studio
1716 1177 1729 1200 ,
1775 1152 1844 1193 ne

224 1225 498 1298 judicium
531 1238 559 1265 ιι
588 1228 798 1284 subiret
826 1226 1166 1286 sacerdotale
1187 1271 1202 1296 ,
1233 1244 1293 1283 se
1328 1238 1574 1286 nostrum
1604 1231 1838 1302 negavit.

228 1324 341 1397 21
363 1320 610 1379 Lucebat
633 1322 689 1380 in
717 1323 933 1381 illorum
962 1322 1182 1380 incessu
1213 1323 1394 1396 imago
1421 1324 1661 1381 levitatis
1678 1366 1693 1392 ,
1718 1340 1845 1397 spe-

229 1416 350 1472 cies
376 1414 626 1487 qutedam
654 1430 966 1473 scurrarum
999 1418 1460 1487 percursantium.

306 1510 398 1567 73.
433 1510 573 1567 Sunt
600 1511 763 1566 etiam
791 1511 880 1582 qui
911 1508 1164 1568 bsensim
1198 1510 1529 1568 ambulando
1566 1511 1846 1573 imitantur

230 1604 587 1660 histrionicos
608 1612 819 1677 gestus,
847 1614 902 1661 et
925 1605 1079 1677 quasi
1099 1604 1350 1676 quaedam
1385 1605 1587 1661 fercula
1620 1620 1846 1676 pompa-

1945 414 2059 455 suae
2112 401 2327 457 audiret
2367 404 2737 471 verecundiae,
2788 416 2942 461 veste
2989 406 3122 480 fugit
3168 411 3355 467 relicta
3387 414 3548 484 (Gen.

1944 507 2130 562 xxxix,
2164 493 2293 566 i2);
2335 496 2586 567 quoniam
2610 513 2770 569 quem
2804 498 3041 556 delectat
3076 502 3287 571 audire,
3318 506 3546 565 alterum

1943 584 2091 653 loqui
2117 596 2388 656 provocat.

2016 680 2105 735 77.
2135 680 2441 753 Intelligere
2471 698 2687 754 quoque
2714 684 2859 754 quod
2890 695 3045 757 turpe
3072 688 3180 755 sit,
3212 691 3406 759 pudori
3433 710 3548 751 ma-

1946 773 2092 829 ximo
2120 783 2221 831 est.
2255 774 2516 845 Spectare
2550 792 2682 833 vero
2720 778 2765 833 si
2805 779 2934 850 quid
2976 780 3283 850 huiusmodi
3326 784 3549 842 fortuitu

1944 869 2184 936 accidat,
2216 871 2405 941 quanti
2438 872 2681 927 horroris
2711 875 2822 929 est!
2856 873 3012 943 Quod
3044 893 3174 946 ergo
3205 878 3257 932 in
3288 880 3411 936 aliis
3440 881 3552 938 dis.

1948 963 2130 1033 plicet,
2165 965 2423 1036 numquid
2454 975 2631 1035 potest
2658 966 2713 1021 in
2741 983 2798 1022 se
2824 966 2940 1036 ipso
2965 968 3227 1039 placere?
3258 982 3281 1009 °
3308 988 3407 1029 nec
3435 974 3549 1045 ipsa

1946 1066 2138 1111 natura
2159 1072 2257 1112 uos
2273 1056 2470 1113 docet?
2495 1074 2617 1127 quae
2643 1059 2884 1129 perfecte
2903 1062 3121 1131 quidem
3148 1078 3339 1121 omnes
3370 1077 3552 1137 partes

1948 1149 2118 1203 nostri
2159 1150 2406 1220 corporis
2431 1151 2758 1221 eXpIicavit;
2787 1163 2844 1208 ut
2881 1163 2934 1209 et
2962 1157 3274 1212 necessitati
3303 1167 3553 1217 consule-

1946 1250 2050 1308 ret,
2076 1250 2133 1298 et
2155 1243 2383 1312 gratiam
2416 1254 2751 1301 venustaret.
2784 1246 2891 1302 Sed
2918 1256 3096 1303 tamen
3124 1266 3219 1306 eas
3241 1267 3362 1322 qua)
3390 1254 3553 1310 deco-

1947 1351 2023 1390 rae
2047 1336 2113 1390 ad
2142 1346 2421 1406 aspectum
2448 1337 2651 1403 forent,
2683 1339 2735 1393 in
2763 1340 2961 1409 quibus
2998 1340 3188 1399 formae
3210 1358 3352 1415 apex
3395 1349 3549 1415 quasi

1947 1428 2000 1483 in
2023 1443 2148 1485 arce
2170 1430 2403 1501 quadam
2426 1431 2656 1499 locatus,
2681 1442 2735 1487 et
2748 1432 2933 1503 ﬁgurat
2950 1436 3213 1503 suavitas,
3229 1448 3281 1493 et
3303 1441 3411 1513 22
3437 1442 3554 1496 νυιο

1949 1531 2035 1576 tns
2049 1523 2230 1590 specie
2246 1523 2565 1591 semineret,
2589 1523 2963 1595 cperandique
2988 1541 3116 1582 usus
3129 1539 3274 1584 esset
3291 1532 3552 1599 paratior,

1948 1615 2138 1670 obvias
2163 1625 2324 1686 atque
2346 1627 2565 1685 apertas
2591 1616 2840 1689 reliquit:
2870 1634 2963 1675 eas
2988 1635 3122 1676 vero
3146 1621 3200 1676 in
3237 1624 3434 1693 quibus
3464 1638 3554 1681 es-

230 1714 386 1765 rum,
416 1710 474 1753 et
503 1707 803 1752 statuarum
832 1708 1010 1752 motus
1036 1698 1340 1752 nutantium
1359 1737 1375 1763 ,
1400 1708 1456 1751 ut
1478 1696 1845 1766 quotiescum-

1957 1713 2033 1762 set
2057 1707 2320 1762 naturalis
2344 1708 2666 1778 obsequium
2698 1712 3071 1779 necessitatis,
3100 1728 3169 1769 ne
3194 1692 3441 1773 deforme
3470 1719 3556 1774 sui

227 1808 343 1863 que
372 1791 603 1864 gradum
636 1789 1000 1859 transferunt,
1034 1791 1286 1848 modulos
1324 1791 1589 1863 quosdam
1621 1805 1845 1848 servare

229 1885 546 1961 videantur.

306 1978 392 2034 74.
430 1978 544 2035 Nec
570 1979 773 2035 cursim
801 1978 1083 2035 ambulare
1114 1978 1407 2034 honestum
1433 1977 1670 2034 arbitror
1693 2019 1707 2042 ,
1742 1978 1843 2032 nisi

230 2090 357 2131 cum
385 2088 553 2129 causa
582 2073 750 2144 exigit
777 2072 1005 2144 alicujus
1036 2073 1284 2144 periculi.
1318 2083 1339 2112 ο
1372 2071 1459 2129 vel
1482 2071 1626 2142 justa
1652 2087 1841 2128 neces-

228 2168 391 2223 sitas.
430 2165 569 2221 Nam
610 2166 931 2236 plerumque
972 2164 1291 2221 festinantes
1336 2163 1563 2220 anhelos
1600 2164 1846 2220 videmus

231 2272 502 2334 torquere
531 2277 624 2317 ora
645 2303 661 2328 ,
691 2260 889 2332 quibus
917 2260 963 2314 si
993 2275 1155 2314 causa
1187 2259 1332 2315 desit
1357 2257 1721 2314 festinationis
1751 2273 1848 2314 ne-

227 2358 531 2422 cessariae,
574 2370 760 2411 metus
803 2363 887 2410 est
925 2353 1089 2425 iusta:
1124 2352 1463 2409 offensionis.
1491 2351 1597 2409 Sed
1630 2366 1737 2407 non
1778 2350 1847 2407 de

229 2452 319 2510 bis
349 2452 479 2507 dico
500 2494 517 2519 ,
556 2450 752 2522 quibus
781 2465 902 2506 rara
936 2449 1244 2519 properatio
1272 2465 1336 2504 ex
1370 2462 1531 2504 causa
1562 2451 1805 2504 nascitur
1831 2466 1843 2501 :

230 2544 331 2601 sed
379 2542 581 2614 quibus
618 2542 764 2614 jugis
809 2553 861 2598 et
904 2542 1161 2597 continua
1215 2540 1267 2595 in
1308 2551 1553 2595 naturam
1594 2540 1844 2595 vertitur.

226 2638 345 2696 Nec
376 2638 432 2694 iu
461 2638 572 2695 illis
598 2652 703 2708 ego
735 2645 1012 2706 tamquam
1037 2634 1459 2692 simulacrorum
1484 2632 1696 2704 efﬁgies
1723 2647 1847 2705 pro-

227 2732 322 2799 bo,
359 2748 461 2789 nec
495 2734 549 2788 iu
580 2732 702 2788 istis
724 2740 996 2802 tamquam
1023 2744 1382 2787 excttssorum
1412 2729 1617 2785 ruinas.

302 2827 398 2882 75.
428 2825 523 2881 Est
554 2824 717 2879 etiam
737 2839 956 2895 gressus
981 2822 1302 2893 probabilis,
1332 2822 1383 2877 in
1410 2836 1520 2893 quo
1549 2821 1617 2876 sit
1638 2819 1848 2892 species

229 2917 605 2985 auctoritatis,
635 2916 1021 2988 gravitatisque
1056 2914 1292 2988 pondus,
1316 2914 1729 2984 tranquillitatis
1755 2929 1850 2970 ve—

227 3015 455 3087 stigium
481 3031 498 3079 ;
527 3014 605 3067 ita
631 3022 811 3068 tamen
841 3013 888 3068 si
914 3012 1154 3067 studium
1191 3011 1335 3068 desit
1366 3021 1529 3084 atque
1552 2998 1843 3075 alfectatio,

228 3109 329 3166 sed
359 3115 542 3165 motus
571 3108 641 3163 sit
672 3121 836 3178 purus
872 3121 937 3162 ac
963 3106 1230 3176 simplex;
1264 3106 1397 3162 nihil
1428 3107 1575 3162 enim
1610 3105 1843 3162 fucatam
1871 3079 1916 3142 C

230 3206 433 3275 placet.
451 3202 661 3258 lotum
686 3207 877 3255 natura
909 3199 1183 3255 informet.
1202 3198 1262 3255 Si
1281 3200 1407 3269 quid
1420 3214 1555 3255 sane
1577 3199 1629 3254 in
1651 3209 1844 3254 natura

230 3295 349 3350 vitii
372 3303 459 3350 est
479 3333 497 3359 ,
530 3292 796 3347 industria
825 3289 1119 3357 emendet;
1153 3296 1212 3345 ut
1241 3290 1331 3346 ars
1357 3289 1537 3359 desit,
1573 3305 1676 3345 non
1705 3288 1849 3345 desit

230 3382 529 3441 correctio.

305 3480 397 3535 76.
424 3478 587 3550 Quod
627 3479 673 3535 si
714 3479 876 3536 etiam
923 3480 1025 3535 ista
1054 3487 1370 3549 spectantur
1408 3478 1600 3544 altius,
1643 3485 1849 3549 quanto

233 3575 409 3647 magis
444 3572 754 3631 cavendum
789 3583 872 3629 est
907 3588 976 3631 ne
1014 3574 1142 3644 quid
1193 3584 1347 3642 turpe
1387 3587 1481 3628 ore
1518 3583 1707 3635 exeat;
1745 3572 1846 3628 hoc

232 3672 381 3726 enim
419 3670 662 3741 graviter
686 3669 1003 3739 coinquinat
1031 3668 1328 3725 hominem.
1361 3665 1477 3722 Non
1509 3667 1653 3722 enim
1691 3665 1846 3721 cibus

232 3765 585 3836 coinquinat,
637 3763 736 3820 sed
781 3763 985 3835 iniusta
1029 3763 1397 3829 obtrectatio,
1426 3760 1523 3816 sed
1555 3760 1846 3816 verborum

235 3856 261 3895 ει
283 3858 644 3915 obscenitas.
670 3856 798 3912 nec
819 3857 981 3912 etiam
1005 3856 1167 3929 vnlgo
1191 3856 1383 3927 pudori
1404 3862 1553 3909 sunt.
1577 3853 1630 3909 In
1662 3861 1853 3908 nostro

234 3967 370 4008 vero
408 3950 591 4006 ofﬁcio
622 3948 829 4005 nullum
870 3949 1095 4005 verbum
1136 3948 1278 4019 quod
1320 3946 1605 4003 inhoneste
1644 3945 1844 4011 cadat,

240 4062 349 4102 non
377 4045 609 4102 incutiat
626 4041 1033 4101 verecundiam.
1063 4043 1131 4099 Et
1152 4059 1259 4098 non
1283 4041 1459 4098 solum
1485 4039 1617 4095 nihil
1640 4039 1743 4109 ipsi
1764 4039 1846 4093 iu-

239 4139 501 4196 deconm
529 4138 677 4209 loqui
703 4174 720 4206 ,
747 4136 844 4191 sed
888 4151 957 4191 ne
985 4150 1175 4191 aurem
1202 4133 1423 4204 quidem
1452 4130 1717 4187 debemus
1746 4128 1845 4184 hu-

1949 1799 2255 1869 przeberent
2298 1802 2673 1872 spectaculum
2700 1842 2716 1869 ,
2766 1807 2965 1875 partim
3020 1814 3293 1875 tamquam
3341 1808 3396 1865 in
3435 1809 3554 1880 ipso

1947 1894 2259 1951 amandavit
2288 1902 2450 1967 atque
2476 1896 2763 1954 abscondit
2784 1913 3037 1969 corpore,
3068 1903 3264 1971 partim
3286 1902 3477 1959 docuit
3501 1915 3559 1961 et

1950 1992 2124 2046 suasit
2151 1991 2432 2061 tegendas.

2020 2082 2109 2138 78.
2136 2082 2327 2139 Nonne
2350 2083 2511 2154 igitur
2540 2083 2658 2155 ipsa
2687 2093 2877 2141 natura
2898 2096 2982 2142 eat
3007 2089 3263 2158 mgistra
3291 2106 3558 2149 verecun-

1950 2174 2286 2246 di:e?Cujus
2325 2177 2580 2248 exemplo
2611 2183 2630 2223 ί
2666 2177 2934 2234 modestia
2967 2179 3251 2238 hominum
3293 2186 3479 2254 (quam
3527 2201 3557 2241 a

1950 2266 2114 2321 modo
2142 2267 2389 2321 scientiae
2416 2268 2543 2338 quid
2572 2268 2791 2325 deceret
2824 2271 3152 2340 appellatam
3184 2274 3457 2349 arbitror)
3501 2279 3555 2333 id

1949 2359 2093 2430 quod
2123 2361 2173 2415 in
2204 2360 2306 2416 hac
2330 2363 2500 2417 nostri
2531 2363 2780 2432 corporis
2807 2362 3012 2420 fabrica
3038 2366 3282 2423 abditum
3311 2373 3514 2441 reperit
3538 2412 3555 2439 ,

1950 2456 2168 2525 operuit
2199 2463 2255 2508 et
2287 2455 2458 2521 texit;
2487 2463 2546 2510 ut
2571 2456 2769 2511 ostium
2802 2456 2934 2513 illud
2968 2459 3113 2530 quod
3140 2476 3210 2516 ex
3244 2470 3556 2522 transverso

1952 2544 2256 2600 faciendum
2292 2545 2344 2600 in
2377 2561 2501 2599 arca
2531 2546 2623 2601 illa
2655 2546 2769 2604 Noe
2786 2550 2935 2618 justo
2960 2550 3165 2605 dictum
3191 2565 3273 2608 est
3298 2552 3469 2624 (Gen.
3499 2559 3555 2619 6.

1953 2637 2085 2710 16);
2119 2640 2170 2693 in
2201 2654 2305 2710 qua
2334 2640 2416 2694 vel
2450 2640 2745 2705 Ecclesiae.
2773 2642 2859 2698 vel
2898 2644 3070 2699 nostri
3103 2645 3273 2716 ﬁgura
3315 2658 3400 2705 est
3436 2666 3559 2707 cor-

1952 2731 2100 2799 poris
2124 2747 2137 2783 :
2165 2746 2261 2801 per
2289 2730 2432 2802 quod
2462 2734 2662 2788 ostium
2692 2743 2987 2804 egeruntur
3011 2735 3261 2807 reliquiae
3285 2740 3552 2798 ciborum.

1952 2823 2095 2895 Ergo
2138 2834 2348 2879 naturae
2377 2823 2557 2895 opifex
2598 2826 2677 2881 sic
2706 2837 2905 2881 nostra:
2935 2828 3142 2884 studuit
3172 2834 3514 2892 verecundiae
3539 2880 3554 2904 ,

1950 2916 2027 2971 sic
2064 2916 2323 2971 decorum
2366 2918 2496 2972 illud
2540 2926 2598 2973 et
2642 2918 2929 2975 honestum
2962 2922 3016 2975 in
3053 2930 3244 2979 nostro
3266 2928 3559 2985 custodivit

1950 3024 2205 3078 corpore,
2237 3018 2292 3065 ut
2318 3019 2344 3058 ε
2367 3009 2564 3065 ductus
2595 3010 2855 3080 quosdam
2882 3023 3046 3084 atque
3068 3015 3247 3071 exitus
3277 3020 3560 3077 cuniculo-

1949 3121 2069 3160 rum
2099 3113 2408 3161 nostrorum
2440 3115 2563 3175 post
2594 3115 2803 3177 tergum
2842 3106 3141 3177 relegaret,
3172 3118 3336 3181 atque
3364 3114 3435 3170 ab
3469 3130 3559 3170 as-

1951 3205 2109 3267 pectu
2154 3203 2344 3252 nostro
2373 3205 2683 3262 averteret,
2716 3211 2784 3253 ne
2824 3186 3077 3269 purgatio
3124 3202 3332 3257 ventris
3376 3204 3553 3261 visum

1949 3290 2229 3346 oculorum
2258 3289 2580 3347 offenderet.
2611 3290 2684 3345 De
2725 3306 2834 3361 quo
2874 3290 3097 3363 pulchre
3121 3292 3414 3362 Apostolus
3440 3298 3516 3354 ait
3542 3317 3555 3354 ε

1955 3384 2083 3451 Quae
2108 3383 2374 3450 uidentur,
2403 3381 2593 3454 inquit,
2625 3384 2848 3438 membra
2874 3387 3103 3457 corporis
3130 3387 3438 3458 inﬁrmiora,
3466 3408 3558 3446 ne-

1951 3477 2241 3531 cessariam
2262 3485 2385 3531 sunt
2406 3491 2424 3531 :
2449 3485 2496 3530 et
2521 3489 2635 3545 qua!
2660 3486 2902 3548 putamus
2927 3478 3236 3547 ignobiliora
3256 3496 3368 3537 esse
3394 3499 3554 3538 mem-

1950 3569 2042 3623 bra
2080 3569 2311 3640 corporis
2333 3610 2348 3633 ,
2390 3568 2469 3624 his
2516 3568 2947 3623 abundantiorem
2979 3569 3225 3628 honorem
3264 3575 3556 3632 circumda-

1949 3678 2062 3715 mur
2087 3677 2106 3715 .'
2132 3670 2179 3716 et
2209 3677 2324 3732 qua:
2350 3661 2619 3715 inhonesta
2645 3672 2765 3715 aunt
2796 3671 3002 3725 nostra,
3035 3660 3357 3718 honestatem
3386 3668 3555 3721 abun-

1951 3757 2239 3811 dantiorem
2264 3754 2451 3811 habent
2478 3755 2523 3827 (Ι
2546 3754 2668 3809 Cor.
2696 3770 2771 3809 xu
2791 3794 2806 3819 ,
2828 3755 2942 3825 9.5).
2974 3754 3189 3810 Etenim
3242 3756 3546 3815 imitatione

1949 3858 2160 3903 naturtc
2191 3847 2458 3901 industria
2481 3846 2629 3900 auxit
2657 3845 2908 3915 gratiam.
2932 3844 3086 3910 Quod
3113 3846 3217 3901 alio
3241 3847 3364 3904 loco
3383 3851 3550 3908 etiam

1948 3935 2111 3995 altius
2155 3939 2498 4010 interpretati
2553 3953 2737 3993 sumus
2789 3935 2927 4007 (Lib.
2976 3936 3085 3995 ide
3130 3938 3246 3996 Noe
3295 3954 3343 3999 et
3392 3945 3549 4013 Area,

1953 4050 2073 4104 cap.
2094 4028 2179 4102 8),
2202 4038 2262 4085 ut
2291 4044 2396 4084 non
2420 4029 2595 4084 solum
2625 4028 3025 4085 abscondamus
3044 4032 3114 4087 ab
3134 4034 3328 4104 oculis,
3360 4052 3549 4095 verum

1952 4123 2119 4180 etiam
2157 4138 2279 4195 qua-
2321 4120 2707 4177 abscondenda
2744 4122 3088 4192 accepimus,
3119 4140 3307 4183 eorum
3349 4129 3548 4189 indicia

313 4290 339 4318 ι
373 4278 466 4335 Sic
489 4292 625 4333 mss.
648 4290 848 4347 gno
876 4289 1179 4347 consensu,
1208 4272 1255 4347 si
1276 4270 1422 4347 duos
1462 4269 1703 4347 excipias
1749 4267 1838 4339 qni
1865 4269 1920 4330 D
1944 4263 2102 4321 detur
2130 4262 2409 4347 declarare
2518 4263 2894 4347 sequentibus.
2921 4261 3190 4347 Caeterum
3220 4271 3288 4326 ab
3316 4272 3432 4330 istis
3455 4290 3553 4345 pa~

240 4351 469 4425 perinde
492 4363 560 4404 ac
589 4360 706 4425 vel;
729 4342 1140 4425 edit._liabent:
1173 4344 1398 4425 subiret,
1427 4342 1748 4425 sacerdotem
1785 4356 1841 4394 ac

239 4412 497 4485 iam,
527 4430 637 4476 etc.
671 4418 800 4476 Sola
827 4419 957 4475 edit.
987 4417 1172 4481 Rom.,
1199 4416 1396 4469 subiret
1416 4412 1763 4485 sacerdotum,
1790 4427 1846 4466 se

238 4483 521 4559 mttunt,
546 4502 689 4559 ctc.,
729 4506 895 4546 sensu
921 4507 950 4543 a
981 4488 1217 4544 lectione
1261 4496 1457 4559 ιιοειιιηςὶ⁸
1491 4499 1599 4559 non
1641 4483 1839 4559 alieno.

239 4566 473 4622 Videtur
499 4552 685 4620 autem
711 4562 798 4617 bic
828 4570 1069 4631 acceptae
1093 4556 1588 4631 administrationis
1612 4564 1704 4609 aut
1730 4552 1845 4631 fur-

239 4640 279 4693 ti
323 4637 635 4706 cuiuspiam
666 4634 934 4706 rationem
964 4625 1538 4706 'reddere__defugiens
1558 4667 1575 4693 ,
1595 4625 1845 4706 trans-fn-

236 4696 502 4780 glase'ad
546 4707 806 4780 Aria_nos.
838 4704 1011 4780 Porro
1030 4702 1100 4759 de
1148 4696 1800 4780 iudiciis.ecclesiasticis
1826 4737 1841 4760 ,

237 4767 309 4836 "ac
343 4780 615 4834 bonorum
661 4776 919 4832 Ecclesia:
956 4767 1259 4832 tecottoinia
1312 4771 1421 4826 alio
1462 4770 1585 4825 loco
1630 4767 1845 4824 dicetur

237 4849 608 4907 mundius.

310 4920 341 4962 δ
362 4919 478 4977 Cic.
511 4922 605 4975 lib.
652 4936 668 4974 ι
694 4917 852 4975 Olﬁc.
883 4933 1006 4988 pag.
1037 4916 1144 4973 569
1167 4915 1309 4988 ,_lin.
1338 4912 1406 4988 8_:
1442 4910 1581 4967 Nam
1606 4922 1652 4966 et
1679 4909 1845 4982 pola-

238 4992 389 5050 εινἱαὶ
410 5000 603 5051 natu.
629 5001 736 5046 etc.
770 4989 840 5044 Et
862 4984 999 5045 infra
1025 4992 1095 5046 u
1119 5005 1133 5042 :
1162 4984 1462 5042 Cauendum
1487 4993 1562 5038 est
1588 4994 1761 5037 autem
1784 4997 1848 5034 ne

237 5074 333 5127 ut
380 5064 757 5127 tarditatibus,
806 5072 913 5118 etc.
966 5060 1114 5115 Varii
1166 5056 1387 5129 generis
1437 5063 1595 5111 erant
1627 5052 1842 5129 fercula

236 5126 383 5208 apud
403 5136 661 5208 mima
678 5176 697 5199 ,
725 5126 835 5188 alia
854 5134 1002 5208 enim
1030 5134 1085 5186 in
1107 5126 1397 5208 triumphis
1423 5126 1841 5207 usurpabantnr,

236 5199 365 5264 ein
393 5199 737 5263 devictarum
766 5207 1013 5276 gentium
1039 5203 1245 5276 spolia,
1274 5210 1483 5255 vestem
1512 5199 1799 5267 pretiosam
1827 5233 1843 5259 ,

236 5292 437 5336 tum
474 5277 597 5333 sive
620 5274 825 5349 factum
861 5278 977 5349 sive
1005 5274 1277 5349 signatum
1300 5312 1319 5338 ,
1348 5283 1621 5349 coronas.
1651 5280 1801 5349 arma
1829 5302 1845 5326 ,

238 5350 735 5417 ,τιὴ-..λψς
761 5347 997 5417 denique
1026 5339 1241 5417 urbium
1270 5351 1551 5417 captarmu
1581 5339 1847 5417 imagines

754 5404 975 5474 currum
1004 5404 1446 5495 triumphantium
1467 5404 1845 5495 mutabantur;

239 5480 349 5551 15
369 5490 821 5551 “una.
854 5505 923 5561 ac
952 5480 1384 5561 spectaculorum
1409 5525 1424 5547 ,
1477 5496 1585 5538 non
1617 5480 1847 5561 multum

243 5564 521 5635 piutita
688 5559 960 5635 ﬁsi-ilia
987 5576 1007 5614 :
1036 5559 1152 5635 alia
1172 5558 1412 5635 denique
1442 5567 1763 5635 sacrorum,
1793 5558 1847 5635 in

460 5633 828 5706 minantur
856 5633 1085 5706 deorum
1110 5622 1433 5706 simulacra;
1464 5635 1523 5706 et
1544 5622 1855 5706 dealtimis

247 5696 653 5765 Et“
679 5703 921 5760 maxime
945 5702 1039 5758 hic
1063 5698 1209 5770 loqui
1236 5697 1587 5755 Ambrnaium
1623 5696 1743 5764 ipse
1769 5696 1851 5745 vi-

1949 4352 2069 4392 rum
2097 4334 2387 4415 admodum
2409 4334 2766 4415 abhorruisse
2791 4343 3011 4415 constat
3024 4336 3274 4415 [nunerum
3296 4334 3553 4415 geSIauti-

1948 4424 2037 4467 na,
2066 4405 2262 4477 quibus
2290 4404 2528 4460 defuncti
2559 4408 2794 4462 cadaver
2814 4408 2941 4462 dum
2984 4404 3545 4476 cﬂ‘erretnrfarorum

1946 4481 2067 4547 ejus
2099 4477 2567 4545 praemittebantnr
2596 4479 2873 4549 imagines.
2906 4480 3041 4546 Quae
3068 4483 3248 4537 omnia
3275 4499 3396 4540 cum
3438 4506 3546 4544 non

1946 4552 2067 4606 sine
2096 4562 2286 4619 magna
2316 4552 2583 4614 gravitate
2614 4549 2946 4619 veherentur
2983 4558 3146 4619 atque
3172 4556 3415 4611 incessus
3443 4570 3550 4615 tar.

1945 4623 2135 4698 ditate,
2159 4622 2338 4698 locum
2350 4621 2485 4698 dare
2505 4620 2882 4675 Ambrosiana:
2902 4618 3381 4698 Ciceroniauaaquc
3401 4644 3551 4685 com-

1948 4692 2214 4765 parationi
2240 4689 2398 4765 facile
2428 4702 2743 4765 potuerunt.

2020 4774 2045 4803 ο
2074 4762 2203 4818 Mss.
2238 4763 2460 4831 aliquot,
2495 4763 2572 4815 vel
2593 4762 2751 4832 justo:
2777 4766 3115 4823 necessitatis.

2017 4832 2042 4871 ά
2067 4834 2294 4912 Cic.ltb._
2315 4851 2328 4887 I
2350 4833 2531 4898 Uillc.,
2550 4847 2672 4903 pag.
2691 4832 2819 4897 568,
2842 4834 2917 4912 lin
2943 4838 3045 4893 39:
3072 4841 3399 4912 Quarumque
3424 4862 3549 4912 par-

1950 4905 2322 4983 tium_corporis
2339 4920 2472 4983 usas
2493 4913 2615 4983 sunt
2638 4907 2918 4983 necessarii
2944 4923 3031 4961 eas
3045 4926 3208 4983 neque
3228 4905 3398 4983 partes
3407 4905 3545 4979 (etc.

2024 4986 2047 5013 θ
2075 4972 2209 5057 Ibid.
2230 5018 2244 5038 ,
2282 4975 2476 5057 lin._5'2
2520 4989 2549 5057 ε.
2570 4972 2837 5057 ιξνὶζιοὶρὶο
2863 4981 3096 5057 corporis
3122 4972 3291 5057 itast-ri
3306 4972 3549 5057 magnam

1946 5060 2135 5104 natura
2164 5048 2281 5117 ipsa,
2306 5046 2504 5100 videtur
2529 5045 2769 5099 habuisse
2790 5045 3078 5115 rationem,
3108 5060 3211 5108 etc.
3248 5054 3345 5109 Hic
3368 5045 3548 5117 a1.th

1950 5122 2002 5194 in
2034 5116 2307 5194 Ambrmii
2337 5127 2607 5194 contextu
2631 5117 2757 5171 Era.
2785 5126 2842 5173 et
2889 5136 3006 5191 seq.
3041 5123 3171 5180 edit.
3207 5128 3499 5194 praeferunt
3520 5116 3548 5187 ri

1951 5191 2223 5272 Has-cipsa
2242 5199 2427 5243 natura
2453 5205 2547 5272 nos
2574 5190 2745 5272 docet,
2771 5206 2902 5247 mss.
2921 5190 3063 5272 _\'ero
3087 5190 3552 5272 constantissime,

1949 5281 2039 5337 ,ια
2079 5264 2192 5337 ipsa
2223 5271 2445 5337 natura,
2474 5260 2698 5315 Amerb.
2728 5302 2747 5337 ,_
2782 5278 2873 5317 nec
2912 5265 3144 5334 ltocipsa
3183 5280 3406 5337 natura,
3446 5260 3555 5332 etc:

1950 5336 2065 5391 Non
2085 5333 2248 5405 male;
2268 5333 2505 5388 esteuim
2524 5341 2718 5405 emptae
2737 5333 3176 5405 interrogationis
3193 5333 3555 5404 continuatio.

2026 5404 2218 5479 ῑῄιιιω,
2242 5443 2257 5470 ,
2291 5419 2411 5474 μελε.
2445 5403 2554 5458 372
2577 5446 2590 5470 ,
2631 5405 2726 5458 lin.
2761 5403 2832 5459 47
2861 5423 2873 5458 :
2906 5403 3092 5479 Itaque
3128 5422 3181 5466 ut
3209 5415 3436 5470 eamdem
3464 5403 3560 5479 nos

1951 5477 2257 5533 modestiam
2274 5517 2287 5538 ,
2317 5486 2422 5531 etc.

2024 5558 2049 5596 κ
2068 5548 2189 5603 Edit
2203 5585 2241 5614 .,
2262 5546 2475 5624 attrahat
2503 5545 2689 5600 ductus
2709 5547 2963 5624 quosdam
2980 5566 3149 5624 aqua,
3170 5556 3337 5608 exitus
3352 5559 3573 5617 συνήρα-

1954 5619 2149 5687 lorum,
2173 5630 2280 5673 etc.
2464 5631 2594 5672 vero
2614 5631 2789 5687 prope
2813 5618 2885 5674 ad
2907 5617 3077 5678 unum
3106 5617 3163 5680 ut
3184 5636 3291 5682 nol
3310 5626 3365 5681 in
3384 5634 3568 5693 textu.
