4030 6188
262 261 330 317 49
1355 267 1440 324 DE
1480 266 1775 327 OFFICIIS
1811 269 2287 334 MINISTRORUM
2328 276 2460 335 LIB.
2503 280 2546 337 1.
3537 291 3606 350 50

266 381 698 450 communibus;
736 392 797 440 ut
814 382 1084 440 honestati
1110 385 1195 472 vel
1229 385 1537 442 necessitati
1567 387 1702 444 nihil
1727 390 1888 460 desit,
1917 403 1976 464 Α
1997 393 2329 463 senioribus,
2363 395 2464 452 hoc
2493 407 2600 465 est,
2633 400 2716 456 vel
2743 416 2865 457 cum
2889 403 3169 474 episcopo,
3205 404 3291 461 vel
3315 406 3358 461 si
3390 407 3608 477 gravior

275 476 410 532 nihil
437 477 672 532 accedat
703 479 896 534 nitori.

354 567 571 642 2584.
606 569 861 640 Voxipsa
887 586 992 626 non
1018 571 1266 638 remissa,
1293 587 1402 628 non
1432 573 1627 640 fracta,
1653 576 1788 632 nihil
1817 577 1896 634 l'e-

284 663 520 718 niineunt
543 677 779 728 sonans,
797 663 1013 734 qualem
1039 665 1187 718 multi
1210 666 1497 736 gravitatis
1519 670 1702 739 specie
1724 669 1894 724 simu-

285 757 399 812 lare
419 766 777 821 consuerunt,
804 757 900 813 sed
927 756 1152 812 formam
1175 759 1462 827 quamdam
1487 771 1540 815 et
1565 761 1802 831 regulam
1828 778 1893 818 ac

277 865 506 905 succum
533 849 747 904 virilem
779 865 1085 906 reservans.
1117 851 1228 907 Huc
1251 862 1336 907 est
1359 854 1504 908 enim
1536 855 1894 923 pulchritudi-

275 960 408 1000 nem
449 944 666 1000 vivendi
704 955 929 1011 tenere,
974 946 1355 1000 convenientia
1401 946 1597 1016 cuique
1641 949 1792 1004 sexui
1837 959 1892 1005 et

272 1052 532 1107 person-.e
549 1035 801 1092 reddere.
831 1035 931 1092 Hic
947 1035 1080 1092 ordo
1103 1047 1376 1108 gestorum
1404 1039 1664 1109 optimus,
1695 1041 1781 1096 hic
1802 1057 1891 1096 or-

273 1141 442 1184 natus
468 1128 535 1184 ad
558 1144 777 1184 omnem
801 1130 1070 1185 actionem
1098 1131 1503 1186 accommodus.
1529 1132 1636 1188 Sed
1667 1143 1726 1188 ut
1751 1135 1890 1189 mol-

272 1223 504 1278 liculum
534 1231 590 1277 et
630 1221 921 1278 infractum
957 1232 1052 1277 aut
1081 1225 1230 1278 vocis
1260 1239 1455 1278 sonum
1481 1266 1497 1292 ,
1540 1233 1633 1278 aut
1672 1235 1886 1296 gestmu

268 1316 532 1385 corporis
561 1331 668 1370 non
693 1316 885 1386 probo;
913 1316 985 1370 ita
1017 1331 1194 1387 neque
1221 1326 1490 1387 agrestem
1516 1331 1578 1372 ac
1599 1319 1886 1376 rusticum.

271 1410 541 1468 Naturam
566 1412 845 1467 imitemur
869 1429 882 1466 :
913 1412 1032 1483 ejus
1053 1411 1285 1482 efﬁgies,
1312 1411 1542 1469 formula
1562 1413 1882 1485 disciplinas,

269 1507 456 1562 forma
490 1505 792 1561 honestatis
822 1514 926 1561 est.

885 1597 1113 1654 CAPUT
1150 1597 1282 1670 lxx.

266 1695 357 1749 Ad
396 1694 805 1749 conservandam
833 1694 1198 1749 uerecundiam
1226 1693 1680 1765 intemiierantium
1716 1694 1884 1749 homi-

1995 497 2080 542 est
2107 503 2268 544 causa
2295 533 2309 555 ,
2341 506 2464 546 cum
2498 495 2852 567 presbyteris.
2877 497 3015 567 Quid
3046 514 3271 554 necesse
3293 509 3376 556 est
3401 508 3461 556 ut
3503 501 3605 558 de-

1996 597 2119 638 mus
2162 584 2515 641 saecularibus
2567 587 2908 644 obtrectandi
2953 591 3166 646 locum?
3195 591 3332 660 Quid
3361 609 3498 663 opus
3522 603 3609 650 est

1995 685 2054 730 ut
2085 677 2191 732 illas
2221 694 2438 750 quoque
2469 681 2808 738 visitationes
2837 684 3043 738 crebra:
3070 685 3341 754 accipiant
3365 687 3607 742 auctori-

1993 771 2204 824 latent?
2249 772 2391 839 Quid
2434 774 2479 828 si
2524 774 2704 845 aliqua
2752 775 2964 830 illarum
3024 774 3163 832 forte
3208 776 3468 831 labatur?
3511 793 3611 833 cur

1993 861 2153 917 alieni
2205 863 2389 933 lapsus
2427 867 2625 920 subeas
2665 865 2964 922 invidiam?
2994 867 3165 936 Quam
3206 867 3408 922 multus
3440 869 3606 924 etiam

1995 957 2164 1009 fortes
2187 955 2442 1012 illecebra
2475 957 2731 1028 decepit!
2767 958 2969 1027 Quanti
3000 975 3110 1014 non
3137 959 3409 1016 dederunt
3429 960 3607 1016 errori

1991 1047 2194 1114 locum,
2226 1059 2280 1104 et
2307 1050 2580 1106 dederunt
2610 1052 2908 1124 suspicioni
2934 1055 2946 1108 !

2062 1141 2151 1196 88.
2193 1140 2303 1196 Cur
2331 1159 2434 1196 non
2465 1143 2554 1197 illa
2581 1154 2848 1215 tempora,
2883 1145 3079 1217 quibus
3118 1146 3187 1200 ab
3223 1146 3470 1202 Ecclesia
3501 1162 3603 1203 va-

1989 1249 2104 1298 cas,
2137 1234 2357 1289 lcctioni
2412 1236 2736 1306 impendas?
2777 1238 2885 1292 Cur
2912 1253 3018 1292 non
3048 1237 3329 1294 Christum
3365 1239 3601 1303 revisas,

1987 1323 2270 1381 Christum
2315 1326 2640 1398 alloquaris,
2684 1328 2964 1384 Christum
2997 1329 3223 1384 audias?
3274 1329 3432 1385 Illum
3463 1329 3604 1384 allo-

1989 1421 2208 1491 quimur
2256 1434 2379 1475 cum
2442 1435 2687 1487 oramus,
2731 1421 2882 1476 illum
2935 1420 3186 1476 audimus
3238 1437 3360 1476 cum
3418 1422 3609 1476 divina

1986 1513 2217 1584 legimus
2245 1515 2486 1570 oracula.
2521 1515 2663 1583 Quid
2704 1515 2863 1572 nobis
2913 1530 3038 1571 cum
3079 1514 3282 1570 alienis
3310 1514 3609 1570 domibus?

1991 1606 2106 1662 Una
2136 1616 2220 1662 est
2247 1607 2466 1675 domus,
2500 1624 2621 1680 qum
2657 1624 2852 1664 omnes
2883 1610 3047 1679 capit.
3082 1608 3164 1664 Illi
3194 1609 3376 1678 potius
3405 1607 3472 1662 ad
3507 1623 3606 1663 nos

1987 1703 2228 1765 veniant,
2272 1703 2360 1770 qui
2412 1717 2513 1758 nos
2561 1703 2866 1774 requirunt.
2899 1702 3040 1771 Quid
3074 1701 3234 1756 nobis
3287 1717 3410 1756 cum
3451 1700 3604 1757 labu-

348 1803 475 1840 ηιυη
500 1789 793 1852 consortia,
829 1787 1061 1840 εοηυίυία
1089 1796 1454 1841 extraneorum
1477 1829 1491 1854 ν
1518 1803 1579 1840 ac
1609 1788 1884 1842 mulierum
1921 1805 1963 1866 Β
1995 1793 2099 1851 lis?
2148 1795 2512 1851 Miuisterium
2567 1795 2836 1852 altaribus
2880 1794 3108 1862 Christi,
3140 1811 3246 1850 non
3277 1794 3604 1866 obsequium

344 1881 654 1934 commercia
685 1879 894 1933 vitanda
917 1898 934 1934 :
963 1879 1053 1935 sed
1077 1880 1236 1935 otium
1267 1887 1501 1934 nostrum
1530 1878 1670 1933 domi
1700 1879 1752 1934 in
1781 1881 1883 1952 piis

347 1973 676 2044 honestisque
704 1974 892 2028 studiis
918 1973 1300 2030 insumendum.

342 2064 434 2120 85.
473 2063 650 2119 Habet
702 2079 834 2120 sane
877 2079 1006 2120 suos
1054 2065 1313 2136 scopulos
1358 2067 1682 2122 verecundia
1711 2109 1726 2132 ,
1775 2083 1882 2123 non

261 2169 415 2228 quos
436 2157 550 2227 ipsa
577 2156 820 2222 invehit,
851 2157 948 2213 sed
979 2174 1115 2229 quos
1142 2174 1289 2230 saepe
1318 2159 1575 2226 incurrit;
1609 2160 1656 2214 si
1687 2161 1885 2216 intem-

266 2250 584 2320 perantium
622 2250 924 2306 incidamus
969 2255 1242 2306 consortia
1265 2293 1279 2318 ,
1325 2253 1415 2323 qui
1447 2253 1547 2309 sub
1581 2254 1762 2323 specie
1798 2253 1887 2323 ju-

265 2343 571 2401 cunditatis
604 2361 870 2401 venenum
920 2346 1211 2402 infundunt
1253 2347 1429 2403 bonis.
1480 2349 1545 2403 lli
1590 2350 1636 2404 si
1682 2350 1885 2406 assidui

264 2447 421 2502 sunt,
451 2448 508 2494 et
531 2440 766 2495 maxime
796 2441 850 2494 in
882 2441 1165 2506 convivio,
1199 2440 1326 2496 ludo
1355 2457 1417 2496 ac
1435 2441 1590 2512 joco,
1626 2451 1886 2498 enervant

267 2534 605 2603 gravitatem
635 2533 782 2588 illam
811 2535 1044 2589 virilem.
1076 2532 1381 2590 Caveamus
1421 2536 1604 2605 itaque
1643 2552 1712 2592 ne
1756 2537 1884 2593 dum

267 2625 525 2681 relaxare
545 2627 790 2680 animum
821 2628 1095 2693 volumus,
1121 2627 1400 2682 solvamus
1423 2643 1641 2684 omnem
1667 2629 1887 2685 harmo-

265 2720 444 2784 niam,
474 2719 628 2788 quasi
660 2730 987 2775 concentum
1019 2719 1308 2790 quemdam
1339 2721 1605 2776 bonorum
1635 2736 1881 2792 operum;

265 2829 404 2869 usus
435 2814 585 2868 enim
617 2813 727 2869 cito
755 2813 983 2870 inﬂectit
1015 2825 1286 2870 naturam.

338 2908 432 2964 86.
466 2917 493 2945 ⁸
524 2906 680 2964 Unde
705 2923 865 2978 quam
893 2908 1186 2978 prudenter
1205 2908 1366 2964 factis
1389 2910 1684 2966 convenire
1709 2911 1888 2967 eccle-

264 3005 511 3060 siasticis
536 3047 552 3070 ,
582 3015 638 3060 et
683 3007 920 3062 maxime
965 3007 1339 3062 ministrorum
1383 3006 1579 3061 ofﬁciis
1609 3007 1845 3062 arbitror
1867 3049 1884 3076 ,

262 3097 549 3154 declinare
573 3107 962 3154 extraneorum
985 3098 1232 3154 convivia
1262 3116 1274 3152 :
1308 3098 1395 3153 vel
1422 3107 1481 3154 ut
1509 3099 1609 3168 ipsi
1644 3099 1888 3170 hospita-

1993 1893 2306 1948 hominibus
2332 1891 2687 1948 deferendum
2712 1893 3044 1962 recepimus.

2057 1986 2152 2040 89.
2186 1985 2435 2042 Humiles
2487 2001 2588 2041 nos
2633 2001 2760 2042 esse
2809 1986 2992 2054 decet,
3024 1986 3208 2052 mites,
3261 1993 3603 2052 mansuetos,

1987 2093 2205 2149 graves,
2253 2080 2548 2149 patientes,
2591 2079 2815 2134 modum
2857 2090 3046 2135 tenere
3088 2079 3144 2134 in
3202 2080 3491 2144 omnibus;
3546 2088 3608 2134 ut

1989 2171 2196 2225 nullum
2225 2171 2418 2225 vitium
2452 2187 2574 2227 esse
2599 2172 2650 2227 in
2682 2171 2928 2227 moribus
2956 2171 3039 2226 vel
3072 2173 3266 2227 tacitus
3289 2172 3492 2240 vultus,
3516 2169 3604 2226 vel

1990 2277 2179 2318 sermo
2206 2264 2508 2320 annuntiet.

2589 2357 2819 2416 CAPUT
2858 2359 3004 2415 XXI.

1991 2451 2324 2507 Iracundiam
2355 2453 2660 2525 priusquam
2686 2453 2916 2517 oriatur,
2959 2454 3391 2524 prtecavendam;
3431 2452 3476 2507 si
3505 2452 3600 2507 ob-

2061 2557 2173 2602 orta
2217 2549 2396 2620 fuerit,
2443 2548 2826 2618 reprimendam
2872 2564 2933 2602 ac
2973 2546 3312 2618 mitigandam
3354 2561 3373 2600 :
3419 2547 3464 2600 si
3505 2561 3600 2600 nec

2059 2641 2116 2695 id
2141 2641 2346 2710 assequi
2365 2640 2678 2695 voluerimus
2701 2639 2931 2710 linguam
2955 2640 3135 2694 saltem
3152 2657 3184 2693 a
3203 2638 3448 2693 conviciis
3461 2653 3607 2692 coer-

2062 2733 2322 2800 cendam;
2352 2742 2406 2786 ut
2442 2734 2542 2786 sint
2582 2742 2750 2785 motus
2789 2731 2949 2786 nostri
2988 2731 3264 2803 puerilium
3303 2729 3607 2784 commotio-

2062 2845 2184 2882 nunt
2211 2828 2426 2882 similes.
2477 2825 2691 2880 Dictum
2727 2825 2955 2880 Ars/titur
2999 2837 3334 2890 memoratur,
3376 2824 3608 2879 ostendi-

2061 2931 2242 2991 turque
2287 2919 2540 2976 Davidem
2586 2920 2690 2990 ipsi
2731 2920 2828 2974 hac
2876 2921 2931 2974 in
2981 2935 3037 2975 re
3083 2919 3238 2990 {actis
3289 2927 3338 2973 et
3388 2918 3599 2989 scriptis

2065 3015 2346 3084 praeivt‘sse.

2065 3108 2154 3164 90.
2181 3106 2455 3162 Caveatur
2489 3105 2515 3144 ἀ
2559 3106 2860 3168 iracundia.
2912 3116 3006 3161 aut
3053 3108 3098 3161 si
3149 3107 3450 3178 praecaveri
3495 3121 3603 3162 non

263 3192 346 3246 les
373 3191 497 3246 sitis
529 3192 1028 3262 peregrinantibus,
1059 3192 1146 3248 vel
1173 3202 1230 3248 ut
1251 3207 1314 3247 ea
1336 3193 1589 3248 cautione
1613 3193 1794 3249 nullus
1818 3195 1889 3250 sit
1913 3205 1958 3269 (ζ
1993 3210 2194 3272 potest,
2221 3199 2576 3266 cohibeatur;
2601 3210 2624 3237 ε
2645 3200 2785 3254 mala
2804 3200 2948 3255 enim
2971 3199 3097 3255 illex
3113 3199 3322 3270 peccati
3351 3198 3604 3270 indigna-

263 3283 571 3353 opprobrio
601 3284 773 3339 locus.
799 3284 1054 3340 Convivia
1084 3285 1286 3356 quippe
1308 3294 1698 3342 extraneorum
1723 3302 1888 3343 occu-

264 3378 520 3448 [titiones
553 3377 800 3446 habent,
836 3387 948 3433 tum
977 3378 1144 3433 etiam
1170 3377 1200 3416 ι)
1229 3378 1485 3449 epulandi
1517 3379 1754 3449 produnt
1791 3397 1890 3436 cu-

264 3473 574 3544 piditatem.
633 3471 950 3542 Subrepunt
997 3472 1160 3527 etiam
1206 3471 1404 3528 fabulae
1453 3471 1766 3543 frequenter
1817 3474 1885 3530 de

262 3567 466 3622 saeculo
500 3581 565 3622 ac
599 3566 973 3635 voluptatibus
1003 3583 1018 3621 :
1052 3566 1310 3622 claudere
1339 3580 1501 3621 aures
1543 3583 1654 3622 non
1686 3577 1840 3638 potes
1864 3609 1879 3635 ,

262 3657 562 3728 prohibere
588 3699 604 3723 ,
639 3667 861 3728 putatur
883 3656 1173 3728 superbite.
1199 3657 1514 3727 Subrepunt
1543 3660 1704 3714 etiam
1740 3676 1879 3727 prte-

262 3762 348 3806 tcr
378 3752 722 3806 voluntatem
765 3751 978 3822 pocula.
1013 3749 1206 3805 Melius
1233 3761 1316 3805 est
1346 3761 1450 3805 tuac
1481 3751 1664 3806 domui
1703 3754 1873 3809 semel

262 3859 519 3912 excuses,
549 3860 712 3914 quam
742 3845 935 3900 alienze
961 3843 1279 3914 frequenter
1305 3861 1318 3899 :
1351 3853 1406 3899 et
1437 3855 1494 3898 ut
1521 3845 1636 3915 ipse
1659 3846 1878 3902 sobrius

258 3953 456 4008 surgas
483 3979 499 4004 ,
534 3947 719 3992 tamen
749 3953 817 3992 ex
854 3937 1030 3993 aliena
1063 3936 1354 3994 insolentia
1384 3937 1736 3993 condemnari
1766 3955 1872 3996 non

264 4030 428 4086 debet
455 4030 748 4100 prmsentia
777 4039 891 4084 tua.

336 4125 428 4178 87.
463 4133 489 4164 ε
522 4121 822 4177 Viduarum
854 4138 918 4177 ac
940 4123 1207 4194 virginum
1239 4124 1455 4190 domos,
1489 4122 1592 4178 nisi
1622 4124 1874 4182 visitandi

262 4216 439 4288 gratia
463 4256 478 4280 ,
509 4215 615 4288 25
638 4213 887 4284 juniores
918 4214 1069 4270 adire
1095 4230 1204 4270 non
1227 4225 1309 4271 est
1335 4231 1470 4287 opus
1500 4234 1514 4272 :
1545 4225 1599 4272 et
1630 4217 1730 4273 hoc
1750 4233 1872 4274 cum

1994 3293 2070 3347 tio
2101 3303 2222 3347 est:
2255 3308 2376 3363 quae
2424 3292 2499 3346 ita
2539 3291 2780 3347 animum
2812 3291 3114 3361 perturbat,
3149 3299 3210 3345 ut
3245 3290 3450 3346 rationi
3490 3303 3600 3346 nan

1991 3385 2264 3456 relinquat
2296 3383 2496 3438 locum.
2539 3382 2780 3438 Primum
2809 3394 2892 3438 est
2925 3383 3115 3453 igitur,
3149 3382 3197 3437 si
3239 3382 3357 3438 ﬁeri
3397 3390 3598 3453 potest,

1991 3489 2050 3533 ut
2098 3493 2308 3532 morum
2342 3475 2712 3548 tranquillitas
2753 3492 2852 3531 usu
2906 3476 3167 3547 quodam,
3218 3473 3235 3513 ί
3286 3475 3598 3543 aﬁ‘ectione,

1989 3571 2291 3641 pr0posito,
2327 3569 2380 3624 in
2411 3579 2660 3624 naturam
2689 3579 2956 3624 vertatur.
2989 3568 3196 3624 Deinde
3225 3569 3483 3638 quoniam
3522 3570 3598 3625 ita

1988 3663 2309 3733 plermuque
2341 3670 2523 3717 motus
2554 3661 2758 3716 inﬁxus
2786 3669 2874 3715 est
2901 3673 3115 3716 natura:
3144 3675 3210 3715 ac
3241 3658 3506 3724 moribus,
3539 3667 3600 3714 ut

1983 3756 2143 3813 evelli
2175 3766 2199 3804 ε
2241 3767 2406 3825 atque
2442 3754 2636 3809 evitari
2689 3768 2796 3808 non
2826 3761 2992 3824 queat
3025 3771 3039 3808 :
3092 3753 3138 3808 si
3178 3750 3465 3820 praivideri
3498 3764 3599 3819 po-

1986 3850 2172 3916 tuerit,
2208 3846 2421 3902 ratione
2462 3846 2815 3916 reprimatur.
2859 3843 2968 3898 Aut
3013 3843 3056 3897 si
3109 3842 3257 3911 prius
3300 3847 3596 3912 occupatus

1984 3943 2148 3998 luerit
2175 3941 2388 3994 animus
2405 3938 2476 3993 ab
2494 3937 2891 4006 indignatione.
2909 3949 3072 4005 quam
3104 3933 3336 3990 consilio
3357 3933 3594 4006 prospici

1983 4049 2048 4089 ac
2098 4031 2373 4104 provideri
2429 4027 2690 4100 potuerit,
2745 4043 2816 4082 ue
2867 4037 3282 4097 occuparetur:
3328 4027 3594 4083 meditare

1979 4126 2254 4208 quomodo
2286 4133 2493 4179 motum
2526 4122 2691 4177 animi
2720 4125 2796 4177 tui
2828 4121 3036 4185 vincas,
3079 4121 3412 4177 iracundiam
3449 4130 3594 4177 tem-

1982 4235 2163 4292 peres.
2219 4217 2441 4274 Resiste
2491 4216 2609 4284 irm,
2658 4216 2702 4270 si
2735 4224 2937 4286 potes:
2970 4213 3126 4282 cede,
3157 4215 3202 4270 si
3249 4229 3360 4270 non
3405 4223 3592 4286 potes;

263 4381 438 4435 minus
464 4387 653 4433 coacta
705 4375 953 4430 videatur
983 4375 1199 4430 Baronii
1228 4375 1518 4444 expositio,
1547 4384 1754 4431 certum
1787 4385 1868 4430 ta-
1897 4381 1952 4442 D
1976 4378 2055 4432 vel
2080 4376 2498 4432 sanctimoniales
2519 4376 2824 4431 clericorum
2853 4376 3296 4447 familiaritatibus
3309 4375 3592 4447 subjiciun-

264 4468 386 4507 mcn
411 4461 497 4504 est
529 4453 598 4503 ab
620 4449 914 4502 Ambrosio
941 4447 1041 4501 hoc
1070 4447 1332 4500 locialiud
1348 4447 1477 4500 nihil
1505 4447 1726 4502 clericis
1748 4463 1872 4518 pru-

263 4521 460 4578 hiberi.
499 4521 604 4575 ni~i
636 4520 928 4576 candorem
977 4520 1207 4573 vestium
1261 4519 1567 4574 affectatum
1615 4534 1680 4572 ac
1710 4519 1872 4573 nimis

263 4597 537 4650 lucentem
569 4609 583 4656 ;
618 4602 672 4644 ut
721 4606 840 4660 qua:
878 4600 1180 4656 sequuntur
1226 4589 1356 4644 satis
1388 4590 1705 4650 ostendunt.
1738 4591 1872 4644 nihil

261 4667 473 4720 accedat
503 4664 685 4719 nitori.
720 4663 786 4716 Et
809 4661 911 4715 huc
943 4665 1185 4732 proiecto
1213 4662 1438 4716 mirilice
1459 4662 1721 4715 convenit
1746 4677 1868 4716 cum

264 4739 332 4792 iis
363 4753 485 4806 qua:
513 4734 747 4789 Basilius
766 4731 1002 4806 epist.t,
1029 4733 1094 4786 ad
1123 4731 1446 4806 Gregorium
1472 4732 1872 4803 Nazian.,prae-

261 4804 412 4880 cipit.
445 4806 738 4880 Sedillam
763 4805 881 4874 ipse
902 4806 1156 4880 consulas
1181 4804 1329 4880 licet.

337 4891 365 4917 ιι
385 4879 460 4934 Ita
491 4877 714 4933 edit.ac
747 4893 877 4930 mss.
901 4877 1146 4930 nonnulli
1173 4892 1186 4928 :
1216 4877 1306 4931 alii
1331 4890 1460 4930 vero
1487 4877 1706 4944 partim,
1737 4875 1876 4930 unde

269 4953 549 5030 prudenter
577 4949 755 5030 [utilis
805 4950 1117 5030 convenire;
1169 4948 1389 5029 partim,
1417 4947 1553 5000 unde
1582 4947 1720 5016 quod
1747 4963 1876 5019 pru-

267 5019 442 5078 denter
457 5019 640 5092 agt'tis,
663 5023 952 5080 convenire.
973 5029 1105 5092 etc.,
1139 5034 1246 5092 non
1269 5019 1583 5092 incongrue.

337 5093 366 5133 ιι
397 5089 526 5148 \lss.
553 5091 784 5158 aliquot,
813 5091 1060 5161 epulandi
1085 5091 1373 5158 producunt
1400 5089 1760 5156 cupiditatem.

339 5175 362 5206 ο
394 5167 642 5234 Magnam
692 5177 912 5229 semper
939 5163 1108 5231 gessit
1165 5161 1406 5234 Ecclesia
1456 5161 1877 5234 existimationis

269 5232 647 5291 ministrorum
672 5247 897 5287 suorum
925 5248 1133 5287 curam.
1169 5233 1304 5286 llinc
1334 5240 1419 5286 est
1469 5233 1613 5303 quod
1637 5232 1874 5289 Ambro-

268 5309 378 5363 sius
407 5310 515 5362 hoc
563 5306 687 5358 loco
719 5313 799 5357 tot
835 5304 1245 5359 c0uditionibus
1290 5303 1612 5358 clericorum
1663 5305 1878 5360 adoles-

269 5381 574 5435 centiorum
599 5389 726 5431 cum
751 5374 927 5429 viduis
970 5390 1034 5428 ac
1075 5375 1246 5430 sacris
1273 5375 1574 5444 virginibus
1619 5391 1880 5445 congres-

271 5461 384 5506 sum
455 5446 888 5505 circumscribit.
936 5448 1052 5512 Qua
1119 5446 1282 5500 etiam
1339 5447 1622 5516 prudentia
1676 5447 1877 5502 inducti

272 5529 472 5594 quartae
503 5516 702 5591 synodi
747 5516 1217 5594 Carthaginiensis
1240 5589 1248 5594 .
1260 5519 1557 5594 antistites,
1589 5529 1646 5572 ut
1676 5517 1882 5594 signiti-

277 5586 462 5648 carent
505 5586 730 5646 omnem
762 5586 1072 5656 huiusmodi
1124 5588 1508 5643 familiaritatis
1536 5586 1882 5644 occasionem

281 5661 572 5720 tollendam
594 5675 630 5716 e
653 5658 859 5722 niedio,
891 5657 1220 5713 deﬁnierunt
1246 5673 1366 5714 can.
1402 5659 1540 5717 402:
1575 5661 1656 5714 Ad
1683 5669 1881 5713 reatum

283 5733 500 5806 epicuri
545 5731 926 5806 pertinere"...
981 5730 1026 5806 si
1063 5731 1410 5806 sustentandte
1454 5734 1571 5786 vim:
1617 5731 1882 5806 praesentis

281 5799 590 5876 iussique
619 5811 804 5858 tamen
837 5801 922 5855 vix
963 5800 1066 5854 ala
1097 5801 1292 5870 iustior
1316 5815 1436 5857 esse
1468 5799 1672 5872 potest)
1714 5801 1882 5856 viduos

1981 4459 2084 4504 tur.
2113 4449 2248 4504 Cum
2281 4459 2469 4503 autem
2495 4462 2601 4518 qua
2627 4449 2838 4502 ratione
2865 4462 2896 4500 a
2916 4448 3134 4501 clericis
3167 4447 3474 4514 hujusmodi
3509 4447 3589 4500 fc-

1983 4522 2146 4575 mina:
2177 4517 2871 4588 accedentes'cxcipiendtc
2900 4520 3030 4579 sint.
3055 4518 3113 4572 S.
3144 4517 3346 4572 Ductor
3387 4531 3590 4584 nequa-

1983 4607 2145 4662 quam
2173 4593 2452 4662 prmcipiat
2483 4607 2497 4656 ;
2526 4591 2653 4662 inde
2702 4590 2968 4659 c0njicias
3000 4588 3140 4642 haud
3175 4591 3244 4662 ita
3275 4589 3591 4651 frequenter

1981 4661 2074 4718 eas
2097 4664 2256 4718 domu
2284 4661 2470 4733 egredi
2525 4661 2591 4715 ad
2643 4662 2990 4733 invisendum
3016 4661 3332 4733 quempiam
3357 4672 3590 4714 consue-

1981 4736 2146 4789 visse.
2173 4735 2256 4790 Ab
2286 4731 2530 4788 Ecclesia
2599 4741 2778 4787 tamen
2833 4732 3126 4785 universitn
3183 4731 3460 4798 provisum
3493 4745 3583 4784 re-

1983 4807 2262 4875 perimus,
2315 4821 2384 4858 ne
2441 4803 2795 4875 mttlier_sine
2841 4802 3146 4857 diaconissa
3194 4800 3262 4855 ad
3281 4801 3584 4875 diaconum

1980 4871 2179 4931 debeat
2198 4875 2480 4929 accedere.
2507 4873 2660 4938 Qund
2708 4874 2757 4927 si
2782 4883 2931 4927 tanta
2979 4875 3232 4926 cauti0ne
3262 4871 3328 4924 de
3352 4871 3589 4939 simplici

1984 4948 2201 5002 l‘eminm
2231 4946 2296 4999 ad
2328 4945 2616 4999 diaconum
2647 4945 2797 4998 aditu
2829 4946 3181 4998 constitutum
3218 4941 3310 5003 sit,
3343 4942 3466 5006 quis
3483 4944 3588 4997 mi-

1981 5029 2136 5073 retur
2164 5017 2617 5086 presbyterorum
2635 5029 2758 5069 cum
2790 5015 3114 5070 mulieribus
3168 5012 3589 5069 contubernium

1984 5101 2059 5144 tot
2084 5084 2386 5142 canonibus
2415 5084 2775 5155 proscriptum
2803 5100 2925 5140 esse
2954 5086 2978 5140 τ

2052 5157 2078 5196 ιι
2105 5159 2222 5215 Cic.
2257 5159 2355 5213 lib.
2385 5153 2594 5211 t’Olﬁc.
2628 5153 2754 5226 pag.
2779 5155 2907 5220 565,
2937 5157 3035 5211 lin.
3082 5155 3152 5210 12
3186 5173 3199 5210 :
3247 5153 3586 5211 Prohibenda

1982 5232 2208 5286 maxime
2234 5227 2577 5294 ira,ctc.Hic
2605 5243 2769 5298 porro
2798 5229 3026 5284 dissidet
3050 5241 3079 5280 a
3107 5228 3374 5283 Cicerone
3401 5237 3590 5285 noster

1984 5303 2340 5366 Ambrosius;
2369 5298 2808 5371 quandoquidem
2849 5299 3223 5371 illeivirtutem
3254 5313 3405 5371 more
3436 5299 3587 5371 Stoi-

1984 5391 2172 5432 corum
2203 5376 2256 5427 in
2284 5367 2576 5427 atl'ectuum
2602 5367 2893 5434 vacuitate,
2915 5370 3000 5425 hic
3029 5378 3208 5425 autem
3236 5385 3304 5424 cx
3325 5367 3592 5428 Christia-

1983 5461 2178 5502 norum
2209 5445 2362 5500 scitis
2392 5443 2444 5498 in
2477 5442 2849 5498 moderatione
2879 5440 3179 5497 constituit.

2060 5529 2084 5554 ε
2113 5518 2233 5573 Vet.
2265 5515 2397 5573 edit.
2441 5529 2505 5569 ac
2543 5529 2678 5570 mss.
2733 5513 2957 5584 aliquot,
3001 5513 3144 5568 mala
3189 5514 3324 5567 enim
3347 5513 3432 5569 lea:
3470 5533 3595 5586 pec-

1981 5591 2104 5643 cuti.

2065 5660 2082 5697 ί
2111 5659 2340 5728 Quidam
2360 5673 2516 5724 mss.,
2531 5657 2804 5727 alfectioue
2815 5657 3070 5729 propositi
3079 5656 3131 5710 in
3144 5665 3382 5712 naturam
3403 5670 3596 5729 vertat.

2065 5675 2076 5697 ¹
2111 5675 2340 5728 Quidam
2360 5675 2804 5727 mss.,anecuoue
2851 5675 3382 5729 ropostttmttaturam
3403 5675 3596 5721 vertat.

2061 5742 2085 5778 ε
2115 5731 2369 5786 Nonnulli
2399 5745 2529 5784 mss.
2555 5739 2613 5786 et
2637 5730 2771 5785 edit.
2799 5675 2928 5785 ἔιιι.
2959 5732 3011 5787 iu
3042 5744 3217 5798 marg.
3247 5745 3309 5785 ac
3341 5729 3501 5786 Rom.
3534 5727 3602 5794 in

1986 5818 2164 5874 corp.,
2193 5813 2347 5868 atque
2373 5801 2534 5856 euinci
2567 5817 2666 5857 non
2698 5812 2868 5870 queat.
