4030 6188
441 288 505 347 5!
1775 287 2024 346 SANC'I‘I
2064 289 2392 347 AMBROSII
3679 289 3756 346 53

439 408 562 479 quia
595 409 861 478 scriptum
891 414 976 461 est
1005 423 1016 457 :
1049 403 1182 459 Date
1210 406 1381 460 locum
1423 405 1518 459 ira:
1564 403 1744 476 (Rom.
1781 420 1882 470 xu,
1927 404 2040 476 l9).
2071 415 2120 472 Α
2220 406 2310 463 94.
2343 408 2815 480 Feruntgentiles,
2849 420 2904 464 ιιι
2937 410 2989 465 in
3016 410 3190 480 majus
3221 411 3402 467 omnia
3439 411 3616 466 verbis
3656 430 3754 469 ex-

511 503 599 559 91.
630 502 798 556 Jacub
825 498 977 556 fratri
1010 499 1310 569 indignanti
1344 499 1428 569 pie
1471 499 1636 554 cessit
1678 497 1833 570 (Gen.
1867 513 2038 565 xxvn,

439 595 512 651 42
540 606 585 648 et
615 591 773 663 seq.),
804 603 857 646 et
891 591 1177 658 Rebeccae,
1212 590 1263 645 id
1294 600 1400 654 est,
1434 591 1707 661 pati-mia:
1745 592 2042 647 instructus

441 689 692 753 consilio,
721 689 914 744 abesse
943 690 1131 744 maluit
1160 699 1215 744 et
1241 689 1774 760 peregrinari,quam
1803 688 2044 744 excitare

439 781 627 836 fratris
659 782 1121 854 indignationem;
1167 794 1221 838 et
1261 794 1386 838 tunc
1419 782 1618 848 redire,
1645 797 1767 837 eum
1820 780 2041 836 fratrem

440 878 744 946 mitigatum
789 886 1020 947 putaret.
1054 877 1124 932 Et
1151 877 1276 932 ideo
1297 886 1501 931 tantam
1529 876 1668 946 apud
1693 875 1860 930 Deum
1888 873 2042 928 inve-

436 973 514 1025 nit
541 972 795 1041 gratiam.
826 971 1037 1039 Quibus
1060 971 1260 1028 deinde
1284 972 1587 1040 obsequiis,
1613 969 1830 1040 quantis
1855 983 2046 1023 mune-

438 1063 590 1118 ribus
625 1062 847 1118 fratrem
881 1065 1056 1133 ipsum
1088 1064 1462 1120 reconciliavit
1505 1063 1641 1128 sibi;
1675 1071 1730 1116 ut
1781 1062 1874 1118 ille
1904 1076 2044 1132 pra:-

439 1164 608 1224 repta:
667 1155 1064 1212 benedictionis
1117 1173 1224 1212 non
1276 1157 1652 1221 meminisset,
1709 1155 2048 1211 meminisset

439 1250 634 1303 delata:
663 1249 1052 1305 satisfactionis
1081 1249 1237 1322 (Gen.
1271 1264 1445 1313 xxxtt,
1474 1249 1509 1303 '5
1531 1257 1576 1303 et
1598 1249 1762 1318 seq.)!

512 1339 604 1397 92.
639 1342 781 1410 Ergo
812 1343 855 1395 si
887 1341 1220 1413 prmvenerit
1244 1350 1301 1396 et
1324 1340 1787 1410 praeoccupaverit
1810 1348 2046 1394 mentem

441 1444 587 1489 tuam
606 1435 966 1499 iracundia,et
982 1435 1291 1490 ascenderit
1308 1437 1358 1489 in
1376 1445 1564 1495 te.non
1579 1435 1856 1503 relinquas
1869 1433 2048 1488 locum

437 1535 616 1580 tuum.
634 1526 811 1581 Locus
831 1535 955 1584 tuus
971 1529 1231 1598 patientia
1244 1527 1465 1599 est,26
1477 1528 1629 1582 loctts
1648 1535 1769 1582 tuus
1784 1527 2048 1598 sapientia

442 1618 705 1684 est,locus
727 1627 848 1674 tuus
865 1621 1004 1673 ratio
1020 1619 1281 1686 est,|oeus
1297 1629 1422 1673 tuus
1439 1618 1650 1674 sedatio
1666 1617 2054 1688 indignationis

439 1719 545 1763 est.
589 1715 695 1763 Aut
743 1710 790 1764 si
831 1719 885 1764 te
927 1711 1268 1766 contumacia
1302 1709 1688 1780 respondentis
1717 1709 1964 1774 moverit,
1997 1717 2054 1764 et

441 1805 770 1871 perversitas
790 1804 1068 1873 impulerit
1086 1804 1152 1859 ad
1176 1802 1704 1875 indignationemzsi
1734 1819 1840 1857 non
1860 1813 2049 1872 potue-
2077 1804 2125 1863 B

441 1897 518 1952 ris
565 1898 812 1967 mitigare
843 1907 1104 1963 mentem,
1160 1897 1396 1967 reprime
1447 1897 1684 1967 linguam
1729 1904 1896 1950 tuam.
1958 1895 2048 1950 Sic

442 1991 588 2047 enim
617 1990 881 2060 scriptum
907 2000 1028 2044 est:
1065 1989 1256 2044 Cohibe
1286 1990 1515 2060 linguam
1560 1998 1702 2042 tuam
1743 2004 1774 2040 a
1806 1989 1964 2053 ntalo,
2000 1995 2049 2040 et

445 2083 584 2136 labia
609 2093 698 2136 tua
725 2099 790 2136 ne
819 2084 1098 2153 loquantur
1130 2082 1326 2135 dolum.
1379 2080 1587 2136 Deinde
1612 2081 1813 2151 inquire
1846 2095 2045 2151 pacem,

445 2187 495 2231 et
549 2193 757 2247 sequere
807 2193 918 2230 eam
959 2175 1133 2248 (Psal.
1165 2190 1351 2238 xxxttt,
1385 2174 1474 2242 14,
1509 2172 1618 2246 15).
1671 2173 1868 2229 Pacem
1901 2175 2046 2228 illam

445 2273 660 2325 sancti“
689 2270 860 2326 Jacob
889 2270 1031 2336 vide,
1061 2286 1163 2340 qua
1201 2281 1253 2324 ιιι
1284 2271 1514 2340 primum
1543 2269 1733 2325 sedato
1762 2271 2001 2324 animum
2031 2289 2045 2324 :

445 2368 489 2420 si
541 2383 647 2420 tton
701 2366 1073 2435 prmvalueris,
1123 2365 1306 2420 frenos
1365 2366 1560 2437 lingua:
1618 2369 1838 2435 impone
1882 2376 1988 2420 tua:
2030 2386 2044 2422 :

443 2459 643 2515 deinde
691 2459 1150 2515 reconciliationis
1196 2459 1432 2514 studium
1484 2475 1590 2518 non
1643 2459 2044 2529 praetermittas.

445 2551 572 2606 “th
601 2562 846 2606 oratores
874 2551 1061 2606 steculi
1092 2551 1161 2606 de
1191 2553 1397 2606 nostris
1429 2562 1684 2620 usurpata
1724 2552 1778 2605 in
1807 2551 1922 2605 suis
1948 2566 2045 2620 po-

443 2660 604 2700 suere
635 2645 786 2699 libris
820 2663 832 2697 :
879 2646 974 2700 sed
1021 2645 1115 2700 ille
1158 2661 1354 2700 sensus
1387 2647 1548 2709 hujus
1591 2647 1754 2702 habet
1792 2647 2045 2717 gratiam,

445 2741 536 2809 qui
568 2741 718 2809 prior
750 2741 908 2795 dixit.

523 2836 612 2891 95.
651 2835 896 2891 Vitemus
935 2852 1085 2908 ergo,
1121 2846 1216 2891 aut
1265 2849 1630 2908 temperemus
1670 2837 2047 2904 iracundiam;

450 2946 520 2986 ne
550 2931 618 2985 sit
668 2933 786 2998 ejus
818 2941 908 2985 ant
953 2932 1007 2985 in
1057 2932 1306 2986 laudibus
1344 2932 1613 3002 exceptio,
1663 2942 1758 2988 aut
1807 2933 1861 2988 in
1909 2934 2053 2989 vitiis

447 3027 812 3096 exaggeratio.
847 3025 966 3080 Non
994 3029 1269 3082 mediocre
1299 3041 1379 3083 est
1412 3030 1658 3098 mitigare
1682 3029 2049 3085 iracundiam:

452 3136 560 3173 non
614 3119 841 3173 inferius
891 3136 1052 3188 quam
1111 3122 1335 3176 omnino
1385 3140 1489 3176 non
1535 3125 1888 3179 commoveri.
1939 3124 2053 3180 Hoc

2148 502 2340 557 tollere
2371 504 2545 558 solent
2566 515 2587 542 ε
2618 503 2856 558 Architae
2874 505 3152 560 Tarentini
3185 508 3386 561 dictum
3417 507 3750 579 philosophi,

2145 598 2287 666 quod
2314 598 2378 651 ad
2407 597 2642 652 villicum
2672 614 2830 653 suum
2857 599 3056 655 dixerit
3086 618 3098 654 :
3125 601 3169 656 Ο
3194 610 3244 656 ιε
3275 601 3571 669 infelicem,
3591 620 3754 674 quem

2145 691 2489 755 altlictarem,
2527 694 2625 747 nisi
2660 691 2835 748 iratus
2861 709 3038 748 essem
3068 695 3080 748 !
3115 693 3224 750 Sed
3248 697 3360 765 jam
3397 696 3563 750 David
3591 707 3645 752 et
3667 714 3758 752 ar-

2147 797 2344 840 tnatam
2359 784 2638 841 dexteram
2663 786 2713 840 in
2735 786 3111 859 indignatione
3128 800 3534 859 compresserat
3550 789 3596 863 (I
3619 791 3752 865 Reg.

2148 894 2276 943 xxv,
2323 877 2437 948 52).
2487 878 2550 932 Et
2603 889 2805 948 quanto
2855 880 2974 948 plus
3020 889 3105 935 est
3169 896 3278 935 non
3335 882 3754 949 remaledicere,

2147 985 2306 1040 qnatn
2355 986 2461 1024 non
2496 970 2806 1027 vindicare?
2839 973 2904 1026 Et
2951 971 3247 1028 bellatores
3290 973 3554 1030 adversus
3585 975 3757 1031 Nabal

2148 1064 2214 1117 ad
2247 1064 2505 1118 ultionem
2553 1075 2795 1134 paratos.
2843 1065 3054 1138 Abigail
3097 1065 3481 1134 deprecatione
3526 1085 3756 1125 revoca-

2151 1166 2320 1211 verat.
2346 1155 2498 1212 Unde
2520 1157 2860 1214 adrertimus
2889 1160 3226 1230 tempestivis
3250 1176 3466 1232 quoque
3494 1162 3759 1218 interces-

2149 1249 2396 1304 sionibus
2441 1265 2546 1305 non
2591 1251 2770 1306 solum
2803 1253 3004 1308 cedere
3029 1268 3148 1320 nos,
3183 1253 3277 1309 sed
3301 1256 3464 1308 etiam
3494 1254 3756 1310 delectari

2151 1354 2422 1414 oportere.
2460 1345 2731 1417 ansque
2772 1358 2952 1402 autem
2981 1348 3284 1403 delectatus
3305 1359 3410 1414 est,
3445 1359 3499 1403 ut
3533 1348 3758 1404 benedi-

2151 1444 2302 1490 ceret
2325 1437 2804 1504 iutervenientem,
2835 1439 2976 1508 quod
3011 1441 3079 1493 ab
3109 1439 3292 1495 studio
3322 1439 3576 1495 vindicta:
3601 1456 3760 1496 revo-

2153 1540 2308 1585 catus
2337 1532 2496 1587 foret.

2224 1624 2314 1679 95.
2341 1624 2457 1679 Jam
2484 1625 2694 1680 dixerat
2739 1625 2809 1681 de
2838 1627 3071 1681 inimicis
3101 1627 3214 1683 suis
3247 1645 3260 1681 :
3300 1627 3560 1694 Quoniam
3589 1626 3758 1682 decli-

2156 1729 2404 1772 naverunt
2426 1719 2478 1772 in
2510 1736 2590 1774 me
2608 1720 2954 1789 iniquitatem,
2978 1729 3024 1774 et
3052 1720 3105 1773 in
3131 1721 3211 1774 ira
3240 1721 3442 1774 molesti
3464 1730 3608 1774 erant
3631 1721 3761 1773 mihi

2156 1810 2328 1880 (l’sal.
2366 1827 2476 1876 Ltv,
2509 1811 2585 1882 4).
2639 1812 2938 1868 Audiamus
2970 1813 3216 1868 turbatus
3259 1813 3311 1866 in
3341 1814 3418 1866 ira
3445 1812 3572 1882 quid
3599 1812 3758 1867 dixe-

2151 1907 2228 1958 rit-
2257 1923 2270 1958 :
2305 1905 2430 1970 Quis
2458 1905 2601 1959 dabit
2630 1906 2758 1960 mihi
2786 1924 2980 1977 pennas
3010 1907 3147 1960 sicut
3177 1904 3451 1972 columbae,
3483 1916 3529 1961 et
3551 1906 3756 1974 volabo,

2150 2010 2196 2054 et
2223 2001 2539 2068 requiescam
2565 1999 2754 2070 (lbid.,
2782 2001 2876 2073 7)?
2907 2000 2987 2055 Illi
3022 2000 3089 2055 ad
3122 2000 3454 2055 iracundiam
3499 2014 3760 2072 provoca-

2152 2092 2303 2158 bant,
2343 2093 2430 2148 hic
2454 2095 2902 2164 tranquillitatem
2937 2095 3195 2165 eligebat.

2223 2187 2313 2244 96.
2366 2187 2483 2242 Jam
2532 2187 2741 2243 dixerat
2796 2206 2810 2242 :
2861 2187 3182 2254 Irascimini,
3237 2198 3286 2241 et
3339 2186 3497 2241 nolite
3545 2203 3758 2259 peccare

2151 2281 2426 2347 (Psal.tv,
2457 2281 2536 2352 5).
2585 2281 2808 2337 Moralis
2851 2283 3128 2352 magiSter,
3180 2281 3274 2351 qui
3326 2281 3624 2336 naturalem
3679 2280 3756 2334 af-

2151 2373 2348 2429 fectum
2389 2374 2776 2430 inlleetendum
2814 2375 2984 2446 magis
3027 2377 3240 2430 ratione
3279 2375 3561 2440 doctrinm,
3594 2391 3756 2446 quam

2151 2467 2532 2538 extirpandunt
2574 2469 2680 2540 27
2713 2477 2957 2534 noverat,
3003 2470 3225 2523 muralia
3262 2467 3452 2534 docet;
3503 2468 3604 2522 huc
3633 2477 3754 2534 est,

2153 2560 2449 2615 lrascimini
2479 2562 2570 2614 ubi
2615 2560 2771 2631 culpa
2803 2571 2906 2628 est,
2940 2561 3028 2617 cui
3062 2562 3217 2616 irasci
3265 2560 3531 2616 debeatis.
3564 2557 3590 2596 ἀ
3637 2560 3757 2616 Νυιι

2156 2665 2330 2725 potest
2365 2657 2510 2710 enim
2542 2655 2680 2721 fieri,
2726 2667 2782 2709 ut
2815 2672 2922 2711 non
2952 2672 3132 2711 rerum
3175 2655 3497 2725 indignitate
3536 2669 3758 2710 movea-

2154 2765 2311 2802 mur:
2345 2749 2582 2818 alioquin
2617 2765 2721 2803 non
2753 2749 2944 2815 virtus,
2982 2759 3005 2785 ε·
3035 2748 3128 2803 sed
3168 2747 3435 2803 lentitudo
3475 2757 3531 2802 et
3563 2748 3758 2803 remis-

2153 2841 2236 2895 sio
2259 2840 2556 2910 judicatur.
2599 2841 2898 2896 lrascimini
2936 2855 3070 2911 ergo
3113 2841 3208 2904 ita,
3242 2851 3353 2894 uta
3388 2841 3542 2911 culpa
3588 2840 3759 2894 absti-

2157 2937 2350 2990 neatis.
2390 2935 2484 2990 Vel
2507 2937 2587 2990 sic
2626 2953 2638 2988 :
2685 2937 2738 2989 Si
2771 2935 3092 3000 irascimini,
3143 2934 3308 2989 nolite
3359 2949 3606 3004 peccare,
3660 2934 3758 2987 sed

2160 3029 2358 3084 vincite
2388 3027 2597 3083 ratione
2626 3028 2985 3083 iracundiam.
3017 3028 3114 3082 Vel
3143 3038 3291 3084 certe
3329 3030 3448 3082 sic:
3481 3027 3537 3084 Si
3569 3028 3762 3083 irasci-

2159 3121 2312 3181 mini,
2347 3122 2500 3176 vobis
2530 3122 2860 3182 irascamini,
2896 3121 3020 3191 quia
3054 3120 3310 3175 commoti
3356 3123 3509 3187 estis,
3545 3131 3600 3176 et
3645 3136 3758 3176 non

453 3225 696 3268 nostrum
731 3225 834 3280 est,
872 3227 1077 3269 natura:
1103 3216 1255 3270 illud.
1305 3218 1542 3289 Denique
1567 3221 1967 3275 commotiones
2002 3225 2054 3275 in
2083 3185 2130 3250 Ο
2162 3215 2478 3287 peccabitis.
2510 3216 2610 3282 Qui
2639 3216 2788 3271 enim
2811 3216 2913 3270 sibi
2945 3217 3218 3283 irascitur,
3244 3216 3365 3284 quia
3388 3216 3495 3270 cito
3516 3230 3763 3270 commo-

454 3311 635 3378 pueris
665 3309 905 3363 innoxia:
936 3319 1083 3372 sunt,
1113 3326 1236 3381 qua:
1268 3311 1390 3381 plus
1419 3313 1622 3366 habent
1645 3313 1856 3382 gratia},
1898 3330 2054 3383 quant

453 3403 833 3456 amaritudinis
896 3402 1030 3456 Etsi
1061 3403 1173 3458 cito
1202 3405 1351 3473 pueri
1386 3405 1526 3458 inter
1555 3421 1613 3459 se
1642 3414 1944 3466 moventur,
1979 3405 2060 3458 fa-

453 3497 560 3550 cile
610 3495 889 3560 sedantur,
937 3505 991 3550 et
1037 3497 1230 3568 majori
1276 3499 1540 3551 suavitate
1573 3499 1627 3551 in
1656 3514 1715 3552 se
1747 3508 2052 3553 recurrunt.

453 3590 714 3644 Nesciunt
754 3605 814 3643 se
862 3589 1100 3644 subdole
1146 3589 1551 3659 artillcioseque
1596 3599 1847 3644 tractare.
1883 3591 2060 3646 Nolite

456 3684 553 3738 hos
601 3693 954 3739 contemnere
1003 3698 1224 3752 pueros,
1273 3684 1341 3738 de
1385 3683 1582 3752 quibus
1632 3685 1892 3740 Dominus
1943 3687 2055 3740 ait:

458 3777 579 3831 Nisi
615 3778 850 3832 conversi
888 3780 1112 3848 fueritis,
1157 3788 1205 3832 et
1246 3777 1553 3847 efﬁciamini
1607 3781 1740 3833 sicut
1785 3798 1912 3850 puer
1941 3783 2056 3848 iste,

455 3887 557 3924 non
595 3871 849 3924 intrabitis
894 3872 948 3923 in
993 3885 1212 3941 regnum
1253 3870 1498 3924 caelorum
1530 3869 1745 3944 (Matth.
1788 3888 1945 3939 xvm,
1977 3872 2054 3945 3).

455 3965 642 4034 Itaque
672 3973 727 4019 et
763 3964 878 4034 ipse
926 3964 1204 4025 Dominus,
1245 3963 1349 4018 hoc
1381 3973 1486 4029 est,
1541 3965 1630 4018 llei
1677 3966 1874 4032 virtus,
1920 3968 2061 4023 sicut

463 4073 612 4128 puer,
665 4071 788 4111 cum
846 4056 1284 4120 malediceretur,
1339 4072 1444 4110 non
1497 4057 1834 4112 remaledixit
1877 4076 1889 4112 :
1937 4075 2060 4115 cum

464 4159 836 4221 percuteretur
883 4164 990 4204 non
1049 4149 1386 4218 repercussit
1441 4149 1480 4220 (Ι
1525 4147 1670 4202 Petr.
1719 4165 1778 4213 ιι,
1807 4149 1922 4222 23).
1983 4151 2058 4207 Ita

461 4257 592 4312 ergo
613 4251 665 4294 te
694 4254 968 4308 compara,
1000 4250 1059 4294 ut
1080 4241 1233 4310 quasi
1265 4256 1397 4308 puer
1427 4240 1678 4309 injuriam
1705 4257 1810 4296 non
1845 4252 2056 4312 teneas,

463 4333 724 4390 malitiam
773 4351 879 4388 non
920 4347 1186 4389 exerceas
1235 4351 1248 4387 :
1304 4335 1484 4388 omnia
1553 4349 1588 4398 a
1635 4344 1686 4390 te
1739 4336 2062 4392 innocenter

463 4427 898 4500 proﬁciscantur.
968 4426 1084 4484 Non
1131 4425 1451 4483 consideres
1494 4427 1627 4499 quid
1672 4431 1742 4486 ab
1787 4429 1957 4486 aliisb
2006 4431 2060 4487 in

465 4534 517 4578 te
573 4529 895 4577 revertatur.
951 4519 1152 4574 Locum
1209 4529 1360 4576 tuum
1423 4536 1603 4586 serva,
1654 4524 2143 4614 simplicitatemD

459 4625 516 4670 et
544 4615 832 4686 puritatem
882 4612 957 4666 tui
996 4613 1233 4683 pecteris
1272 4613 1508 4668 custodi.
1562 4613 1678 4670 Noli
1726 4619 2062 4686 respondere

461 4709 602 4764 irato
629 4708 694 4763 ad
728 4706 1060 4763 iracundiam
1090 4707 1232 4776 ejus,
1260 4707 1374 4762 sive
1404 4708 1732 4777 imprudenti
1765 4711 1829 4763 ad
1859 4709 2067 4782 impru-

465 4803 723 4858 dentiam.
755 4799 877 4856 Cito
902 4802 1059 4871 culpa
1091 4802 1550 4870 eulpamexeutit.
1580 4801 1638 4857 Si
1670 4803 1880 4873 lapides
1896 4813 2060 4872 teras,

468 4911 648 4951 nonne
671 4896 809 4966 ignis
832 4893 1102 4964 erumpit?

535 5047 562 5074 ει
590 5037 746 5091 Rom.
778 5029 1276 5105 edit.gsola,_1acob
1306 5032 1441 5088 uide.
1479 5033 1685 5099 Quanta
1711 5037 1935 5105 primunt
1979 5053 2058 5090 se-

467 5108 607 5162 datio
652 5108 833 5160 animi.
881 5104 1003 5160 Vet.
1049 5103 1180 5158 edit.
1227 5116 1280 5158 et
1327 5106 1478 5173 pauci
1523 5122 1680 5171 mss.,
1713 5103 1892 5161 ‘Jacob
1948 5109 2062 5162 vide

465 5197 567 5244 qua
615 5181 835 5246 primum
887 5177 1064 5230 sedato
1112 5175 1342 5230 animum
1371 5193 1390 5230 :
1420 5176 1512 5230 alii
1567 5180 1832 5243 nonnulli,
1873 5178 2057 5244 Jacob,

476 5250 602 5304 Vide
627 5259 821 5319 quanta
859 5263 877 5301 :
924 5249 1172 5318 primum,
1229 5255 1392 5319 etc.;i
1417 5249 1600 5302 εἱειειὶ
1639 5249 1873 5319 denique
1919 5263 1973 5303 ut
2007 5253 2058 5304 itt

467 5318 768 5386 textu,'nisi
802 5322 944 5391 quod
977 5337 1094 5390 pro,
1133 5335 1232 5389 qua
1266 5331 1338 5385 tu,
1385 5318 1569 5388 legunt
1614 5318 1802 5389 aliqui,
1825 5331 2016 5390 quanto
2044 5336 2063 5374 :

470 5409 773 5462 perperam.

543 5459 719 5518 b‘Vet.
751 5463 884 5517 edit.
916 5478 980 5518 ac
1006 5477 1139 5518 mss.
1170 5459 1438 5524 nonnulli,
1466 5461 1520 5513 in
1553 5470 1600 5514 te
1628 5464 1904 5530 referatur.

539 5544 560 5571 ε
594 5533 708 5588 Val.
739 5535 999 5589 Maximus
1049 5533 1238 5588 eadem
1273 5530 1440 5586 refert
1487 5531 1557 5586 de
1604 5531 1824 5585 Arcbita
1865 5531 1957 5584 lib.
1989 5547 2062 5598 tv,

465 5620 582 5671 cap.
621 5605 670 5658 I.
722 5607 870 5658 llunc
919 5614 1099 5658 autem
1156 5603 1323 5656 fuisse
1378 5611 1593 5656 constat
1646 5601 1850 5656 Davide
1896 5604 2064 5656 multo

468 5678 860 5744 posteriorem;
911 5675 1029 5741 ejus
1068 5676 1212 5744 eui-rp
1257 5682 1651 5744 praeceptorem
1701 5673 2058 5744 Pythagoram

469 5741 666 5798 vixisse
713 5763 858 5800 anno
891 5745 1118 5813 demum
1167 5741 1310 5798 3389
1340 5741 1463 5813 post
1490 5741 1758 5799 mandunt
1779 5741 2058 5799 conditum

463 5818 807 5879 communior
853 5812 1312 5886 cbronologorum
1345 5812 1610 5870 calculus
1670 5817 1878 5883 sancit;
1936 5829 2057 5885 cum

2161 3320 2245 3364 tus
2273 3319 2375 3369 est.
2408 3309 2608 3363 desinit
2637 3310 2797 3363 irasci
2844 3309 3002 3364 alteri
3047 3328 3059 3362 :
3118 3311 3206 3379 qui
3249 3318 3428 3363 autem
3463 3309 3577 3362 vult
3617 3309 3757 3363 iram

2160 3403 2536 3473 suamjustam
2587 3403 2838 3472 probare,
2887 3402 3007 3473 plus
3052 3402 3439 3470 inflammatur,
3476 3412 3529 3458 et
3552 3405 3661 3457 cito
3707 3405 3760 3459 in

2159 3497 2372 3563 culpam
2417 3495 2580 3550 cadit.
2618 3495 2807 3550 Melior
2842 3506 2924 3550 est
2969 3505 3149 3550 autem
3181 3496 3479 3551 secundmn
3512 3496 3763 3553 Salomo-

2161 3605 2284 3642 nem
2319 3587 2503 3660 (Prov.
2533 3605 2643 3655 xvt,
2667 3588 2785 3658 52),
2815 3587 2904 3659 qui
2939 3589 3271 3644 iracundiam
3295 3592 3555 3654 continet,
3598 3607 3763 3663 quam

2161 3681 2250 3750 qui
2286 3682 2472 3736 urbem
2502 3680 2681 3749 capit;
2707 3680 2828 3751 quia
2864 3681 2944 3736 ira
2986 3683 3148 3735 etiam
3184 3679 3352 3735 fortes
3379 3682 3599 3752 decipit.

2232 3774 2322 3828 97.
2355 3772 2560 3828 Cavere
2592 3775 2754 3843 igitur
2785 3774 3068 3838 debemus,
3114 3789 3180 3827 ne
3222 3776 3273 3826 in
3315 3775 3759 3843 perturbationes

2162 3867 2310 3938 prius
2337 3867 2659 3932 incidamus,
2691 3881 2849 3936 quam
2880 3865 3092 3920 animos
3129 3877 3344 3920 nostros
3372 3867 3512 3921 ratio
3542 3883 3768 3939 compo-

2166 3970 2287 4027 nat;
2318 3961 2591 4016 cxanimat
2623 3961 2767 4015 enim
2795 3970 3030 4014 mentem
3063 3960 3382 4030 plerumque
3408 3969 3500 4014 ant
3529 3961 3630 4026 ira,
3673 3972 3768 4018 aut

2164 4053 2340 4119 dolor,
2384 4063 2476 4108 aut
2527 4051 2760 4107 formido
2811 4052 3020 4116 mortis,
3071 4061 3128 4106 et
3175 4051 3469 4120 improviso
3514 4053 3768 4120 percellit

2165 4151 2293 4205 ictu.
2327 4149 2454 4204 Ideo
2480 4149 2782 4218 przevenire
2825 4147 3108 4216 pulchrum
3142 4156 3224 4200 est
3259 4147 3610 4216 cogitatione,
3644 4165 3767 4216 qute

2166 4240 2433 4295 volvendo
2463 4252 2700 4294 mentem
2731 4249 3014 4303 exerceat;
3049 4253 3115 4291 ne
3157 4238 3458 4304 repentinis
3497 4239 3769 4295 excitetur

2163 4333 2638 4397 commotionibus,
2669 4331 2762 4388 sed
2785 4331 2915 4402 jugo
2931 4329 3167 4402 quodam
3197 4329 3426 4384 rationis
3453 4343 3508 4385 et
3539 4331 3770 4390 habenis

2165 4430 2382 4487 astricta
2413 4428 2682 4482 mitescat.

2751 4517 2980 4576 CAPUT
3019 4517 3185 4574 XXII.

2171 4619 2248 4674 De
2275 4615 2695 4690 cogitationibus,
2723 4624 2770 4668 et
2798 4615 3032 4683 appetitu
3056 4630 3074 4667 :
3104 4613 3262 4683 deque
3301 4612 3486 4668 decoro
3517 4618 3770 4671 sermonis

2314 4712 2368 4764 in
2402 4707 2835 4780 confabulatione,
2866 4723 2928 4760 ac
2959 4706 3324 4780 disceptatione
3348 4708 3618 4762 servando.

2241 4805 2331 4860 98.
2365 4804 2502 4858 Sunt
2540 4812 2721 4858 autem
2762 4799 2962 4872 gemini
2999 4810 3198 4862 mutus,
3231 4799 3334 4856 hoc
3375 4809 3479 4866 est,
3515 4799 3534 4838 ί
3564 4802 3772 4872 cogita-

2171 4899 2377 4955 tionum
2403 4904 2462 4951 et
2493 4896 2764 4965 appetitus
2793 4911 2804 4946 :
2855 4893 3012 4948 alteri
3041 4893 3456 4964 cogitationum,
3488 4893 3643 4949 alteri
3675 4911 3771 4966 ap-

2168 5036 2336 5092 David
2381 5035 2490 5106 jam
2523 5034 2650 5089 inde
2691 5034 2758 5087 ab
2789 5048 2931 5086 anno
2957 5031 3393 5106 2887_llornerit.
3441 5037 3546 5090 Alii
3590 5051 3770 5097 tamen

2167 5110 2292 5162 aliis
2317 5104 2440 5176 huic
2463 5107 2574 5176 ipsa
2605 5106 2989 5176 attribuerunt,
3019 5116 3077 5176 ut
3109 5104 3356 5158 Laertius
3382 5105 3618 5176 Platoni,
3645 5111 3771 5168 Plu-

2169 5179 2388 5232 tarchus
2413 5175 2673 5236 Charillo,
2707 5174 2984 5228 Theanoni
3012 5173 3282 5229 Stobmus.

2242 5246 2269 5286 ἀ
2297 5248 2410 5302 Cic.
2450 5247 2542 5299 lib.
2575 5261 2591 5297 ι
2625 5244 2783 5322 Ultio.
2819 5261 2938 5322 pag.
2964 5245 3091 5308 570,
3123 5246 3216 5299 litt.
3253 5249 3325 5322 4:
3367 5248 3771 5322 Objurgationes

2168 5321 2323 5375 etiam
2351 5333 2734 5386 nonnumquam
2767 5316 3000 5370 incidunt
3028 5321 3354 5382 necessaria',
3387 5316 3494 5376 etc.

2246 5401 2268 5426 ο
2299 5395 2424 5442 Ant.
2453 5387 2582 5441 edit.
2611 5402 2734 5440 cum
2759 5398 2909 5453 parte
2933 5403 3088 5452 mss.,
3121 5389 3212 5441 sed
3235 5390 3469 5446 lenitudo
3497 5410 3515 5448 :
3554 5393 3681 5450 Gill.
3715 5401 3768 5454 in

2171 5475 2340 5529 marg.
2359 5474 2422 5512 ac
2449 5459 2608 5512 Rom.
2630 5457 2686 5512 in
2717 5468 2888 5522 textu,
2909 5474 3033 5513 cum
3053 5459 3176 5513 aliis
3196 5477 3355 5529 mss.,
3373 5465 3463 5517 sed
3479 5465 3770 5525 lentitudo:

2167 5529 2541 5594 commodius;
2579 5533 2693 5584 haec
2723 5529 2992 5598 siquidem
3024 5533 3074 5584 in
3097 5532 3240 5587 vitiis
3269 5545 3386 5589 eSI:
3419 5547 3474 5588 at
3498 5551 3604 5589 non
3637 5541 3767 5597 alia.

2242 5601 2260 5641 ί
2291 5599 2408 5657 Cie.
2440 5601 2530 5653 lib.
2563 5615 2602 5664 ι,
2640 5616 2758 5670 pag.
2797 5602 2925 5666 569,
2961 5603 3056 5656 lin.
3095 5602 3200 5657 19:
3237 5603 3408 5658 Motus
3447 5618 3616 5662 autem
3649 5614 3769 5665 ani-

2165 5690 2368 5754 morum
2398 5672 2632 5742 duplices
2680 5683 2819 5738 sunt,
2853 5675 3006 5728 alteri
3031 5675 3361 5743 cognitionis,
3411 5677 3559 5732 alteri
3609 5698 3772 5754 σρρε-

2164 5748 2310 5812 titus,
2353 5753 2456 5800 etc.
3645 5748 3656 5766 τ
