4030 6188
396 202 467 260 55
1748 195 1996 255 SANCTI
2034 195 2362 256 AMBROSII
3652 200 3725 254 5G

392 328 524 371 num
555 312 837 369 suavitatis
887 319 944 368 et
996 309 1187 382 gratiae
1236 323 1549 368 sermonem
1577 323 1723 377 esse,
1757 323 1868 366 non
1919 308 2442 382 in-Adijudicavit.
2472 310 2680 367 Deinde
2728 324 2850 368 cum
2892 311 3253 369 descenderet
3298 313 3352 368 in
3404 311 3723 386 Egyptum,

405 405 666 464 decorum
695 414 799 461 est.

475 502 600 557 101.
644 500 779 555 Nam
806 497 875 554 de
897 513 1030 554 voce
1060 497 1191 569 quid
1221 497 1412 569 loquar
1435 541 1450 565 ,
1494 513 1656 570 quam
1700 496 2006 568 simplicem

404 605 460 652 et
505 608 696 664 puram
750 606 875 647 esse
925 591 1058 647 satis
1110 591 1396 647 arbitror:
1449 591 1470 612 ‘
1511 607 1769 647 canoram
1825 600 2009 647 autem

406 699 528 741 esse
551 692 756 738 natura:
804 691 910 750 est,
959 698 1067 739 non
1122 683 1426 740 industriae.
1478 684 1563 741 Sit
1593 699 1728 740 sane
1757 683 2010 739 distincta

403 776 868 849 pronuntiationis
919 776 1116 843 modo,
1175 787 1228 833 et
1273 777 1434 848 plena
1483 777 1633 833 succi
1689 777 1900 842 virilis;
1954 785 2012 831 ut

404 881 678 942 agrestem
730 886 794 926 ac
839 870 1205 926 subrusticum
1276 871 1446 942 fugiat
1503 885 1696 925 sonum
1726 911 1743 937 ,
1803 883 1912 925 non
1953 879 2013 925 ut

403 964 681 1039 rythmum
710 963 928 1021 aﬁ'ectet
955 964 1268 1030 scenicum,
1304 965 1401 1020 sed
1429 963 1456 1002 ι’
1489 962 1780 1036 mysticum
1806 971 2007 1019 servet.

1015 1060 1244 1117 CAPUT
1271 1059 1466 1116 XXIV.

400 1155 528 1211 Tria
555 1157 609 1210 in
637 1156 755 1210 uitta
796 1155 996 1211 actibus
1043 1155 1383 1218 observanda,
1418 1155 1667 1209 nimirum
1720 1163 1776 1208 ut
1823 1155 2014 1208 rationi

474 1250 737 1322 appetitus
786 1249 1112 1316 subiiciatur,
1173 1262 1232 1304 ut
1281 1250 1336 1302 in
1374 1249 1562 1303 studiis
1593 1252 1743 1322 justa
1788 1259 2014 1304 servetur

478 1345 764 1400 moderatio
788 1386 803 1411 ,
862 1345 1081 1414 denique
1119 1352 1174 1397 ut
1221 1361 1318 1398 suo
1345 1359 1562 1413 quisque
1616 1354 1842 1416 tempore
1865 1353 2020 1411 atque

478 1439 662 1494 ordine
688 1447 956 1510 gerantur.
984 1437 1114 1505 Qua:
1143 1439 1319 1492 omnia
1365 1440 1420 1492 in
1446 1437 1639 1493 sanctis
1685 1438 1867 1492 veteris
1920 1437 2022 1493 Te-

478 1534 719 1590 stamenti
744 1533 869 1587 viris
889 1532 1018 1586 adeo
1051 1531 1441 1603 prrefulserunt,
1468 1540 1522 1584 ut
1555 1531 1914 1600 ntanisfestum
1955 1531 2023 1585 sit

478 1644 564 1682 eos
608 1627 1003 1694 cardinalibus,
1049 1642 1180 1696 quas
1230 1635 1437 1691 vocant,
1495 1625 1770 1680 virtutibus
1823 1626 2025 1700 egregie

483 1723 762 1776 instructos
781 1719 964 1788 fuisse.

483 1812 609 1868 105.
667 1811 744 1867 De
796 1810 1012 1867 ratione
1050 1810 1269 1866 dicendi
1299 1811 1434 1866 satis
1457 1811 1664 1866 dictum
1697 1819 1850 1882 puto,
1875 1825 2022 1866 nunc

413 1905 487 1963 de
558 1905 779 1962 actione
849 1905 976 1959 vita:
1028 1903 1160 1974 quid
1223 1912 1534 1975 congruat,
1591 1903 2021 1959 consideremus.

416 2001 587 2056 c'l‘ria
629 2007 811 2056 autem
838 1998 894 2054 in
941 1997 1047 2054 hoc
1101 2013 1302 2068 genere
1354 1999 1648 2070 spectanda
1699 1999 2020 2053 cernimus:

413 2110 602 2160 unum,
635 2104 694 2150 ut
742 2093 944 2149 rationi
1021 2093 1296 2164 appetitus
1345 2106 1454 2147 non
1507 2092 1847 2158 reluCtetur;
1919 2091 2024 2147 hoc

414 2191 561 2247 enim
625 2187 974 2246 solummodo
1025 2194 1258 2258 possunt
1317 2185 1500 2242 ofﬁcia
1555 2196 1740 2242 nostra
1792 2186 1869 2241 illi
1931 2185 2025 2242 de-

411 2299 543 2340 coro
577 2284 893 2338 convenire.
929 2281 986 2337 Si
1026 2280 1172 2336 enim
1223 2280 1498 2351 appetitus
1537 2281 1734 2336 rationi
1779 2280 2022 2346 obediat,

409 2377 571 2434 facile
601 2376 654 2431 id
699 2375 842 2446 quod
892 2375 1084 2431 deceat
1139 2374 1192 2428 in
1250 2373 1504 2429 omnibus
1542 2372 1740 2428 ofﬁciis
1794 2387 2022 2428 conser-

411 2470 528 2526 vari
561 2479 759 2541 potest.
791 2467 1002 2525 Deinde
1033 2482 1105 2524 ne
1133 2466 1344 2536 majore
1385 2465 1566 2521 studio
1594 2481 1756 2535 quam
1787 2481 1876 2520 res
1908 2465 2023 2535 ipsa

417 2570 503 2618 est
529 2578 652 2632 qua:
678 2560 996 2631 suscipitur,
1025 2556 1051 2595 ἀ
1085 2558 1170 2613 vel
1212 2557 1427 2612 minore
1458 2575 1471 2611 :
1500 2565 1591 2611 aut
1639 2571 1858 2626 parvam
1911 2571 2026 2611 ma-

416 2673 525 2727 gno
553 2656 762 2711 ambitu
791 2654 1124 2724 suscepisse,
1164 2663 1259 2707 aut
1287 2666 1539 2722 magnam
1568 2649 1828 2706 inferiore
1854 2649 2024 2704 desti-

419 2749 592 2804 tuisse
615 2748 921 2802 videamur.
947 2745 1192 2800 Tertium
1213 2743 1282 2799 de
1299 2743 1674 2798 moderatione
1695 2742 2023 2809 studiorum,

416 2855 755 2913 operumque
814 2847 1126 2894 nostrorum
1176 2835 1287 2892 :de
1341 2836 1534 2892 ordine
1584 2849 1802 2906 quoque
1841 2849 2023 2890 rerum

419 2947 477 2994 et
503 2935 572 2992 de
615 2933 1028 3006 opportunitate
1050 2939 1379 3002 temporum,
1415 2945 1522 2987 non
1569 2928 2022 2986 dissimulandum

420 3038 569 3100 puto.

2119 407 2330 464 monuit
2383 416 2441 463 ut
2485 405 2692 463 diceret
2745 421 2804 463 se
2852 421 3099 464 sororem
3131 422 3288 477 esse,
3339 423 3448 464 non
3491 421 3726 466 uxorem

2118 501 2309 572 ipsius.

2195 595 2314 653 108.
2365 593 2628 663 Advertc,
2657 595 2845 667 quanti
2901 596 3193 668 appetitus.
3244 595 3495 654 Timebat
3535 599 3729 653 uxoris

2120 687 2338 757 pudori,
2395 688 2618 744 timebat
2659 689 2896 760 preprite
2942 689 3125 758 saluti,
3177 701 3459 761 suspectas
3490 689 3731 746 habebat

2119 781 2495 853 Egypliorum
2520 781 2803 849 libidines;
2839 792 2895 838 et
2923 791 3102 839 tamen
3123 783 3403 854 praevaluit
3430 783 3572 854 apud
3597 798 3726 839 eum

2119 877 2259 931 ratio
2280 875 2642 946 exsequendas
2663 875 2990 931 devotionis.
3007 875 3389 932 Consideravit
3411 876 3556 931 enim
3578 875 3729 948 quod

2118 967 2217 1022 Dei
2253 966 2442 1023 favore
2471 966 2672 1038 ubique
2703 975 2851 1023 tutus
2879 982 3004 1023 esse
3045 975 3253 1038 posset,
3305 965 3515 1023 offenso
3539 977 3728 1023 autem

2119 1059 2394 1127 Domino,
2453 1059 2619 1114 etiam
2668 1059 2816 1114 domi
2845 1075 2952 1115 non
2993 1071 3182 1130 posset
3228 1058 3432 1116 illmsus
3478 1075 3724 1117 manere.

2122 1154 2264 1208 Vicit
2311 1154 2476 1224 igitur
2519 1152 2820 1225 appetitum
2878 1154 3058 1220 ratio,
3109 1162 3166 1209 et
3217 1152 3564 1209 obedientem
3617 1153 3727 1210 sibi

2122 1248 2396 1320 praestitit.

2202 1344 2328 1401 109.
2366 1343 2387 1383 τ
2437 1343 2611 1417 Capto
2664 1355 2886 1418 nepote,
2920 1360 3027 1401 non
3061 1346 3390 1415 perterritus
3441 1361 3618 1417 neque
3649 1355 3733 1402 tot

2129 1454 2318 1509 regum
2377 1440 2626 1494 turbatus
2671 1441 2884 1510 populis
2908 1482 2923 1508 ,
2955 1439 3157 1496 bellum
3212 1441 3456 1511 repetit:
3497 1439 3730 1496 victoria

2133 1532 2356 1603 potitus,
2391 1531 2588 1602 praedae
2628 1541 2836 1602 partem
2891 1532 3050 1602 cujus
3079 1533 3196 1603 ipse
3228 1531 3332 1588 fuit
3380 1542 3592 1600 auctor,
3635 1549 3729 1588 re-

2129 1625 2337 1680 cusavit
2368 1623 2524 1696 (Gen.
2557 1640 2668 1691 xxv,
2700 1626 2770 1680 Ui
2797 1633 2844 1678 et
2875 1625 3032 1696 seq.).
3075 1623 3353 1679 Promisso
3374 1639 3590 1695 quoque
3617 1624 3729 1680 sibi

2053 1718 2103 1779 B
2130 1715 2265 1783 ﬁlio,
2305 1732 2428 1773 cum
2455 1716 2836 1773 consideraret
2889 1716 3122 1772 emortui
3177 1716 3424 1788 corporis
3464 1718 3547 1772 sui
3578 1717 3732 1772 vires

2129 1809 2439 1880 depositas,
2473 1810 2818 1865 sterilitatem
2865 1808 3136 1880 conjugis,
3188 1820 3242 1864 et
3285 1824 3600 1880 supremam
3643 1823 3732 1866 sc-

2128 1911 2422 1968 nectutem,
2457 1904 2621 1959 etiam
2665 1913 2854 1959 contra
2887 1918 3043 1960 usum
3090 1913 3303 1960 natura:
3350 1904 3462 1961 Deo
3500 1904 3734 1962 credidit

2129 1995 2286 2069 (Gen.
2319 2013 2410 2065 xv,
2443 1997 2523 2068 6).

2203 2090 2328 2146 110.
2380 2091 2620 2147 Adverte
2666 2090 2970 2147 convenire
3027 2091 3232 2147 omnia.
3289 2090 3578 2163 Appetitas
3619 2105 3732 2148 non

2129 2184 2323 2253 defuit,
2348 2185 2445 2241 sed
2477 2199 2761 2257 repressus
2789 2194 2875 2241 est
2908 2201 2924 2241 z
2955 2186 3170 2241 animus
3195 2185 3418 2257 aequalis
3448 2184 3729 2256 gerendis,

2128 2281 2220 2350 qui
2266 2295 2366 2334 nec
2396 2294 2589 2351 magna
2620 2293 2720 2348 pro
2748 2277 2968 2344 vilibus,
3005 2294 3106 2333 nec
3156 2279 3372 2334 minora
3397 2293 3496 2349 pro
3521 2280 3733 2349 magnis

2129 2372 2378 2438 duceret,
2429 2371 2734 2428 moderatio
2780 2385 2881 2443 pro
2929 2371 3184 2441 negotiis,
3217 2370 3356 2427 ordo
3381 2386 3597 2436 rerum,
3631 2386 3734 2442 op-

2131 2467 2436 2538 portunitas
2506 2476 2815 2537 temporum
2853 2509 2869 2535 ,
2918 2481 3174 2522 mensura
3225 2466 3541 2522 verborum.
3595 2465 3733 2522 Fide

2133 2563 2361 2632 primus,
2392 2561 2606 2631 justitia
2644 2561 2974 2632 praecipuus,
3010 2561 3062 2615 in
3111 2561 3299 2630 prtelio
3349 2571 3641 2628 strenuus,
3673 2563 3730 2618 in

2130 2654 2356 2710 victoria
2387 2669 2497 2708 non
2527 2669 2745 2720 avarus,
2779 2653 2927 2708 domi
2956 2652 3262 2723 hospitalis,
3293 2653 3451 2707 uxori
3479 2653 3730 2709 sedulus.

2203 2748 2326 2803 111.
2360 2747 2617 2804 Sanctum
2637 2761 2857 2818 quoque
2878 2747 2998 2816 ejus
3025 2755 3283 2816 nepotem
3298 2744 3468 2801 Jacob
3489 2744 3734 2800 delecta-

2131 2841 2225 2896 bat
2249 2840 2396 2896 domi
2423 2854 2674 2895 securum
2691 2838 2890 2910 degere
2922 2856 2936 2893 :
2968 2839 3068 2894 sed
3101 2846 3274 2894 mater
3297 2838 3466 2894 voluit
3489 2837 3733 2908 peregri—

2132 2936 2272 3002 nari,
2304 2943 2363 2988 ut
2386 2933 2542 2988 daret
2567 2932 2822 2988 fraternae
2847 2931 3142 2988 iracundia:
3167 2934 3344 2990 locum
3379 2929 3534 3005 (Gen.
3559 2946 3733 3000 xxvn,

2129 3026 2201 3082 24
2228 3035 2275 3080 et
2295 3025 2447 3098 seq.).
2483 3025 2622 3081 Vicit
2645 3027 2944 3097 appetitum
2972 3027 3187 3082 consilii
3214 3027 3529 3082 salubritas.
3561 3024 3735 3082 Exsul

491 3122 616 3179 106.
645 3121 755 3177 Sed
806 3121 1039 3192 primum
1081 3118 1213 3175 illud
1269 3121 1421 3190 quasi
1476 3118 1889 3175 fundamentum
1938 3114 2093 3179 estC
2126 3119 2310 3186 domo,
2349 3120 2664 3191 profugusa
2715 3119 3077 3191 parentibus,
3114 3121 3312 3192 ubique
3367 3131 3547 3175 tamen
3601 3134 3737 3174 con-

420 3215 686 3281 omnium,
723 3224 782 3269 ut
822 3213 1096 3284 appetitus
1143 3212 1342 3268 rationi
1383 3220 1615 3282 pareat:
1648 3212 1944 3268 secundum
1974 3224 2028 3270 et

420 3308 640 3364 tertium
675 3307 818 3363 idem
869 3314 989 3370 est,
1046 3306 1148 3361 hoe
1191 3313 1296 3371 est,
1328 3304 1381 3359 in
1424 3316 1654 3375 utroque
1700 3305 2024 3361 moderatio.

420 3400 587 3455 Vacat
609 3401 753 3455 enim
805 3401 948 3468 apud
1000 3413 1099 3453 nos
1147 3398 1352 3467 speciei
1402 3397 1672 3463 liberalis,
1733 3412 1854 3468 qua:
1907 3397 2031 3468 pul-

421 3492 674 3547 chritudo
719 3491 989 3556 habetur,
1047 3500 1101 3546 et
1152 3489 1430 3561 dignitatis
1469 3491 1879 3561 contemplatio.
1932 3491 2029 3547 Sc-

421 3586 605 3655 quitur
655 3584 726 3640 de
751 3584 943 3639 ordine
972 3598 1180 3646 rerum,
1235 3592 1290 3638 et
1337 3583 1406 3637 de
1456 3583 1863 3653 Opportunitatc
1893 3592 2031 3637 tem-

424 3694 640 3749 porum.
712 3679 790 3734 Ac
839 3692 937 3748 per
997 3677 1101 3731 hoc
1168 3675 1269 3730 tria
1338 3684 1504 3744 sunt,
1553 3691 1675 3746 qum
1745 3677 2030 3731 videamus

425 3781 606 3827 utrum
639 3771 692 3827 in
744 3771 928 3842 aliquo
970 3779 1281 3826 sanctorum
1326 3780 1714 3827 consummata
1759 3772 2032 3842 possimus

423 3864 641 3920 docere.

500 3959 623 4015 107.
661 3957 902 4014 Primum
946 3960 1062 4030 ipse
1107 3968 1266 4030 pater
1309 3959 1614 4026 Abraham,
1645 3959 1737 4028 qui
1767 3958 1833 4015 ad
1867 3960 2032 4030 magi-

425 4053 648 4109 sterium
676 4052 870 4108 futurae
917 4053 1285 4108 successionis
1309 4053 1634 4108 informatus
1660 4063 1714 4108 et
1739 4057 2033 4109 instructus

429 4156 536 4211 est,
583 4145 790 4214 jussus,
843 4145 994 4200 exire
1047 4145 1114 4199 de
1163 4155 1305 4200 terra
1354 4161 1473 4211 sua,
1510 4155 1564 4200 et
1601 4145 1668 4201 de
1709 4146 2036 4218 cognatione

432 4254 550 4304 sua,
611 4246 667 4292 ct
709 4238 776 4293 de
829 4238 993 4293 domo
1043 4239 1210 4308 patris
1262 4239 1346 4294 sui
1393 4239 1546 4312 (Gen.
1597 4256 1692 4308 χιι,
1727 4242 1752 4295 1
1785 4250 1831 4294 et
1861 4241 2032 4313 seq.);

429 4347 614 4388 nonne
648 4340 671 4366 θ
703 4331 1077 4402 multiplicata:
1127 4332 1542 4388 necessitudinis
1591 4335 1930 4406 prmstrictus
1958 4334 2038 4388 af-

431 4427 618 4493 fectu,
671 4435 850 4481 tamen
902 4425 1202 4497 appetitum
1252 4427 1448 4482 rationi
1502 4427 1849 4484 obedientem
1899 4444 2038 4498 prae-

2132 3215 2440 3270 venientem
2470 3230 2778 3271 mensuram
2813 3216 3046 3286 negotiis
3077 3216 3278 3282 tenuit,
3312 3226 3369 3271 et
3395 3216 3736 3288 temporibus

2131 3307 2595 3379 opportunitatem
2628 3307 2956 3364 reservavit.
3008 3311 3278 3380 Acceptus
3305 3309 3454 3364 domi
3494 3311 3740 3380 parenti-

2131 3402 2259 3467 bus,
2293 3410 2351 3456 ut
2379 3401 2522 3457 alter
2575 3401 2891 3458 maturitate
2926 3413 3248 3471 provocatus
3282 3401 3532 3473 obsequii
3560 3404 3737 3461 bene-

2134 3494 2430 3550 dictionem
2453 3494 2609 3551 daret
2631 3536 2646 3561 ,
2697 3495 2837 3551 alter
2857 3510 3043 3552 amore
3075 3497 3166 3566 pio
3189 3495 3557 3568 propenderct
3577 3495 3735 3569 (Gen.

2132 3603 2259 3653 xxv,
2289 3587 2410 3658 54).
2467 3587 2732 3643 Fraterno
2781 3603 2997 3660 quoque
3045 3588 3252 3658 judicio
3293 3588 3574 3659 praelatus,
3605 3603 3736 3647 cum

2132 3680 2311 3737 cibum
2339 3697 2495 3736 suum
2527 3681 2677 3736 fratri
2701 3681 3006 3736 cedendum
3043 3690 3285 3751 putasset
3317 3698 3330 3735 :
3360 3680 3742 3738 delectabatur

2135 3776 2320 3845 utique
2349 3775 2610 3829 alimento
2639 3774 2938 3829 secundum
2989 3781 3263 3840 naturam,
3309 3774 3405 3828 sed
3431 3771 3739 3830 secundum

2137 3870 2389 3938 pietatem
2417 3868 2582 3923 cessit
2629 3866 2822 3937 petito.
2853 3866 3045 3921 Pastor
3070 3866 3294 3921 domino
3333 3865 3517 3937 gregis
3573 3865 3737 3934 ﬁdus,

2137 3976 2330 4016 socero
2360 3976 2529 4031 gener
2574 3960 2794 4015 sedulus
2815 3999 2830 4024 ,
2858 3959 3089 4029 impiger
3112 3959 3166 4013 in
3191 3958 3378 4014 labore
3401 3999 3417 4026 ,
3453 3959 3504 4012 in
3545 3959 3742 4013 convi-

2140 4058 2228 4111 vio
2275 4071 2490 4126 parcus,
2523 4056 2575 4110 in
2623 4054 2998 4110 satisfactione
3025 4055 3289 4124 praevius,
3322 4054 3375 4109 in
3422 4067 3743 4108 remunera-

2139 4150 2285 4204 tione
2313 4152 2490 4220 Iargus
2522 4148 2678 4218 (Gen.
2715 4165 2862 4216 χχχι,
2887 4148 2920 4201 (ἲ
2963 4157 3009 4202 et
3037 4148 3196 4217 seq.).
3251 4145 3494 4216 Denique
3521 4146 3601 4200 sic
3631 4145 3747 4201 fra-

2137 4251 2346 4296 ternam
2389 4241 2654 4310 mitigavit
2704 4240 3081 4303 iracundiam;
3142 4247 3200 4292 ut
3237 4239 3394 4308 cujus
3450 4237 3747 4294 verebatur

2140 4332 2474 4398 inimicitias,
2502 4331 2899 4400 adipisceretur
2927 4328 3159 4401 gratiam
3183 4327 3340 4400 (Gen.
3373 4344 3566 4394 χχχιιι,
3587 4331 3666 4400 1).

2217 4427 2340 4484 112.
2387 4427 2524 4495 Quid
2556 4425 2625 4481 de
2675 4425 2879 4496 Joseplt
2930 4425 3142 4496 loquar,
3173 4424 3262 4496 qui
3290 4424 3476 4494 utique
3505 4423 3748 4482 habebat

430 4518 590 4576 buit?
615 4519 788 4586 Quem
823 4521 967 4576 enim
1025 4529 1188 4576 terra:
1239 4535 1374 4587 suae,
1422 4523 1784 4594 cognationis,
1836 4523 2030 4579 domus
2060 4515 2110 4574 Ι)
2136 4520 2489 4592 cupiditatem
2518 4519 2809 4586 libertatis,
2842 4527 2898 4573 et
2919 4517 3159 4587 suscepit
3194 4516 3403 4572 servitii
3437 4519 3739 4574 necessita-

429 4629 648 4685 quoque
671 4616 908 4686 propriae
937 4615 1110 4687 gratia
1140 4631 1246 4672 non
1276 4617 1607 4674 delectaret?
1637 4617 1705 4672 Et
1734 4619 1874 4673 hunc
1904 4632 2033 4689 ergo

427 4708 702 4764 mulcebat
723 4723 948 4764 suorum
973 4709 1330 4776 suavitas,sed
1353 4711 1564 4780 imperii
1592 4711 1831 4766 caelestis
1851 4711 1960 4782 30
1981 4720 2036 4766 et

430 4802 890 4858 remunerationis
941 4815 1162 4858 aeternae
1207 4803 1569 4859 consideratio
1622 4803 1876 4859 movebat
1919 4820 2036 4857 am-

431 4895 597 4964 plius.
653 4894 845 4950 Nonne
898 4895 1286 4950 considerabat
1331 4912 1558 4951 uxorem
1610 4897 1936 4952 imbecillem
1967 4897 2033 4951 ad

432 4987 670 5053 labores,
705 4997 949 5045 teneram
1001 4987 1069 5043 ad
1100 4989 1346 5058 injurias,
1380 4989 1634 5044 decoram
1666 4989 1733 5044 ad
1765 4989 2032 5045 incentiva

431 5080 808 5149 insolentium,
837 5082 956 5137 sine
986 5095 1201 5137 summo
1231 5096 1337 5137 non
1394 5096 1554 5152 posse
1597 5081 1720 5137 duci
1753 5082 2035 5152 periculo?

430 5172 498 5228 Et
527 5185 708 5231 tamen
735 5175 923 5232 subire
961 5175 1166 5243 omnia,
1195 5191 1357 5246 quam
1413 5189 1677 5232 excusare
1722 5175 2029 5231 consultius

510 5368 537 5396 λ
563 5357 679 5415 Cic.
706 5359 801 5414 lib.
830 5374 846 5413 ι
873 5358 1059 5424 0ftic.,
1089 5373 1212 5428 pag.
1239 5357 1366 5422 569,
1419 5356 1515 5411 lin.
1543 5355 1616 5412 29
1646 5355 1751 5410 ειη
1782 5369 1906 5408 voce
1934 5369 2034 5406 au-

439 5442 539 5485 tem
571 5431 675 5483 duo
717 5446 1016 5499 sequamur,
1047 5441 1103 5483 ut
1132 5432 1276 5484 clara
1306 5432 1370 5482 sit
1402 5439 1449 5481 et
1471 5429 1662 5490 suavis,
1697 5438 1804 5481 etc.

510 5503 538 5539 ι’
581 5493 861 5571 Mysticum
892 5493 1074 5568 servet,
1108 5501 1162 5556 id
1189 5513 1295 5569 est,
1325 5500 1711 5571 mysteriorum
1757 5493 2039 5550 sanctitati

440 5587 762 5655 congruunt.
1253 5644 1266 5656 .
1713 5641 1726 5654 ν

463 5715 476 5725 _
514 5654 536 5681 ο
567 5644 684 5697 th.
713 5643 810 5725 lib:
840 5658 1042 5725 Inpag.
1068 5644 1196 5712 570,
1231 5644 1329 5700 lin.
1361 5641 1724 5725 57_:,Inﬂomm
1752 5648 1927 5696 autem
1954 5653 2042 5692 ac-

458 5715 576 5769 ione
595 5714 952 5782 suscipienda,
978 5714 1076 5769 tria
1103 5725 1222 5772 sunt
1254 5715 1494 5776 tenenda,
1521 5721 1630 5769 etc.

2142 4615 2294 4670 tem?
2345 4613 2520 4680 Quam
2566 4610 2816 4666 subditus
2857 4611 2909 4666 in
2939 4611 3202 4666 servitute
3226 4653 3242 4678 ,
3272 4624 3434 4681 quam
3458 4612 3511 4664 in
3543 4609 3747 4667 virtute

2139 4715 2420 4770 constans,
2455 4719 2617 4776 quam
2647 4703 2916 4775 benignus
2960 4705 3013 4758 in
3047 4718 3289 4765 carcere.
3321 4704 3540 4775 sapiens
3563 4701 3618 4756 in
3653 4703 3744 4758 in-

2139 4801 2552 4873 terpretatione,
2603 4799 2654 4853 in
2713 4808 2983 4870 potestate
3035 4797 3374 4864 moderatus,
3409 4798 3462 4852 in
3491 4796 3748 4854 ubertate

2140 4894 2437 4964 providus,
2484 4894 2538 4949 in
2588 4893 2729 4948 fame
2777 4893 2999 4963 justus,
3048 4889 3300 4944 ordinem
3352 4889 3526 4944 laudis
3577 4890 3748 4946 rebus

2139 4985 2443 5056 adjungens
2467 5026 2482 5050 ,
2541 4993 2597 5039 et
2626 4984 3087 5054 Opportunitatem
3141 4980 3476 5050 temporibus
3500 5021 3517 5048 ,
3568 4983 3744 5052 tequi-

2140 5089 2307 5137 tatem
2372 5080 2586 5151 populis
2642 5078 2806 5133 ofﬁcii
2855 5077 2938 5132 sui
2993 5075 3372 5132 moderatione
3418 5075 3749 5148 dispensans

2143 5173 2302 5248 (Gen.
2326 5189 2517 5240 χχχιχ,
2553 5174 2578 5227 1
2605 5181 2652 5227 et
2677 5171 2848 5244 seq.)?

2215 5350 2405 5437 anss.
2443 5368 2550 5408 non
2581 5351 2779 5422 pauci,
2825 5351 2905 5405 vel
2923 5349 3174 5405 minorem
3220 5366 3282 5406 ac
3320 5365 3535 5424 parvam
3558 5365 3750 5422 magno

2145 5425 2532 5551 amemﬁln’lmel'lfl}
2561 5508 2695 5550 mss.
2726 5510 2790 5549 ac
2838 5494 2999 5560 edit.,
3023 5495 3384 5566 ηηιιεὸριδεαῑιε
3401 5511 3420 5560 ἶ
3447 5492 3702 5564 quamam
3734 5537 3750 5562 ’

2146 5567 2425 5633 multiplici
2453 5567 2847 5622 necessitudinis
2875 5568 3172 5639 perstrictus
3197 5567 3405 5632 σπεεξη.
3427 5635 3453 5639 _
3731 5620 3742 5627 ,

2147 5705 2152 5712 ι
2226 5639 2243 5675 ί
2276 5640 2435 5712 ιὶοιιιζ
2465 5639 2597 5712 edit.
2625 5635 2890 5711 cumuno
2915 5639 3000 5696 vel
3029 5640 3203 5696 altero
3227 5652 3386 5705 mss,
3413 5635 3634 5708 Captum
3657 5653 3751 5694 ne-

2149 5709 2337 5774 potem.
2350 5751 2361 5765 .
2375 5709 2550 5768 ..bello
2575 5709 2777 5778 repetit.
