4010 6186
189 216 248 276 5'.
1225 217 1312 274 DE
1349 215 1644 276 OFFICIIS
1681 216 2160 278 MINISTRORUM
2200 221 2332 279 LIB.
2377 222 2418 280 Ι.
3400 225 3469 281 58

258 331 363 386 115.
394 328 490 386 Job
532 343 760 401 quoque
806 329 966 401 juxta
1019 330 1291 398 secundis,
1328 342 1493 403 atque
1522 333 1768 390 adversis
1795 338 1844 397 Α
1873 335 2042 392 Nemo
2067 338 2211 392 enim
2242 337 2501 408 prudens.
2526 339 2620 410 qui
2650 338 2819 395 Deum
2845 341 3039 396 nescit.
3064 342 3312 414 Denique
3344 342 3476 398 insi-

205 429 342 484 rebus
368 425 869 497 irreprebeusibilis
893 468 910 494 ,
943 426 1176 498 patiens,
1231 436 1416 498 gratus
1463 429 1574 483 Deo
1604 439 1768 499 atque

209 531 447 593 acceptus,
476 522 784 576 vexabatur
811 519 1122 590 doloribus,
1153 520 1250 578 sed
1279 536 1339 578 se
1380 521 1771 579 consolabatur

209 617 331 689 (Job.
361 633 411 680 ll,
439 617 472 671 3
493 627 539 671 et
568 617 726 688 seq.).

271 711 494 783 311M.
528 709 692 764 David
716 710 889 766 etiam
939 710 1093 765 fortis
1122 711 1174 766 in
1220 712 1400 777 bello,
1446 714 1662 782 patiens
1719 713 1770 768 in

212 805 436 869 adversis,
451 804 501 858 in
525 803 870 859 Hierusalem
895 804 1168 875 paciﬁcus,
1185 806 1238 860 in
1264 806 1489 861 victoria
1521 820 1776 861 mansue-

212 907 309 964 tus,
337 898 384 952 iu
413 907 630 967 peccato
652 898 942 966 dolens,iu
975 908 1252 955 senectute
1279 899 1567 970 providus,
1593 915 1778 956 rerum

211 990 391 1055 modos,
418 991 565 1047 vices
614 1001 924 1061 temporum
951 1008 1048 1061 per
1077 994 1411 1064 singularum
1458 1009 1624 1049 sonos
1647 1009 1762 1049 ser-

211 1087 332 1141 vavit
376 1095 614 1153 aetatum;
645 1096 704 1143 ut
729 1087 866 1143 mihi
898 1087 1143 1143 videatur
1195 1105 1307 1143 non
1339 1089 1522 1145 minus
1554 1088 1767 1144 vivendi

212 1196 405 1250 genere,
423 1197 576 1250 quam
598 1181 834 1237 canendi
856 1183 1120 1236 suavitate
1142 1181 1437 1252 prtedulcis
1461 1183 1774 1238 l‘inimorta-

212 1273 305 1328 lem
327 1273 426 1330 Deo
453 1275 533 1330 sui
563 1273 768 1330 fudisse
799 1275 978 1330 meriti
1006 1275 1331 1330 cantilenam
1365 1275 1425 1346 (l
1449 1274 1577 1346 Reg.
1604 1273 1771 1343 xvtt).

278 1367 385 1421 115.
413 1367 561 1436 Quod
606 1369 691 1422 his
737 1369 868 1423 viris
911 1367 1291 1440 principalium
1343 1367 1605 1422 virtutum
1656 1365 1776 1420 offi-

211 1460 337 1514 cium
381 1460 575 1516 defuit?
625 1461 868 1528 Quarum
919 1461 1096 1534 primo
1146 1460 1270 1516 loco
1311 1459 1337 1498 ι’
1371 1459 1779 1516 constituerunt

213 1551 545 1621 prudentiam,
581 1569 701 1624 qua:
746 1554 798 1608 in
829 1555 943 1608 veri
975 1553 1390 1624 investigatione
1418 1562 1689 1619 versatur,
1722 1562 1779 1608 et

212 1645 426 1699 scientia:
498 1644 761 1715 plenioris
812 1645 1051 1700 infundit
1109 1645 1462 1715 cupiditatem
1495 1662 1508 1701 :
1538 1645 1780 1702 secundo

1871 430 2028 500 piens
2059 430 2193 486 dixit
2229 431 2359 502 quia
2403 447 2507 486 non
2537 442 2612 486 est
2652 430 2793 487 Deus
2839 431 3014 502 (Psal.
3050 448 3173 500 xttt,
3202 435 3293 506 l);
3346 449 3470 490 nam

1873 523 2094 595 sapiens
2123 540 2231 578 non
2259 524 2490 580 diceret.
2520 524 2807 592 Quomodo
2837 525 2980 580 enim
3007 526 3227 597 sapiens
3253 526 3344 598 qui
3366 541 3472 582 non

1879 617 2109 687 requirit
2149 626 2428 672 auctorem
2457 633 2636 684 suum,
2663 617 2755 688 qui
2777 617 3087 686 dicitlapidi
3115 637 3127 671 :
3158 617 3315 672 Pater
3334 636 3479 675 meus

1877 728 1929 766 es
1953 721 2007 765 tu
2061 710 2256 784 (Jerem
2285 726 2342 776 ιι,
2393 711 2487 783 27)
2519 731 2532 765 :
2564 709 2591 749 ἀ
2618 713 2711 783 qui
2766 712 2901 768 dicit
2937 711 3179 780 diabolo,
3209 721 3266 767 ut
3313 712 3482 768 Mani-

1877 807 2070 862 chreus
2107 825 2119 860 :
2152 807 2360 862 Auctor
2387 823 2539 863 meus
2562 822 2621 862 es
2651 807 3052 873 tu?Quomodo
3077 807 3298 877 sapiens
3325 806 3482 861 Aria-

1881 914 2004 963 nus,
2034 899 2125 969 qui
2150 899 2752 969 mavultimperfectum
2783 909 3061 955 auctorem
3087 899 3288 954 habere
3316 909 3478 969 atque

1880 991 2231 1064 degenerem,
2265 1009 2430 1064 quam
2480 1008 2668 1048 verum
2699 1002 2862 1063 atque
2912 992 3251 1063 perfectum?
3281 998 3304 1026 °
3333 991 3479 1059 Quo-

1881 1085 2044 1140 modo
2071 1086 2288 1156 sapiens
2317 1085 2557 1140 Marcion
2586 1094 2748 1156 atque
2802 1085 3123 1151 Eunomius,
3152 1084 3244 1155 qui
3273 1085 3480 1139 malunt

1883 1179 2049 1234 Deum
2079 1179 2282 1233 malum
2335 1194 2498 1249 quant
2542 1178 2740 1234 bonum
2778 1179 3025 1234 habere?
3081 1179 3367 1247 Quomodo
3389 1192 3479 1232 sa-

1879 1271 2056 1342 piens,
2098 1273 2190 1341 qtti
2233 1273 2397 1326 Deunt
2441 1287 2597 1326 suum
2630 1287 2736 1326 non
2766 1271 2954 1326 timet?
2983 1271 3199 1326 Initium
3231 1271 3368 1325 enim
3397 1287 3482 1324 sa-

1881 1366 2088 1436 pientia!
2115 1367 2266 1418 timor
2292 1365 2501 1420 Domini
2532 1363 2706 1434 (Psal.
2735 1381 2824 1429 cx,
2856 1363 2936 1434 9).
2970 1365 3036 1420 Et
3081 1364 3209 1419 alibi
3263 1363 3430 1419 habes
3465 1381 3478 1419 :

1885 1458 2160 1524 Sapientes
2203 1476 2306 1513 non
2341 1459 2602 1512 declinant
2649 1461 2712 1512 de
2732 1475 2820 1512 ore
2842 1457 3071 1523 Domini,
3125 1458 3217 1512 sed
3258 1466 3481 1512 tractant

1883 1552 1990 1624 32
2021 1553 2073 1606 in
2105 1552 2515 1621 confessionibus
2537 1552 2644 1605 suis
2672 1549 2856 1623 (Prov.
2893 1550 3134 1621 xx1v,7).
3160 1549 3332 1605 Simul
3354 1565 3486 1620 quo-

1885 1663 1992 1719 que
2015 1648 2230 1704 dicente
2252 1649 2530 1719 Scriptura
2557 1666 2570 1702 :
2603 1647 2917 1719 Reputatum
2943 1656 3016 1702 est
3040 1647 3090 1702 ei
3111 1645 3179 1700 ad
3197 1646 3483 1718 justitiam;

206 1738 468 1807 justitiam,
498 1755 619 1810 quae
667 1754 822 1794 suum
878 1741 1078 1811 cuique
1111 1741 1332 1806 tribuit,
1380 1741 1619 1796 alienum
1667 1757 1775 1795 nun
1811 1771 1859 1830 Β
1888 1742 2113 1796 alterius
2141 1741 2356 1796 virtutis
2385 1742 2433 1796 ei
2460 1742 2688 1812 gratiam
2714 1741 2930 1796 detulit.

210 1834 443 1900 vindicat,
472 1834 760 1891 utilitatem
790 1836 1064 1906 prepriam
1086 1835 1331 1906 negligit,
1355 1845 1415 1890 ut
1435 1851 1780 1891 communem

213 1927 492 1995 aequitatem
516 1926 791 1983 custodiat
823 1943 834 1980 :
871 1927 1034 1981 tertio
1073 1926 1467 1992 fortitudinem,
1499 1942 1620 1998 qua:
1651 1938 1703 1981 et
1731 1928 1782 1981 in

213 2019 360 2074 rebus
409 2021 616 2075 bellicis
645 2020 848 2076 excelsi
899 2020 1064 2074 animi
1121 2020 1489 2090 magnitudine
1519 2061 1533 2084 ,
1563 2031 1614 2076 et
1638 2020 1784 2075 domi

212 2114 431 2179 eminet,
476 2115 836 2184 corporisque
886 2122 1109 2184 prmsmt
1148 2113 1397 2168 viribus:
1430 2121 1626 2183 quarto
1652 2122 1788 2168 tem-

213 2205 508 2275 perantiam.
564 2222 690 2276 quae
739 2204 962 2261 modum
992 2248 1006 2269 ,
1053 2205 1408 2277 ordinemque
1451 2215 1631 2260 servat
1673 2221 1788 2260 om-

215 2296 367 2364 nium,
413 2313 526 2369 quae
552 2299 635 2354 vel
664 2297 900 2369 agenda,
943 2298 1025 2355 vel
1054 2297 1284 2354 dicenda
1311 2297 1659 2352 arbitramur.

769 2390 1000 2447 CAPUT
1033 2389 1201 2447 XXV.

216 2482 446 2558 Exposita
471 2503 564 2539 cur
612 2486 824 2538 ductum
861 2501 962 2538 non
993 2484 1148 2553 fuerit
1191 2501 1221 2535 ιι
1270 2484 1564 2538 memoratis
1589 2482 1792 2536 virtuti-

279 2584 365 2632 tuts
388 2578 673 2644 exordium,
717 2577 924 2632 easdem
952 2577 1005 2630 in
1050 2575 1305 2630 ueteribus
1359 2574 1605 2630 Patribus
1636 2575 1791 2629 exsti-

277 2672 390 2726 tisse
409 2673 632 2743 pressius
664 2673 1072 2727 demonstratur.

279 2765 394 2820 116.
424 2766 547 2821 llaec
573 2766 802 2822 forsitan
833 2765 1030 2834 aliquis
1081 2764 1225 2820 dicat
1274 2765 1448 2834 primo
1500 2764 1621 2818 loco
1663 2763 1790 2832 poni

211 2861 544 2927 Oportuisse,
605 2858 862 2930 quoniam
912 2856 983 2912 ab
1039 2856 1122 2911 his
1195 2866 1426 2926 quatuor
1497 2855 1792 2910 virtutibus

213 2963 490 3008 nascuntur
517 2952 821 3007 oflieiorum
851 2965 1074 3021 genera.
1120 2949 1228 3006 Sed
1279 2951 1380 3004 hoc
1411 2949 1545 3002 artis
1593 2957 1706 3014 est,
1768 2959 1789 2985 ε

211 3061 261 3104 ut
292 3053 459 3121 primo
488 3051 728 3106 officium
760 3049 1071 3113 definiatur,
1106 3057 1290 3118 postea
1330 3058 1480 3102 certa
1508 3047 1560 3101 in
1592 3060 1793 3116 genera

1962 1835 2086 1890 118.
2138 1835 2301 1890 Primi
2352 1836 2515 1906 igitur
2565 1837 2735 1890 nostri
2780 1835 3110 1891 definierunt
3139 1834 3478 1906 prudentiam

1889 1929 1940 1981 in
1972 1929 2084 1982 veri
2124 1927 2423 1982 consistere
2469 1929 2801 1999 cognitione.
2857 1929 2990 1997 Quis
3048 1928 3194 1983 enim
3267 1927 3482 1982 illorum

1889 2021 2332 2083 anteAbraham,
2363 2023 2552 2086 David,
2583 2022 2966 2078 Salomoncm?
2993 2022 3197 2077 Deinde
3220 2022 3484 2091 justitiam

1889 2125 2136 2186 spectare
2165 2115 2229 2170 ad
2253 2118 2568 2172 societatem
2597 2118 2816 2186 generis
2846 2116 3087 2171 humani.
3110 2117 3354 2185 Denique
3379 2117 3486 2170 Da-

1892 2211 1977 2265 vid
2002 2212 2077 2264 ait
2111 2228 2125 2264 :
2167 2210 2448 2282 Dispersit,
2483 2211 2627 2265 dedit
2651 2212 2987 2283 pauperibus,
3009 2212 3220 2284 justitia
3243 2214 3355 2284 ejus
3378 2228 3489 2264 tua-

1893 2313 1978 2358 net
2004 2305 2056 2356 in
2092 2313 2362 2357 teternum.
2411 2303 2595 2357 Justus
2639 2305 2946 2369 miseretur,
2982 2308 3158 2377 justus
3198 2305 3492 2358 commodat

1895 2394 2065 2467 (Psal.
2091 2410 2198 2460 cxr,
2235 2397 2310 2466 9).
2364 2395 2610 2465 Sapienti
2650 2405 2704 2449 et
2726 2395 2874 2464 justo
2903 2404 3047 2449 totus
3091 2394 3324 2449 mundus
3349 2394 3492 2447 divi-

1893 2489 2091 2543 tiarum
2141 2498 2246 2543 est.
2301 2488 2490 2544 Justus
2542 2490 2848 2543 communia
2900 2504 2997 2559 pro
3021 2488 3136 2543 suis
3185 2487 3366 2554 liabet,
3397 2501 3494 2542 sua

1895 2599 1992 2652 pro
2014 2583 2414 2638 communibus.
2439 2583 2625 2639 Justus
2650 2599 2708 2637 se
2747 2583 2946 2653 ipsum,
2981 2583 3294 2652 priusquam
3329 2581 3490 2649 alios,

1894 2687 2137 2733 accusat.
2170 2677 2268 2733 llle
2319 2679 2466 2732 enim
2517 2677 2718 2747 justus,
2769 2677 2857 2747 qui
2891 2692 2992 2731 nec
3046 2675 3150 2730 sibi
3199 2677 3392 2746 parcit,
3436 2683 3494 2729 et

1892 2771 2100 2826 occulta
2151 2785 2248 2824 sua
2299 2770 2471 2825 latere
2511 2786 2617 2824 non
2673 2769 2892 2839 patitur.
2945 2767 3078 2823 Vide
3109 2783 3269 2838 quam
3309 2767 3488 2837 justus

1895 2862 2191 2920 Abraham.
2217 2862 2274 2916 In
2306 2870 2588 2917 senectute
2616 2870 2934 2930 susceperat
2986 2859 3154 2915 filium
3185 2876 3282 2930 per
3304 2875 3493 2930 repro-

1898 2957 2210 3011 missionem
2238 2953 2392 3028 (Gen.
2434 2970 2566 3019 xxtt,
2597 2956 2630 3009 5
2657 2966 2704 3008 et
2729 2953 2886 3025 seq.),
2918 2953 3227 3025 reposcenti
3259 2953 3494 3009 Domino

1899 3050 2202 3120 negandum
2257 3048 2327 3104 ad
2374 3047 2704 3103 sacriticium
2733 3089 2748 3115 ,
2797 3047 3045 3118 quamvis
3079 3046 3338 3112 unicum,
3382 3059 3490 3100 non

211 3144 482 3199 dividatur.
524 3143 636 3198 Nos
660 3153 840 3198 autent
870 3152 1044 3197 artem
1092 3141 1345 3212 fugimus,
1381 3139 1628 3210 exempla
1678 3155 1794 3195 ma-
1820 3159 1864 3222 C
1900 3143 2126 3214 putat-it.

208 3234 372 3303 jorum
419 3235 775 3307 prepouimus
807 3253 821 3289 :
853 3251 975 3306 qua:
1009 3249 1183 3305 neque
1225 3234 1615 3289 obscuritatem
1664 3233 1795 3289 aﬂ'e-

214 3341 328 3386 runt
353 3331 416 3386 ad
446 3330 880 3400 intelligendum,
934 3345 1106 3399 neque
1153 3327 1220 3381 ad
1273 3326 1610 3382 tractandum
1665 3341 1791 3382 ver-

209 3427 387 3481 sutias.
461 3426 546 3482 Sit
597 3425 763 3495 igitur
820 3422 974 3478 nobis
1030 3423 1135 3475 vita
1177 3420 1439 3490 majorum
1489 3419 1793 3490 disciplinm

207 3518 474 3589 speculum
496 3560 513 3586 ,
545 3532 654 3574 non
683 3515 998 3572 calliditatis
1024 3515 1475 3570 commentarium
1506 3531 1520 3567 :
1547 3513 1792 3570 imitandi

208 3614 524 3677 reverentia,
560 3628 668 3666 non
698 3609 1006 3681 disputandi
1037 3611 1257 3664 astutia.

275 3709 392 3763 117.
427 3706 553 3764 Fuit
596 3707 762 3777 igitur
811 3709 862 3760 in
910 3714 1098 3759 sancto
1128 3705 1403 3760 Abraham
1449 3705 1626 3775 primo
1676 3705 1798 3759 loco

207 3800 508 3868 prudentia,
541 3799 610 3854 de
631 3814 741 3868 quo
771 3797 902 3852 dicit
931 3795 1212 3866 Scriptura
1239 3814 1251 3849 :
1276 3795 1508 3849 Credidit
1533 3796 1800 3850 Abraham

206 3890 331 3961 Deo,
360 3906 406 3949 et
434 3901 732 3964 reputatum
757 3901 830 3946 est
885 3891 967 3944 illi
997 3890 1064 3942 ad
1079 3890 1352 3962 justitiam
1396 3888 1557 3959 (Gen.
1593 3905 1687 3956 xv,
1719 3891 1796 3960 (3).

272 4062 297 4089 ἰ
321 4052 393 4108 Ita
427 4069 562 4109 mss.
594 4049 1047 4118 frequentissimi,
1086 4063 1148 4102 ac
1175 4047 1307 4104 edit.
1343 4047 1474 4101 Era.
1505 4055 1558 4102 et
1583 4044 1708 4101 Gill.
1744 4046 1798 4100 in

211 4141 373 4194 marg.
434 4127 539 4181 Alii
583 4133 764 4194 tamen
796 4121 1041 4194 nonnulli
1091 4129 1146 4194 et
1182 4134 1376 4194 omnes
1404 4119 1537 4194 edit.
1585 4119 1800 4194 iri-cono

213 4189 374 4260 textu,
417 4197 671 4250 moralem
691 4192 802 4247 Deo
833 4192 1086 4260 :Benig..
1120 4191 1396 4244 immortali
1427 4189 1534 4242 Deo
1563 4189 1664 4249 sui.
1692 4199 1798 4244 etc.

277 4265 302 4303 δ
331 4268 423 4324 Cic
448 4268 545 4323 lib.
572 4283 611 4331 t,
640 4281 760 4334 pag.
793 4265 923 4326 552,
951 4264 1041 4317 lin.
1075 4264 1142 4318 56
1178 4281 1189 4314 :
1229 4262 1335 4315 Sed
1365 4277 1512 4315 omne
1541 4261 1677 4325 quod
1707 4263 1799 4313 lio-

212 4351 402 4394 nestum
447 4349 545 4398 est.
578 4339 635 4390 id
664 4347 886 4407 quatuor
937 4336 1160 4402 partium
1185 4335 1352 4407 oritur
1382 4349 1443 4386 ea:
1471 4334 1666 4401 aliqua,
1694 4340 1800 4385 etc.

278 4422 298 4450 ε
332 4413 461 4481 Pag.
494 4409 628 4472 551,
659 4405 862 4481 Ιῖιιμὲἶ
911 4427 924 4460 :
966 4407 1158 4481 Al’luret
1188 4405 1364 4473 igitur,
1408 4407 1653 4481 quoniam
1697 4419 1807 4455 ont-

211 4483 286 4535 nis
319 4475 608 4552 disputatio
634 4481 699 4533 de
720 4480 904 4552 ofﬁcio
951 4479 1128 4552 futura
1167 4487 1261 4536 est,
1287 4484 1404 4552 ante
1435 4475 1672 4552 definire,
1697 4484 1804 4528 etc.

276 4552 300 4590 ἀ
338 4545 505 4608 Plana
540 4560 672 4608 sunt
701 4545 824 4619 qua:
855 4545 1614 4619 ltic'tribuunturﬂblauiclimo
1645 4555 1808 4619 atque

213 4627 374 4690 Ario;
430 4628 576 4679 hunc
599 4615 746 4678 enim
781 4619 1249 4690 imperfectionem
1281 4615 1519 4690 Christo,
1544 4632 1724 4690 (quem
1753 4617 1806 4670 itt

210 4688 578 4752 creaturarum
603 4688 1106 4761 ordinem—dejecit.
1145 4688 1424 4761 affinxissc
1448 4727 1462 4755 ,
1496 4689 1647 4761 illum
1683 4703 1811 4740 vero

211 4769 570 4838 corporalium
604 4759 1157 4838 rerunicreationem
1184 4759 1403 4838 diabolo
1443 4759 1808 4838 adjudicasse,

213 4829 365 4896 nemo
413 4849 502 4895 est
539 4839 631 4903 qui
661 4836 890 4892 nesciat.
919 4836 989 4890 At
1019 4849 1151 4888 vero
1200 4832 1254 4886 id
1304 4834 1540 4903 fortasse
1571 4829 1808 4898 cuipiam

217 4921 424 4968 moveat
480 4902 886 4971 difficultatem,
920 4904 1062 4974 quod
1119 4903 1384 4974 Marcioui
1437 4902 1618 4974 potius
1647 4917 1808 4974 quam

215 4985 337 5040 Atio
374 4972 1009 5054 jutigaturgEunomius.
1067 4975 1294 5054 Constat
1333 4973 1614 5054 .siquidert‘n
1672 4972 1815 5054 hunc

214 5056 344 5110 Aetii
374 5043 570 5109 'fui‘s'se
609 5049 940 5119 discipulum
986 5063 1108 5101 cum
1161 5044 1512 5119 Arianis,_ut
1555 5043 1814 5119 Socrates

215 5127 298 5182 lib.
327 5143 387 5194 ιι,
414 5142 516 5194 cap
549 5124 644 5188 15,
676 5115 927 5184 testatur,
955 5119 1101 5173 idem
1148 5128 1202 5173 et
1233 5117 1473 5194 dicentis
1485 5115 1816 5194 _et_senti_ett-

221 5203 298 5263 tis,
322 5183 680 5269 ctijtts'etia'm
734 5183 1112 5269 seetmpostea
1144 5203 1342 5269 nomen
1373 5186 1525 5269 dedit
1558 5183 1814 5269 ipse

221 5255 446 5328 nomine.
497 5277 556 5321 ut
605 5266 749 5320 idem
797 5255 1054 5319 Socrates
1088 5261 1212 5314 loco
1250 5261 1430 5321 citat.,
1464 5259 1605 5312 sicut
1632 5267 1685 5328 et
1718 5255 1816 5310 lib.

224 5356 258 5406 t.
279 5358 396 5411 cap.
431 5327 463 5395 7
503 5347 578 5411 et
628 5338 696 5391 15
732 5334 1020 5411 significat.
1063 5331 1432 5411 Cuiujungere
1481 5329 1607 5411 licet
1646 5327 1818 5411 δοιο-

221 5401 425 5470 nienum
476 5410 577 5466 lib.
622 5424 698 5474 tv,
733 5401 856 5477 ca'p.
883 5406 1084 5477 25.net
1130 5403 1230 5477 lib.
1270 5419 1344 5468 vi,
1369 5417 1488 5477 cap.
1531 5401 1624 5477 illi,
1653 5410 1818 5466 atque

220 5487 360 5541 alios.
392 5483 506 5541 Sed
542 5473 750 5536 nodum
770 5473 933 5533 solvit
955 5475 1370 5538 Theodoretus;
1402 5475 1487 5527 hic
1516 5473 1661 5526 enim
1691 5485 1815 5523 cum

219 5557 298 5614 lib.
345 5574 386 5614 ιι
415 5556 564 5612 Hist.
619 5566 748 5621 cap.
774 5550 868 5614 ‘29,
897 5557 1105 5621 tantum
1138 5547 1452 5621 scripsisset
1478 5543 1816 5621 ‘Eunomium

220 5629 320 5686 Arii
346 5617 935 5698 blasphemiam_nova
952 5617 1248 5698 impietatis
1288 5617 1602 5698 accessione
1625 5628 1822 5698 cuntu-

216 5685 368 5766 lasse,
396 5685 614 5766 in'lib.
652 5708 712 5766 t_v
739 5685 1210 5766 Haer.vfabul.rem
1242 5689 1443 5766 evolvit
1481 5685 1820 5745 enucleatius

218 5759 278 5828 ita
303 5759 566 5845 inquiens
609 5764 624 5821 ξ
658 5762 990 5828 Ba'ptizantes
1038 5767 1198 5830 usque
1227 5759 1295 5812 ad
1332 5765 1505 5829 pertus
1553 5773 1689 5829 aqua
1709 5771 1822 5809 mav

1972 3235 2096 3290 119.
2128 3233 2372 3290 Adverte
2400 3233 2488 3289 hic
2533 3250 2723 3290 omnes
2748 3237 2980 3290 virtutes
3027 3243 3257 3306 quatuor
3285 3234 3337 3288 in
3381 3248 3492 3288 uno

1898 3327 2059 3383 facto.
2088 3328 2208 3382 Fuit
2235 3327 2538 3399 sapientiae,
2574 3329 2684 3384 Deo
2712 3329 2956 3391 credere,
2990 3344 3089 3382 nee
3116 3327 3211 3382 tllii
3265 3326 3496 3398 gratiam

1897 3419 2170 3476 anteferre
2229 3421 2468 3476 auctoris
2515 3433 2788 3490 prmcepto
2817 3438 2831 3474 :
2862 3421 2960 3474 fuit
3011 3421 3272 3490 juSIitire,
3305 3434 3498 3488 accep-

1900 3522 2010 3569 tum
2041 3513 2315 3569 reddere:
2361 3514 2460 3568 fuit
2507 3513 2879 3578 fortitudinis,
2936 3514 3232 3585 appetitum
3291 3515 3500 3568 ratione

1899 3609 2176 3665 cohibere.
2226 3610 2468 3666 Ducebat
2524 3611 2758 3666 hostiam
2817 3619 3001 3680 pater,
3031 3607 3398 3678 interrogabat
3441 3608 3504 3660 ti-

1901 3704 2028 3769 litts,
2059 3705 2372 3760 tcntabatur
2401 3705 2628 3760 affectus
2651 3705 2877 3775 patrius,
2904 3707 2998 3760 sed
3033 3719 3138 3758 non
3166 3701 3500 3756 vineebatur.

1905 3798 2208 3868 Repetebat
2255 3800 2400 3854 filius
2445 3799 2868 3870 appellationem
2919 3807 3507 3868 paternam,conipuu-

1903 3893 2066 3962 gebat
2111 3901 2336 3962 paterna
2370 3892 2602 3954 viscera,
2635 3890 2729 3944 sed
2774 3906 2878 3944 non
2935 3888 3212 3944 minuebat
3259 3887 3506 3944 devotio-

1910 4054 2193 4124 defaciunt.
2214 4053 2422 4124 reliquis
2442 4063 2610 4107 autem
2637 4052 2871 4122 partibus
2894 4062 3152 4124 tamquam
3181 4050 3509 4124 exsecrandis

1910 4121 2094 4195 aquam
2125 4121 2370 4178 adhibere
2394 4121 2756 4196 prohibentnu
2785 4124 2891 4179 Sed
2914 4133 2960 4177 et
3000 4121 3146 4176 aliud
3171 4123 3362 4176 audere
3374 4121 3509 4196 _i_llos

1913 4193 2109 4262 dicunt,
2140 4197 2277 4268 quod
2302 4193 2507 4268 scriptis
2529 4199 2845 4251 committere
2872 4213 2983 4268 non
3010 4195 3198 4261 attsiin,
3219 4206 3326 4250 etc.
3373 4193 3508 4268 llinc

1916 4265 2160 4336 profecto
2184 4282 2374 4339 aperte
2399 4265 2672 4338 colligitur
2691 4285 2813 4322 eum
2844 4267 3130 4322 admisisse
3148 4267 3343 4335 duplex
3369 4265 3516 4336 prin-

1831 4360 1886 4418 D
1913 4341 2136 4418 cipiunt,
2166 4341 2366 4418 bonum
2398 4343 2632 4395 alterum
2661 4359 2687 4393 ιι
2717 4358 2821 4409 quo
2865 4351 3050 4418 partes
3075 4339 3322 4418 corporis
3349 4353 3512 4406 supc-

1913 4414 2084 4466 riores
2109 4428 2242 4481 quas
2266 4414 2435 4467 bonas
2458 4428 2580 4467 esse
2629 4429 2734 4466 non
2787 4413 3077 4479 negabant,
3103 4409 3504 4481 procederent:

1912 4479 2392 4538 malum‘alterum
2421 4502 2450 4540 a
2480 4499 2588 4554 quo
2640 4482 2948 4544 inferiores,
2983 4496 3118 4549 quas
3161 4479 3332 4554 malas
3385 4492 3509 4554 esse

1914 4554 2074 4609 iident
2107 4549 2534 4611 Contendebant.
2571 4554 2721 4611 Unde
2748 4557 3008 4607 tniratnur
3059 4566 3152 4604 eos
3207 4550 3297 4618 qui
3343 4549 3509 4602 colle-

1912 4638 2031 4684 etos
2054 4627 2296 4697 ejusdem
2353 4628 2604 4682 Eunomii
2640 4641 2858 4680 errores
2886 4624 3091 4691 scripto
3133 4619 3508 4697 prodiderunt,

1914 4711 1971 4750 ιιι
2006 4692 2128 4770 puta
2162 4715 2226 4753 ex
2276 4700 2518 4770 antiquis
2563 4697 2922 4770 Epiphaniam
2957 4706 3012 4770 et
3059 4692 3446 4770 Augustinum,
3479 4708 3509 4746 c

1917 4766 2315 4828 recentioribus
2340 4766 2468 4826 vero
2491 4769 2809 4829 Baroniutn,
2835 4766 3109 4819 l’claviunt
3135 4766 3377 4832 aliosque
3397 4777 3512 4816 om-

1917 4857 2036 4910 nes,
2081 4845 2413 4909 impietatem
2446 4843 2514 4895 de
2543 4855 2645 4908 qua
2681 4839 2768 4892 hic
2799 4840 3033 4910 loquitur
3079 4835 3267 4910 lutatus
3294 4839 3510 4910 Doctor,

1920 4904 2034 4970 non
2065 4904 2388 4968 advenisse.
2458 4904 2626 4965 Porro
2657 4911 2708 4963 in
2753 4904 2914 4961 cattSa
2947 4907 3086 4960 forte
3130 4906 3227 4959 fuit
3268 4904 3511 4973 ejusdem

1919 4985 2120 5041 erroris
2159 4984 2440 5046 atrocitas,
2472 4998 2569 5036 cur
2593 4982 2645 5034 in
2676 4978 2997 5050 quibusdam
3023 4979 3408 5050 imperatorum
3434 4976 3512 5030 le-

1920 5058 2098 5124 gibus,
2139 5055 2415 5122 qnalis.ea
2449 5047 2704 5124 Gratiani
2733 5051 2849 5124 luit,
2871 5051 3038 5124 cujus
3075 5047 3323 5124 meminit
3345 5047 3515 5104 Sozo—

1923 5121 2114 5183 iiteuus
2147 5121 2356 5190 lib.vtt,
2387 5142 2436 5179 e.
2474 5125 2525 5187 1,
2550 5138 2671 5176 cum
2695 5122 2921 5176 liberum
2955 5121 3152 5191 cuique
3180 5121 3516 5188 relinquatur

1921 5213 2318 5268 quamcumque
2371 5198 2687 5268 religionem
2754 5202 2847 5268 aut
2887 5202 3106 5268 ctutum
3151 5195 3516 5268 _scc_tari_p_ro

1923 5262 2099 5336 l'ibito,
2119 5262 2386 5337 adjectum
2413 5262 2593 5329 fui-rit.
2620 5267 2863 5333 exceptis
2885 5263 3214 5337 Manicliagis,
3240 5262 3518 5337 Pbotinia-

1924 5345 2006 5398 nis
2038 5332 2095 5397 et
2121 5332 2497 5398 Eunomianis.
2531 5337 2650 5393 Non
2699 5332 2909 5392 videtur
2936 5344 3082 5388 certe
3113 5335 3333 5389 dubium
3388 5332 3516 5401 quin

1923 5415 2251 5470 Ambrosius
2292 5415 2407 5484 ipse
2438 5416 2503 5468 ad
2536 5413 2743 5467 hancce
2793 5407 3522 5484 blasptiemiatnIeSpexet-it

1927 5486 2026 5541 lib.
2061 5501 2096 5540 ιι
2143 5475 2404 5541 Hexaeni.
2437 5501 2560 5554 cap.
2604 5484 2660 5551 5,
2685 5483 2773 5536 ubi
2804 5475 3154 5554 nominantur
3197 5475 3520 5554 Eunomiani

1924 5559 2118 5613 radicis
2141 5546 2764 5627 degeneris,At-'ianorum
2788 5552 3018 5627 scilicet,
3045 5546 3516 5627 fructus_deterior.

1999 5641 2022 5664 ε
2035 5629 2172 5754 gss.
2193 5621 2308 5711 .l'lflll
2336 5629 2510 5701 pauci,
2546 5627 2816 5694 Quomodo
2836 5621 3062 5696 sapiens,
3088 5631 3141 5677 ut
3171 5621 3524 5676 Arianus.....

2094 5715 2292 5754 arcton".

1926 5711 1980 5755 ut
2035 5701 2292 5756 Marcion.
