4010 6186
434 195 508 251 5η
1777 185 2021 247 SANC‘I'I

2172 180 2388 246 suasu
3265 147 3279 162 ’
3669 190 3741 247 ro

436 323 580 362 nem.
613 307 836 365 Accedit
862 315 916 363 ct
941 314 1129 377 quarta
1153 306 1345 373 virtus,
1371 303 1751 376 temperantia.
1781 300 2028 357 Tenebat
2056 299 2109 361 Α
2136 314 2280 364 esse,
2307 314 2409 355 nec
2427 309 2582 370 turpe
2603 298 2851 370 iudicant
2873 314 3002 355 saxa
3025 298 3278 366 adorare,
3298 307 3354 357 et
3377 317 3404 355 a
3430 301 3676 358 simul:th
3694 306 3740 359 is

436 401 616 473 justus
642 411 695 457 et
725 401 938 471 pictatis
969 400 1222 465 modum,
1264 409 1319 453 et
1345 398 1714 454 exsecutionis
1762 395 2032 451 ordinem.

442 494 685 565 Denique
712 493 839 550 dum
870 493 1142 550 sacrilicio
1171 491 1479 549 necessaria
1505 492 1675 555 vebit,
1699 488 1827 545 dum
1856 487 2038 558 ignem

441 587 647 650 adolet.
680 586 811 642 dum
855 585 1025 643 filium
1056 587 1224 658 ligat,
1265 586 1391 640 dum
1419 585 1658 657 gladium
1691 582 1906 651 educit,
1936 581 2041 638 ltoc

443 677 968 735 immolandiordine
997 679 1216 743 meruit,
1249 689 1305 733 ut
1330 677 1499 733 lilium
1524 682 1860 733 reservaret.

516 774 640 830 120.
674 774 814 843 Quid
854 774 1157 845 sapientius
1184 783 1380 829 sancto
1408 772 1606 836 Jacob,
1639 771 1735 842 qui
1765 771 1931 826 Deum
1962 768 2044 824 vi-

441 865 518 922 dit
548 866 687 923 facie
730 865 801 922 ad
831 865 1048 932 faciem,
1076 876 1132 922 et
1160 868 1362 921 meruit
1409 863 1843 921 benedictionem
1883 861 2038 935 (Gen.

443 974 624 1025 xxxu,
674 959 702 1013 1
733 969 779 1013 et
819 960 992 1031 seq.)?
1022 958 1162 1028 Quid
1204 960 1441 1029 justius,
1470 959 1558 1029 qui
1589 973 1651 1014 ea
1697 974 1817 1029 qua:
1857 956 2044 1027 acqui-

441 1055 633 1122 sierat,
684 1052 884 1109 oblatis
913 1054 1233 1110 muneribus
1282 1068 1404 1109 cum
1459 1051 1627 1108 fratre
1652 1050 1873 1106 divisit?
1904 1048 2044 1118 Quid

444 1144 661 1211 fortius,
690 1143 783 1215 qui
829 1160 952 1200 cum
986 1145 1095 1201 Deo
1124 1144 1361 1201 luctatus
1403 1144 1526 1200 est?
1555 1144 1694 1214 Quid
1744 1143 2044 1199 modestius

445 1254 510 1294 eo
536 1238 627 1309 qui
661 1238 981 1297 modestiam
1006 1241 1080 1296 ita
1111 1248 1168 1296 et
1206 1240 1342 1298 locis
1373 1249 1431 1296 et
1469 1240 1804 1312 temporibus
1829 1238 2047 1295 defere-

446 1330 562 1396 bat,
576 1330 774 1386 utlilite
788 1331 1046 1400 injuriam
1062 1332 1247 1387 mallet
1262 1341 1568 1402 praetexere
1588 1331 1864 1403 conjugio,
1881 1346 2044 1402 quam

451 1424 775 1490 vindicare;
837 1439 904 1480 eo
954 1424 1098 1496 quod
1148 1424 1290 1481 inter
1348 1424 1558 1481 alienos
1614 1426 1821 1492 positus
1871 1424 2046 1481 amori

451 1516 630 1587 potius
655 1515 1071 1584 consulendum,
1092 1531 1251 1587 quam
1281 1516 1402 1572 odia
1432 1516 1735 1587 colligenda
1751 1518 2047 1573 censebat?

523 1608 648 1664 121.
701 1607 814 1664 Noe
863 1623 1024 1677 quam
1065 1611 1317 1679 sapiens,
1364 1611 1454 1679 qui
1508 1620 1709 1665 tantam
1765 1608 2048 1666 fabricavit

2143 391 2407 446 auxilium
2437 405 2646 463 petere,
2680 407 2801 461 qua:
2825 393 2962 447 nihil
2990 395 3250 449 sentiant.

2217 484 2341 540 124.
2367 485 2583 553 Quanto
2608 485 2772 556 igitur
2799 485 3077 540 excelsior
3106 486 3276 540 virtus
3307 493 3391 541 est
3434 487 3700 550 sapientia
3724 530 3741 554 ,

2145 585 2298 631 tanto
2316 576 2488 647 magis
2514 578 2836 633 enitendum
2859 577 3119 643 arbitror,
3156 590 3213 633 ut
3237 582 3452 648 assequi
3476 595 3595 636 eam
3620 597 3746 652 pns-

2143 669 2337 724 simus.
2390 670 2577 742 Itaque
2606 687 2673 727 ne
2696 671 2826 740 quid
2857 679 3047 727 contra
3073 684 3321 728 naturam
3345 717 3359 737 ,
3386 691 3453 730 ne
3475 676 3604 745 quid
3635 686 3747 732 tur-

2147 777 2214 832 pe
2256 774 2420 832 atque
2448 762 2768 819 indecorum
2802 765 3099 819 sentiamus
3120 806 3134 832 ,
3164 764 3275 820 duo
3302 766 3415 822 haec
3440 809 3456 835 ,
3507 767 3560 823 id
3616 777 3701 824 est
3727 811 3743 836 ,

2144 867 2198 910 et
2223 865 2437 925 tempus
2465 864 2524 912 et
2552 858 2892 928 diligentiam
2924 857 2992 913 ad
3022 858 3520 918 considerationem
3561 878 3746 918 rerum

2145 956 2693 1024 examinandigratia
2740 956 2949 1013 referre
2998 957 3287 1014 debemus.
3318 957 3461 1014 Nihil
3489 968 3572 1013 est
3599 959 3746 1015 enim

2146 1062 2257 1118 quo
2282 1048 2454 1118 magis
2486 1050 2646 1104 bomo
2674 1050 2891 1105 caeteris
2913 1050 3287 1106 animantibus
3311 1060 3555 1121 pratstet,
3581 1067 3745 1123 quam

2146 1142 2288 1213 quod
2317 1144 2547 1197 rationis
2578 1151 2664 1198 e~t
2690 1145 2960 1213 particeps
2988 1185 3003 1209 ,
3033 1158 3232 1199 causas
3262 1161 3444 1200 rerum
3478 1145 3708 1216 requirit
3733 1188 3748 1213 ,

2146 1236 2366 1307 generis
2396 1238 2477 1291 sui
2508 1246 2790 1292 auctorem
2820 1237 3255 1306 investigandum
3282 1246 3432 1307 putat
3460 1280 3474 1305 ,
3507 1238 3560 1293 in
3592 1240 3751 1308 cujus

2149 1339 2421 1402 potestate
2473 1332 2596 1387 vita:
2636 1333 2899 1403 necisque
2950 1341 3153 1389 nostrae
3208 1342 3451 1403 potestas
3501 1332 3610 1402 sit,
3655 1335 3750 1405 qui

2150 1424 2414 1479 mundum
2442 1425 2586 1480 buuc
2611 1439 2711 1480 suo
2739 1436 2871 1480 nutu
2901 1434 3072 1496 regat,
3099 1425 3187 1481 cui
3214 1426 3454 1482 sciamus
3478 1429 3749 1482 rationem

2149 1532 2274 1574 esse
2318 1518 2650 1573 reddendam
2679 1526 2999 1574 nostrorum
3027 1529 3264 1573 actuum.
3318 1517 3462 1574 Nihil
3491 1528 3571 1574 est
3605 1521 3749 1575 enim

2150 1613 2294 1683 quod
2318 1616 2490 1684 magis
2512 1614 2763 1685 proficiat
2779 1614 2845 1668 ad
2866 1613 3028 1668 vitam
3048 1613 3357 1679 honestam,
3377 1629 3535 1685 quam
3559 1623 3618 1670 ut
3634 1631 3756 1671 crc-

449 1717 634 1758 arcam
667 1700 823 1776 (Gen.
852 1718 926 1769 vt,
963 1701 1030 1757 14
1070 1711 1121 1758 et
1148 1703 1313 1774 seq.)l
1367 1702 1539 1772 Quam
1574 1704 1790 1774 justus,
1833 1704 1925 1775 qui
1978 1703 2047 1759 ad
2078 1696 2127 1757 B
2153 1706 2350 1762 damus
2380 1723 2505 1761 eum
2546 1707 2785 1777 judicent
2820 1705 3083 1775 futurum,
3116 1714 3278 1780 quem
3311 1714 3365 1762 et
3394 1709 3604 1763 occulta
3646 1724 3753 1764 non

449 1811 637 1851 semen
687 1795 930 1852 omnium
982 1805 1318 1862 reservatus,
1376 1797 1525 1853 solus
1562 1814 1629 1854 ex
1692 1798 1945 1853 omnibus
1993 1808 2050 1854 et

453 1890 742 1959 pra-ternae
762 1889 1129 1960 generationis
1166 1899 1444 1961 superstes
1484 1900 1570 1945 est
1619 1889 1811 1956 factus,
1846 1898 1901 1945 et
1921 1905 2050 1944 auc-

454 1990 539 2036 tor
585 1980 803 2048 futurae,
835 1982 1037 2039 mundo
1065 1983 1244 2053 potius
1267 1993 1322 2039 et
1349 1983 1621 2040 universis
1663 1984 1837 2055 magis
1885 1998 2046 2054 quam

451 2074 556 2129 sibi
628 2075 824 2130 natusl
872 2075 1044 2145 Quam
1098 2074 1292 2141 fortis.
1348 2086 1405 2131 ut
1456 2076 1720 2133 diluvium
1775 2078 2045 2133 vinceret!

453 2167 627 2231 Quam
659 2176 989 2237 temperans,
1022 2178 1081 2224 ut
1104 2169 1369 2225 diluvium
1399 2172 1684 2227 toleraret!
1717 2171 1932 2241 quando
1962 2172 2046 2226 in-

455 2260 678 2327 troiret,
708 2275 811 2333 qua
854 2261 1232 2318 moderatione
1281 2261 1527 2334 degeret,
1564 2263 1780 2333 quando
1802 2279 2047 2329 corvum,

455 2351 671 2422 quando
700 2353 1009 2409 columbam
1040 2354 1361 2422 dimitteret,
1386 2355 1603 2425 quando
1631 2355 1737 2429 33
1784 2356 2052 2427 reciperet

455 2455 816 2512 revertentes,
848 2447 1064 2518 quando
1085 2448 1319 2505 exeundi
1363 2450 1822 2519 apportttnitatetn
1867 2458 2048 2520 captao

458 2548 560 2604 ret,
599 2551 924 2610 agnosceret
950 2538 974 2594 τ

1014 2632 1241 2690 CAPUT
1296 2633 1521 2705 xxvr;
1694 2695 1699 2699 ,

454 2723 523 2778 In
567 2726 873 2796 inquirenda
902 2728 1116 2783 veritate
1161 2739 1341 2785 contra
1376 2747 1473 2785 sua
1522 2740 1781 2803 pracepta
1815 2747 2055 2802 peccasse

532 2818 870 2894 philosophos
887 2837 907 2876 :
930 2820 987 2875 11
991 2839 1147 2893 oysen
1172 2838 1289 2878 vero
1314 2825 1421 2879 illis
1445 2826 1809 2895 sapientiorem
1838 2840 1893 2880 se
1921 2838 2056 2895 ρνιεο

531 2909 719 2966 buissc.
755 2910 832 2965 Eo
859 2914 1046 2987 majori
1066 2914 1238 2969 studio
1280 2915 1576 2973 enitendum
1623 2917 1693 2973 ad
1744 2920 2054 2988 comparan-

532 3002 650 3058 dam
663 3005 973 3074 sapientiam
993 3046 1011 3072 ,
1061 3023 1161 3077 quo
1189 3009 1359 3078 major
1386 3019 1460 3064 est
1506 3010 1671 3080 ipsius
1690 3009 1917 3083 dignitas
1938 3050 1953 3076 ,
1984 3009 2055 3064 ad

532 3111 684 3165 quam
714 3113 890 3153 omnes
909 3101 1025 3167 ipsa
1049 3109 1237 3155 natura
1256 3101 1620 3172 impelluntur.

536 3188 662 3244 122.
683 3189 867 3262 itaque
900 3195 1256 3250 tractant‘in
1286 3196 1396 3251 veri
1423 3196 1843 3269 investigatione
1865 3206 2058 3253 tenen-

462 3282 590 3337 dum
605 3283 736 3340 illud
750 3284 1033 3354 decorum,
1051 3296 1108 3342 ut
1122 3302 1340 3344 summo
1360 3290 1541 3344 studio
1558 3288 1902 3360 requiramus
1928 3290 2058 3357 quid

462 3391 652 3431 verum
677 3377 771 3442 sit,
802 3394 908 3433 non
941 3378 1076 3435 falsa
1106 3394 1206 3450 pro
1249 3380 1391 3436 veris
1416 3380 1643 3446 ducere,
1668 3396 1775 3436 non
1807 3380 2062 3437 obscuris

463 3486 591 3526 vera
647 3472 928 3528 involvere
952 3514 969 3538 ,
1020 3488 1126 3528 ttou
1156 3473 1446 3545 superﬂuis
1477 3475 1561 3531 vel
1598 3474 1848 3545 implexis
1898 3488 2061 3546 atque

461 3564 731 3637 ambiguis
758 3581 1032 3635 occupare
1076 3569 1343 3623 animum.
1375 3567 1514 3635 Quid
1550 3580 1657 3623 tam
1691 3569 2011 3626 indecormn
2042 3610 2059 3637 ,

458 3674 622 3729 quam
656 3663 907 3715 venerari
956 3661 1135 3732 ligna,
1187 3660 1335 3732 quod
1360 3661 1467 3733 ipsi
1498 3660 1749 3719 faciunt?
1779 3663 1919 3730 Quid
1953 3673 2061 3718 tam

456 3754 772 3816 obscurum,
790 3770 952 3826 quam
975 3756 1045 3810 de
1057 3756 1396 3812 astronomia
1413 3765 1468 3810 et
1483 3758 1780 3828 geometria
1807 3766 2059 3826 tractare,

459 3847 605 3919 quod
641 3848 902 3918 probant;
949 3861 1002 3906 et
1034 3850 1286 3921 profundi
1317 3852 1463 3907 aeris
1485 3856 1664 3923 spatia
1692 3852 1895 3920 metiri,
1951 3868 2064 3909 cte-

460 3940 574 3993 lutn
606 3955 824 4011 quoque
852 3952 909 3997 et
943 3959 1091 3999 mare
1124 3944 1365 3998 numeris
1396 3943 1709 4001 includere:
1741 3946 2063 4018 relinquere

462 4048 661 4089 causas
688 4035 903 4101 salutis,
932 4052 1152 4093 errores
1178 4053 1445 4108 quaerere.

536 4128 660 4183 125.
689 4129 760 4183 At
783 4145 890 4184 non
922 4131 1010 4185 ille
1044 4131 1293 4186 eruditus
1314 4134 1368 4186 in
1392 4132 1538 4187 omni
1563 4134 1829 4202 sapientia
1862 4133 2065 4205 Egypc

466 4220 665 4274 tiorum
695 4220 912 4292 Moyses
942 4222 1192 4291 probavit
1239 4225 1341 4279 ista
1368 4242 1382 4278 :
1413 4226 1509 4280 sed
1545 4225 1694 4280 illam
1740 4226 2065 4297 sapientiam

2155 1798 2362 1865 fallant,
2399 1808 2455 1854 et
2499 1798 2754 1854 indecora
2784 1798 3086 1866 offendant,
3117 1807 3175 1853 et
3200 1798 3432 1855 honesta
3452 1799 3751 1857 delectent.

2230 1891 2349 1948 125.
2392 1893 2659 1946 Omnibus
2690 1892 2858 1963 igitur
2911 1892 3220 1948 hominibus
3252 1891 3395 1948 inest
3447 1892 3753 1948 secundum

2152 1994 2400 2038 naturam
2425 1983 2718 2038 bmnanam
2751 1999 2940 2039 verum
2966 1983 3321 2053 investigare,
3351 1998 3471 2055 qua:
3499 1983 3610 2058 34
3655 1999 3758 2041 nos

2154 2076 2220 2130 ad
2251 2077 2490 2132 studium
2525 2077 2855 2147 cognitionis
2884 2085 2941 2131 et
2970 2076 3221 2132 scicntia:
3272 2079 3459 2137 trabit,
3495 2090 3550 2131 et
3582 2078 3758 2147 inqui-

2153 2172 2306 2226 rendi
2338 2172 2573 2228 infundit
2602 2172 2979 2242 cupiditatem.
3007 2172 3066 2228 1η
3099 2188 3207 2243 quo
3227 2172 3508 2228 excellere
3531 2174 3755 2228 univer-

2152 2266 2227 2318 sis
2261 2264 2545 2332 pulcbrum
2595 2265 2838 2329 videtur,
2892 2264 2988 2320 sed
3039 2279 3335 2334 paucorum
3365 2272 3450 2318 est
3497 2264 3752 2327 assequi:

2152 2357 2245 2429 qui
2273 2358 2542 2415 volvendo
2565 2360 2948 2429 cogitationes,
2977 2359 3203 2414 consilia
3237 2356 3623 2426 examinando,
3646 2374 3757 2413 non

2155 2449 2492 2507 mediocrem
2520 2451 2841 2521 impemlunt
2885 2451 3165 2517 laborem;
3200 2459 3256 2504 ut
3304 2450 3370 2505 ad
3425 2450 3554 2504 illud
3598 2450 3761 2506 beate

2153 2541 2492 2613 honesteque
2526 2543 2818 2597 vivendum
2850 2545 3137 2609 pervenire
3170 2542 3401 2610 possint,
3427 2551 3591 2610 atque
3620 2557 3751 2611 ope-

2153 2635 2305 2690 ribus
2337 2637 2795 2706 appropinquare.
2832 2632 2959 2688 Non
2989 2636 3125 2688 enim
3170 2636 3257 2702 qui
3278 2634 3471 2687 dixerit
3494 2675 3509 2701 ,
3538 2635 3714 2705 inquit
3740 2677 3753 2701 ,

2154 2728 2315 2783 mihi:
2343 2727 2585 2793 Domine,
2620 2727 2858 2791 Domine,
2891 2726 3104 2780 intrabit
3128 2727 3185 2779 in
3224 2740 3443 2797 regnum
3466 2726 3750 2793 caelorum,

2154 2825 2245 2878 sed
2273 2824 2361 2889 qui
2389 2823 2566 2893 fecerit
2586 2838 2646 2876 ea
2673 2837 2789 2891 qua
2814 2820 2933 2875 dico
2955 2818 3172 2892 (Matth.
3202 2835 3300 2886 vn,
3329 2818 3441 2893 21).
3478 2819 3609 2875 Nam
3637 2828 3754 2875 stu-

2155 2914 2244 2970 dia
2290 2916 2534 2970 scientiae
2564 2915 2684 2970 sine
2713 2913 2870 2969 iactis
2892 2956 2907 2980 ,
2944 2912 3086 2968 baud
3129 2912 3242 2969 scio
3272 2926 3341 2968 an
3369 2913 3537 2970 etiam
3577 2914 3754 2971 invol-

2160 3018 2289 3063 rant
2317 3008 2508 3080 magis.

2695 3099 2930 3159 CAPUT
2990 3100 3208 3158 XXVII.

2164 3198 2399 3253 Primum
2424 3198 2590 3270 ofﬁcii
2615 3201 2807 3269 fontem
2827 3212 2936 3252 esse
2958 3196 3307 3266 prudentiam,
3335 3212 3400 3252 ex
3426 3213 3527 3268 qua
3548 3196 3755 3251 deriva-

2231 3301 2295 3344 ta:
2323 3300 2424 3344 tres
2453 3291 2571 3345 alite
2607 3291 2818 3344 virtutes
2840 3332 2854 3355 ,
2894 3291 2971 3344 ita
2997 3306 3188 3344 cumea
3204 3298 3357 3360 atque
3384 3290 3514 3344 inter
3544 3305 3599 3344 se
3620 3306 3718 3343 con
3744 3320 3755 3329 ο

2236 3399 2381 3439 nexa:
2395 3392 2533 3445 sunt,
2549 3392 2603 3436 ut
2617 3382 2682 3437 ab
2707 3382 2927 3436 invicem
2953 3382 3126 3437 divelli
3145 3398 3207 3435 ac
3219 3383 3455 3450 separari
3477 3392 3748 3451 nequeant.

2236 3476 2360 3531 126.
2396 3475 2610 3531 Primus
2659 3476 2823 3545 igitur
2865 3473 3041 3531 Ofﬁcii
3074 3474 3196 3530 fons
3235 3472 3264 3513 δ
3322 3475 3605 3544 prudentia
3655 3484 3759 3529 cst.

2162 3569 2302 3637 Quid
2329 3570 2473 3624 enim
2508 3578 2614 3623 tam
2648 3568 2867 3639 plenum
2889 3567 3078 3631 ofﬁcii,
3106 3583 3265 3639 quam
3296 3567 3511 3623 deferre
3541 3569 3760 3623 Auctnri

2163 3662 2408 3717 studium
2432 3672 2595 3731 atque
2619 3660 3024 3716 reverentiam?
3042 3661 3143 3729 Qui
3171 3672 3353 3717 tamen
3371 3660 3493 3715 fons
3510 3663 3632 3715 etin
3659 3661 3765 3714 vir—

2167 3765 2314 3811 tutes
2343 3754 2626 3810 derivatur
2656 3766 2888 3810 racteras
2913 3771 2929 3821 ;
2961 3769 3139 3825 neque
3165 3756 3310 3811 enim
3340 3763 3521 3826 potest
3559 3755 3765 3824 justitia

2166 3849 2286 3903 sine
2320 3848 2603 3918 prudentia
2655 3862 2810 3913 esse,
2844 3862 2968 3903 cum
2998 3848 3317 3904 examinare
3348 3847 3476 3920 quid
3515 3847 3721 3918 justum
3751 3890 3766 3913 ,

2166 3942 2363 4011 quidve
2379 3941 2637 4010 injustum
2655 3942 2746 4006 sit,
2765 3958 2870 3995 non
2888 3941 3179 3997 mediocris
3197 3942 3496 4012 prudentia:
3510 3944 3575 3996 sit
3592 3959 3608 4008 ;
3626 3959 3771 3997 suin-

2169 4052 2288 4092 mus
2318 4036 2369 4091 in
2396 4046 2626 4108 utroque
2657 4051 2832 4092 error.
2867 4036 2969 4104 Qui
2995 4037 3138 4091 enim
3171 4040 3378 4111 justum
3406 4035 3604 4104 iudicat
3632 4035 3772 4100 iniu-

2169 4139 2328 4193 stum,
2357 4130 2613 4202 injustam
2636 4147 2752 4185 vero
2771 4130 3000 4201 justum,
3026 4130 3361 4185 exsecrabilis
3404 4129 3549 4201 apud
3578 4127 3769 4184 Deum.

2172 4220 2241 4277 Ut
2292 4222 2417 4290 quid
2448 4221 2711 4276 abundant
2744 4231 2767 4261 ο
2815 4221 3040 4294 justitiw
3094 4220 3455 4290 imprudenti?
3510 4219 3772 4275 Salomon

467 4310 852 4367 detrimentum
895 4325 952 4370 et
980 4316 1270 4371 stultitiam
1296 4316 1595 4385 judicavit,
1638 4329 1694 4373 et
1743 4332 1968 4374 aversus
1999 4320 2069 4376 ab
2171 4315 2245 4371 ait
2275 4313 2461 4389 (Prov.
2488 4313 2731 4381 “11,15,
2761 4314 2875 4387 l6).
2910 4313 3099 4385 Neque
3130 4314 3325 4370 iterum
3382 4315 3671 4383 prudentia
3706 4315 3777 4369 si-

466 4419 551 4472 ea,
586 4407 782 4460 intimo
815 4407 982 4462 Deum
1004 4409 1257 4478 quaesivit
1285 4408 1522 4477 affectu;
1552 4410 1785 4483 ideoque
1808 4411 1961 4475 vidit.
1987 4411 2071 4467 in-

2175 4426 2243 4464 ue
2260 4409 2473 4479 justitia
2505 4420 2588 4465 est
2613 4426 2628 4475 ;
2657 4413 2830 4479 pietas
2855 4410 2998 4464 enim
3024 4410 3076 4464 in
3102 4409 3274 4464 Deum
3324 4408 3536 4463 initiqu
3562 4408 3778 4464 intelle-

475 4502 809 4573 terrogavit,
842 4475 1052 4557 audivit
1083 4502 1418 4571 loquentem.
1451 4475 1591 4573 Quis
1636 4475 1809 4577 magis
1852 4507 2071 4576 sapiens
2095 4475 2147 4536 Β
2174 4475 2317 4559 ctus.
2350 4501 2469 4570 Quo
2499 4475 2835 4558 advertimus
2864 4501 2995 4557 illud
3022 4502 3092 4555 ab
3121 4500 3283 4571 hujus
3327 4500 3513 4556 δωρειιί
3545 4502 3777 4554 transla-

471 4611 636 4664 quam
665 4597 756 4652 ille
784 4613 948 4668 quem
976 4597 1163 4653 docuit
1185 4598 1351 4664 Deus,
1378 4597 1467 4668 qui
1494 4613 1714 4654 omnem
1745 4599 2071 4669 sapientiam

2176 4605 2288 4651 tum
2320 4597 2494 4668 magis
2515 4612 2675 4668 quam
2710 4598 2988 4653 inventum
3023 4595 3405 4666 sapientibus;
3445 4595 3572 4665 quia
3600 4594 3779 4665 pietas

470 4687 871 4761 Egyptiurum,
898 4704 1203 4762 omnesque
1243 4692 1442 4746 artium
1474 4691 1746 4761 potentias
1777 4691 1961 4762 operis
1989 4693 2075 4748 sui
2177 4689 2587 4745 fundamentum
2621 4697 2707 4745 est
2735 4691 2976 4745 omnium
3008 4689 3296 4744 virtutum.

473 4785 678 4837 virtute
707 4784 992 4839 evacuavit
1019 4783 1216 4855 (Exod.
1242 4786 1361 4850 ιιι,1
1387 4795 1434 4840 et
1459 4785 1623 4857 seq.)?
1649 4783 1766 4841 Non
1798 4785 1885 4840 bic
1913 4785 2063 4842 inco—

473 4877 622 4946 gnita
648 4893 747 4949 pro
765 4878 1001 4949 cognitis
1034 4878 1289 4946 habebat,
1325 4879 1518 4951 hisque
1568 4889 1779 4937 temere
1805 4882 2074 4937 assentie-

479 4970 673 5026 batur:
707 4987 830 5044 qna:
850 4972 958 5027 duo
988 4974 1043 5028 in
1077 4972 1180 5027 hoc
1204 4974 1438 5029 maxime
1457 4975 1688 5030 naturali
1712 4983 1876 5047 atque
1905 4977 2074 5032 bone-

479 5075 565 5119 sto
586 5063 708 5119 loco
728 5065 948 5120 vitanda
972 5064 1206 5132 discant,
1228 5066 1319 5137 qui
1343 5067 1443 5123 sibi
1476 5082 1578 5124 nec
1605 5066 1794 5124 contra
1824 5078 2072 5125 naturam

555 5252 580 5279 ⁸
611 5240 727 5300 Cic.
774 5245 868 5300 lib.
900 5260 918 5299 ι
945 5244 1129 5308 0fﬁc.,
1162 5260 1284 5316 pag.
1309 5245 1436 5312 552,
1473 5245 1568 5299 lin.
1598 5244 1709 5299 42:
1748 5245 1900 5301 Velut
1924 5263 1993 5302 ex
2018 5263 2078 5303 ea

2256 4783 2374 4837 I27.
2395 4782 2631 4838 Justitiae
2662 4780 2690 4820 ἀ
2721 4792 2903 4838 autem
2934 4781 3108 4852 pietas
3132 4791 3217 4836 est
3243 4781 3416 4852 prima
3461 4779 3519 4834 in
3562 4778 3736 4835 Deum
3764 4819 3778 4845 ,

2177 4876 2412 4931 secunda
2447 4877 2500 4930 in
2521 4876 2773 4945 patriam,
2808 4875 2966 4930 tertia
3002 4875 3053 4929 in
3097 4882 3375 4945 parentes,
3407 4877 3536 4927 item
3571 4873 3624 4925 in
3665 4888 3782 4926 OlII-

2182 4985 2314 5025 nes:
2345 4985 2465 5039 qure
2483 4979 2537 5024 et
2568 4971 2682 5041 ipsa
2713 4969 3012 5026 secundum
3041 4977 3247 5023 natura:
3276 4974 3360 5021 est
3384 4964 3780 5033 magisterium.

2180 5065 2464 5136 Siquidem
2485 5066 2554 5120 ab
2577 5066 2801 5121 ineunte
2825 5072 2989 5119 astate
3017 5063 3106 5117 ubi
3132 5063 3363 5134 primum
3385 5072 3580 5114 sensus
3602 5057 3777 5113 infun-

2184 5261 2215 5301 a
2258 5245 2454 5319 quibus
2484 5260 2590 5319 non
2621 5224 3127 5319 abludttnt_c.'eter:e
3154 5241 3457 5319 versiones;
3490 5239 3601 5319 nisi
3638 5236 3781 5319 quod

485 5324 648 5393 parte.
665 5332 778 5393 qua:
800 5318 966 5393 primo
992 5312 1257 5388 descrith
1278 5325 1455 5375 est
1482 5319 1611 5373 inest
1636 5318 1903 5393 indagatio
1931 5329 2058 5390 atque

2181 5312 2290 5386 At].~
2312 5316 2967 5393 etheodiscriltttntJva
2984 5315 3200 5393 circite
3221 5313 3552 5386 ἀντάλλαγμα
3582 5312 3630 5365 ἐν
3642 5312 3786 5388 χειρὶ

484 5387 710 5440 iurentio
740 5389 866 5453 vrri,
895 5398 1000 5444 etc.

563 5455 590 5495 ι’
631 5455 833 5512 Ibidem
866 5474 988 5531 pag.
1018 5462 1145 5528 555,
1181 5461 1277 5516 lin.
1309 5462 1363 5518 ις
1391 5460 1476 5517 Ex
1502 5469 1726 5533 quatuor
1740 5471 1912 5517 autem
1959 5462 2088 5517 locis

488 5528 543 5582 iu
569 5545 694 5596 quos
712 5571 727 5592 ,
747 5542 857 5584 etc.

578 5610 599 5637 ε
644 5603 734 5677 Sic
777 5605 1047 5677 vct.edit.
1077 5623 1199 5662 rum
1237 5622 1369 5663 mss.
1418 5607 1788 5677 pluribusnec
1818 5622 1927 5663 non
1964 5610 2102 5662 anti-

504 5676 862 5751 q_uiorilms_:__
891 5676 1050 5751 Bom.
1102 5694 1232 5751 vero
1258 5694 1379 5732 cum
1422 5676 1552 5734 aliis
1576 5721 1590 5739 ,
1644 5680 1873 5751 perania'
1913 5680 2107 5751 impru-

509 5746 674 5809 denti.
727 5745 867 5812 LXX
904 5748 1128 5823 interp.,
1159 5746 1263 5804 Ἰνα
1289 5754 1340 5815 τὶ
1364 5752 1556 5826 ὑπῆρξε
1600 5745 1854 5829 χρήματα
1890 5745 2107 5833 ippon:

2184 5393 2425 5451 ἀνοήτου.
2452 5389 2623 5459 magis
2663 5387 2727 5441 ad
2750 5396 2970 5459 textum
2990 5387 3354 5459 Allebraicnm.

2260 5459 2286 5497 ἀ
2302 5460 2413 5515 Cic.
2432 5452 2565 5515 ibid:
2591 5458 2685 5513 lin.
2700 5458 2772 5513 22
2790 5476 2801 5511 :
2822 5455 3072 5511 Detribus
3093 5466 3262 5510 autem
3286 5453 3518 5520 reliquis,
3538 5452 3790 5507 latissime

2193 5543 2331 5609 patet
2345 5549 2407 5609 ea
2417 5530 2860 5609 rati‘o_,etc.Ducel
2874 5531 2974 5584 bnc
2988 5530 3110 5585 loco
3122 5539 3341 5609 sanctus
3352 5524 3672 5609 Ambrosius
3689 5526 3796 5609 pie-

2200 5596 2365 5661 tatem
2392 5603 2617 5672 justitia:
2645 5617 3076 5663 annexamcssc,
3105 5599 3246 5672 quod
3271 5600 3433 5672 etiam
3458 5597 3652 5672 nstruit
3683 5596 3794 5650 Au-

2202 5669 2410 5750 εριίῳιιξΔ
2432 5674 2655 5750 Doctor,
2682 5675 2805 5750 2-2,
2834 5690 2889 5744 q.
2996 5689 3020 5723 a
3050 5675 3100 5728 1.
3126 5669 3189 5750 Et
3221 5669 3539 5750 bmtipietas
3580 5669 3793 5750 donum

2207 5739 2290 5806 Est
2319 5745 2557 5829 Spiritus
2586 5739 2802 5814 sancti,
2831 5739 3079 5809 u't'docet
3126 5742 3264 5805 idem
3313 5739 3548 5797 'l'bomas
3578 5739 3703 5805 2-2,
3736 5753 3789 5821 q.
