4010 6186
210 282 259 336 Gl
1205 274 1294 330 DE
1334 271 1624 331 OFFICIIS
1663 268 2136 328 MINISTRORUM
2180 271 2307 326 LIB.
2351 269 2392 326 I.

207 395 477 465 dicteperit,
510 394 677 448 vitam
702 407 953 448 amamus
980 403 1250 462 tamquam
1283 389 1376 444 Dei
1411 403 1630 451 munus,
1665 402 1757 457 pa-
1786 393 1837 450 Α

207 493 362 554 triattt,
405 497 770 558 parentesque
802 487 1093 557 diligimus,
1120 483 1318 538 deinde
1345 481 1590 550 aequales
1637 480 1758 549 qui-

205 585 285 638 bus
328 583 503 636 sociari
530 582 811 650 cupimus.
863 581 1003 634 Hinc
1049 579 1291 632 cbat-itas
1320 576 1601 641 nascitur,
1633 590 1756 645 qua:

201 673 407 728 aliossihi
438 671 682 741 prtefert,
707 688 820 727 non
843 685 1094 742 quaerens
1117 685 1239 740 quas
1267 684 1362 724 sua
1389 677 1536 733 sunt,
1556 668 1606 721 in
1638 665 1754 736 qui-

199 768 276 822 bus
299 777 366 819 est
388 766 724 834 principatus
749 765 994 834 justitite.

250 857 352 914 iis.
397 857 658 912 Omnibus
712 871 938 927 quoque
989 853 1358 909 animantibus
1408 851 1750 916 innascitur,

194 963 212 992 ι
235 956 435 1021 primum
459 953 691 1006 salutem
727 951 891 1015 tueri,
918 964 1109 1006 cavere
1135 964 1258 1018 quae
1306 956 1561 1012 noceant,
1591 960 1754 1015 espe-

196 1057 288 1100 tere
308 1060 414 1113 quae
440 1043 677 1114 prosint,
704 1054 764 1098 ut
796 1053 1034 1112 pastum,
1067 1049 1127 1094 ut
1157 1039 1380 1094 latibula
1407 1038 1610 1109 quibus
1638 1052 1698 1092 se
1723 1052 1755 1091 a

189 1141 417 1210 periculo,
444 1138 717 1193 imbribus
746 1178 761 1201 ,
809 1137 927 1192 sole
949 1133 1238 1190 defendant
1261 1173 1276 1197 ,
1303 1131 1446 1202 quod
1494 1140 1577 1186 est
1625 1146 1753 1200 pru-

186 1234 367 1288 dettlite.
391 1231 648 1287 Succedit
675 1244 893 1301 quoque
924 1240 980 1284 ut
1003 1228 1245 1283 omnium
1277 1239 1478 1296 genera
1507 1225 1752 1277 animan—

185 1326 291 1378 tium
316 1323 721 1394 congregabilia
745 1332 939 1377 natura
967 1319 1078 1375 sint
1099 1337 1112 1372 :
1139 1321 1311 1387 primo
1335 1316 1553 1388 generis
1574 1317 1658 1372 sui
1686 1330 1749 1370 ac

184 1418 338 1474 turma:
357 1420 705 1474 consortibus
725 1463 740 1486 ,
768 1428 881 1473 tum
913 1417 1075 1472 etiam
1098 1417 1349 1479 caeteris;
1402 1424 1458 1468 ιιι
1503 1412 1748 1467 videmus

182 1513 320 1565 boves
341 1513 624 1574 armentis,
654 1509 682 1548 δ
724 1524 898 1579 equos
933 1508 1215 1579 gregibus,
1249 1516 1304 1560 et
1329 1506 1561 1560 maxime
1587 1519 1748 1574 pares

183 1604 363 1670 paribus
386 1602 651 1659 delectari
677 1619 690 1654 :
726 1616 922 1656 cervos
949 1615 1168 1670 quoqtte
1190 1600 1390 1663 cervis,
1421 1607 1479 1654 et
1509 1599 1746 1668 plerum-

178 1711 263 1764 que
285 1696 381 1769 35
405 1695 722 1750 hominibus
751 1694 992 1764 adiungi.
1019 1693 1139 1748 .Iam
1166 1693 1236 1748 de
1265 1690 1590 1762 procreandi
1622 1700 1740 1744 stu-

3391 268 3463 325 62

1937 385 2060 440 151.
2092 383 2200 440 Sed
2222 383 2248 420 ιι
2282 384 2513 454 primunt
2547 383 2721 454 ipsum
2747 381 2892 453 quod
2937 389 3127 451 putant
3151 380 3460 451 philosophi

1853 479 2080 550 justitia:
2125 493 2340 543 munus,
2387 479 2528 547 apud
2576 494 2673 532 nos
2708 477 3034 532 excluditur.
3093 475 3284 530 Dicunt
3315 473 3460 529 enittt

1856 572 1933 626 illi
1966 587 2084 626 eam
2130 573 2360 642 primam
2405 586 2527 625 esse
2570 571 2799 641 justitia:
2827 572 3054 624 formant
3083 610 3096 632 ,
3152 576 3210 622 ttt
3257 567 3460 622 nemini

1855 667 1976 735 quis
2009 677 2228 729 noceat,
2257 667 2357 720 nisi
2392 666 2680 720 lacessitus
2729 665 2966 734 injuria:
3001 662 3144 732 quod
3179 659 3458 730 Evangelii

1855 760 2183 817 auctoritate
2225 773 2485 816 vacuatur
2534 760 2686 831 (Luc.
2722 777 2800 827 lx,
2833 760 2961 830 56);
3000 761 3114 813 vult
3141 760 3284 814 enim
3316 757 3461 812 Seti-

1856 864 2034 924 ptura,
2066 864 2124 908 ut
2149 856 2215 908 sit
2237 855 2288 908 itt
2316 856 2474 909 nobis
2497 857 2721 924 Spiritus
2751 853 2874 908 Filii
2906 851 3162 918 hominis,
3185 852 3276 923 qui
3300 851 3453 906 venit

1853 948 2105 1003 conferre
2129 949 2382 1020 gratiam,
2409 964 2514 1002 non
2541 949 2746 1004 inferre
2782 948 3058 1018 injuriam.

1931 1040 2052 1095 1'52.
2089 1041 2294 1096 Deinde
2317 1041 2546 1096 fortnam
2574 1040 2799 1111 justitite
2830 1048 3196 1111 putaverunt,
3229 1048 3290 1094 ttt
3339 1039 3461 1109 quis

1858 1135 2236 1199 ecommunia,
2274 1136 2324 1189 id
2380 1145 2502 1201 est,
2555 1135 2766 1206 publica
2810 1150 2909 1204 pro
2939 1135 3170 1204 publicis
3217 1132 3412 1188 habeat
3440 1175 3455 1198 ,

1856 1231 2060 1300 priv:tt.-t
2095 1245 2194 1300 pro
2247 1231 2378 1285 suis.
2424 1230 2501 1285 Ne
2557 1230 2660 1284 hoc
2686 1230 2902 1300 quidem
2947 1228 3245 1283 secundum
3296 1236 3454 1282 natu-

1854 1337 1968 1376 ram
1993 1363 2005 1385 ,
2037 1332 2228 1375 natura
2262 1324 2410 1374 enirn
2434 1321 2613 1374 omnia
2643 1321 2896 1374 omnibus
2923 1321 2977 1374 in
3007 1334 3297 1372 cotttmune
3327 1335 3457 1388 pru-

1854 1413 2888 1482 fudit.SiceniutDeusgeuerarijnssit
2917 1412 3097 1465 omnia
3135 1409 3151 1448 ί
3185 1419 3242 1465 ut
3269 1421 3455 1480 pastus

1851 1509 2114 1564 omnibus
2155 1508 2464 1562 communis
2519 1515 2704 1571 esset,
2738 1515 2793 1560 et
2845 1515 2986 1560 terra
3037 1504 3179 1559 foret
3211 1505 3453 1558 omnium

1849 1602 2094 1672 qtta'dant
2162 1601 2471 1655 communis
2533 1600 2826 1668 possessio.
2880 1597 3077 1652 Natura
3139 1597 3304 1666 igitur
3363 1597 3452 1665 jus

1847 1709 2142 1750 commune
2185 1693 2495 1763 generavit,
2547 1692 2828 1761 usurpatio
2859 1691 2948 1761 jus
2986 1690 3113 1744 iecit
3156 1691 3448 1759 privatum.

178 1791 252 1842 dio
271 1802 318 1844 et
353 1789 558 1854 sobole,
601 1790 692 1843 vel
716 1788 882 1842 etiam
925 1787 1303 1858 generatttium
1337 1799 1558 1847 amore,
1611 1783 1740 1854 quid
1776 1783 1819 1844 Β
1847 1789 1967 1854 Quo
2000 1789 2051 1840 in
2084 1789 2203 1842 loco
2230 1787 2381 1840 aiunt
2415 1786 2439 1825 ⁸
2474 1785 2746 1855 placuisse
2773 1784 3006 1847 Stoicis,
3036 1798 3161 1852 quae
3209 1782 3261 1836 in
3295 1783 3453 1836 terris

179 1882 355 1952 loquar,
387 1883 570 1953 inquo
596 1892 689 1938 est
715 1881 890 1937 forma
918 1881 1144 1951 justitize
1175 1877 1491 1950 praecipua?

237 1974 341 2030 119.
373 1973 565 2046 Liquet
595 1975 765 2046 igitur
791 1985 847 2027 et
880 1976 1000 2039 has,
1031 1980 1087 2026 et
1109 1971 1350 2041 reliquas
1377 1976 1640 2039 cognatas
1667 1968 1741 2021 si-

178 2069 218 2122 bi
236 2084 341 2124 esse
360 2068 611 2123 virtutes.
645 2066 928 2138 Siquidem
955 2077 1009 2120 et
1034 2063 1301 2120 fortitudo
1326 2063 1442 2135 (25,
1473 2069 1654 2131 qua‘st.
1682 2060 1737 2128 5,

179 2178 218 2213 c.
257 2159 534 2230 Fortitudo)
564 2177 694 2232 qua:
724 2163 807 2216 vel
834 2162 889 2214 itt
921 2159 1064 2215 bello
1096 2168 1279 2212 tuetur
1305 2171 1334 2210 a
1360 2154 1605 2209 barbaris
1650 2169 1739 2222 pa-

179 2258 309 2309 triatn
335 2297 348 2321 ,
372 2257 453 2311 vel
481 2256 635 2310 domi
668 2253 916 2310 defendit
943 2254 1188 2308 ittiirntos
1213 2291 1230 2320 ,
1257 2250 1343 2306 vel
1374 2266 1402 2303 a
1438 2249 1740 2304 latronibus

179 2351 345 2417 socios,
377 2352 531 2420 plena
562 2353 641 2406 sit
682 2349 945 2420 iustitiae:
979 2360 1032 2404 et
1059 2349 1200 2404 seire
1231 2363 1339 2416 quo
1382 2345 1617 2400 consilio
1645 2346 1740 2400 dc-

178 2442 331 2497 fendst
352 2456 506 2515 atque
535 2443 779 2514 adiuvet,
808 2454 1032 2513 captare
1059 2443 1226 2496 etiam
1251 2449 1554 2510 temporum
1581 2450 1632 2495 et
1664 2442 1742 2494 lo-

180 2549 336 2589 eorum
354 2541 810 2606 opportunitates,
840 2534 1145 2605 prudentiae
1167 2547 1231 2587 ac
1253 2533 1537 2586 modestizn
1554 2531 1655 2586 sit:
1687 2541 1744 2586 et

180 2631 497 2695 temperantia
545 2633 662 2700 ipsa
705 2629 826 2684 sine
856 2629 1142 2698 prudentia
1191 2626 1412 2681 modum
1461 2626 1602 2679 scire
1632 2639 1738 2678 non

175 2725 359 2790 possit:
384 2725 847 2796 opportunitatem
873 2738 1123 2782 noscere.
1158 2731 1211 2776 et
1242 2720 1541 2776 secundum
1589 2735 1741 2774 mett-

177 2828 334 2870 suram
373 2818 639 2881 reddere,
693 2818 762 2871 sit
806 2816 1067 2886 justititc:
1111 2825 1165 2869 et
1217 2813 1270 2868 in
1317 2813 1570 2868 omnibus
1621 2813 1740 2866 istis

180 2913 564 2979 magnanimitas
621 2912 928 2967 necessaria
963 2911 1067 2976 sit,
1116 2918 1172 2964 et
1195 2909 1439 2979 quaedam
1482 2906 1740 2962 fortitudo

178 3005 367 3070 utentis,
399 3007 720 3078 plerumque
748 3014 802 3060 et
849 3002 1132 3074 corporis;
1167 3013 1223 3057 ut
1249 3002 1370 3073 quis
1398 3000 1541 3072 quod
1566 3001 1736 3067 velit,

182 3099 327 3165 possit
350 3099 600 3171 implere.

677 3192 912 3250 CAPUT
952 3190 1193 3248 XXVIII.

182 3283 453 3344 Societatent
479 3300 714 3344 constare
737 3289 944 3358 iustitia
968 3297 1016 3342 et
1055 3287 1383 3356 beneﬁcentia
1401 3303 1420 3340 :
1447 3286 1589 3344 illius
1619 3301 1742 3353 par—

240 3392 299 3437 tes
322 3385 444 3439 duas
485 3385 734 3439 ultionem
760 3395 806 3438 et
833 3385 1087 3456 priuatam
1126 3382 1495 3453 possessionem
1527 3396 1558 3432 a
1589 3378 1741 3433 Chri-

237 3479 398 3533 stianis
440 3498 540 3533 non
571 3481 781 3549 agnosci
809 3495 826 3532 :
866 3480 1003 3547 quod
1031 3494 1147 3531 vero
1171 3477 1235 3531 de
1257 3493 1428 3531 rerum
1457 3477 1742 3530 communi-

240 3579 327 3625 tate
351 3590 405 3626 oc
434 3582 608 3627 mutuo
637 3572 835 3626 auxilio
865 3572 1080 3625 tradunt
1124 3571 1411 3633 Stoici,ltoc
1433 3586 1520 3624 eos
1542 3586 1570 3623 e
1600 3569 1746 3624 Scri-

239 3668 381 3733 pturis
394 3668 548 3721 sacris
571 3675 829 3720 mutuatos
845 3682 973 3720 esse.
985 3665 1222 3730 Quantus
1237 3663 1460 3736 justititc
1478 3663 1740 3734 splendor,

241 3769 280 3810 et
304 3763 498 3829 quinam
529 3760 731 3828 scopuli
757 3774 1019 3812 accessum
1035 3757 1104 3810 ad
1125 3757 1270 3811 illam
1297 3755 1634 3827 praepediant.

245 3851 350 3907 l50.
374 3853 582 3909 iustitia
608 3865 632 3893 ε
657 3853 824 3923 igitur
848 3851 916 3906 ad
941 3851 1258 3906 societatem
1309 3849 1526 3918 generis
1554 3847 1748 3902 huma-

188 3942 267 4008 tti,
301 3955 350 3999 et
375 3948 436 4002 ad
463 3932 913 4002 communitatem
958 3943 1216 3999 refertur.
1269 3941 1558 3996 Societatis
1600 3941 1743 3997 enim

187 4033 301 4088 ratio
323 4037 564 4092 dividitur
593 4038 650 4091 in
678 4037 813 4091 duas
849 4043 1032 4103 partes
1055 4077 1069 4101 ,
1113 4035 1383 4104 justitiam
1431 4040 1486 4086 et
1537 4031 1750 4088 benefi—

190 4129 574 4200 centiam,quam
587 4128 838 4186 eamdem
861 4128 1243 4184 liberalitatem
1271 4136 1326 4182 et
1353 4124 1741 4196 benignitatem

190 4231 381 4275 vocant:
422 4222 626 4292 iustitia
660 4221 794 4277 mihi
838 4221 1114 4278 excelsior
1139 4220 1358 4276 videtur
1385 4263 1399 4284 ,
1447 4220 1744 4278 liberalitas

192 4312 387 4378 gratior:
415 4313 501 4369 illa
534 4329 824 4371 censuram
851 4320 1020 4377 tenet.
1056 4312 1158 4368 ista
1185 4312 1505 4369 bonitatem.

193 4464 403 4546 lihart.
440 4473 492 4546 1,
522 4473 594 4529 de
622 4472 714 4546 illa
741 4486 871 4546 vero
892 4485 1013 4541 quae
1034 4471 1100 4546 ad
1126 4480 1412 4546 parentes,
1463 4486 1734 4546 quamque

192 4543 403 4614 virtutem
449 4545 561 4614 ipse
587 4545 809 4607 vocitat,
845 4544 900 4596 in
937 4557 1005 4597 eo
1028 4543 1282 4598 dissentit
1304 4543 1374 4597 ab
1400 4544 1689 4597 Ambrosio
1717 4585 1731 4608 ,

191 4613 302 4677 qttod
328 4626 564 4682 parentes
587 4616 802 4685 patriae,
826 4613 1149 4670 Ambrosius
1179 4623 1358 4668 autem
1387 4613 1612 4682 patriam
1646 4631 1738 4684 pa-

191 4685 395 4758 rentibus
418 4687 658 4758 pra‘pOni
685 4687 857 4752 jubet.
887 4687 1112 4758 l'rteivit
1150 4696 1330 4758 autem
1358 4696 1569 4758 sancto
1598 4687 1741 4740 Prat-

191 4754 275 4807 suli
298 4754 468 4812 Cicero
486 4754 576 4814 lib.
597 4759 756 4814 Ollio.
781 4773 905 4829 pag.
935 4755 1062 4829 555,
1089 4757 1187 4812 litt.
1203 4757 1274 4814 52
1297 4774 1310 4811 :
1345 4757 1453 4812 Sed
1474 4760 1738 4826 quoniam,

193 4829 479 4906 ulpmclare
503 4832 755 4900 scriptum
793 4827 871 4884 est
889 4845 920 4881 a
943 4827 1186 4906 Platone,
1242 4845 1343 4882 non
1383 4830 1533 4906 nobis
1571 4829 1738 4906 solum

194 4900 278 4947 nati
301 4915 476 4965 sumus,
515 4913 760 4968 ortusque
799 4903 963 4954 nostri
1009 4910 1210 4968 partem
1261 4900 1428 4970 patria
1475 4900 1742 4966 vindicat,

194 4977 352 5050 ρετιερι
370 4982 618 5050 parentes,
649 4983 850 5050 partem
871 4972 1316 5050 antici,_etc.ltet_tt
1338 4987 1458 5042 pag.
1489 4972 1617 5050 558,
1643 4973 1740 5026 litt.

194 5033 275 5116 ὅδε
303 5033 398 5095 Sed
416 5061 524 5097 cunt
548 5033 941 5116 omniaratione
969 5033 1240 5116 animoque
1269 5033 1735 5116 lustraveris,ﬁom-

193 5112 307 5162 nt'um
325 5115 609 5168 societatum
639 5115 789 5168 nulla
811 5123 884 5166 est
912 5113 1129 5184 gratior,
1155 5112 1304 5168 nulla
1330 5112 1557 5177 charior,
1585 5131 1737 5184 quam

193 5193 237 5231 ta
258 5199 357 5249 quia
378 5201 485 5238 cum
511 5187 638 5257 κερ.
683 5194 756 5239 est
789 5186 1062 5257 unicuique
1115 5195 1369 5238 nostrum.
1418 5184 1574 5238 Chari
1619 5196 1740 5238 sunt

207 5265 409 5329 terentes,
427 5255 592 5329 Achati
609 5258 781 5321 liberi,
815 5267 921 5329 etc.
955 5255 1073 5310 Lib.
1099 5271 1318 5326 quoque
1341 5271 1421 5329 ιιι,
1453 5271 1573 5326 pag.
1607 5258 1734 5321 400,

209 5325 265 5399 in.
290 5325 377 5382 50:
410 5326 544 5399 Quid
567 5331 610 5383 si
635 5327 968 5399 tyrannidem
1001 5325 1276 5399 occupare,
1323 5327 1365 5379 si
1395 5325 1567 5399 patria
1619 5345 1740 5394 pro—

194 5391 286 5472 dere
309 5391 559 5472 conabitur
586 5391 774 5470 pater?
802 5438 910 5472 ..
940 5397 1022 5452 Ad
1040 5391 1344 5472 extremum
1382 5391 1426 5452 si
1456 5398 1526 5451 ad
1569 5391 1742 5462 perui-

315 5470 482 5546 patriar
501 5488 586 5546 res
613 5470 887 5535 spectabit,
913 5471 1094 5546 patria:
1115 5471 1332 5546 salutem
1354 5479 1631 5546 anteponet
1657 5486 1737 5522 sa-

196 5530 269 5586 luti
295 5530 459 5606 patris.
491 5530 764 5596 Caeterum
806 5530 930 5610 quae
971 5541 1134 5596 verba
1185 5556 1248 5595 ex
1307 5530 1541 5596 Platone
1586 5557 1616 5596 a
1676 5556 1738 5596 se

200 5609 411 5682 lpuslata
439 5613 564 5668 dicit
594 5609 909 5675 Oratitr,’e:t
939 5613 1288 5682 reperiuntur
1327 5611 1489 5681 epist.
1521 5613 1554 5666 9
1593 5613 1739 5681 ejus-

199 5671 300 5751 dvut
320 5681 632 5751 philosophi,
656 5699 778 5751 quas
805 5671 915 5735 'est
940 5671 1018 5736 ad'
1065 5671 1444 5750 Architam'l,
1490 5671 1644 5738 hnnc'
1683 5684 1736 5737 in

205 5747 381 5830 liuidum
409 5771 422 5806 :
459 5747 600 5830 'Am
619 5747 932 5830 udzsivoasi
957 5777 1015 5811 σε
1063 5747 1390 5830 ἐνθυμεῖσθαι
1417 5751 1496 5813 ὅτι
1523 5758 1741 5817 ἕκαστος

207 5824 312 5895 ip“
331 5824 421 5907 οὐχ
447 5828 584 5900 αὐτῷ
782 5829 1003 5910 γέγονεν,
1027 5829 1154 5897 ἀλλᾴ
1182 5824 1286 5890 δινήε-
1333 5831 1575 5910 γινὲσεως
1602 5831 1742 5907 ἡμῶν

1844 1883 2159 1953 gignantur,
2191 1878 2372 1932 omnia
2401 1878 2467 1932 ad
2491 1894 2621 1933 usus
2649 1877 2927 1932 hominum
2951 1877 3160 1931 creari:
3193 1874 3446 1930 homines

1843 1985 2028 2029 autem
2059 1972 2339 2026 hominum
2364 1986 2529 2026 causa
2553 1986 2675 2026 esse
2703 1978 3025 2042 generatos,
3073 1979 3129 2022 ut
3173 1967 3275 2038 ipsi
3309 1969 3452 2023 inter

1844 2087 1904 2127 se
1930 2072 2050 2126 aliis
2081 2071 2173 2125 alii
2203 2070 2464 2140 prodesse
2494 2069 2721 2138 possint.

1918 2170 2041 2224 155.
2078 2168 2229 2223 Unde
2272 2167 2396 2233 hoc,
2450 2167 2550 2220 nisi
2597 2165 2664 2220 de
2696 2166 2900 2218 nostris
2932 2163 3233 2229 Scripturis
3261 2161 3448 2218 dicen-

1844 2262 1972 2316 dum
2000 2260 2461 2330 assutnpserunt?
2488 2260 2702 2330 Moyses
2732 2259 2876 2312 enim
2906 2257 3129 2328 scripsit
3161 2298 3174 2320 ,
3216 2258 3338 2327 quia
3369 2257 3450 2311 di-

1846 2357 1924 2411 xit
1957 2357 2129 2411 Deus:
2183 2353 2465 2408 Faciamus
2514 2355 2769 2406 hominem
2801 2353 2868 2405 ad
2899 2354 3176 2422 imaginem
3217 2361 3450 2405 nostram

1845 2462 1892 2506 et
1923 2449 2206 2504 secundum
2255 2449 2685 2514 similitudinem,
2735 2457 2782 2500 et
2814 2446 2996 2499 habent
3030 2455 3332 2513 potestatem
3365 2446 3447 2515 pi-

1844 2546 2008 2601 scium
2048 2546 2208 2600 tnuris
2234 2587 2246 2608 ,
2278 2554 2328 2599 et
2358 2544 2646 2598 oolatiliunt
2677 2541 2794 2597 caeli
2817 2584 2831 2608 ,
2863 2551 2908 2595 et
2941 2545 3230 2609 pecorum,‘
3268 2537 3378 2609 36
3403 2547 3452 2592 et

1845 2641 2076 2694 omnium
2099 2640 2387 2710 repentium
2408 2655 2564 2707 super
2597 2647 2786 2691 terram
2818 2635 2974 2707 (Gen.
3001 2650 3038 2698 t,
3066 2632 3257 2702 26).Et
3279 2632 3446 2686 David

1843 2735 1948 2788 ait:
1983 2732 2172 2787 Omnia
2209 2732 2475 2804 subjecisti
2502 2731 2596 2785 sub
2628 2731 2846 2801 pedibus
2877 2732 3010 2801 ejus,
3053 2743 3171 2781 ores
3199 2737 3246 2780 et
3301 2727 3447 2780 boves

1845 2827 2137 2888 universas,
2169 2827 2384 2894 insuper
2413 2833 2462 2879 et
2491 2840 2677 2892 pecora
2722 2823 2928 2892 campi:
2957 2821 3192 2874 volucres
3223 2819 3337 2874 coeli
3357 2863 3370 2882 ,
3398 2827 3447 2872 et

1844 2920 2008 2990 pisces
2047 2919 2209 2971 maris
2235 2918 2412 2988 (Psal.
2446 2933 2558 2980 vttt,
2589 2915 2644 2981 8,
2678 2915 2758 2985 9).
2796 2915 2941 2986 Ergo
2973 2914 3153 2967 omnia
3205 2913 3446 2980 sohjecta

1842 3029 1964 3068 esse
1995 3013 2198 3067 homini
2223 3012 2292 3067 de
2321 3012 2524 3066 nostris
2548 3011 2894 3078 didicerunt,
2954 3019 3008 3062 et
3038 3008 3162 3062 ideo
3219 3015 3446 3061 censent

1847 3116 2071 3176 propter
2096 3106 2369 3160 hominem
2399 3120 2522 3160 esse
2553 3113 2833 3174 generata.

1926 3196 2044 3252 154.
2079 3197 2367 3251 Hominem
2401 3213 2621 3267 quoque
2651 3195 2883 3250 hominis
2930 3208 3095 3249 causa
3127 3200 3445 3263 generatum

1848 3308 1973 3347 esse
2014 3293 2066 3347 in
2099 3293 2252 3346 libris
2304 3292 2474 3364 Moysi
2526 3292 2858 3360 reperimus,
2913 3290 3129 3344 dicente
3183 3288 3448 3342 Domino:

1852 3383 1974 3437 Non
2002 3395 2076 3437 est
2104 3384 2290 3437 bonum
2305 3400 2413 3437 esse
2434 3383 2686 3436 hominem
2709 3384 2898 3446 solum,
2921 3383 3173 3452 faciamus
3188 3381 3450 3448 ciadjuto-

1849 3477 1985 3529 riunt
2011 3475 2180 3530 simile
2225 3476 2323 3529 sibi
2373 3475 2504 3547 (Gen
2536 3491 2592 3540 tt,
2630 3459 2736 3545 18).
2769 3474 2847 3528 Ad
2901 3474 3271 3542 adjutor-ritum
3319 3487 3450 3539 ergo

1852 3568 2046 3622 mulier
2073 3568 2195 3621 data
2210 3578 2292 3622 est
2319 3567 2592 3636 viro,qu:e
2619 3574 2938 3636 generaret;
2971 3575 3027 3618 ιιι
3057 3563 3223 3618 homo
3242 3562 3448 3616 homini

1847 3663 2163 3731 adjuntetttn
2189 3663 2346 3716 foret.
2377 3660 2618 3732 Denique
2648 3673 2935 3730 antequam
2969 3658 3164 3713 mulier
3187 3656 3450 3709 formare-

1849 3765 1959 3820 tur,
1992 3755 2195 3809 dictum
2227 3765 2308 3808 est
2339 3755 2407 3810 de
2441 3756 2646 3809 Adam:
2706 3753 2827 3807 Non
2859 3765 2930 3808 est
2958 3753 3193 3806 iuventus
3240 3749 3450 3812 adiutor

1846 3849 2034 3902 similis
2057 3849 2140 3902 illi
2161 3847 2351 3917 (lbid.,
2384 3849 2477 3915 20)
2503 3867 2516 3912 ;
2547 3848 2918 3916 adjnntetttum
2951 3847 3094 3898 enim
3150 3842 3312 3895 homo
3344 3843 3448 3897 nisi

1847 3941 1914 3996 de
1938 3941 2161 3995 homine
2193 3941 2394 3994 habere
2445 3958 2551 3994 ttott
2608 3950 2840 4008 poterat.
2879 3938 2953 3991 Ex
2987 3936 3240 3991 omnibus
3284 3935 3450 4005 igitur

1848 4035 2218 4090 animantibus
2265 4035 2470 4090 nullum
2520 4034 2717 4088 attimal
2746 4032 2962 4098 simile,
2998 4043 3048 4086 et
3093 4043 3151 4085 ut
3202 4032 3448 4086 absolute

1849 4129 2118 4193 dicamus,
2143 4129 2321 4183 nullus
2342 4127 2558 4198 adjutor
2588 4128 3091 4182 Itontittisinvetttus
3113 4135 3228 4181 est:
3257 4126 3450 4180 rnolle-

1850 4221 1963 4276 bris
1986 4221 2153 4292 igitur
2177 4236 2342 4275 sexus
2366 4221 2583 4291 adjutor
2612 4220 3058 4292 exspectabatur.

1923 4315 2046 4370 155.
2074 4311 2102 4351 δ
2130 4313 2275 4385 Ergo
2298 4314 2597 4370 secundum
2628 4315 2719 4369 Dei
2754 4315 3108 4377 voluntatem,
3135 4313 3216 4368 vel
3242 4321 3447 4367 natura:

1836 4476 1896 4562 τρ
2023 4496 2076 4562 τι
2089 4477 2121 4534 ἡ
2136 4478 2326 4562 turpi;
2352 4479 2633 4549 μερίζεται,
2655 4476 2713 4532 τὸ
2735 4473 2858 4531 δέτι
2878 4475 2924 4530 oi
2939 4476 3289 4547 γεννήσαντες.
3314 4473 3372 4526 τὸ
3393 4471 3448 4527 δὲ

1760 4515 1942 4599 θεὶἷί

1840 4550 1886 4601 oi
1915 4550 2079 4620 λοιποὶ
2116 4550 2263 4620 φίλοι.

1910 4626 1936 4654 ἰ
1975 4618 2091 4672 Cic.
2123 4611 2220 4672 Ili).
2252 4635 2266 4673 ι
2298 4619 2453 4672 Offic.
2493 4635 2615 4688 pag.
2645 4617 2772 4677 552.
2808 4617 2907 4670 litt.
2941 4617 2973 4671 b
3003 4633 3014 4668 :
3055 4611 3326 4678 Principio
3352 4629 3441 4686 θρα

1843 4690 1953 4741 neri
1973 4691 2316 4743 animantiunt
2345 4692 2483 4743 omni
2513 4702 2585 4744 est
2620 4707 2652 4743 a
2697 4698 2883 4742 natura
2913 4689 3178 4748 tributum,
3204 4695 3255 4737 ut
3273 4701 3345 4746 se,
3366 4689 3440 4737 vi-

1844 4770 1970 4822 tam,
2000 4777 2296 4831 corpusque.
2313 4772 2536 4825 tueatur,
2559 4761 2878 4828 decliuetque
2907 4776 2986 4819 ea,
3012 4771 3119 4831 etc.

1881 4831 1945 4902 Bb
1987 4833 2237 4886 Nonnulli
2268 4828 2427 4897 mss,
2452 4849 2608 4901 equos
2634 4832 2710 4885 vel
2730 4833 2911 4884 arietes
2932 4828 3191 4900 gregibus.

1924 4914 1944 4941 ε
1984 4902 2095 4957 Cic.
2150 4904 2244 4956 lilt.
2279 4919 2294 4956 ι
2333 4898 2516 4964 ΟΙῚὶοξ,
2575 4919 2694 4971 pag.
2729 4903 2852 4966 555,
2885 4898 2980 4955 litt.
3009 4898 3080 4954 ἀεὶ
3110 4918 3121 4952 :
3177 4898 3256 4951 De
3281 4899 3445 4952 tribus

1846 4984 2018 5044 autem
2045 4974 2254 5043 reliquis
2281 4975 2528 5044 latissime
2573 4985 2708 5044 putet
2738 4991 2799 5026 ea
2819 4975 2974 5032 ratio.
3008 4984 3112 5027 etc.

1913 5042 1938 5082 ά
1981 5042 2159 5109 ἰδῑιίς
2182 5045 2276 5101 litt.
2307 5043 2414 5100 25:
2446 5045 2552 5100 Sed
2574 5042 2793 5115 )ustitia:
2816 5046 3039 5112 primum
3069 5059 3257 5098 munus
3287 5051 3357 5096 cst
3387 5051 3441 5095 ut

1841 5133 1906 5172 ne
1935 5136 2037 5179 (ut,
2071 5129 2177 5170 etc.

1916 5199 1938 5226 ε
1983 5188 2143 5251 lbid.,
2171 5187 2266 5242 litt.
2297 5187 2367 5241 26
2396 5205 2409 5241 :
2445 5187 2643 5240 Deinde
2665 5195 2718 5239 ut
2761 5187 3118 5240 communibus
3144 5195 3318 5238 utatur
3347 5202 3442 5253 pro

1841 5260 2222 5324 comitantibus,
2250 5259 2462 5331 priuatis
2493 5269 2545 5312 ut
2575 5260 2701 5312 suis.
2729 5257 2867 5312 Sunt
2891 5268 3080 5322 autem,
3116 5271 3222 5310 etc.

1921 5331 1940 5369 τ
2003 5332 2130 5385 Mss.
2160 5333 2388 5402 aliquot,
2411 5342 2466 5384 ut
2500 5341 2677 5399 partus
2707 5331 2944 5402 omnibus
2971 5333 3255 5382 communis
3289 5338 3440 5382 esset.

1847 5402 1913 5457 Et
1943 5413 2081 5456 terra
2109 5420 2231 5473 ergo
2254 5401 2409 5474 foret.
2437 5415 2539 5456 etc.
2566 5401 2755 5457 Melius
2786 5401 2950 5474 alitac.
2972 5402 3167 5474 edit.ut
3187 5402 3238 5453 itt
3265 5408 3434 5474 ti-itttt.

1919 5484 1943 5520 ε
1983 5475 2098 5530 Cic.
2125 5472 2220 5529 lib.
2252 5472 2268 5529 t
2299 5474 2478 5540 Uflic.,
2499 5489 2618 5543 pag.
2646 5474 2773 5534 555,
2809 5473 2902 5525 lin.
2927 5473 3154 5528 32:8ed
3175 5472 3438 5543 quoniam,

1845 5557 1900 5599 ut
1922 5547 2175 5654 praetore
2200 5547 2450 5615 scriptum
2481 5555 2579 5609 est,
2612 5555 2716 5599 etc.

1991 5617 2100 5654 lt.i.l
2191 5618 2260 5654 ιι..
2332 5618 2400 5654 τις
2431 5635 2442 5646 α
2481 5615 2536 5654 1..
2565 5618 2658 5654 im,-
2686 5633 2714 5654 η

1991 5617 2152 5678 Ibid.,
2191 5618 2284 5672 litt.
2310 5613 2400 5672 ’56
2431 5635 2444 5668 :
2474 5615 2538 5670 In
2563 5618 2658 5670 ltoc
2685 5627 2926 5669 naturam
2978 5616 3216 5670 debemus
3269 5613 3449 5666 ducem

1847 5691 2012 5758 sequi,
2041 5702 2145 5743 etc.
2179 5688 2310 5746 Item
2337 5705 2457 5758 pag.
2491 5689 2617 5753 557,
2655 5688 3070 5756 Ιίιι.57τοριὶηιε
3093 5699 3265 5741 autem
3284 5685 3448 5740 socie-

1849 5771 1927 5814 tas
1955 5761 2240 5826 hominum,
2271 5771 2381 5830 etc.
