4030 6188
117 2897 124 2928 l

186 211 246 267 63
1190 211 1281 268 DE
1321 209 1613 271 OFFICIIS
1651 210 2124 272 MINISTRORUM
2164 213 2295 272 LIB.
2340 214 2380 270 1.
3248 220 3259 231 ⁸
3380 221 3450 280 66

186 237 246 267 ο.)
1190 237 1281 268 Ub
1321 237 1613 271 Ul‘l‘lUllD
1652 237 2124 272 ωιαιδιιιυιιυῠι
2164 237 2295 272 ιλιι).
2342 237 2380 270 Ι.
3380 237 3450 280 ϋο

175 337 291 380 stunt
327 327 370 378 in
395 325 736 380 fundamenta
770 325 1049 382 Ecclesiae.
1086 324 1248 383 Fides
1275 329 1421 384 enim
1459 330 1724 397 omnium,
1757 341 1802 396 Α
1835 329 2080 385 fraudem
2106 347 2212 386 non
2239 331 2408 387 facias
2429 331 2654 398 oblatis;
2687 347 2754 389 ne
2780 333 2930 392 dicas
2953 343 3004 391 te
3027 334 3146 406 plus
3177 237 3551 416 eonferrgJ

177 418 423 473 Christus:
447 418 689 473 Ecclesia
715 429 902 473 autem
927 417 1169 489 quaedam
1193 419 1364 475 forma
1385 422 1608 491 juStitite
1630 433 1732 479 est.

177 509 438 566 Commune
453 511 535 580 ius
556 511 806 566 omnium
840 529 853 565 :
887 521 912 550 α
938 511 992 566 in
1020 527 1311 568 commune
1331 524 1472 582 orat,
1504 515 1556 570 in
1587 530 1737 570 com-

178 619 320 659 mune
343 613 576 672 0peratur
599 645 615 670 ,
657 603 711 658 in
747 619 1041 660 commune
1069 615 1328 662 tentatur.
1371 607 1615 676 Denique
1643 608 1736 678 qui

177 712 227 752 se
243 697 392 769 ipsum
409 695 504 752 sibi
521 697 790 768 abnegat;
817 697 933 767 ipse
949 697 1150 767 justus,
1173 699 1289 769 ipse
1309 699 1501 769 dignus
1516 699 1737 756 Christo

177 801 264 846 est.
299 789 410 845 Ideo
450 798 502 844 et
542 789 748 845 Paulus
792 789 1206 845 fundamentum
1247 791 1426 863 posuit
1463 789 1735 848 Christum

179 884 212 952 (l
238 881 341 937 Cor.
367 898 442 949 tit,
471 883 554 953 ll)
583 925 596 948 ,
638 893 698 937 ut
724 899 890 954 supra
920 899 1045 938 eum
1078 899 1246 953 Opera
1275 884 1500 954 iustitia:
1530 885 1740 942 locare-

177 990 300 1037 mus;
325 976 439 1044 quia
457 975 586 1030 lides
608 974 1017 1030 fundamentum
1045 985 1129 1032 est
1156 995 1168 1028 :
1199 978 1252 1030 in
1275 977 1534 1047 operibus
1554 986 1733 1034 autem

174 1079 252 1124 aut
270 1070 410 1125 malis
437 1069 688 1140 iniquitas
707 1113 720 1133 .
761 1080 857 1125 aut
887 1070 1275 1140 honisjustitia
1303 1082 1408 1128 est.

698 1161 929 1218 CAPUT
970 1161 1141 1217 XXX.

174 1254 235 1312 De
260 1255 564 1325 beneﬁcentia
591 1265 639 1310 et
673 1255 788 1326 ejus
819 1254 1049 1324 partibus
1078 1255 1426 1310 benevolentia
1471 1265 1517 1312 et
1547 1257 1736 1311 libera-

233 1351 356 1404 litate
390 1366 408 1404 :
441 1349 698 1420 quomodo
741 1349 846 1404 illa:
885 1349 1041 1403 simul
1070 1350 1361 1422 jungenda:
1404 1352 1541 1416 sint;
1586 1367 1733 1423 qua:-

233 1459 387 1499 namee
411 1446 673 1517 adjuncta,
697 1453 752 1497 ut
775 1442 1134 1498 liberalitatem
1160 1461 1274 1498 cum
1296 1443 1449 1498 laude
1470 1461 1532 1498 ac
1557 1445 1736 1499 merito

232 1537 332 1605 quis
350 1546 590 1602 exerceat,
624 1537 950 1607 requirantur
974 1535 999 1590 2'

235 1630 340 1685 1-55.
378 1629 602 1700 Sedjam
636 1629 705 1685 de
757 1629 1122 1686 beneﬁcentia
1157 1631 1473 1701 loquamur,
1506 1647 1626 1702 qua:
1653 1630 1736 1686 di-

1840 433 1894 478 ct
1917 425 2093 479 minus
2114 424 2381 480 conferas.
2411 426 2548 492 Quid
2575 427 2718 482 enim
2743 443 2884 497 opus
2907 438 2991 484 est
3018 429 3242 485 dicere?
3282 431 3453 486 Fraus

1841 520 2096 589 promissi
2129 530 2212 576 est
2245 539 2257 574 :
2287 521 2338 575 in
2371 529 2460 576 tua
2493 531 2762 592 potestate
2791 532 2872 578 est
2903 523 3092 592 largiri
3121 524 3262 594 quod
3293 526 3447 582 velis.

1838 612 2010 669 Fraus
2052 613 2468 671 fundamentum
2509 617 2706 685 solvit,
2741 627 2795 674 et
2835 633 2974 687 Opus
3015 619 3244 674 corruit.
3284 618 3454 675 Num-

1837 706 1966 776 quid
2010 706 2203 762 Petrus
2245 707 2318 762 ita
2357 708 2728 779 indignatione
2760 708 3051 776 efferbuit,
3087 719 3146 766 ut
3185 711 3452 767 Ananiam

1836 799 2111 870 exstingui
2141 799 2329 867 vellet,
2361 801 2446 856 vel
2479 817 2700 857 uxorem
2730 802 2847 873 ejus
2883 803 3018 875 (Act.
3047 819 3101 870 v,
3129 803 3164 860 3
3191 812 3240 858 et
3266 808 3402 875 seq.)
3429 804 3454 860 i

1836 891 1944 948 Sed
1972 895 2230 966 exemplo
2258 909 2447 951 eorum
2480 897 2654 951 noluit
2685 896 2868 968 perire
2906 905 3160 954 cmteros.

1912 986 2036 1041 M7.
2078 987 2190 1043 Nec
2219 988 2308 1042 illa
2337 988 2579 1059 perfecta
2611 999 2693 1044 est
2716 990 3039 1057 liberalitas,
3063 987 3090 1028 δ
3113 990 3157 1045 si
3174 990 3452 1061 jactantite

1837 1094 1997 1135 causa
2041 1082 2212 1150 magis
2256 1097 2418 1152 quam
2469 1080 2859 1138 misericordiae
2890 1083 3158 1154 largiaris.
3203 1081 3452 1139 Affectus

1837 1182 1965 1230 tuus
2006 1191 2202 1230 nomen
2241 1173 2475 1247 imponit
2513 1177 2667 1247 operi
2708 1186 2801 1232 tuo
2833 1195 2846 1230 :
2876 1177 3150 1248 quomodo
3177 1193 3205 1230 a
3241 1188 3293 1233 te
3324 1193 3450 1248 pro-

1838 1267 2123 1334 ficiscitur,
2153 1267 2232 1322 sic
2260 1268 2579 1323 aestimatur.
2615 1269 2782 1324 Vides
2818 1285 2982 1341 quam
3019 1270 3280 1326 moralem
3303 1269 3452 1341 judi-

1837 1374 1955 1416 cem
1983 1359 2205 1415 habeas.
2237 1359 2315 1416 Te
2336 1361 2593 1427 consulit,
2625 1361 2898 1429 quomodo
2925 1377 3062 1432 opus
3087 1371 3237 1418 tuum
3269 1361 3446 1417 susci-

1841 1452 1971 1523 piat,
2003 1461 2238 1507 mentem
2269 1463 2418 1508 tuam
2452 1452 2601 1521 prius
2631 1454 2955 1524 interrogat.
2991 1453 3224 1522 Nesciet,
3250 1455 3450 1524 inquit,

1837 1546 2047 1602 sinistra
2073 1555 2180 1612 tua,
2204 1546 2329 1616 quid
2352 1548 2511 1618 faciat
2531 1547 2740 1601 dextera
2770 1556 2856 1601 tua
2887 1545 3104 1619 (Matth.
3125 1565 3202 1615 vr,
3226 1548 3305 1619 ὅ).
3333 1549 3450 1605 Non

1837 1637 1906 1692 de
1935 1653 2168 1708 corpore
2193 1638 2446 1709 loquitur,
2482 1639 2579 1695 sed
2601 1640 2764 1695 etiam
2793 1641 3080 1696 unanimus
3111 1650 3258 1708 tuus,
3286 1641 3454 1697 frater

174 1725 352 1780 viditur
368 1725 520 1780 etiam
549 1725 664 1795 ipsa
689 1724 744 1779 in
771 1724 1211 1780 benevolentiam
1239 1736 1295 1780 et
1325 1724 1734 1780 liberalitatem.
1765 1737 1813 1799 Β
1843 1737 1966 1783 tuus
1990 1729 2132 1800 quod
2156 1729 2290 1785 facis
2312 1731 2521 1785 nesciat
2545 1747 2560 1797 ;
2608 1745 2674 1786 ne
2705 1730 2832 1786 dum
2855 1731 2942 1786 hic
2964 1731 3272 1788 mercedem
3300 1748 3454 1804 qua:-

174 1817 240 1872 Ex
262 1816 338 1870 his
357 1818 508 1887 igitur
536 1816 751 1872 duobus
771 1825 986 1872 constat
1013 1815 1394 1884 beneficentia,
1423 1825 1481 1870 ut
1509 1817 1580 1871 sit
1611 1832 1738 1886 per-

174 1909 313 1966 lecta.
341 1911 445 1965 Non
467 1911 610 1965 enim
637 1913 770 1966 satis
793 1921 873 1966 est
895 1910 1037 1965 bene
1061 1909 1204 1964 velle
1231 1908 1390 1982 (Dist.
1422 1909 1513 1974 86,
1539 1926 1587 1964 ε.
1615 1907 1740 1963 Non

171 2005 298 2072 satis)
319 2045 332 2069 ,
361 2002 448 2058 sed
486 2003 650 2059 etiam
696 2003 835 2059 bene
873 2003 1056 2058 facere
1089 2019 1104 2054 :
1134 2016 1236 2058 nec
1261 2002 1394 2057 satis
1421 2010 1504 2058 est
1543 2002 1738 2057 iterum

173 2099 292 2155 bene
321 2101 483 2156 facere
505 2141 519 2168 ,
564 2100 668 2154 nisi
707 2099 760 2154 id
813 2115 877 2154 ex
909 2099 1056 2154 bono
1095 2097 1243 2154 fonte
1267 2139 1282 2164 ,
1318 2097 1422 2153 hoc
1449 2105 1569 2164 est,
1595 2098 1738 2153 bona

175 2198 419 2250 voluntate
455 2195 831 2265 proficiscatur
861 2211 875 2246 :
913 2193 1148 2247 Hilarem
1189 2194 1322 2248 enim
1360 2192 1590 2247 datorem
1621 2192 1742 2245 dili-

174 2290 237 2358 git
262 2285 383 2342 Deus
423 2287 482 2358 (ll
510 2285 626 2342 Cor.
664 2303 752 2353 ix,
795 2286 872 2357 7).
921 2285 1055 2340 Nam
1096 2285 1142 2340 si
1171 2285 1372 2339 invitus
1401 2284 1590 2349 facias,
1619 2300 1740 2356 qua:

173 2379 254 2432 tibi
281 2396 467 2436 merces
488 2383 608 2436 est?
640 2379 798 2436 Unde
822 2379 1119 2448 Apostolus
1142 2377 1482 2448 generaliter
1516 2395 1528 2431 :
1566 2376 1628 2432 Si
1654 2393 1742 2431 ro-

173 2472 267 2524 lens
285 2475 369 2527 hoc
393 2491 505 2546 ago,
550 2473 834 2528 mercedem
863 2473 1027 2527 habeo
1056 2489 1074 2526 :
1103 2473 1149 2526 si
1180 2472 1389 2537 invitus,
1424 2471 1741 2542 dispensatio

173 2564 282 2619 mihi
301 2567 480 2622 credita
505 2577 576 2622 est
610 2567 658 2639 (1
683 2563 806 2622 Cor.
841 2581 923 2633 ix,
951 2564 1062 2636 l7).
1107 2565 1163 2618 In
1197 2564 1498 2634 Evangelio
1527 2578 1741 2635 quoque

172 2659 348 2714 multas
376 2660 685 2732 disciplinas
711 2659 1022 2729 accepimus
1040 2658 1201 2725 jnslm
1229 2656 1596 2712 liberalitatis.

117 2742 192 2824 Γ-
232 2750 343 2806 l“.
381 2751 663 2808 Pulchrum
694 2759 780 2807 est
805 2751 971 2824 igitur
1011 2752 1152 2807 bene
1183 2752 1348 2816 velle,
1379 2759 1434 2806 et
1461 2765 1528 2806 eo
1561 2749 1744 2821 largiri

118 2844 122 2916 ξ
169 2845 392 2911 consilio,
419 2845 446 2885 ι)
482 2855 541 2902 ut
571 2847 752 2916 prosis
774 2887 790 2912 ,
826 2861 932 2900 non
968 2855 1027 2900 ut
1057 2860 1278 2901 noceas.
1321 2844 1456 2900 Nam
1491 2846 1536 2899 si
1572 2845 1743 2899 luxu-

171 2939 296 2994 rioso
321 2939 384 2994 ad
414 2940 636 2996 luxuria:
666 2940 1023 3004 effusionem,
1054 2940 1305 2997 adultero
1331 2941 1398 2995 ad
1429 2941 1737 2996 mercedem

169 3031 392 3088 adulterii
412 3033 746 3103 largiendum
774 3042 968 3104 putes;
999 3050 1106 3088 non
1131 3042 1217 3088 est
1239 3032 1594 3088 beneﬁcentia
1617 3034 1736 3100 ista,

1841 1823 1918 1878 ris
1953 1823 2262 1893 jactantite,
2298 1824 2411 1880 illic
2439 1824 2894 1880 remunerationis
2933 1823 3170 1880 fructum
3208 1825 3446 1882 amittas.

1841 1914 2087 1972 Perfecta
2119 1925 2302 1972 autem
2327 1927 2410 1972 est
2441 1916 2774 1984 liberalitas,
2808 1917 2901 1974 ubi
2929 1918 3144 1975 silentio
3173 1919 3296 1990 quis
3323 1920 3455 1992 tegit

1840 2021 1977 2077 Opus
2003 2023 2184 2073 suum,
2210 2018 2265 2063 et
2287 2009 2704 2065 necessitatibus
2729 2009 3064 2082 singulorum
3089 2011 3300 2068 occulte
3325 2013 3454 2069 sub-

1840 2100 1987 2153 venit
2014 2117 2026 2153 :
2051 2116 2212 2170 quem
2244 2101 2428 2156 laudat
2455 2117 2518 2157 os
2556 2103 2833 2172 pauperis,
2867 2113 2923 2159 et
2946 2110 3059 2158 non
3085 2104 3225 2160 labia
3257 2120 3377 2160 sua.

1916 2189 2042 2246 148.
2085 2193 2290 2249 Deinde
2315 2203 2338 2231 ε
2363 2193 2604 2262 perfecta
2625 2195 2923 2251 liberalitas
2954 2195 3114 2268 (Dist.
3140 2199 3232 2266 86,
3255 2215 3302 2254 c.
3332 2198 3455 2255 Non

1842 2285 1988 2351 satis,
2025 2285 2054 2356 ᾗ
2093 2284 2328 2358 Perfecta
2359 2287 2667 2359 liberalitas)
2708 2289 2812 2344 ﬁde
2837 2331 2852 2358 ,
2883 2303 3045 2346 causa
3067 2333 3081 2358 ,
3116 2291 3270 2360 loco,
3314 2301 3454 2348 tem-

1843 2391 1976 2447 pore
2011 2377 2457 2444 commendatur;
2513 2388 2571 2434 ut
2605 2379 2838 2450 primum
2889 2383 3134 2451 opereris
3165 2383 3312 2439 circa
3350 2385 3452 2440 do-

1842 2471 2103 2527 mesticos
2148 2471 2296 2527 ﬁdei.
2327 2471 2580 2542 ,Grandis
2618 2474 2776 2543 culpa
2801 2473 2867 2540 si,
2916 2474 3124 2531 sciente
3165 2486 3236 2544 te,
3280 2476 3456 2534 ﬁdelis

1841 2573 1996 2634 egeat
2029 2581 2041 2616 :
2075 2563 2119 2618 si
2147 2563 2288 2618 scias
2318 2580 2441 2619 cum
2473 2565 2591 2621 sine
2620 2575 2838 2637 sumptu
2865 2581 3009 2635 esse,
3045 2567 3062 2605 ί
3095 2568 3294 2625 famem
3319 2570 3455 2627 tole-

1843 2673 2002 2724 rare,
2034 2674 2334 2714 mrumnam
2376 2660 2620 2730 perpeti,
2651 2659 2745 2731 qui
2789 2663 3098 2732 praesertim
3135 2679 3300 2734 egere
3324 2679 3457 2720 eru-

1845 2752 2030 2806 bescat
2061 2769 2073 2806 :
2111 2752 2155 2806 si
2195 2751 2249 2808 in
2291 2768 2514 2809 causam
2545 2754 2807 2810 ceciderit
2844 2764 2938 2811 aut
2967 2757 3297 2828 captivitatis
3333 2775 3462 2816 suo-

1844 2857 1988 2910 rum,
2014 2851 2105 2898 aut
2127 2844 2440 2909 calumnite,
2463 2852 2519 2900 et
2541 2859 2649 2900 non
2675 2845 2897 2916 adjuvcs
2927 2862 2942 2900 :
2967 2849 3011 2902 si
3037 2847 3108 2904 sit
3132 2849 3184 2904 in
3211 2864 3458 2918 carcere.

1845 2947 1899 2993 et
1922 2937 2121 3008 pinnis,
2147 2946 2202 2993 et
2225 2939 2505 3009 suppliciis
2528 2949 2752 3010 propter
2772 2941 3011 2997 debitum
3033 2943 3258 3016 aliquod
3281 2945 3461 3016 justus

1843 3034 2194 3087 excrucictur
2218 3031 2362 3104 (nam
2387 3034 2487 3090 etsi
2517 3033 2770 3090 omnibus
2789 3035 3023 3093 debetur
3045 3037 3453 3108 misericordia,

171 3126 242 3180 ubi
273 3127 406 3182 nulla
434 3137 514 3183 est
551 3127 953 3183 benevolentia.
995 3126 1230 3182 Oflieere
1277 3127 1424 3182 enim
1464 3125 1608 3182 istud
1637 3135 1739 3192 est,
1771 3124 1817 3188 C
1853 3132 2033 3180 tamen
2058 3125 2208 3196 justo
2226 3123 2481 3197 amplius)
2502 3127 2547 3181 si
2582 3137 2827 3198 tempore
2847 3128 3161 3186 afﬁictiouis
3183 3146 3296 3188 suae
3320 3131 3459 3188 nihil

169 3234 258 3274 non
291 3221 534 3290 prodesse
559 3221 742 3287 alteri,
776 3220 819 3274 si
847 3219 956 3291 39
984 3219 1235 3290 largiaris
1265 3219 1312 3274 ei
1345 3219 1432 3289 qui
1461 3217 1744 3288 conspiret

168 3314 399 3370 adversus
418 3315 650 3388 patriam
669 3357 684 3382 ,
713 3315 804 3386 qui
836 3329 1174 3384 congregare
1199 3313 1383 3383 cupiat
1411 3322 1500 3368 tuo
1523 3320 1741 3382 sumptu

168 3406 417 3475 perditos,
455 3405 550 3478 qui
588 3408 909 3477 impugnent
957 3406 1280 3460 Ecclesiatn.
1330 3404 1448 3459 Non
1494 3413 1578 3460 est
1625 3405 1741 3460 hmc

169 3499 437 3568 probabilis
463 3500 792 3577 liberalitas,
833 3501 878 3554 si
916 3499 1139 3571 atljuves
1186 3513 1309 3554 eum
1352 3499 1442 3570 qui
1481 3497 1742 3554 adversus

170 3595 365 3651 viduam
393 3606 442 3652 et
479 3597 717 3668 pupillos
744 3595 891 3667 gravi
923 3595 1166 3651 decernit
1192 3592 1396 3664 jurgio,
1432 3602 1525 3648 aut
1553 3595 1606 3648 vi
1638 3594 1739 3649 ali-

169 3702 256 3756 qua
280 3691 648 3758 possessiones
674 3703 864 3744 eorum
893 3686 1108 3758 eripere
1131 3695 1382 3740 conatur.

229 3781 342 3836 HS.
377 3782 490 3837 Non
519 3782 781 3852 probatur
803 3780 1054 3850 largitas,
1089 3791 1109 3817 ε
1137 3779 1181 3835 si
1217 3778 1358 3850 quod
1392 3779 1548 3835 alteri
1579 3779 1740 3850 largi-

171 3881 262 3939 tur,
287 3873 432 3929 alteri
452 3875 570 3945 quis
597 3881 913 3944 extorqueat
938 3891 950 3925 :
975 3873 1018 3927 si
1047 3872 1247 3940 injuste
1274 3879 1501 3942 quaerat,
1527 3872 1743 3942 etjusle

171 3963 562 4034 dispensandum
618 3977 814 4038 putet;
874 3966 979 4021 nisi
1023 3966 1162 4021 forte
1213 3975 1273 4021 ut
1322 3966 1412 4020 ille
1453 3965 1745 4020 Zacclneus

175 4054 306 4122 (Luc.
329 4074 437 4126 nx,
461 4059 539 4128 8),
567 4058 765 4115 reddas
786 4061 936 4130 prius
961 4058 1319 4129 quadruplum
1345 4059 1394 4113 ei
1417 4073 1573 4128 quem
1599 4057 1745 4112 frau-

174 4146 359 4206 daveris
390 4171 400 4205 :
431 4162 482 4208 et
509 4153 834 4224 gentilitatis
863 4152 993 4207 vitia
1026 4152 1150 4208 lidei
1183 4151 1364 4206 studio
1392 4159 1446 4206 et
1473 4150 1744 4206 credentis

175 4243 457 4310 operatione
495 4258 839 4316 compenses.
880 4241 1314 4299 Fundamentum
1355 4242 1518 4313 igitur
1547 4240 1743 4298 habeat

175 4332 442 4393 liberalitas
473 4347 582 4394 tua.

237 4427 345 4485 M6.
383 4431 496 4487 Hoc
522 4432 756 4504 primum
784 4433 1070 4505 quatritnr,
1099 4441 1156 4489 ut
1185 4447 1306 4488 cum
1336 4432 1442 4488 fide
1471 4432 1745 4499 conferas,

1848 3231 1877 3271 a
1919 3225 1973 3272 te
2015 3217 2272 3288 impetret
2303 3237 2316 3273 :
2349 3217 2395 3272 si
2433 3227 2677 3289 tempore
2727 3221 2956 3290 periculi
2996 3238 3104 3294 quo
3142 3224 3352 3295 rapitur
3390 3224 3462 3282 ad

1847 3322 2115 3377 mortem,
2151 3312 2271 3381 plus
2301 3312 2443 3382 apud
2478 3322 2529 3368 te
2559 3314 2784 3382 pecunia
2811 3325 2898 3370 tua
2923 3316 3121 3384 valeat,
3153 3333 3316 3388 quam
3350 3318 3461 3374 vita

1845 3407 2122 3463 morituri.
2160 3407 2232 3462 Dc
2263 3422 2372 3478 quo
2398 3406 2621 3476 pulchre
2666 3407 2769 3463 Job
2789 3407 2927 3464 dixit
2957 3425 2969 3462 :
3000 3408 3301 3466 Benedictio
3324 3411 3462 3482 peri-

1845 3500 1946 3554 turi
1977 3501 2028 3554 itt
2057 3515 2134 3554 me
2160 3500 2329 3553 veniat
2367 3498 2510 3571 (Job.
2541 3515 2693 3567 xxix,
2727 3499 2842 3572 15).

1920 3592 2042 3649 M9.
2085 3593 2447 3650 Personarum
2487 3595 2705 3666 quidem
2743 3595 2885 3652 Deus
2919 3607 3175 3669 acceptor
3211 3613 3320 3655 non
3350 3607 3458 3670 est,

1845 3685 1968 3756 quia
1999 3685 2150 3739 novit
2185 3686 2389 3740 omnia.
2423 3685 2533 3740 Nos
2555 3695 2733 3742 autem
2758 3689 3259 3759 omnibnsjquidem
3293 3689 3461 3746 debe-

1845 3793 1966 3831 mus
2002 3776 2436 3834 misericordiam
2478 3777 2616 3834 :sed
2657 3779 2782 3849 quia
2824 3779 3066 3850 plerique
3107 3782 3299 3838 fraude
3327 3799 3449 3840 eam

1845 3879 2117 3942 quaerunt,
2147 3879 2204 3926 et
2227 3872 2499 3942 affingunt
2519 3888 2850 3941 aerumnam;
2891 3873 3002 3946 ω
3031 3875 3152 3932 ideo
3180 3877 3269 3934 ubi
3292 3893 3456 3936 causa

1847 3949 2261 4033 manifestatur,
2299 3978 2532 4034 persona
2583 3965 2934 4035 cognoscitur
2961 4009 2975 4032 ,
3017 3976 3231 4041 tempus
3279 3981 3455 4043 urget,

1848 4056 2050 4127 largius
2073 4072 2131 4110 se
2156 4055 2320 4113 debet
2365 4056 2693 4128 profundere
2731 4059 3125 4117 misericordia.
3159 4063 3278 4120 Non
3311 4068 3456 4123 enim

1848 4165 2046 4204 avarus
2078 4149 2342 4205 Dominus
2387 4158 2510 4215 est,
2561 4159 2618 4206 ut
2659 4151 2950 4222 plurimum
2991 4168 3220 4226 quierat.
3264 4157 3460 4217 Beatus

1849 4242 2065 4314 quidem
2087 4244 2176 4314 qui
2205 4242 2431 4299 dimittit
2459 4245 2642 4299 omnia
2666 4285 2680 4311 ,
2714 4254 2770 4302 et
2800 4249 3048 4318 sequitur
3084 4264 3208 4306 eum
3239 4268 3252 4306 :
3282 4251 3379 4308 sed
3403 4261 3461 4310 et

1851 4334 1939 4392 ille
1966 4336 2158 4392 beatus
2205 4344 2289 4391 est
2313 4378 2326 4404 ,
2363 4347 2387 4384 Β
2417 4336 2510 4408 qui
2556 4337 2698 4408 quod
2749 4337 2952 4406 habet,
2983 4357 3049 4396 ex
3080 4341 3280 4400 affectu
3305 4344 3455 4400 facit.

1851 4429 2095 4500 Denique
2146 4429 2255 4485 duo
2298 4444 2405 4484 cera
2453 4429 2629 4486 vidua:
2675 4429 2824 4488 illius
2872 4433 3098 4490 divitum
3137 4437 3459 4492 muneribus

236 4550 258 4577 ⁸
283 4543 356 4599 Ad
407 4545 826 4619 lrequentandas
857 4548 1111 4604 Ecclesite
1153 4562 1388 4620 synaxes
1445 4561 1742 4618 precesque
1768 4545 1820 4606 D
1848 4545 2233 4620 universorum
2278 4542 2564 4600 charitatis
2595 4545 2866 4620 beneﬁcio
2913 4547 3251 4606 derivantur.
3295 4551 3458 4610 Juvat

179 4611 221 4665 in
240 4611 667 4689 communi'apud
709 4621 874 4676 Deum
909 4611 1212 4676 fundendas
1243 4611 1480 4673 maximo
1520 4611 1738 4688 semper

178 4700 315 4759 ﬂvere
341 4692 592 4759 populum
624 4691 989 4748 Christianum
1031 4690 1308 4747 exhortati
1357 4698 1484 4744 sunt
1528 4690 1738 4759 antiqui

180 4753 358 4833 ξὲιτθξζ
389 4753 442 4816 tit
479 4764 864 4833 cognoscimus
891 4779 996 4818 non
1046 4765 1210 4817 modo
1253 4777 1318 4818 ex
1370 4753 1739 4816 vetustissima

180 4826 252 4880 illa
264 4829 474 4898 epistola
494 4826 716 4889 admitte
735 4835 874 4890 beati
890 4835 1152 4888 Barnabze
1174 4833 1532 4903 promulgata,
1553 4848 1740 4887 verum

181 4903 388 4976 etiame:
411 4903 602 4974 lgnatii
621 4907 782 4976 epist.
800 4906 868 4959 ad
896 4905 1096 4974 Ephes.
1117 4919 1183 4960 ex
1210 4904 1496 4975 Apuloget.
1526 4903 1744 4958 Tertul-

180 4967 286 5048 ligni
299 4987 406 5042 cap.
429 4967 519 5041 39,
535 4967 767 5044 aliis'que
792 4967 1092 5031 innumeris
1119 4986 1236 5048 tum,
1259 4967 1476 5030 Patrum
1497 4978 1741 5030 testimoo

181 5040 286 5107 niis,
317 5040 421 5100 tum
451 5040 753 5102 canonib'us
784 5047 1164 5102 cunciliorum.
1200 5047 1396 5102 Verum
1424 5056 1600 5101 tamen
1631 5062 1736 5100 non

183 5109 239 5165 de
254 5116 467 5190 publicis
485 5120 633 5174 hisce
660 5118 914 5190 precibus
933 5117 1022 5172 hic
1034 5119 1118 5186 agi
1138 5117 1487 5172 verisimilius
1507 5127 1619 5172 est:
1645 5117 1738 5190 sed

184 5185 510 5257 cumdicilur,
541 5191 595 5244 in
618 5185 887 5244 commune
913 5197 1046 5254 orat,
1072 5185 1208 5254 clm,
1241 5191 1344 5243 hoc
1367 5189 1742 5243 tantummodo

187 5252 468 5329 signiﬁcari,
496 5252 599 5330 pro
626 5261 906 5323 omnibus,
941 5252 1056 5316 sive
1082 5261 1133 5314 in
1180 5252 1422 5314 omnium
1451 5260 1740 5314 utilitatem

188 5334 305 5400 orat,
323 5341 590 5400 operatur,
621 5347 687 5388 ac
711 5340 989 5388 tentatur:
1017 5333 1068 5386 in
1099 5347 1204 5400 quo
1236 5343 1547 5386 sanctorum
1594 5345 1742 5384 com-

189 5399 344 5456 maio
358 5399 530 5474 posita
563 5412 668 5460 est.
698 5402 882 5473 Neque
905 5411 1085 5457 tamen
1117 5399 1187 5456 ita
1222 5401 1468 5456 Ecclesia
1527 5411 1646 5457 orat
1690 5403 1745 5456 in

190 5481 457 5545 gemmane,
492 5485 550 5530 ut
577 5491 688 5530 non
711 5476 874 5530 etiam
902 5489 1090 5544 preces
1121 5478 1398 5545 nuncupet
1421 5488 1516 5544 pro
1561 5474 1748 5542 singu«

189 5535 270 5595 lis:
295 5535 512 5618 vidimus
531 5547 737 5618 quippe
759 5535 914 5618 tomo'
937 5546 1205 5613 superiori
1238 5535 1583 5618 Atitlirosium
1619 5535 1746 5613 pce-

194 5611 444 5685 t'atotibns,
471 5628 531 5672 ut
549 5611 618 5673 ad
633 5611 909 5672 Ecclesia:
925 5611 1205 5671 orationes
1232 5615 1606 5686 confugerent,
1621 5611 1749 5668 ‘uon

194 5687 334 5741 semel
355 5690 618 5746 suasisse:
648 5700 706 5742 at
732 5702 865 5742 veto
888 5687 970 5739 liae
1011 5687 1142 5756 ipsa:
1172 5703 1360 5757 preces
1391 5703 1490 5757 pro
1512 5689 1752 5758 singulo-

195 5765 292 5812 ηπ
339 5760 656 5819 utilitatibus
707 5767 1021 5830 conceptae,
1074 5758 1234 5814 etiam
1288 5761 1342 5816 in
1406 5757 1752 5815 commdduni

1846 4618 2010 4672 etiam
2039 4615 2126 4694 hic
2143 4617 2412 4694 adnotare
2432 4628 2683 4694 sanctum
2707 4619 3002 4694 doctorem
3027 4623 3287 4694 continuo
3311 4639 3455 4694 pom,

1851 4703 1955 4742 non
2011 4689 2102 4743 uni
2136 4687 2282 4752 fidei,
2327 4689 2470 4758 quod
2527 4687 2852 4744 lteterodoxi
2901 4690 3128 4759 faciunt,
3162 4693 3256 4748 sed
3287 4687 3456 4752 etiam

1848 4760 2108 4834 operibus
2137 4759 2339 4834 ex‘lide
2379 4769 2542 4829 atque
2572 4761 2840 4816 cliaritate
2890 4763 3152 4832 profectis
3190 4765 3458 4834 justiﬁca-

1849 4832 2052 4885 tioaem
2076 4829 2400 4884 attribuere.

1923 4901 1948 4939 ιι
1976 4904 2090 4957 Cic.
2124 4900 2459 4961 lib.tOflic.,
2487 4915 2611 4971 pag.
2651 4903 2778 4970 556,
2811 4903 2906 4958 lin.
2935 4905 3034 4961 37:
3075 4905 3358 4962 Videndum
3380 4920 3458 4967 est

1851 4973 2236 5048 ettint__primunt
2260 4987 2326 5048 ne
2343 4972 2479 5048 obsit
2496 4971 2788 5048 benignitas
2809 4984 2871 5048 et,
2885 4976 2948 5032 iis
2959 4977 3087 5048 ipsis
3108 4979 3312 5048 quibus,
3345 4993 3455 5039 etc.

1925 5056 1945 5083 ε
1979 5045 2094 5099 Cic.
2128 5043 2222 5120 np.
2251 5041 2472 5120 thﬁc_._,
2519 5041 2639 5120 pag.
2675 5045 2936 5120 saeua.
2971 5041 3078 5101 λετ
3115 5041 3308 5120 Ειᾳιιῐ
3335 5052 3457 5110 aliis

1849 5125 2055 5196 nocent,
2085 5124 2138 5167 ut
2166 5113 2220 5166 in
2247 5113 2380 5167 alios
2398 5112 2638 5168 liberales
2665 5116 2786 5183 sint,
2815 5117 2869 5171 in
2895 5120 3071 5173 eadem
3101 5112 3228 5176 sunt
3245 5122 3458 5196 injusti-

1851 5188 1942 5243 tia.
1975 5199 2079 5241 etc.

1920 5256 1947 5296 ἀ
1971 5257 2132 5323 lbid.,
2161 5271 2281 5327 pag.
2307 5257 2435 5323 357,
2464 5257 2562 5336 lin.
2587 5258 2622 5314 5
2641 5273 2681 5336 εΔ
2704 5257 2885 5314 Videre
2902 5260 3066 5318 etiam
3097 5262 3216 5336 licet
3254 5265 3458 5336 pleros-

1849 5347 1944 5454 gae
1974 5347 2075 5384 non
2119 5339 2224 5384 tam
2260 5339 2450 5385 natura
2497 5330 2758 5400 liberales,
2806 5347 2960 5402 quant
3009 5330 3458 5410 quadam'gloria

1888 5411 2051 5454 uctos.
2082 5412 2187 5454 etc.

1888 5411 2051 5464 uctos,
2082 5412 2187 5456 CIC.

1926 5484 1948 5510 ο
1982 5473 2139 5546 lbid.,
2174 5473 2269 5526 liti.
2314 5473 2381 5529 6:
2410 5471 2644 5546 Tertium
2666 5483 2742 5530 est
2772 5475 3098 5546 propositum
3120 5479 3251 5533 utin
3275 5481 3463 5537 libera-

1852 5543 2267 5627 litatedelectus,
2293 5547 2551 5602 etc.ltem
2578 5545 2673 5600 lin.
2700 5543 2811 5602 35':
2839 5546 2947 5602 Sed
2974 5550 3027 5603 in
3049 5549 3350 5606 collocando
3371 5553 3465 5610 be-

1855 5616 2062 5685 tte/icio,
2089 5626 2196 5672 etc.

1936 5686 1953 5724 ί
1985 5687 2113 5760 Mss.
2143 5686 2345 5760 aliquot
2369 5697 2423 5744 et
2447 5697 2556 5745 vel.
2588 5689 2744 5752 edit.,
2775 5689 2915 5760 {ante
2934 5691 3192 5749 laborare.

1933 5768 1954 5804 ε
1987 5759 2132 5814 Edit.
2169 5759 2375 5816 ultimae
2419 5760 2594 5820 Paris.
2629 5776 2750 5820 cum
2778 5759 2891 5822 uno
2943 5774 3038 5823 aut
3077 5767 3255 5825 altero
3303 5783 3476 5851 mss.’
