4030 6188
488 191 555 253 67

1845 189 2093 251 SANCTI
2131 188 2459 251 AMBROSll

3735 195 3804 254 £8

481 313 720 384 pr.ctulit
759 312 910 381 (Luc.
945 326 1058 374 nt,
1087 312 1181 380 5);
1227 310 1353 380 quia
1377 315 1546 363 totum
1576 308 1665 362 illa
1699 307 1842 380 quod
1878 307 2083 375 habuit,
2115 313 2168 374 Α
2192 315 2288 373 est,
2320 308 2604 363 secundum
2625 309 2680 362 id
2705 307 2842 378 quod
2864 307 3042 374 habet,
3073 320 3338 380 acceptam
3360 321 3456 379 est,
3488 328 3804 388 non'secun-

481 408 710 463 contulit
743 425 754 459 :
784 407 859 461 illi
892 413 1072 459 autem
1111 420 1175 460 ex
1213 403 1542 458 abundantia
1585 413 1792 473 partem
1837 403 2086 473 exiguam

482 501 850 555 contulerunt.
894 496 1131 553 Allectus
1164 496 1325 566 igitur
1356 495 1577 551 divitem
1613 495 1965 551 collationem
1999 503 2091 550 aut

485 605 772 662 pauperem
802 589 950 657 facit,
980 600 1032 644 et
1066 588 1303 659 pretium
1344 588 1507 642 rebus
1537 587 1788 657 imponit.
1819 588 2088 643 Craterum

487 684 742 738 Dominus
767 698 872 737 non
899 681 1015 737 vult
1035 682 1244 745 simula
1261 679 1462 736 ell‘undi
1486 695 1640 748 ones.
1665 680 1760 734 sed
1784 680 2089 750 dispensari

483 774 642 846 (Dist.
671 773 759 840 86,
792 791 838 828 c.
872 773 1120 828 Dominus
1141 791 1242 828 non
1264 771 1392 844 vult)
1423 791 1436 827 :
1474 773 1575 826 nisi
1609 775 1746 829 forte
1774 781 1830 827 ut
1858 772 2090 828 Elisa'us

485 867 652 922 boves
673 882 799 920 suos
829 866 1046 930 occidit,
1077 875 1129 921 et
1164 867 1304 936 pavit
1338 880 1604 936 pauperes
1633 881 1698 921 ex
1727 880 1796 921 eo
1824 866 1964 936 quod
1997 864 2090 919 ha-

483 959 599 1014 buit
643 959 733 1030 (Ill
758 957 888 1030 Reg.
919 975 1010 1014 xui
1035 1001 1048 1024 ,
1077 957 1204 1028 21);
1243 969 1300 1014 nt
1339 959 1484 1014 nulla
1529 974 1658 1014 cura
1689 968 1967 1014 teneretur
1993 958 2088 1013 do-

484 1054 732 1120 mestica,
757 1054 852 1107 sed
885 1053 1089 1108 relictis
1116 1052 1390 1118 omnibus,
1417 1052 1469 1107 in
1498 1052 1838 1122 disciplinam
1869 1066 1930 1107 se
1959 1066 2086 1121 pro-

487 1148 756 1217 pheticain
796 1147 969 1203 daret.

556 1243 677 1297 150.
724 1242 820 1297 Est
848 1243 1010 1298 etiam
1031 1241 1131 1297 illa
1163 1241 1440 1313 probanda
1464 1241 1764 1296 liberalitas
1806 1238 1964 1312 (Dist.
1994 1239 2084 1305 86,

478 1353 522 1389 c.
576 1334 668 1389 Est
713 1333 1045 1406 probanda),
1088 1333 1113 1372 δ
1156 1344 1212 1388 ut
1253 1335 1531 1405 proximos
1576 1334 1806 1390 seminis
1853 1334 1928 1388 tui
1978 1347 2086 1388 non

478 1428 768 1497 despicias,
799 1427 846 1482 si
876 1442 1039 1499 egere
1059 1441 1377 1498 cognoscas.
1405 1427 1597 1482 Melius
1617 1439 1700 1481 est
1722 1429 1866 1480 enim
1890 1434 1946 1480 ut
1972 1426 2088 1495 ipse

479 1522 768 1576 subvenias
810 1522 946 1586 tuis,
987 1521 1182 1589 quibus
1221 1519 1394 1590 pudor
1428 1529 1512 1574 est
1551 1519 1619 1573 ah
1657 1518 1776 1573 aliis
1811 1526 2085 1588 sumptum

478 1613 804 1684 deposcere,
825 1623 914 1666 aut
935 1612 1095 1667 alieni
1119 1613 1392 1682 postulare
1413 1611 1713 1667 subsidium
1740 1610 2048 1666 necessitati
2071 1626 2084 1662 :

2194 399 2320 453 dum
2355 401 2491 471 quod
2520 417 2623 456 non
2651 401 2821 456 habet.
2873 401 2998 457 Non
3038 405 3168 457 enim
3212 414 3266 458 ut
3303 406 3422 460 aliis
3461 408 3671 479 refectio
3711 409 3802 477 sit,

2191 493 2333 546 vobis
2353 502 2523 548 autem
2544 494 2785 564 angustia
2811 510 2829 548 :
2850 493 2939 549 sed
2962 511 3024 550 ea:
3045 496 3342 568 aequalitate
3361 502 3414 553 in
3435 499 3531 554 hoc
3555 509 3802 571 tempore,

2192 595 2362 640 vestra
2382 587 2704 642 abundantia
2730 587 2799 641 ad
2816 589 3026 644 illorum
3050 591 3302 662 inopiam,
3329 603 3383 646 ut
3409 593 3618 648 illorum
3637 594 3805 650 abun-

2193 677 2375 733 dantia
2400 681 2464 733 sit
2495 679 2563 733 ad
2594 679 2700 752 4]
2734 692 2956 735 vestram
2985 683 3257 753 inapiam;
3299 695 3353 738 ut
3381 685 3474 754 fiat
3501 687 3799 755 wqualitas,

2192 771 2325 824 sicut
2345 773 2596 844 scriptum
2615 783 2689 828 est
2718 790 2736 828 :
2766 773 2866 839 Qui
2895 775 3134 841 multum,
3158 793 3261 830 non
3284 776 3566 833 abundavit
3593 795 3612 833 :
3635 789 3681 834 et
3710 781 3805 851 qui

2193 864 2472 928 modicum,
2497 881 2601 918 non
2623 865 2897 921 minoravit
2929 865 3120 936 (Ibid.,
3147 869 3208 924 Η
3240 881 3287 923 et
3313 874 3474 940 seq.).

2265 954 2391 1010 152.
2443 954 2791 1011 Advenimus
2839 959 3300 1028 quemadmodum
3354 971 3409 1016 et
3461 963 3801 1019 benevolen-

2194 1049 2357 1114 tiam,
2405 1061 2460 1105 et
2506 1049 2919 1118 liberalitatem,
2976 1061 3033 1108 et
3083 1053 3304 1109 modum
3353 1057 3798 1127 comprehendit,

2191 1151 2242 1196 et
2272 1140 2529 1206 fructum,
2572 1154 2736 1214 atque
2769 1161 3052 1215 personas.
3082 1147 3210 1204 Ideo
3258 1149 3476 1205 modum
3519 1151 3642 1222 quia
3694 1153 3803 1206 iiii-

2193 1232 2448 1301 perfectis
2471 1234 2630 1290 dabat
2655 1238 2970 1303 consilium,
2989 1255 3097 1294 non
3118 1241 3264 1294 enim
3293 1243 3573 1310 patiuntur
3594 1259 3806 1314 angus-

2194 1323 2320 1390 tias,
2347 1327 2448 1380 nisi
2472 1325 2844 1397 imperfecti.d
2868 1329 2976 1385 Sed
3006 1332 3257 1402 etsiquis
3276 1333 3571 1389 Ecclesium
3601 1336 3801 1391 nolens

2189 1436 2417 1492 gravare
2443 1424 2521 1486 fin
2554 1424 2872 1495 sacerdotio
2897 1425 3080 1495 aliquo
3133 1427 3466 1484 constitutus
3497 1439 3590 1483 aut
3632 1429 3800 1484 mini-

2193 1515 2389 1580 sterio,
2424 1531 2531 1570 non
2558 1527 2728 1572 totum
2763 1518 2907 1588 quod
2943 1518 3131 1586 habet,
3154 1520 3436 1588 conferat;
3473 1522 3569 1578 sed
3602 1538 3802 1593 opere-

2196 1615 2282 1660 tur
2313 1623 2436 1662 cum
2461 1607 2749 1665 honestate
2777 1620 3035 1680 quantum
3064 1611 3244 1668 ofﬁcio
3283 1620 3369 1668 sat
3389 1626 3495 1681 est,
3525 1630 3629 1668 non
3657 1615 3796 1670 mihi

479 1722 585 1760 non
617 1714 798 1760 tamen
824 1714 881 1759 ut
913 1704 987 1759 illi
1017 1704 1242 1758 ditiores
1272 1720 1336 1758 eo
1371 1704 1484 1758 tieri
1515 1704 1700 1767 velint,
1731 1701 1873 1772 quod
1905 1709 1963 1756 tu
1988 1716 2086 1772 po-
2119 1712 2167 1772 Β
2196 1699 2548 1767 imperfectus
2593 1702 2825 1758 videtur.
2849 1700 2918 1756 Et
2965 1714 3096 1773 puto
3145 1704 3288 1774 quod
3343 1705 3431 1761 hic
3483 1709 3794 1777 angustiam

476 1808 556 1852 tes
595 1797 843 1852 conferre
903 1796 1196 1866 inopibus;
1255 1811 1416 1850 causa
1471 1796 1614 1849 enim
1663 1805 1928 1864 praestat,
1973 1809 2082 1848 non

472 1892 668 1964 gratia.
698 1891 886 1963 Neque
915 1892 1059 1946 enim
1092 1898 1385 1962 propterea
1423 1899 1476 1944 te
1508 1888 1739 1944 Domino
1775 1887 1992 1955 diCaSti,
2026 1894 2088 1942 ut

475 1996 597 2042 tuos
619 1987 811 2041 divites
835 1987 1000 2041 facias
1027 2004 1039 2039 :
1063 1985 1158 2041 sed
1183 1994 1243 2039 ut
1265 1985 1430 2040 vitam
1455 1984 1548 2040 tibi
1574 1993 1882 2052 perpetuam
1908 1981 2082 2036 fructu

470 2078 597 2133 boni
631 2079 811 2148 aperis
843 2079 1092 2148 acquiras
1114 2119 1129 2142 ,
1169 2085 1224 2132 et
1260 2078 1433 2148 pretio
1460 2076 1829 2131 miserationis
1861 2085 2080 2144 peccata

470 2171 708 2226 redimas
755 2178 864 2226 tua.
917 2171 1116 2227 Putant
1159 2186 1218 2226 se
1273 2185 1463 2240 parum
1511 2172 1781 2239 poscere?
1838 2168 2078 2224 Pretium

471 2273 619 2318 tuum
649 2271 935 2334 quaerunt,
970 2264 1096 2318 vita:
1140 2271 1248 2317 tua:
1293 2262 1526 2317 fructum
1573 2260 1816 2317 adimere
1857 2268 2084 2314 conten-

467 2359 624 2423 dunt,
658 2368 680 2396 ο
721 2365 778 2412 et
815 2373 874 2412 se
910 2357 1058 2426 juste
1099 2355 1282 2412 facere
1314 2365 1521 2426 putant.
1571 2355 1641 2410 Et
1679 2363 1900 2412 accusat
1933 2353 2080 2425 quod

466 2468 591 2508 cum
632 2451 856 2506 divitem
899 2466 1006 2504 non
1039 2449 1269 2516 feceris,
1301 2466 1422 2504 cum
1466 2459 1518 2504 te
1572 2449 1664 2505 ille
1703 2448 1834 2505 velit
1859 2457 2080 2503 aeternae

467 2548 589 2600 vita:
622 2546 875 2599 lraudare
903 2544 1180 2599 mercede.

538 2640 632 2693 151
648 2639 966 2693 .Consilium
992 2637 1378 2706 prompsimns,
1401 2637 1782 2693 auctoritatem
1806 2646 2075 2707 petamus.

462 2731 704 2786 Primum
734 2731 1009 2785 neminem
1051 2730 1218 2784 debet
1244 2729 1470 2800 pudere,
1505 2730 1549 2784 si
1577 2746 1646 2785 ex
1675 2729 1842 2785 divite
1869 2745 2078 2800 pauper

461 2827 592 2889 tiat,
647 2824 776 2878 dum
819 2823 1044 2894 largitur
1085 2825 1348 2892 pauperi;
1399 2823 1524 2893 quia
1571 2821 1821 2879 Christus
1874 2840 2076 2894 panper

459 2919 636 2972 factus
659 2924 766 2980 est,
797 2931 919 2972 cum
951 2916 1102 2970 dives
1132 2927 1300 2984 esset,
1333 2926 1390 2970 ut
1417 2932 1612 2972 omnes
1647 2931 1742 2971 sua
1776 2917 1956 2986 in0pia
1992 2916 2074 2972 di-

459 3023 617 3068 taret.
662 3011 821 3066 Dedit
853 3010 1090 3080 regulam
1121 3027 1280 3080 quant
1310 3026 1636 3082 sequamur,
1669 3020 1726 3066 ut
1758 3010 1900 3065 bona
1935 3011 2073 3066 ratio

2189 1809 2296 1847 non
2324 1794 2514 1859 animi,
2544 1796 2640 1851 sed
2672 1797 2749 1852 rei
2779 1796 3061 1854 familiaris
3089 1797 3314 1855 dixerit.

2257 1886 2380 1941 155.
2415 1887 2492 1942 De
2521 1890 2771 1958 personis
2813 1896 2997 1946 autem
3048 1901 3178 1961 puto
3225 1892 3434 1948 dictum
3465 1912 3476 1947 :
3511 1893 3581 1949 Ut
3621 1903 3797 1950 uestra

2183 1975 2505 2031 abundantia
2540 1979 2604 2032 sit
2646 1980 2715 2032 ad
2745 1979 2958 2034 illorum
2997 1981 3258 2052 inapiam,
3290 1993 3338 2038 et
3369 1984 3582 2040 illorum
3625 1985 3796 2041 abun-

2183 2070 2360 2124 dantia
2387 2071 2454 2124 ad
2497 2081 2716 2126 vestram
2749 2072 3014 2143 inapiam;
3065 2075 3118 2129 id
3140 2083 3245 2137 est.
3282 2085 3337 2130 ut
3383 2077 3568 2148 populi
3614 2077 3797 2134 abun»

2180 2160 2362 2216 dantia
2419 2161 2490 2216 sit
2532 2163 2689 2218 bona:
2736 2165 3071 2234 operationis
3125 2168 3192 2222 ad
3240 2168 3462 2225 illorum
3493 2170 3796 2228 sublevan-

2183 2254 2306 2309 dam
2325 2255 2505 2311 alendi
2533 2258 2769 2327 inopiam
2799 2275 2811 2310 :
2836 2266 2892 2312 et
2917 2258 3136 2314 illorum
3159 2261 3492 2317 abundantia
3520 2262 3790 2334 spiritalis

2181 2351 2399 2421 adjuvet
2423 2353 2474 2406 in
2499 2351 2659 2423 plebe
2677 2353 2914 2423 inopiam
2937 2353 3114 2409 meriti
3141 2356 3426 2428 spiritalis,
3455 2366 3512 2414 et
3539 2357 3797 2414 conferat

2180 2443 2230 2497 ei
2259 2443 2512 2512 gratiam.

2252 2535 2378 2592 154.
2406 2536 2565 2594 Unde
2606 2540 2918 2610 exemplum
2964 2541 3232 2612 optimum
3263 2546 3480 2612 posuit:
3519 2545 3619 2614 Qui
3647 2549 3795 2602 mul-

2179 2642 2318 2697 tum,
2369 2649 2470 2686 non
2523 2633 2799 2689 abundavit
2827 2651 2846 2690 .'
2876 2645 2925 2690 et
2960 2637 3045 2706 qui
3091 2638 3368 2706 modicum,
3417 2656 3522 2695 non
3567 2642 3786 2698 minuit.

2179 2724 2323 2782 bene
2351 2725 2602 2783 hortatur
2621 2729 2689 2783 ad
2717 2729 2960 2785 ol'liciutn
2990 2731 3376 2788 misericordia:
3392 2750 3584 2790 omnes
3601 2735 3791 2792 homi-

2179 2835 2274 2876 nes
2326 2820 2469 2876 istud
2523 2825 2867 2894 exemplum;
2933 2828 3190 2896 quoniam
3237 2838 3288 2884 et
3340 2829 3436 2899 qui
3487 2831 3790 2900 plurimum

2177 2913 2294 2966 auri
2329 2915 2602 2984 possidet,
2645 2932 2754 2970 non
2795 2917 3081 2985 abundat;
3131 2921 3255 2990 quia
3312 2921 3448 2976 nihil
3499 2932 3582 2978 est
3619 2924 3792 2995 quid-

2175 3005 2306 3074 quid
2328 3006 2380 3061 in
2411 3005 2512 3064 hoc
2537 3010 2742 3065 saeculo
2772 3019 2859 3067 est
2885 3029 2897 3065 :
2941 3020 2997 3067 et
3027 3013 3122 3083 qui
3162 3015 3419 3083 exiguum
3444 3014 3634 3085 habet,
3667 3034 3790 3078 non

455 3107 527 3161 sit
565 3105 830 3161 exinaniti
883 3105 1195 3176 patrimonii
1223 3121 1238 3170 ;
1287 3105 1333 3157 si
1375 3105 1496 3173 quis
1532 3120 1830 3175 pauperum
1871 3104 2068 3158 laniem
2099 3098 2146 3161 C
2179 3099 2410 3164 "tinuit;
2464 3101 2590 3170 quia
2635 3102 2770 3157 nihil
2803 3112 2921 3171 est,
2951 3105 3100 3175 quod
3131 3107 3351 3162 amittit.
3385 3108 3489 3164 lies
3519 3110 3642 3166 sine
3667 3111 3792 3169 dis-

451 3200 668 3268 repulit,
709 3197 945 3267 inopiam
970 3198 1302 3252 sublevavit.
1340 3197 1491 3254 Unde
1519 3208 1563 3252 et
1597 3198 1871 3253 consilium
1895 3199 1948 3252 in
1973 3199 2068 3252 hoc

454 3291 542 3354 do,
576 3291 866 3360 Apostolus
893 3289 1025 3344 dicit
1049 3307 1062 3342 :
1094 3289 1210 3345 Hoc
1233 3291 1368 3344 enim
1407 3290 1546 3345 vobis
1569 3291 1693 3344 utile
1718 3301 1814 3357 est,
1841 3301 1892 3344 ut
1916 3289 2068 3345 Chri-

449 3392 590 3436 stum
618 3382 886 3436 imitemini
923 3381 988 3452 (ll
1017 3381 1135 3436 Cor.
1164 3398 1277 3450 vm,
1309 3381 1416 3453 10).
1449 3382 1750 3438 Consilium
1781 3383 1938 3436 bonis
1968 3381 2063 3436 da-

451 3485 537 3529 tur
562 3516 575 3536 ,
605 3475 880 3543 correptio
907 3483 1153 3530 errantes
1175 3484 1416 3530 coercet.
1455 3475 1696 3545 Denique
1721 3477 1873 3543 quasi
1907 3475 2066 3530 bonis

448 3569 580 3623 dicit
606 3586 620 3620 :
648 3566 787 3634 Quia
813 3583 915 3621 non
945 3576 1142 3621 tantum
1173 3568 1360 3637 facere,
1393 3571 1484 3623 sed
1519 3579 1566 3623 et
1601 3569 1726 3623 velle
1747 3570 1969 3640 coepistis
1997 3569 2060 3623 ab

446 3677 584 3715 anno
629 3660 885 3730 praeterito
936 3659 1152 3733 (lbid.).
1197 3661 1565 3716 Perlectorum
1614 3670 1907 3731 utrumque
1949 3671 2055 3727 est,

446 3771 556 3809 non
587 3771 730 3824 pars.
777 3753 960 3826 Itaque
982 3755 1146 3810 docet
1172 3765 1228 3811 et
1265 3756 1644 3812 liberalitatem
1675 3760 1795 3812 sine
1825 3757 2061 3812 benevo-

442 3847 654 3913 lentia,
697 3859 752 3901 et
787 3847 1225 3904 benevolentiam
1264 3848 1383 3903 sine
1418 3848 1746 3904 liberalitate
1787 3865 1892 3903 non
1931 3864 2057 3905 esse

443 3939 760 4007 perlectam.
811 3939 962 3995 Unde
1012 3939 1079 3994 ad
1129 3940 1426 4009 perlectum
1477 3940 1760 4005 hortatur,
1806 3940 1994 3996 dicens
2038 3959 2052 3996 :

443 4032 600 4086 Nunc
638 4049 760 4102 ergo
800 4042 847 4086 et
887 4037 1058 4103 facere
1097 4043 1483 4099 consummate,
1527 4043 1582 4087 ut
1620 4034 2054 4106 quemadmodum

436 4137 674 4196 prompta
702 4135 776 4180 est
802 4127 854 4180 in
883 4127 1021 4180 vobis
1056 4127 1294 4180 voluntas
1321 4127 1577 4197 faciendi,
1607 4129 1680 4181 ita
1717 4130 1782 4182 sit
1810 4138 1855 4183 et
1884 4129 2046 4199 perfi-

435 4219 608 4273 ciendi
636 4234 698 4272 ea:
724 4235 784 4272 eo
810 4219 948 4288 quod
981 4219 1217 4274 habetis.‘
1249 4219 1313 4275 Si
1355 4220 1493 4274 enim
1528 4220 1767 4276 voluntas
1804 4231 2045 4292 prompta

432 4361 523 4442 qui
548 4359 684 4430 quod
707 4360 886 4442 debet;
908 4359 1104 4442 melius
1121 4359 1241 4414 alia:
1262 4374 1324 4414 ac
1353 4359 1541 4442 reliqui
1569 4359 1756 4442 codd,
1779 4361 1866 4442 qui
1896 4359 2035 4442 quod
2068 4383 2112 4442 ι)

427 4434 604 4487 habet.
659 4434 868 4500 supple,
902 4433 955 4484 in
987 4441 1232 4500 potestate
1270 4448 1290 4487 .'
1337 4441 1394 4486 ut
1423 4431 1586 4486 Marci
1633 4447 1749 4497 XIV,
1792 4436 1847 4498 8,
1895 4432 2034 4499 quod

434 4505 632 4566 Ittibttit,
656 4504 767 4559 haec
789 4505 926 4573 fecit.

503 4587 528 4613 ει
557 4577 670 4631 Cic.
711 4575 808 4630 lib.
839 4591 878 4642 ι,
931 4589 1056 4644 pag.
1093 4573 1221 4641 556,
1273 4575 1370 4629 liti.
1408 4575 1518 4632 49'.
1551 4575 1694 4629 Alter
1736 4585 1846 4628 erat
1893 4575 2034 4630 locus

429 4648 708 4712 cautionis,
740 4659 847 4700 etc.
882 4647 1014 4701 ltetn
1057 4662 1179 4717 pag.
1214 4647 1340 4710 558,
1375 4648 1470 4703 liti.
1519 4649 1591 4703 9:
1627 4644 1734 4701 Sed
1786 4647 2034 4716 quoniam

427 4722 591 4788 capia:
610 4734 782 4791 parrae
797 4727 935 4778 sunt.
947 4727 1059 4791 rete.

495 4791 523 4830 h
554 4789 712 4855 lbid.,
740 4807 859 4858 pag.
904 4790 1030 4852 558,
1067 4790 1162 4843 lin.
1197 4789 1304 4844 40:
1339 4790 1445 4846 Sed
1485 4791 1529 4844 si
1581 4792 1838 4844 contentio
1888 4805 2030 4858 quie-

423 4863 547 4918 dam
582 4874 629 4918 et
651 4863 968 4932 comparatio
993 4863 1104 4930 ﬁat,
1133 4874 1245 4917 etc.

497 4948 517 4974 ο
550 4935 615 4989 Ει
643 4931 849 5004 δεῙιιειε
877 4938 1048 5003 facere
1092 4944 1296 5003 putant.
1329 4933 1529 4988 absunt
1574 4931 1763 4988 isthzec
1802 4933 1870 4987 ab
1908 4943 2022 4989 ant.

418 5006 551 5062 edit.
583 5021 646 5060 ac
683 5006 918 5060 maximo
942 5021 1168 5059 numero
1202 5021 1330 5061 mss.
1367 5021 1428 5060 ea
1474 5014 1656 5060 tamen
1709 5019 1813 5060 non
1846 5006 2020 5060 solum

418 5078 472 5131 in
495 5079 626 5133 edit.
655 5078 814 5132 Rom.
840 5077 932 5130 sed
961 5079 1200 5131 etiamin
1220 5093 1352 5131 mss.
1384 5087 1620 5143 quatuor
1640 5075 1886 5130 invenire
1915 5087 2016 5131 est.

416 5147 561 5202 Infra
593 5164 718 5202 vero
768 5149 857 5202 tibi
884 5147 1016 5202 edit.
1071 5164 1291 5209 omnes.
1323 5147 1608 5201 Consilium
1654 5148 2020 5215 prtemisimrts;

417 5236 549 5276 mss.
593 5221 705 5276 l'ei-e
750 5220 815 5274 ad
871 5235 1039 5288 unum
1082 5221 1286 5290 legunt,
1317 5218 1600 5290 Consilium
1647 5220 2013 5290 prompsimus.

2179 3190 2378 3260 pendio
2405 3203 2512 3258 est,
2544 3210 2666 3264 qua:
2689 3204 2800 3250 tota
2827 3196 3174 3266 dispendium
3202 3207 3305 3255 est.

2246 3285 2372 3342 155.
2427 3289 2521 3343 Est
2554 3290 2718 3344 etiam
2759 3290 2838 3346 sic
2879 3291 3193 3348 intellectus
3247 3293 3453 3350 bonus:
3499 3295 3602 3366 Qui
3657 3298 3788 3368 plu-

2174 3381 2370 3436 riinuni
2417 3381 2614 3448 habet,
2645 3394 2694 3438 et
2726 3383 2770 3439 si
2805 3400 2911 3438 non
2942 3384 3145 3452 donat,
3189 3403 3296 3442 non
3327 3387 3607 3455 abundat;
3641 3393 3782 3462 quia

2171 3475 2519 3543 quantumvis
2561 3476 2828 3546 acquirat,
2860 3486 2984 3547 eget
3035 3492 3276 3549 semper,
3320 3480 3410 3550 qui
3462 3480 3584 3552 plus
3634 3499 3784 3539 con-

2169 3567 2398 3638 cupiscit
2432 3585 2445 3620 :
2497 3579 2550 3623 et
2577 3571 2667 3638 qui
2708 3570 2962 3640 exiguum
2997 3569 3182 3639 habet,
3213 3587 3318 3627 non
3367 3573 3562 3628 minuit
3592 3591 3610 3641 ;
3641 3577 3780 3646 quia

2165 3676 2272 3715 non
2327 3661 2556 3716 multum
2598 3661 2852 3733 estquod
2904 3678 3198 3734 pauperem
3253 3666 3449 3734 pascit.
3502 3667 3779 3726 Similiter

2160 3768 2291 3823 ergo
2317 3763 2374 3807 et
2414 3753 2507 3808 ille
2538 3768 2744 3824 pauper
2771 3755 2862 3825 qui
2904 3755 3118 3811 confert
3161 3756 3431 3826 spiritalia
3463 3773 3559 3827 pro
3594 3773 3775 3828 pecu-

2161 3845 2371 3911 niariis,
2408 3854 2464 3902 et
2491 3847 2535 3901 si
2567 3846 2859 3916 plurimum
2892 3847 3092 3902 habeat
3117 3849 3326 3918 gratiae,
3351 3865 3460 3906 non
3483 3851 3724 3908 abundat
3754 3872 3773 3922 ;

2159 3955 2268 3994 non
2291 3941 2439 3995 enim
2461 3948 2654 3995 onerat
2672 3941 2867 4010 gratia,
2898 3939 2996 3996 sed
3021 3939 3225 3996 allevat
3252 3950 3519 3998 mentem.

2231 4034 2352 4090 156.
2399 4035 2507 4092 Sed
2545 4035 2710 4090 etiam
2752 4036 2832 4090 sic
2884 4042 3066 4106 potest
3107 4035 3381 4104 intelligi:
3425 4036 3546 4091 Non
3577 4036 3768 4095 abun-

2150 4127 2268 4190 das,
2300 4144 2331 4182 ο
2356 4127 2538 4182 Ιιοιιιο.
2567 4131 2842 4194 Quantum
2867 4136 2952 4183 est
2981 4128 3127 4183 enim
3163 4130 3308 4198 quod
3342 4128 3601 4200 accepisti
3630 4171 3648 4196 ,
3674 4143 3771 4187 et-

2148 4219 2193 4273 si
2228 4219 2324 4274 tibi
2369 4218 2600 4273 multum
2639 4219 2761 4274 est?
2806 4217 3044 4274 Joannes
3089 4235 3198 4289 quo
3237 4235 3398 4276 nemo
3442 4221 3620 4292 major
3667 4234 3770 4280 est.

2142 4356 2307 4410 veluti
2342 4357 2563 4426 majoris
2595 4355 2874 4423 cujusdam
2903 4355 3256 4425 perfectionis
3278 4370 3402 4411 esse
3429 4360 3758 4427 consilium,

2140 4428 2339 4497 alioqui
2395 4430 2536 4483 enim
2568 4427 2880 4498 neutiquam
2908 4427 3224 4501 adderetur,
3257 4437 3308 4482 et
3345 4441 3554 4484 accusat
3603 4439 3762 4501 quod

2139 4517 2257 4555 eum
2279 4501 2484 4556 divitem
2516 4518 2617 4555 non
2645 4501 2847 4572 feceris,
2876 4517 2989 4552 cum
3019 4513 3064 4554 te
3085 4498 3175 4552 ille
3202 4501 3320 4572 uelit
3359 4513 3568 4556 wterna:
3616 4498 3761 4562 ὐὶιω

2137 4575 2384 4640 fraudare
2411 4571 2965 4627 mercede.Facessant
3013 4572 3174 4642 igitur
3220 4571 3400 4643 inepta
3425 4573 3755 4641 cupiditatis

2136 4643 2389 4701 humane
2443 4654 2772 4716 tegumenta.
2803 4715 2806 4716 ν
2834 4643 3433 4716 Ecclesiicnutnquain
3490 4645 3592 4700 fuit
3634 4647 3755 4706 hoc

2136 4718 2469 4785 propositum
2507 4714 2595 4770 vel
2627 4715 2927 4771 sacerdotis
2977 4714 3153 4782 luxui,
3195 4715 3280 4770 vel
3301 4717 3757 4787 consanguineo-

2133 4801 2250 4840 rum
2281 4789 2396 4857 ejus
2417 4788 2696 4844 ambitioni
2733 4787 3068 4842 satisfacere.

2201 4857 2226 4896 ἀ
2255 4861 2331 4916 Ne
2379 4861 2498 4932 quis
2545 4861 2800 4916 crederet
2848 4860 3069 4932 modum
3111 4872 3329 4914 omnem
3362 4859 3412 4913 in
3443 4859 3738 4928 largiendo

2127 4945 2348 5002 semper
2378 4929 2500 4988 esse
2530 4931 2923 5000 imperfectioni
2950 4929 3337 5002 conjunCtuin,
3373 4946 3438 4985 ex
3469 4945 3535 4985 eo
3559 4934 3738 4987 nitni-

2126 5001 2419 5074 runi’quod
2453 5006 2701 5069 proxime
2733 5003 2972 5074 dixerat,
3008 5001 3134 5074 ideo
3175 5001 3408 5066 modum,
3458 5004 3582 5072 quia
3628 5005 3742 5059 im-

2124 5071 2366 5146 perfectis
2388 5075 2544 5129 dabat
2570 5075 2874 5146 consiliam;
2895 5071 3096 5126 clarius
3119 5082 3356 5146 mentem
3382 5086 3532 5128 suam
3558 5090 3741 5144 expo-

2123 5143 2240 5210 an;
2286 5162 2539 5202 asserens
2581 5147 2670 5216 qui
2713 5145 2836 5216 sibi
2865 5143 3347 5216 partempaliquam
3405 5143 3740 5216 patrimonii

2121 5219 2407 5272 retinuerit
2436 5258 2450 5281 ,
2495 5231 2562 5271 ne
2598 5213 2750 5287 oneri
2796 5215 2864 5287 sit
2891 5213 3174 5287 Ecclesir,
3199 5229 3322 5268 eum
3351 5213 3736 5287 nequaquam,

2121 5287 2498 5348 imperfectum
2540 5284 2983 5342 existimandum.
3047 5285 3181 5338 llinc
3221 5284 3606 5356 cognoscimus
3650 5284 3738 5348 ad

2117 5357 2390 5412 Ambrosii
2437 5359 2606 5411 nostri
2652 5357 2977 5411 sententiain
3012 5356 3380 5424 Augustinum
3409 5360 3736 5418 severitatis

2114 5428 2315 5495 aliquid
2360 5429 2646 5496 adjeciSse,
2693 5428 2784 5496 qui
2827 5425 3059 5482 clericos
3107 5429 3333 5484 omnino
3383 5430 3736 5499 patrimonio

2111 5515 2211 5554 suo
2241 5499 2502 5572 spoliatos
2531 5499 2745 5554 Volebat
2767 5513 3112 5572 communem
3143 5501 3307 5555 vitam
3333 5500 3494 5556 simul
3519 5516 3727 5572 agere,

2112 5582 2169 5625 nt
2193 5571 2407 5644 discere
2433 5579 2515 5625 est
2545 5586 2576 5625 e
2597 5570 2973 5644 compluribus
3007 5571 3251 5644 ejusdem
3280 5587 3509 5644 operum
3552 5570 3724 5644 locis,

2108 5643 2203 5700 sed
2233 5642 2464 5698 maxime
2495 5657 2561 5696 ex
2596 5641 2686 5696 lib.
2720 5639 2789 5703 de
2813 5639 3166 5698 Commfvita
3198 5639 3560 5698 Clericorum.

413 5291 602 5344 Obiter
637 5305 814 5348 autem
843 5289 1219 5346 animadverte
1249 5301 1449 5361 quanta
1478 5289 1752 5344 Ambrosii
1783 5289 2015 5358 pruden-

417 5363 488 5416 tia
529 5363 616 5418 hic
649 5367 948 5418 innotescat
977 5404 988 5420 .
1023 5378 1144 5434 qua:
1173 5364 1245 5434 ita
1279 5362 1492 5434 pietati
1507 5363 1649 5434 quod
1681 5376 1838 5434 suum
1865 5371 1975 5434 _est
1997 5401 2010 5422 ,

409 5436 652 5498 ascribit,
678 5446 734 5489 nt
757 5434 889 5488 nihil
913 5431 1164 5492 detrahat
1187 5433 1434 5504 justitiai.
1457 5432 1671 5504 Etenim
1694 5431 1909 5504 pietatis
1931 5441 2014 5484 est

405 5520 667 5578 cognatos
714 5507 1013 5574 amnesque
1046 5507 1098 5559 in
1151 5501 1508 5560 beneﬁcentia
1535 5501 1861 5578 collocanda
1903 5515 2007 5556 non

408 5572 819 5646 prarterirc,sed
842 5572 938 5631 eos
965 5578 1262 5646 primorum
1298 5589 1592 5646 pauperum
1622 5573 1822 5646 habere
1851 5572 1967 5626 loco
1992 5592 2004 5628 :

398 5641 622 5720 jUSlill'J)
648 5665 794 5712 vero,
832 5664 942 5720 non
961 5641 1090 5720 illos
1112 5663 1178 5702 ex
1206 5663 1273 5702 eo
1300 5641 1451 5720 quod
1479 5644 1607 5720 aliis
1627 5641 1854 5698 debetur
1877 5658 2007 5720 p_au-

402 5711 643 5793 paribus,
694 5711 890 5775 ditare.
932 5719 1041 5774 Nec
1097 5734 1226 5774 vero
1279 5711 1706 5772 esistimandum
1760 5722 1844 5769 est
1902 5711 2007 5770 hoc
