4030 6188
210 205 281 265 69

1244 188 1333 246 os
1370 173 1663 245 ornans
1695 168 2171 239 tthtsTttouust
2212 172 2344 233 LIB.
2387 174 2428 230 ι.
3436 159 3505 219 70

199 326 341 383 inter
366 330 531 379 natos
568 316 895 379 mulierum,
939 310 1160 370 inferior
1194 319 1372 368 tamen
1418 314 1538 364 erat
1578 318 1667 369 eo,
1707 299 1796 371 qtti
1827 293 1883 359 Δ
1976 317 2097 374 161,
2134 315 2289 373 unde
2333 311 2590 369 imitanda
2619 309 2775 365 nobis
2806 314 2890 363 est
2928 307 2980 362 in
3012 306 3114 361 hoc
3142 320 3361 377 quoque
3403 320 3501 358 na-

202 417 380 471 minor
406 415 571 473 estin
605 424 782 481 regno
806 406 1086 463 caelorum.

274 508 400 563 i57.
432 506 629 563 Potest
658 509 717 559 et
755 501 832 557 sic
863 517 876 554 :
925 497 1040 557 Non
1066 494 1308 554 abundat
1351 493 1446 549 Dei
1470 491 1643 562 gratia
1670 502 1798 544 oor-

203 598 487 671 pnraliter,
540 596 670 666 quia
714 591 975 662 spiritalis
1015 596 1117 644 est.
1148 586 1283 655 Quis
1330 593 1513 653 potest
1551 581 1671 653 ejus
1712 589 1804 634 aut

204 690 638 763 magnitudinem
659 694 756 742 aut
779 682 1114 739 latitudinem
1131 674 1616 748 comprehendere,
1642 688 1802 744 quam

206 801 311 842 non
357 781 547 841 videt?
590 780 757 837 Fides
800 777 847 833 si
902 776 1060 832 fuerit
1113 773 1254 829 sicut
1300 786 1528 841 granum
1577 766 1803 838 sinapis,

204 889 423 937 montes
465 876 765 934 transferre
805 878 1016 944 potest,
1069 876 1126 924 et
1180 882 1288 921 non
1331 866 1424 922 tibi
1475 863 1635 919 datur
1665 856 1825 915 ultra'

199 989 437 1050 granum
481 970 711 1041 sinapis.
742 966 804 1025 Si
832 963 1072 1022 abundet
1119 962 1174 1018 in
1208 973 1260 1021 te
1299 960 1470 1031 gratia
1502 967 1551 1024 ει,
1581 972 1689 1014 non
1725 966 1809 1014 est

202 1048 511 1126 verendum
535 1080 603 1121 ne
625 1076 784 1120 mens
802 1070 892 1118 tua
916 1067 1070 1115 tanto
1088 1068 1316 1113 monere
1336 1051 1564 1122 incipiat
1585 1048 1805 1114 extolli;

202 1162 335 1235 quia
362 1158 520 1213 multi
552 1165 683 1213 sunt
713 1155 804 1225 qui
838 1153 908 1208 ab
939 1148 1227 1206 altitudine
1253 1144 1435 1203 cordis
1463 1143 1550 1203 sui
1592 1141 1812 1213 gravius

203 1230 578 1317 corruerunt,
637 1262 799 1318 quam
847 1243 896 1298 si
961 1240 1162 1297 nullam
1227 1237 1546 1295 habuissent
1595 1230 1810 1290 Domini

204 1342 486 1419 gratiam?
528 1340 602 1396 Et
646 1340 736 1410 qui
773 1351 969 1410 parum
998 1334 1201 1399 habet,
1243 1347 1351 1386 non
1400 1327 1635 1392 minuit;
1682 1325 1812 1395 quia

207 1418 322 1495 non
381 1445 464 1491 est
506 1445 834 1507 corporeum
867 1434 928 1484 ut
968 1424 1277 1482 dividatur:
1329 1429 1387 1477 et
1429 1418 1571 1490 quod
1623 1431 1812 1487 parmn

207 1532 434 1586 videtur
462 1524 709 1591 babenti,
733 1522 1029 1594 plurimum
1060 1524 1145 1575 est
1168 1514 1258 1571 cui
1293 1512 1428 1570 nihil
1457 1510 1636 1569 deest.

284 1622 541 1699 82158.
572 1614 984 1677 Cttus'ttlerattda
1010 1611 1038 1651 δ
1064 1610 1229 1668 etiam
1253 1609 1307 1664 in
1343 1604 1623 1678 largiendo
1645 1602 1813 1676 (Βᾶθι.

1906 422 2024 470 tura
2072 424 2373 476 terrarum,
2423 424 2546 480 quae
2577 414 2887 476 susceptum
2937 417 3126 457 semen
3165 398 3497 468 multiplica-

1904 507 2029 563 tiori
2079 507 2221 562 solet
2264 516 2492 559 numero
2548 500 2777 556 reddere
2830 512 2993 568 quam
3056 493 3347 562 acceperit.
3382 490 3509 546 [deo

1908 600 2002 657 tibi
2024 600 2287 670 scriptum
2313 603 2396 653 est
2418 613 2430 649 :
2457 594 2606 652 Sicut
2629 592 2951 665 agricultura
2967 598 3041 644 est
3063 586 3218 641 homo
3238 585 3508 657 insipiens,

1908 705 1955 747 et
2004 703 2265 761 tamquam
2310 689 2459 742 uinea
2513 684 2670 739 homo
2723 698 2879 755 egens
2927 694 3099 734 sensu.
3141 677 3202 733 Si
3242 677 3509 747 reliqueris

1910 804 2047 852 cum,
2073 783 2390 839 desolabitur
2421 778 2606 852 (Prov.
2637 793 2785 843 xxrv,
2810 778 2835 833 Ξ
2847 775 2902 841 0,
2927 772 3042 846 51).
3089 772 3241 830 Sicut
3276 771 3515 843 agricul-

1913 889 2030 936 tura
2055 895 2187 951 ergo
2224 877 2387 931 etiam
2430 873 2672 941 sapiens,
2706 879 2763 924 ttt
2805 878 3078 938 tamquam
3122 863 3366 920 fenerata
3407 862 3514 919 sibi

1912 972 2118 1042 majore
2167 983 2421 1024 mensura
2460 962 2670 1022 semina
2731 969 2984 1030 suscepta
3032 956 3302 1012 restituat.
3344 954 3510 1010 Terra

1912 1078 2042 1135 ergo
2068 1071 2160 1117 aut
2196 1068 2531 1130 Spontaneos
2559 1055 2771 1111 fructos
2792 1053 3099 1123 germinat,
3148 1057 3240 1103 aut
3276 1046 3521 1102 creditos

1915 1154 2173 1210 uberiore
2201 1149 2421 1206 cumulo
2453 1146 2691 1204 refundit
2717 1160 2780 1199 ac
2804 1141 3001 1199 reddit.
3022 1138 3323 1210 Utrumque
3346 1137 3518 1194 debes

1915 1246 2149 1318 quodam
2193 1242 2537 1298 hiereditario
2582 1254 2682 1295 uso
2738 1237 3009 1308 parentis,
3066 1250 3132 1289 ne
3194 1231 3520 1301 relinquaris

1919 1334 2420 1396 sicutinfmcundus
2439 1347 2585 1403 ager.
2608 1332 2738 1386 Esto
2756 1339 2935 1384 tamen
2960 1336 3017 1382 ut
3038 1327 3236 1395 aliquis
3259 1339 3523 1380 excusare

1920 1430 2094 1503 possit
2122 1426 2141 1466 ί
2172 1426 2315 1499 quod
2348 1440 2456 1480 non
2481 1421 2717 1487 dederit,
2750 1419 3026 1492 quomodo
3058 1432 3320 1473 excusare
3344 1422 3525 1485 potest

1921 1523 2063 1593 quod
2096 1536 2202 1576 non
2248 1515 2598 1575 reddiderit?
2628 1523 2654 1562 ε
2675 1512 2787 1568 Non
2812 1511 2945 1568 dare
2984 1510 3236 1581 cuiquam
3258 1509 3344 1565 vix
3376 1508 3525 1571 licet,

1925 1629 2033 1669 non
2055 1612 2284 1669 reddere
2314 1626 2444 1665 vero
2467 1622 2572 1664 non
2603 1607 2750 1662 licet.

422 1709 832 1781 Cousidcrauda)
866 1718 1000 1763 tetas
1029 1714 1195 1776 atque
1228 1702 1507 1767 debilitas,
1543 1713 1816 1756 nonnum-

2000 1710 2117 1766 162.
2146 1708 2276 1764 Ideo
2303 1708 2525 1778 pulchre
2571 1705 2831 1760 Salomon
2862 1704 2938 1757 ait
2966 1720 2979 1755 :
3006 1702 3069 1758 Si
3091 1701 3281 1757 sederis
3316 1716 3519 1757 mirare

211 1826 385 1885 quam
404 1808 567 1865 etiam
584 1801 939 1865 verecundia,
962 1815 1081 1871 quin
1095 1799 1363 1867 ingenuos
1382 1793 1562 1865 prodit
1580 1791 1822 1855 natales;

214 1913 280 1961 ut
290 1900 513 1957 senibus
527 1897 648 1968 plus
661 1892 934 1965 largiaris,
951 1891 1041 1963 qui
1052 1888 1153 1947 sibi
1168 1888 1358 1945 labore
1371 1888 1480 1957 jam
1500 1901 1607 1939 non
1619 1890 1827 1954 queunt

214 1998 425 2052 vietum
457 2004 724 2063 quaerere.
752 1986 1021 2043 Similiter
1068 1993 1121 2040 et
1165 1982 1424 2039 debilitas
1459 1979 1729 2050 corporis,
1774 1985 1830 2037 et

215 2090 345 2145 btet:
404 2084 643 2157 iuvanda
701 2079 1023 2154 promptius.
1069 2077 1206 2134 Tum
1242 2076 1289 2131 si
1332 2074 1461 2146 quis
1506 2088 1574 2130 ex
1622 2071 1831 2128 divitiis

220 2183 429 2240 cecidit
481 2181 531 2235 in
577 2184 879 2249 egestatem
917 2190 930 2226 :
965 2182 1022 2229 et
1058 2172 1292 2226 maxime
1325 2168 1369 2224 si
1400 2181 1508 2223 non
1549 2166 1680 2222 vitio
1708 2180 1828 2231 suo,

223 2277 323 2334 sed
351 2285 442 2330 aut
464 2269 783 2336 latrociniis,
806 2275 901 2325 aut
928 2264 1357 2337 proscriptione,
1389 2271 1483 2318 aut
1511 2258 1830 2324 calumniis,

223 2384 353 2439 qua:
379 2364 632 2425 habebat,
663 2361 877 2415 amisit.

306 2456 433 2515 159.
470 2454 577 2513 Sed
634 2452 777 2508 forte
819 2449 968 2509 dicat
1007 2447 1205 2520 aliquis
1254 2464 1268 2502 :
1319 2443 1509 2503 Caecus
1552 2461 1665 2501 uno
1717 2444 1837 2500 loco

226 2551 393 2607 sedet
438 2557 495 2603 et
557 2544 918 2617 praeteritur,
974 2551 1028 2601 et
1066 2539 1288 2617 juvenis
1322 2537 1535 2595 validus
1581 2537 1839 2609 frequen-

228 2654 321 2701 ter
362 2640 578 2711 accipit.
629 2639 696 2694 Et
743 2652 934 2695 verum
978 2643 1099 2701 est,
1156 2635 1283 2707 quia
1331 2633 1547 2704 obrepit
1594 2648 1691 2703 per
1738 2631 1839 2687 im-

226 2736 646 2809 portunitatem.
674 2731 793 2788 Non
809 2740 894 2787 est
915 2729 1046 2786 illud
1064 2728 1255 2799 iudicii
1276 2769 1292 2793 ,
1311 2726 1405 2783 sed
1430 2726 1600 2783 tatdii.
1626 2726 1760 2783 Nam
1786 2735 1842 2781 et

225 2832 503 2890 Dominus
527 2831 604 2885 ait
640 2830 695 2882 in
726 2824 1021 2897 Evangelia
1044 2822 1203 2896 (Luc,
1231 2838 1306 2888 χι,
1335 2822 1393 2895 8)
1415 2821 1487 2878 de
1511 2836 1578 2879 eo
1607 2821 1706 2891 qui
1727 2820 1841 2891 jam

225 2930 510 2986 clauserat
546 2925 749 2980 ostium
775 2936 959 2987 suum.
989 2919 1037 2979 si
1070 2920 1191 2990 quis
1233 2919 1437 2975 ostium
1484 2919 1606 2988 ejus
1656 2933 1845 2987 proca-

226 3025 354 3080 cius
383 3022 601 3093 pulset,
632 3018 759 3089 quia
790 3016 963 3088 surgit
1000 3022 1055 3071 et
1084 3015 1175 3071 dat
1204 3012 1282 3069 illi
1323 3022 1550 3084 propter
1583 3013 1842 3082 importu-

228 3120 494 3173 nitatem.

826 3201 1054 3258 CAPUT
1084 3199 1286 3259 XXXI.

236 3305 528 3371 Acceptum
546 3295 846 3368 beneﬁcium
871 3294 1087 3370 largiori
1116 3310 1273 3349 manu
1297 3293 1675 3347 remetiendum
1700 3302 1851 3349 terrm

309 3391 625 3466 pracipitur
651 3387 886 3462 exemplo
916 3405 935 3441 :
956 3402 1049 3442 nec
1081 3401 1185 3440 non
1214 3384 1471 3441 adductus
1517 3384 1588 3438 ad
1618 3382 1849 3438 eamdem

311 3502 429 3543 rem
458 3483 764 3541 Salomonis
810 3482 873 3537 de
916 3480 1149 3537 convivio
1189 3478 1353 3545 locus,
1399 3486 1582 3549 postea
1631 3477 1855 3546 spiritali

314 3595 476 3633 sensu
501 3575 803 3647 exponitur.

323 3672 451 3728 ibo.
477 3669 778 3727 Pulchrum
805 3680 1023 3737 quoque
1044 3672 1131 3723 est
1171 3664 1586 3736 prepensiorem
1616 3661 1735 3732 ejus
1764 3660 1859 3718 ha-

246 3766 363 3821 beri
400 3763 694 3822 rationem.
729 3759 821 3832 qui
851 3758 948 3815 tibi
978 3767 1072 3813 aut
1093 3767 1114 3796 ε
1138 3756 1465 3814 beneﬁcium
1494 3756 1739 3827 aliquod,
1766 3765 1862 3812 aut

249 3872 452 3914 munus
508 3854 773 3917 contulit,
824 3853 872 3907 si
923 3852 1040 3922 ipse
1091 3851 1146 3907 in
1207 3850 1589 3907 necessitatem
1648 3848 1859 3906 incidit.

252 3953 397 4023 Quid
425 3952 572 4009 enim
600 3958 715 4005 tam
754 3955 947 4004 contra
987 3945 1251 4008 ollicium,
1280 3960 1447 4016 quam
1491 3958 1601 4001 nou
1630 3942 1864 4000 reddere

259 4045 407 4119 quod
453 4046 743 4114 acceperis
768 4042 792 4096 2
816 4040 931 4098 Nec
968 4054 1225 4097 mensura
1266 4039 1430 4109 pari,
1485 4038 1582 4094 sed
1613 4036 1868 4094 uberiore

264 4140 605 4197 reddendum
651 4137 917 4203 arbitror,
947 4130 1053 4196 etd
1082 4148 1247 4193 usum
1287 4147 1523 4204 pensare
1570 4130 1864 4197 beneﬁcii;

265 4245 326 4292 ut
350 4248 407 4291 et
433 4247 492 4289 tu
511 4232 835 4299 subtenias,
859 4237 1127 4301 quantum
1145 4227 1265 4299 ejus
1284 4242 1583 4284 aerumnam
1609 4226 1865 4298 repellas.

266 4329 479 4385 Etenim
501 4328 841 4397 superiorem
866 4339 973 4378 non
1004 4336 1128 4379 esse
1156 4320 1209 4376 in
1251 4318 1538 4377 referendo
1570 4330 1597 4361 ο
1617 4334 1782 4389 quam
1815 4318 1870 4373 in

263 4420 600 4480 conferendo
627 4416 1040 4483 beneﬁcio,hoc
1063 4422 1149 4472 est
1176 4412 1442 4470 minorem
1456 4426 1599 4476 esse,
1614 4411 1870 4482 quoniam

266 4516 357 4587 qui
388 4516 545 4587 prior
563 4511 819 4579 contulit,
852 4517 1102 4580 tempore
1123 4506 1377 4577 superior
1399 4514 1500 4571 εει,
1532 4504 1872 4561 humanitate

270 4609 441 4682 prior.

342 4747 369 4774 ι
386 4735 615 4810 {iegatio
640 4752 745 4792 non
775 4733 933 4810 deest
960 4732 1013 4788 in
1040 4731 1181 4810 edit._
1193 4730 1458 4810 omnibus
1485 4739 1542 4810 et
1568 4747 1701 4786 mss.
1734 4750 1873 4810 non-

272 4803 558 4876 nullisfea
578 4816 759 4864 tanien
786 4807 842 4862 in
868 4804 1025 4875 longe
1043 4803 1290 4876 pluribus
1312 4803 1721 4874 petioribusque
1740 4807 1866 4862 eod.

274 4883 566 4952 reperitur.
592 4881 663 4963 Si
683 4895 781 4948 per
805 4875 1295 4961 interrogationem
1323 4877 1653 4933 sententiam
1687 4877 1872 4935 nobis-

276 4966 401 5011 eum
422 4967 733 5018 acceperis;
760 4964 871 5005 non
902 4963 1219 5018 Incmtgrue.

348 5020 377 5062 ⁵
405 5018 522 5083 Cic.
551 5015 643 5080 iii).
676 5015 727 5087 ι.
746 5038 870 5094 pag.
889 5020 1018 5094 557,
1045 5015 1144 5077 lin.
1173 5018 1206 5094 β
1231 5038 1245 5073 :
1272 5015 1503 5094 Tertium
1535 5027 1609 5072 est
1635 5020 1873 5094 preposi-

280 5104 425 5165 Μ,
450 5103 511 5165 ut
539 5096 594 5165 in
621 5089 981 5165 beneficiatio,
1016 5102 1124 5147 etc.
1173 5091 1327 5165 ltent
1356 5089 1447 5165 lib.
1492 5104 1567 5165 ll,_
1589 5104 1707 5160 pag.
1740 5091 1871 5160 382,

280 5164 382 5221 ﬁl.
403 5159 475 5223 ﬂ
495 5182 512 5218 :
535 5162 605 5223 lu
627 5168 720 5227 illo
738 5159 913 5220 autem
924 5162 1087 5217 altero
1105 5178 1291 5233 genere
1310 5159 1601 5233 largiendi,
1618 5159 1727 5217 etc.

354 5236 578 5320 γεω...
602 5236 705 5301 ω»,
730 5250 791 5320 1,.
816 5230 1244 5320 ιιειε...ἓ⁷›5¹¹1,⁷.11ιι⁵
1268 5230 1341 5288 20
1365 5231 1697 5320 ειδὶιιιαιιιριιι
1725 5242 1877 5287 erunt

286 5306 499 5376 "ita,
521 5316 583 5369 ut
622 5324 727 5365 non
772 5303 1025 5372 incunda,
1046 5305 1137 5361 sed
1165 5303 1436 5373 referenda
1457 5303 1525 5356 sit
1578 5303 1735 5364 ratio,
1767 5316 1873 5361 etc.

296 5454 335 5463 μ
352 5368 556 5463 Εὐίι.
585 5392 677 5463 ac:
705 5378 861 5451 pauci
878 5393 1012 5463 mss.
1042 5392 1191 5463 usum
1211 5319 1801 5447 peusuudumzeueﬁcii,
1824 5385 1881 5429 ut

290 5454 429 5509 IIII-
452 5454 753 5519 ωηιξη.
775 5460 993 5520 quanto,
1019 5455 1127 5520 etc,

634 5582 735 5661 sed
766 5582 1076 5661 inreliquis
1103 5598 1337 5652 exstant,
1366 5602 1468 5644 nec
1495 5601 1719 5643 sensum
1769 5584 1883 5642 ullo

358 5454 429 5507 Ila
452 5452 753 5519 subvenias,
775 5460 993 5520 quanto,
1019 5455 1127 5504 etc.

628 5522 691 5585 εει
717 5520 1067 5605 ,φατρίαις
1092 5518 1311 5605 “esset.
1335 5517 1395 5575 ίιι
1418 5513 1885 5605 ἐυῖψξὲθθεχξξ

1927 1804 1997 1859 ad
2024 1798 2251 1858 mensam
2286 1800 2528 1870 potentis,
2572 1798 2830 1871 sapienter
2856 1797 3094 1868 iutellige
3134 1812 3195 1851 ea
3231 1811 3347 1868 qua:
3368 1811 3533 1868 appo-

1930 1909 2125 1953 nuntur
2153 1896 2240 1951 tibi
2263 1911 2282 1949 :
2308 1904 2359 1950 et
2387 1894 2531 1948 mitte
2556 1906 2767 1946 manum
2797 1900 2939 1946 tuam
2971 1890 3134 1944 sciens
3156 1887 3294 1958 quod
3321 1896 3528 1957 oportet

1929 2005 1978 2049 te
2021 1992 2146 2047 talia
2193 2004 2508 2063 prwparare.
2544 1986 2606 2043 Si
2625 1996 2799 2041 autem
2815 1984 3122 2039 insatiabilis
3175 1999 3260 2048 es,
3298 1979 3534 2054 ωηοιὶ

1932 2084 2296 2154 concupiscere
2340 2097 2483 2135 escas
2513 2082 2666 2153 ejus;
2717 2080 2827 2133 haec
2870 2078 3006 2132 enim
3057 2076 3290 2132 obtinent
3316 2072 3346 2112 ιι
3380 2076 3535 2130 vitam

1935 2177 2175 2247 fallacem
2201 2174 2384 2246 (Prov.
2416 2188 2567 2235 χχιιι,
2596 2173 2621 2227 1
2648 2180 2698 2226 et
2718 2171 2873 2242 seq.).
2904 2170 3053 2238 Quas
3089 2184 3190 2224 nos
3215 2166 3412 2223 imitari
3445 2182 3541 2222 cn-

1939 2270 2151 2339 pientes
2204 2266 2545 2331 sententias,
2596 2262 2935 2334 scripsimus.
2989 2258 3251 2316 Conferre
3302 2259 3534 2331 gratiam

1939 2336 2144 2417 bonum
2170 2368 2258 2417 est
2290 2377 2305 2413 :
2337 2369 2393 2414 at
2421 2359 2512 2431 qui
2549 2355 2756 2411 referre
2802 2354 3010 2421 nescit,
3047 2352 3395 2407 durissimus.
3429 2336 3541 2406 Ηιῖ-

1940 2457 2221 2513 manitatis
2244 2454 2554 2523 exemplum
2574 2453 2692 2523 ipsa
2732 2458 2874 2507 terra
2901 2447 3163 2518 suggerit.
3186 2446 3540 2517 Spontaneos

1940 2549 2151 2605 fructus
2202 2546 2469 2603 ministrat
2521 2562 2658 2618 quos
2690 2561 2799 2601 non
2847 2543 3082 2606 severis,
3112 2540 3540 2610 multiplicatum

1952 2658 2169 2715 quoque
2207 2640 2385 2697 reddit
2426 2639 2571 2711 quod
2621 2639 2915 2709 acceperit.
2966 2634 3179 2708 Negare
3230 2633 3325 2690 tibi
3384 2649 3549 2705 pecu-

1944 2739 2091 2794 niam
2122 2745 2462 2792 numeratam
2491 2749 2599 2790 non
2625 2733 2772 2798 licet,
2804 2730 3076 2803 quomodo
3107 2728 3236 2785 licet
3262 2737 3544 2797 acceptam

1948 2850 2059 2890 non
2093 2831 2297 2890 referre
2334 2828 2602 2903 gratiam?
2636 2825 2650 2865 ί
2685 2827 2741 2883 1η
2771 2824 3081 2897 proverbiis
3108 2837 3323 2895 quoque
3350 2820 3540 2888 babes,

1948 2926 2093 2997 quod
2123 2925 2195 2979 ita
2220 2924 2513 2995 plurimum
2541 2920 2838 2977 redhibitio
2863 2919 2960 2974 ista
2981 2918 3171 2988 gratia:
3198 2914 3340 2986 apud
3374 2916 3540 2971 Deum

1950 3020 2238 3076 consuevit
2271 3018 2497 3081 valere,
2548 3024 2606 3069 ut
2649 3013 2815 3070 etiam
2868 3015 2922 3067 in
2969 3012 3058 3067 die
3104 3010 3277 3066 ruime
3308 3010 3551 3065 inveniat

1952 3118 2177 3189 gratiam
2214 3112 2433 3185 quando
2464 3121 2689 3182 possunt
2722 3107 3141 3182 praeponderare
3185 3115 3431 3176 peccata.
3479 3105 3544 3159 Et

1953 3210 2080 3283 quid
2130 3209 2251 3264 aliis
2282 3217 2404 3263 utar
2432 3205 2724 3276 exemplis,
2755 3220 2882 3260 cum
2913 3202 3175 3258 Dominus
3223 3200 3339 3272 ipse
3367 3215 3550 3256 remu-

1955 3305 2291 3360 nerationem
2338 3299 2649 3357 uberiorem
2692 3309 3003 3355 sanctorum
3037 3296 3250 3351 meritis
3289 3295 3343 3350 in
3388 3294 3560 3348 Evan-

1955 3398 2100 3471 gelio
2138 3395 2497 3468 polliceatur,
2555 3400 2719 3462 atque
2765 3389 3089 3446 exhortetur
3144 3398 3201 3443 ut
3257 3402 3550 3457 operemur

1958 3492 2159 3547 bonum
2189 3504 2345 3558 opus,
2391 3486 2624 3542 dicens:
2657 3483 2912 3538 Dimittite
2956 3493 3005 3538 et
3047 3481 3332 3536 dimittetur
3372 3479 3549 3546 vobis;

1960 3584 2081 3638 date
2101 3592 2148 3637 et
2176 3581 2382 3635 dabitur
2402 3578 2581 3643 vobis;
2607 3580 2622 3628 l
2659 3593 2955 3633 mensuram
2979 3575 3184 3641 bonum,
3228 3582 3554 3639 commotam,

1959 3676 2415 3747 superefﬂuentem
2453 3672 2651 3727 dabunt
2701 3671 2756 3725 in
2798 3669 2970 3723 sinum
3007 3676 3234 3722 vestrum
3274 3665 3452 3737 (Luc.
3484 3681 3559 3733 vr,

1963 3770 2055 3831 57.
2083 3768 2219 3841 san

2039 3858 2163 3916 165.
2204 3860 2393 3928 itaque
2436 3866 2493 3914 et
2546 3855 2682 3911 illud
2728 3852 3038 3911 c0nvivium
3088 3850 3399 3907 Salomonis
3453 3869 3560 3908 non

1966 3951 2037 4008 de
2062 3949 2218 4015 cibis,
2244 3947 2343 4004 sed
2381 3948 2453 4005 de
2494 3946 2756 4017 operibus
2774 3953 2861 4001 est
2890 3944 3069 4000 bonis.
3119 3942 3238 4011 Quo
3272 3945 3418 4000 enim
3444 3962 3556 4000 nte-

1967 4048 2077 4103 lius
2109 4043 2400 4116 epulantur
2447 4041 2634 4107 animi,
2665 4056 2830 4113 quam
2876 4039 3032 4096 bonis
3064 4038 3220 4095 l‘actis
3246 4038 3271 4094 ‘.'
3298 4038 3408 4095 Aut
3436 4040 3564 4105 quid

1971 4136 2120 4207 aliud
2164 4147 2271 4191 tam
2308 4134 2471 4191 facile
2521 4142 2700 4207 potest
2737 4134 3012 4206 iustorum
3057 4133 3281 4205 explere
3332 4145 3569 4203 mentes,

1972 4248 2133 4304 quam
2163 4231 2288 4287 boni
2316 4230 2502 4300 operis
2527 4228 2859 4284 conscientia
2886 4227 3034 4295 ‘lQui
3066 4239 3247 4283 autem
3274 4230 3569 4299 jucundior

1975 4326 2151 4389 cibus,
2200 4339 2360 4396 quam
2392 4322 2579 4379 facere
2626 4321 2962 4378 voluntatem
3021 4321 3160 4377 Dei?
3189 4322 3362 4389 Quem
3390 4322 3570 4377 cibum

1979 4418 2084 4473 sibi
2114 4417 2293 4473 solum
2312 4415 2576 4472 Dominus
2587 4413 2868 4471 abundare
2885 4415 3232 4479 memoravit,
3249 4413 3573 4483 sicutscrip.

1983 4522 2091 4567 tum
2123 4519 2206 4567 est
2236 4510 2287 4566 in
2322 4508 2615 4581 Evangelio
2640 4524 2653 4561 :
2682 4506 2832 4564 Meus
2861 4507 3005 4562 cibus
3033 4515 3131 4572 est,
3167 4513 3218 4559 ut
3248 4506 3437 4577 faciant
3470 4521 3562 4560 vo-

1978 4606 2226 4660 luntatem
2248 4602 2425 4657 Patris
2442 4602 2539 4657 mei
2560 4602 2647 4671 qui
2676 4608 2752 4657 est
2770 4603 2821 4655 in
2851 4601 2978 4655 calo
3007 4597 3190 4673 (Joan.
3215 4614 3284 4654 tv.
3316 4596 3431 4670 54).

1972 4755 2138 4825 agros
2162 4740 2357 4825 fcrtiles
2375 4738 2481 4825 qui.
2494 4737 2656 4825 marito
2677 4737 2796 4811 plus
2816 4737 3047 4824 aderunt
3068 4758 3221 4825 quam
3243 4755 3567 4816 accrperunt.

2045 4821 2072 4860 ις
2100 4808 2261 4876 lbid.,
2293 4811 2387 4884 lin.
2411 4809 2481 4863 27
2510 4825 2531 4884 .f
2562 4808 2748 4884 Oenius
2778 4826 2937 4865 necne
2984 4813 3039 4866 in
3079 4808 3265 4867 nostra
3315 4808 3567 4884 potestate

1974 4893 2045 4937 est
2068 4898 2086 4936 :
2118 4898 2221 4935 non
2244 4880 2461 4934 reddere
2484 4882 2593 4934 viro
2615 4881 2751 4935 bono
2779 4896 2881 4935 non
2912 4884 3048 4938 licet.

2044 4956 2078 4996 ι
2105 4953 2308 5026 Omnes
2350 4951 2484 5026 edit.
2522 4960 2580 5006 et
2620 4953 2777 5026 pauci
2826 4966 3009 5026 ιιιβξιἈ
3038 4954 3191 5011 vitam
3219 4957 3426 5026 falsam.
3469 4959 3578 5015 Alii

1974 5025 2375 5106 φυέιοιιιετςεν
2402 5023 2564 5106 rita"!
2584 5023 2843 5106 [ιέιαοεηις
2874 5022 3038 5106 laxi»
3066 5022 3236 5106 ςαῦτά
3253 5031 3356 5106 γάρ
3386 5030 3571 5104 ἔχεται

1975 5094 2378 5185 taetrius:
2396 5096 2496 5185 e9:
2517 5094 2725 5185 f"..'.“';’
2751 5097 3029 5185 καὶπῶς
3058 5094 3212 5176 ἄρτος
3233 5094 3570 5184 ιὶειὶφμᾶτων.

1985 5167 2054 5221 Ει
2077 5166 2336 5221 continuo
2368 5175 2486 5235 post
2510 5167 2641 5221 edit.
2673 5166 2924 5243 ,φημι-ιλ,
2953 5166 3108 5237 quani
3133 5166 3258 5239 nos}
3285 5166 3402 5230 aliti:
3429 5191 3577 5243 quem

1986 5245 2263 5315 nos,_etc.;
2294 5251 2425 5315 mss.
2460 5252 2627 5315 prope
2641 5240 2707 5315 ad
2736 5254 2921 5315 unum,
2951 5256 3080 5309 quas
3105 5258 3220 5310 nos,
3253 5254 3353 5299 etc.

2064 5308 2079 5392 ξ
2108 5310 2267 5392 βοιιιι.
2300 5308 2449 5392 edita
2462 5309 2599 5368 Sola.
2631 5308 2700 5364 In
2726 5308 3230 5392 Salomoue‘quoque
3258 5316 3451 5373 Iubes:
3486 5320 3581 5375 sed

1985 5380 2614 5462 a‘utantbrosiuslocmn
2645 5384 2960 5462 memoriter
2977 5380 3295 5451 cilavit,aut
3326 5406 3430 5445 non
3457 5390 3581 5448 libri

1987 5451 2243 5537 tito-lum,
2250 5453 2345 5505 sed
2374 5451 3013 5537 materiatudesignavit;
3046 5468 3265 5537 constat
3289 5462 3433 5515 enim
3456 5477 3586 5529 pro-

1989 5522 2320 5606 verbialibus
2332 5522 2611 5606 sententiis
2627 5522 3053 5606 Ecclesiasticus.
3073 5527 3159 5582 lnl’
3158 5544 3212 5583 ra
3240 5546 3370 5586 vero
3391 5522 3586 5594 eadem

1990 5593 2160 5672 edit._,
2184 5592 2316 5647 illud
2354 5592 2724 5672 conviviumjn
2754 5596 3032 5672 provrrbiis
3070 5616 3172 5654 nou
3208 5601 3273 5656 de
3295 5602 3441 5672 cibis,
3468 5592 3585 5665 etc;

2068 5672 2081 5713 ι
2125 5662 2283 5719 Rom.
2313 5660 2441 5717 edit.
2477 5663 2614 5730 sola,
2643 5660 2940 5723 Mansuram
2978 5670 3167 5729 bonum
3200 5660 3508 5746 confertam.

302 5654 1052 5810 multa“.
1078 5729 1206 5800 557,
1230 5726 1414 5791 limit
1443 5744 1461 5785 :
1488 5726 1676 5787 Annon
1690 5725 1887 5785 imitari

186 6026 355 6051 ...Η-ὲ
