4030 6188
491 223 553 279 7|
1835 226 2084 287 SANCTI
2122 231 2445 290 AMBROSII
3734 238 3799 294 72

561 334 687 391 161.
721 334 834 392 lIoe
877 337 999 394 cibo
1046 337 1404 405 delectemur,
1432 338 1500 396 de
1527 354 1636 411 quo
1666 341 1741 396 ait
1768 340 2041 410 PrOpheta
2069 361 2080 396 :
2113 358 2167 418 Α
2191 347 2336 401 enim
2360 346 2588 418 suntqui
2609 345 2856 417 indigent
2883 345 3176 412 beneﬁcio,
3196 361 3359 418 quam
3391 346 3798 420 quiabundant.

485 427 753 486 Delectare
782 433 836 484 in
871 430 1090 485 Domino
1123 433 1144 504 (
1173 431 1322 488 l’sal.
1346 449 1532 501 xxxvi,
1567 432 1602 486 4
1627 436 1670 503 ).
1707 433 1819 489 lloe
1849 435 1972 490 cibo
1999 435 2096 491 de-

491 521 804 588 lectantur;
870 521 962 592 qui
1028 524 1344 593 superiores
1394 524 1794 581 delectationes
1860 525 2096 581 mirabili

497 613 718 686 ingenio
759 615 1333 684 comprehenderunt,
1364 617 1459 689 qui
1489 631 1716 688 possunt
1747 619 1891 674 scire
1921 620 2099 689 qualis

494 709 568 762 sit
625 706 714 760 illa
767 705 967 761 munda
1016 714 1074 762 et
1122 707 1484 780 intelligibilis
1533 710 1733 766 mentis
1781 711 2093 768 delectatio.

494 799 732 855 Edamus
786 815 916 871 ergo
976 816 1143 870 panes
1195 803 1512 873 sapientiae;
1582 814 1638 859 et
1684 815 1998 860 saturemur
2043 804 2097 858 in

492 895 660 950 verbo
687 894 815 961 Dei;
845 896 970 966 quia
995 912 1100 951 non
1131 897 1183 951 in
1215 896 1334 952 solo
1352 913 1515 968 pane,
1545 898 1644 954 sed
1676 898 1728 953 in
1753 899 1899 952 otnni
1929 897 2098 953 verbo

497 987 591 1044 Dei
641 987 749 1043 vita
807 999 891 1044 est
926 989 1163 1044 hominis
1217 990 1470 1061 factiggad
1517 991 1808 1063 imaginem
1861 991 1979 1046 Dei.
2023 990 2100 1047 De

495 1083 691 1153 poculo
727 1099 862 1140 vero
891 1085 1027 1140 satis
1057 1100 1316 1154 expresse
1341 1085 1474 1141 dicit
1503 1097 1730 1142 sanctus
1759 1085 1864 1140 .Iob
1895 1103 1911 1141 :
1946 1084 2103 1140 Sicut

492 1183 630 1228 terra
681 1185 989 1245 exspectans
1044 1177 1294 1246 pluviam,
1325 1179 1399 1232 sic
1440 1187 1488 1233 et
1539 1179 1626 1232 isti
1671 1161 1935 1232 sermones
1962 1194 2100 1231 meos

493 1263 656 1338 (Job.
681 1284 832 1338 XXIX,
859 1269 974 1335 25).

1035 1362 1267 1422 CAPUT
1317 1365 1541 1423 XXXII.

498 1454 779 1514 Prtemisso
835 1460 960 1529 quid
1001 1460 1182 1530 gratia:
1211 1459 1274 1514 ob
1325 1461 1594 1515 memorati
1631 1461 1847 1516 convivii
1900 1460 2102 1533 fercula

568 1550 636 1604 sit
677 1550 1025 1621 referendum,
1082 1553 1238 1607 varia:
1293 1553 1546 1608 reddendi
1595 1555 1833 1623 beneﬁcii
1869 1554 2102 1608 rationes

571 1652 904 1710 recensetur;
933 1644 1022 1698 ubi
1070 1656 1119 1699 et
1172 1646 1238 1701 de
1287 1647 1651 1702 benevolentiae
1679 1647 1852 1716 laude,
1900 1647 2102 1718 effectis

569 1746 721 1808 atque
740 1738 923 1792 ordine
949 1739 1242 1794 disseritur.

2273 439 2399 494 167.
2430 439 2523 494 Est
2552 447 2736 495 autem
2765 439 3148 496 benevolentia
3195 440 3360 495 etiam
3417 441 3710 512 conjuncta
3733 442 3801 498 li-

2200 533 2551 598 beralitati,a
2583 549 2689 604 qua
2745 535 2862 605 ipsa
2886 533 3193 591 liberalitas
3242 533 3628 605 proﬁciscitur,
3679 551 3800 592 cum

2201 623 2734 696 largitatisaﬁeetum
2764 626 3012 697 sequitur
3029 624 3467 698 largiendiusus:
3495 636 3550 683 et
3575 642 3802 696 separa-

2201 728 2253 774 ta
2281 731 2445 792 atque
2469 721 2725 777 discreta.
2743 721 2845 778 Ubi
2868 723 3014 777 enim
3035 723 3191 778 deest
3208 722 3532 792 liberalitas,
3562 724 3800 780 benevo-

2203 811 2366 867 lentia
2395 822 2598 881 manet,
2629 815 2936 870 communis
2986 815 3236 886 qumdam
3274 832 3472 886 parens
3512 819 3755 874 omnium
3781 859 3797 887 ,

2200 920 2320 976 qua:
2349 907 2639 962 amicitiam
2679 909 2951 964 connectit
3003 918 3056 963 ct
3086 907 3398 979 capulat:ll
3446 910 3499 965 in
3551 911 3799 969 consiliis

2203 997 2399 1063 fidelis,
2425 1000 2477 1054 in
2533 1001 2809 1070 pr05peris
2862 1001 3094 1070 laeta,in
3152 1001 3399 1058 tristibus
3447 1011 3679 1070 masta;
3744 1011 3800 1058 ut

2203 1093 2574 1164 unusquisque
2601 1093 2980 1148 benevolentis
3005 1109 3067 1150 se
3114 1093 3287 1166 magis
3315 1110 3477 1166 quam
3542 1094 3804 1166 sapientis

2203 1185 2392 1240 credat
2412 1185 2660 1241 consilio:
2685 1196 2746 1242 ut
2766 1186 2932 1242 David
2957 1201 3078 1242 cum
3102 1196 3244 1243 esset
3271 1187 3611 1258 prudentior,
3641 1187 3808 1244 Jona-

2206 1277 2312 1332 tha:
2340 1279 2784 1350 tamenjunioris
2838 1279 3089 1335 consiliis
3147 1279 3553 1352 acquiescebat.
3591 1291 3614 1320 ο
3649 1279 3806 1336 Tolle

2204 1387 2276 1427 ex
2310 1388 2412 1427 usu
2444 1371 2727 1427 hominum
2760 1373 3196 1430 benevolentiam
3219 1415 3233 1441 ,
3265 1383 3542 1445 tamquam
3573 1374 3746 1430 solem
3777 1391 3807 1430 e

2205 1467 2410 1523 mundo
2442 1467 2652 1532 tuleris,
2687 1467 2759 1522 ita
2791 1467 2897 1522 erit
2921 1484 2936 1534 ;
2960 1468 3082 1538 quia
3112 1471 3232 1524 sine
3263 1484 3327 1524 ea
3367 1484 3498 1524 usus
3519 1468 3806 1524 hominum

2205 1576 2329 1618 esse
2357 1577 2464 1618 non
2522 1570 2702 1632 potest
2729 1558 2755 1597 ἀ
2789 1571 2843 1616 ιιι
2867 1563 3235 1632 peregrinanti
3283 1572 3589 1618 monstrare
3617 1563 3759 1616 viam
3788 1601 3806 1629 ,

2203 1671 2462 1712 revocare
2485 1665 2783 1722 errantem,
2817 1665 2840 1692 ε
2873 1655 3092 1712 deferre
3123 1655 3445 1727 hospitium,
3479 1656 3610 1728 (non
3643 1656 3809 1728 igitur

2207 1750 2499 1806 mediocris
2521 1751 2722 1816 virtus,
2755 1750 2822 1804 de
2852 1765 2956 1820 qua
2985 1749 3089 1805 sibi
3143 1749 3438 1821 plaudebat
3487 1748 3591 1804 Job
3616 1750 3806 1804 dicens

570 1829 694 1886 165.
721 1829 1020 1887 Pulchrum
1049 1841 1134 1888 est
1187 1848 1318 1904 ergo
1345 1843 1402 1889 ut
1435 1833 1744 1890 divinarum
1793 1834 2100 1906 Scriptura-

2212 1843 2354 1917 (Job.
2379 1859 2527 1910 xxxx,
2553 1843 2672 1915 59.):
2701 1842 2858 1898 Foris
2907 1853 3078 1897 autent
3109 1860 3211 1898 non
3265 1841 3530 1897 habitabat
3585 1841 3797 1914 hospes,

494 1937 617 1978 rum
650 1923 1039 1980 humeseamns
1090 1925 1357 1996 alloquio,
1383 1937 1437 1982 et
1460 1927 1615 1998 quasi
1667 1942 1758 1982 ros
1784 1927 1949 1982 sicin
1999 1941 2100 1982 nos

494 2015 591 2073 Dei
623 2018 786 2074 verba
814 2018 1174 2075 descendant.
1197 2017 1333 2075 Cum
1386 2019 1552 2091 igitur
1598 2019 1817 2076 sederis
1851 2020 1918 2076 ad
1951 2020 2098 2076 illam

495 2126 742 2168 mensam
773 2113 1029 2184 potentis,
1060 2115 1307 2186 intellige
1335 2116 1457 2186 quis
1488 2116 1560 2171 sit
1588 2117 1691 2170 iste
1721 2127 1935 2187 potens:
1969 2126 2025 2171 et
2047 2116 2100 2171 in

495 2206 748 2276 paradiso
776 2206 1166 2264 delectationis
1217 2209 1472 2279 positus,
1535 2213 1786 2280 atquein
1846 2209 2103 2266 convivio

492 2307 781 2377 sapientia:
823 2309 1058 2374 locatus,
1087 2307 1377 2363 considera
1409 2323 1530 2379 quae
1587 2319 1938 2380 apponuntur
1981 2309 2096 2364 tibi.

489 2399 751 2469 Scripura
777 2399 963 2456 divina
993 2399 1308 2457 convivium
1340 2402 1629 2472 sapientiae
1651 2411 1738 2458 est
1771 2418 1784 2456 :
1814 2401 2014 2473 singuli
2037 2403 2104 2457 li-

492 2493 577 2550 bri
603 2493 818 2566 singula
845 2505 974 2550 sunt
1003 2494 1234 2552 fercula.
1261 2493 1374 2567 ﬂ
1394 2495 1648 2566 lntellige
1676 2497 1830 2568 prius
1855 2511 1978 2566 quae
2002 2495 2102 2550 ha-

494 2585 660 2643 beant
689 2587 1022 2645 ferculorum
1063 2587 1258 2660 dapes,
1307 2600 1363 2644 et
1394 2600 1523 2644 tunc
1579 2591 1737 2644 mitte
1766 2605 2012 2655 manum;
2046 2596 2106 2644 ut

496 2694 560 2735 ea
589 2695 712 2750 quae
740 2679 874 2750 legis
903 2679 992 2735 vel
1020 2695 1143 2749 quae
1165 2678 1368 2749 accipis
1391 2695 1422 2734 a
1443 2680 1675 2736 Domino
1696 2681 1810 2736 Deo
1831 2688 1949 2749 tuo,
1969 2696 2106 2752 ope-

496 2771 649 2827 ribus
670 2773 1015 2842 exsequaris,
1047 2783 1101 2829 et
1143 2773 1398 2830 collatam
1454 2775 1510 2830 in
1541 2783 1595 2831 te
1624 2777 1856 2847 gratiam
1906 2776 2105 2832 ofﬁciis

495 2875 881 2936 reprzesentes:
918 2875 976 2920 ut
1019 2865 1217 2922 Petrus
1245 2877 1300 2922 et
1346 2866 1570 2936 Paulus,
1603 2869 1694 2939 qui
1722 2869 2104 2939 evangelizan-

492 2956 565 3013 do
597 2958 770 3014 vicem
822 2958 1119 3030 quamdam
1160 2959 1400 3031 largitori
1431 2960 1676 3016 muneris
1713 2961 2100 3028 reddiderunt,

496 3060 555 3106 ut
583 3060 810 3122 possent
831 3051 1029 3122 singuli
1055 3051 1459 3108 dicerezGratia
1487 3065 1659 3108 autem
1692 3054 1791 3110 Dei
1816 3072 1932 3110 sum
1960 3054 2104 3126 quod

495 3161 632 3214 sum,
657 3153 705 3200 et
729 3145 900 3219 gratia
930 3148 1041 3219 ejus
1067 3162 1228 3219 egena
1252 3147 1305 3200 in
1339 3163 1417 3201 me
1439 3164 1540 3202 non
1562 3149 1686 3220 fuit:
1709 3149 1801 3203 sed
1825 3149 2102 3203 abundau-

497 3239 601 3295 tius
630 3240 738 3294 illis
767 3241 1004 3296 omnibus
1033 3241 1259 3297 laboravi
1284 3242 1327 3314 (l
1357 3240 1482 3298 Cor.
1506 3260 1600 3312 xv,
1632 3243 1747 3315 10).

573 3331 700 3388 166.
730 3331 888 3388 Alius
914 3348 1045 3404 ergo
1075 3335 1315 3392 fructum
1362 3336 1575 3407 accepti
1606 3335 1884 3404 beneﬁcii,
1922 3346 1980 3391 ut
2009 3353 2108 3392 au-

497 3440 618 3481 rum
646 3437 1096 3498 auro,argentum
1127 3441 1351 3500 argento
1377 3431 1647 3502 rependit:
1680 3430 1819 3485 alius
1841 3430 2104 3498 laborem,

493 3518 653 3587 alius,
671 3519 814 3574 haud
836 3519 951 3575 scio
969 3536 1036 3576 an
1065 3522 1228 3577 etiam
1253 3523 1606 3594 locUpletius,
1627 3532 1652 3560 ⁸
1673 3523 1848 3578 solum
1865 3524 2108 3580 restituit

491 3608 768 3668 affectum.
795 3611 935 3681 Quid
968 3613 1117 3669 enim
1145 3616 1192 3670 si
1216 3614 1480 3670 reddendi
1515 3614 1661 3670 nulla
1691 3613 1923 3671 facultas
1978 3631 2106 3687 sup-

495 3705 652 3776 petit?
677 3704 737 3761 In
767 3705 1034 3762 beneﬁcio
1065 3706 1357 3764 referendo
1383 3709 1504 3779 plus
1531 3708 1745 3762 animus
1779 3723 1941 3778 quam
1973 3724 2102 3764 cen-

493 3813 588 3855 sus
634 3809 932 3872 operatur:
964 3801 1248 3873 magisque
1279 3800 1663 3873 prteponderat
1700 3801 2102 3871 benevolentia,

493 3907 656 3962 quam
688 3894 1024 3964 possibilitas
1055 3894 1326 3951 referendi
1355 3909 1407 3949 m
1426 3895 1636 3950 uneris.
1660 3894 1846 3951 Gratia
1875 3897 2023 3951 enim
2050 3897 2103 3951 in

495 4002 561 4042 eo
583 3985 701 4058 ipso
732 3986 876 4059 quod
904 3987 1155 4055 habetur,
1190 3990 1445 4045 refertur.
1473 3989 1663 4061 Magna
1686 3988 1848 4060 igitur
1870 3989 2106 4046 benevo-

493 4077 658 4136 lentia
687 4121 702 4148 ,
737 4097 860 4152 quae
885 4083 1050 4137 etiam
1081 4081 1124 4137 si
1155 4080 1288 4136 nihil
1310 4081 1578 4149 conferat,
1611 4083 1730 4153 plus
1759 4082 1978 4139 exhibet
2004 4100 2020 4137 :
2049 4091 2104 4138 ct

493 4190 617 4232 cum
665 4175 717 4230 in
741 4174 1074 4246 patrimonio
1103 4175 1239 4231 nihil
1268 4177 1464 4231 habeat
1490 4216 1505 4242 ,
1541 4176 1771 4248 largitur
1817 4177 2096 4246 pluribus;

499 4272 660 4344 idque
681 4271 810 4328 facit
840 4273 960 4328 sine
986 4273 1098 4328 ullo
1124 4273 1208 4327 sui
1234 4271 1545 4342 dispendio,
1579 4280 1635 4326 et
1655 4271 1810 4327 lucro
1836 4271 2101 4327 omnimn.

495 4365 564 4420 Et
578 4365 701 4422 ideo
715 4375 936 4436 praestat
951 4365 1330 4422 benevolentia
1342 4380 1502 4436 supra
1517 4365 1685 4436 ipsam
1701 4365 2104 4420 liberalitatem.

495 4457 669 4514 Ditior
718 4457 837 4516 haec
885 4459 1346 4530 moribus,fquatn
1401 4457 1492 4512 illa
1537 4459 1890 4526 muneribus;
1919 4459 2104 4529 plures

566 4653 591 4682 ⁸
623 4642 736 4702 Cic.
758 4641 919 4700 Ollio.
943 4642 1039 4698 lib.
1069 4656 1129 4705 ιι,
1161 4654 1214 4709 p.
1243 4636 1368 4701 584,
1397 4637 1494 4693 lin.
1517 4637 1588 4692 ‘36
1616 4655 1629 4692 :
1661 4635 1928 4692 Nimirum
1949 4636 2087 4691 enim
2119 4640 2174 4702 D

491 4715 644 4785 inops
672 4717 781 4783 ille,
814 4717 858 4770 si
886 4715 1048 4768 bonus
1078 4721 1151 4766 est
1179 4711 1273 4776 vir,
1301 4710 1498 4764 etiamsi
1520 4712 1713 4785 referre
1735 4711 1956 4776 gratiam
1987 4725 2091 4762 non

489 4782 680 4860 potest,
712 4782 898 4860 habere
927 4794 1059 4860 certe
1084 4791 1271 4860 potest,
1284 4782 1563 4860 cantatode
1587 4789 1786 4860 autem,
1798 4790 1910 4860 etc.

565 4857 593 4899 ι’
613 4850 728 4916 Cic.
748 4858 903 4914 Offic.
935 4856 1029 4910 lib.
1058 4850 1099 4918 ι,
1129 4871 1180 4922 p.
1207 4853 1335 4919 558,
1366 4853 1462 4907 lin.
1491 4854 1562 4907 46
1591 4867 1605 4906 :
1630 4850 2094 4918 Consilia,sermo—

498 4945 609 5000 nes,
637 4930 1040 4992 cohortationes,
1053 4935 1178 5000 _etc.

573 4993 910 5058 c"l‘ranslata
940 5008 1023 5053 est
1053 4997 1170 5052 haec
1199 4996 1469 5051 sententia
1499 5012 1565 5050 ex
1588 4993 1701 5051 Cic.
1726 4995 1823 5050 lib.
1850 4994 1919 5050 de
1942 4995 2092 5050 Ami-

494 5073 646 5136 citia.
683 5091 734 5142 p.
769 5072 898 5134 425,
944 5069 1040 5124 litt.
1096 5067 1183 5132 18,
1233 5068 1322 5142 ubi
1356 5069 1585 5142 habetur
1620 5084 1632 5120 :
1668 5067 2017 5142 Solemuenim
2067 5082 2094 5120 e

498 5138 696 5198 mundo
717 5144 894 5200 tollere
925 5141 1142 5204 videtur,
1177 5141 1263 5209 qui
1294 5140 1576 5192 amicitiam
1599 5139 1756 5209 evita
1782 5138 1990 5192 tollunt.

569 5213 597 5252 ἀ
626 5215 740 5270 Cic.
773 5213 868 5270 lib.
897 5231 910 5268 ι
939 5211 1097 5268 Offic.
1129 5208 1338 5280 p.558,
1370 5210 1465 5264 lin.
1497 5212 1532 5265 5
1567 5226 1579 5261 :
1614 5208 1696 5263 Ex
1720 5225 1818 5279 quo
1849 5219 1966 5263 sunt
1987 5209 2091 5278 _illa

497 5287 790 5340 communia
824 5301 842 5340 :
891 5301 995 5340 non
1023 5281 1292 5355 pro/libere
1321 5298 1509 5352 aquam
1542 5281 1881 5350 profluentem
1924 5297 1942 5333 :
1984 5284 2094 5350 pati

498 5357 563 5412 ab
592 5359 729 5412 iane.
761 5368 867 5412 etc.

571 5375 952 5492 e'iiﬁétifées,
973 5426 1172 5495 deferre
1211 5425 1495 5488 hospitium
1524 5466 1537 5483 .
1570 5422 1702 5478 edit.
1725 5422 1882 5477 Rom.
1915 5421 2090 5495 conti-

499 5514 606 5556 nuo
633 5501 932 5570 subjungit,
963 5493 1247 5570 aquant_de
1269 5514 1403 5564 aqua
1431 5495 1708 5570 proﬂuenti
1739 5495 1886 5558 dare,
1909 5493 2088 5570 _lumeu

494 5571 558 5626 de
585 5564 778 5626 lumine
817 5564 1120 5624 decendere.
1161 5567 1360 5623 Verum
1412 5564 1534 5620 non
1564 5565 1698 5619 satis
1739 5564 2090 5617 attenderunt

494 5643 587 5712 qui
631 5643 682 5698 ei
721 5640 1075 5712 praafuerunt.
1111 5640 1209 5694 viri
1242 5637 1569 5712 do.:tissim_i,
1607 5635 1770 5712 verba
1800 5635 1924 5697 ista,
1962 5632 2088 5687 Non

496 5707 672 5786 igitur.
701 5707 833 5786 e'tc.,
863 5712 1148 5786 quamdam
1171 5725 1294 5786 esse
1319 5707 1668 5786 parenthesin
1693 5721 1814 5786 qme
1839 5719 2089 5786 percau-

499 5779 617 5850 sam
641 5779 953 5854 verborum,
983 5783 1182 5853 deferre
1202 5780 1500 5854 hospitium,
1532 5779 1841 5835 introducta
1875 5785 1978 5833 est.

2196 1942 2367 2012 janua
2393 1955 2506 1993 mea
2521 1939 2662 1993 omni
2689 1938 2912 1993 venienti
2937 1938 3166 2010 patebat)
3209 1953 3404 2006 aquam
3428 1937 3495 1992 de
3519 1951 3658 2006 aqua
3689 1952 3814 2007 pro-

2205 2033 2393 2088 fluenti
2420 2033 2574 2101 dare,
2607 2033 2792 2088 lumen
2817 2032 2885 2088 de
2903 2033 3106 2089 lumine
3127 2032 3451 2088 accendere.
3475 2033 3815 2089 Benevolen-

2206 2124 2280 2180 tia
2313 2123 2495 2195 itaque
2523 2126 2575 2180 in
2604 2124 2685 2179 his
2715 2134 2800 2180 est
2855 2125 3112 2181 omnibus
3133 2167 3147 2191 ,
3177 2133 3449 2196 tamquam
3493 2122 3613 2180 fons
3647 2138 3806 2196 aqua:

2205 2217 2460 2272 reficiens
2489 2215 2808 2280 sitientem,
2838 2228 2893 2271 et
2933 2226 3206 2287 tamquam
3261 2217 3444 2272 lumen
3476 2217 3621 2288 quod
3648 2217 3814 2272 etiam

2207 2310 2261 2366 in
2290 2311 2411 2366 aliis
2436 2310 2633 2379 luceat,
2661 2326 2761 2366 nec
2785 2311 2892 2366 illis
2915 2310 3058 2366 desit
3087 2351 3105 2379 ,
3131 2310 3224 2382 qui
3248 2309 3316 2366 de
3336 2325 3435 2366 suo
3459 2309 3666 2366 lumine
3693 2310 3816 2365 aliis

2207 2402 2390 2458 lumen
2412 2401 2788 2458 accenderint.

2279 2495 2404 2551 168.
2435 2496 2529 2550 Est
2551 2496 2714 2551 etiam
2744 2494 2832 2551 illa
2864 2494 3269 2551 benevolentia:
3310 2493 3636 2562 liberalitas,
3669 2504 3732 2550 ut
3761 2495 3808 2552 si

2204 2588 2352 2660 quod
2385 2587 2554 2642 habes
2577 2587 2842 2643 debitoris
2873 2587 3318 2659 chirographum,
3366 2587 3630 2644 scindens
3656 2589 3819 2644 resti-

2208 2690 2328 2736 tuas
2362 2720 2379 2748 ,
2437 2679 2572 2736 nihil
2625 2697 2654 2734 a
2708 2679 2962 2737 debitore
3028 2691 3357 2736 consecutus
3409 2679 3601 2736 debiti.
3658 2680 3818 2749 Quod

2205 2773 2463 2844 exemplo
2490 2771 2574 2828 sui
2606 2771 2788 2829 facere
2811 2789 2910 2828 nos
2940 2773 3142 2830 debere
3169 2772 3273 2830 Job
3303 2783 3531 2830 sanctus
3555 2773 3823 2831 admonet

2207 2865 2399 2939 (lbid.,
2419 2865 2489 2922 35
2509 2877 2558 2920 et
2589 2867 2746 2939 seq.).
2773 2865 2907 2922 Nam
2929 2868 3021 2939 qui
3051 2867 3240 2936 habet,
3270 2884 3376 2923 non
3398 2877 3698 2924 mutuatur:
3722 2869 3814 2940 qui

2207 2974 2317 3014 non
2361 2958 2566 3024 habet,
2599 2973 2705 3014 non
2761 2958 2961 3014 liberat
3011 2959 3397 3032 syngrapham.
3460 2961 3598 3027 Quid
3653 2959 3823 3032 igitur

2206 3055 2368 3112 etiam
2398 3055 2442 3110 si
2469 3057 2585 3126 ipse
2616 3071 2723 3111 non
2751 3056 2958 3127 exigas,
2988 3057 3169 3112 avaris
3195 3056 3504 3113 hazredibus
3533 3072 3816 3125 reservas,

2208 3163 2372 3219 quam
2417 3157 2572 3221 potes
2613 3163 2736 3204 eum
2793 3147 3191 3206 benevolentiae
3242 3150 3402 3207 laude
3454 3149 3575 3208 sine
3613 3150 3824 3208 damno

2212 3243 2457 3312 pecunia:
2490 3243 2924 3313 repraasentare?

2285 3335 2392 3407 45
2417 3333 2540 3390 169.
2585 3334 2763 3406 Atque
2791 3337 3078 3408 utplenius
3103 3336 3494 3405 discutiamus;
3529 3335 3547 3376 ί
3576 3336 3825 3394 benevo-

2210 3431 2375 3487 lentia
2403 3447 2430 3485 a
2454 3431 2770 3488 domesticis
2786 3433 3021 3502 primum
3046 3431 3290 3504 profecta
3312 3435 3582 3504 personis,
3599 3433 3650 3489 id
3669 3444 3778 3502 est,
3793 3451 3824 3492 a

2211 3523 2358 3590 ﬁliis,
2377 3523 2716 3593 parentibus,
2735 3523 3016 3590 fratribus,
3037 3541 3134 3596 per
3159 3525 3602 3597 conjunctiouum
3622 3528 3828 3600 gradus

2211 3615 2264 3670 in
2287 3615 2566 3670 civitatum
2585 3617 3138 3686 pervenitambitum,
3167 3625 3222 3673 et
3242 3618 3310 3674 de
3329 3617 3582 3689 paradiso
3599 3635 3827 3688 egressa

2209 3710 2469 3765 mundum
2525 3711 2778 3780 replevit.
2810 3712 3067 3790 Denique
3105 3728 3228 3767 cum
3276 3713 3328 3769 in
3359 3714 3480 3769 viro
3526 3723 3582 3770 et
3619 3713 3828 3770 femina

2209 3801 2627 3858 benevolentem
2655 3804 2798 3859 Deus
2820 3803 3103 3874 'posuisset
3133 3805 3388 3862 affectum
3407 3849 3422 3873 ,
3453 3806 3624 3862 dixit:
3655 3807 3828 3862 Erunt

2208 3895 2360 3949 ambo
2379 3896 2430 3949 in
2445 3912 2545 3950 una
2561 3912 2716 3950 carne
2738 3895 2892 3968 (Gen.
2918 3913 2977 3964 ιι,
3001 3896 3119 3970 26),
3137 3898 3262 3954 etin
3281 3914 3390 3954 uno
3417 3899 3632 3971 spiritu.
3670 3900 3830 3956 Unde

2210 4004 2271 4045 se
2301 3989 2412 4045 Eva
2449 3991 2688 4061 serpenti
2720 3989 2987 4055 credidit;
3023 3990 3278 4061 quoniam
3323 4007 3444 4062 quae
3487 3991 3830 4049 benevolen-

2213 4083 2343 4138 tiam
2376 4093 2690 4155 acceperat,
2720 4099 2842 4140 esse
2866 4084 3306 4141 malevolentiam
3330 4100 3438 4140 non
3470 4085 3821 4156 opinabatur.

2758 4176 2989 4235 CAPUT
3025 4177 3270 4233 XXXIII.

2211 4267 2628 4324 Benevolentiam
2666 4269 2720 4323 in
2751 4268 2988 4324 Ecclesia
3035 4271 3278 4335 maxime,
3313 4277 3360 4323 et
3402 4271 3704 4324 earumdem
3735 4278 3826 4325 aut

2410 4361 2639 4432 aﬁinium
2667 4363 2912 4416 virtutum
2943 4361 3234 4416 hominibus
3264 4376 3610 4428 perseverare.

2289 4454 2416 4511 I70.
2456 4454 2700 4528 Augetur
2732 4454 3110 4512 benevolentia
3136 4464 3284 4512 ccetu
3313 4464 3336 4503 ε
3369 4452 3664 4522 Ecclesitc,
3700 4455 3828 4513 fidei

2277 4636 2292 4675 ί
2335 4636 2452 4693 Cic.
2482 4635 2638 4694 Offic.
2673 4635 2770 4692 lin.
2805 4651 2843 4703 I,
2877 4651 3000 4708 pag.
3032 4635 3164 4703 557,
3196 4634 3293 4690 liv.
3317 4634 3386 4690 37
3420 4633 3678 4708 [Optime
3725 4652 3825 4690 ou-

2198 4719 2298 4762 tem
2327 4710 2546 4763 societas
2577 4707 2890 4774 hominum,
2915 4720 3023 4764 etc.
3061 4708 3218 4772 Item,
3245 4723 3366 4778 pag.
3398 4707 3506 4763 555
3527 4748 3542 4772 ,
3572 4707 3670 4760 lin.
3705 4708 3779 4762 16
3808 4726 3823 4762 :

2199 4781 2404 4834 Arctior
2459 4795 2577 4834 vero
2629 4780 2894 4852 colligatio
2950 4779 3212 4834 societatis
3260 4780 3826 4852 propinquorum..."

2201 4853 2370 4916 prima
2416 4851 2634 4906 societas
2681 4847 2900 4920 in'ipso
2958 4862 3032 4904 est
3074 4847 3494 4922 conjug'io,‘etc.
3545 4847 3658 4904 Nec
3711 4865 3825 4905 nun

2203 4923 2296 4978 lin.
2329 4923 2399 4978 40
2431 4939 2443 4974 :
2479 4922 2586 4978 Sed
2613 4922 2656 4976 si
2685 4922 2944 4977 contentio
2970 4922 3232 4993 quietiam.
3267 4931 3372 4976 etc.

2275 5004 2298 5038 ε
2320 4993 2480 5058 lbid.,
2511 4995 2787 5064 pag._558,
2819 4995 2914 5048 lin.
2943 4991 3013 5047 2'4
3040 5010 3055 5048 :
3091 4991 3342 5063 Magnum
3373 5002 3448 5047 est
3479 4992 3615 5064 enim
3641 4991 3828 5064 eadem

2200 5065 2418 5130 habere,
2461 5062 2841 5119 ethVidetur
2887 5071 3069 5118 autem
3120 5062 3218 5132 per
3263 5077 3427 5119 voces
3472 5063 3830 5134 percipienda:

2200 5137 2381 5208 gratia:
2393 5137 2770 5208 necessitudine
2781 5136 3120 5208 potissimum
3133 5148 3196 5208 ea
3219 5133 3423 5208 signari
3448 5135 3824 5208 necessitudo,

2200 5205 2321 5278 quac
2335 5211 2476 5262 inter
2488 5207 3008 5278 ordinantetnatqne
3023 5207 3362 5278 ordinatum,
3377 5205 3750 5278 baptizantem
3771 5215 3829 5262 et

2200 5275 2550 5349 baptizatum,
2576 5291 2675 5332 nec
2695 5292 2800 5330 non
2826 5275 2968 5349 inter
2989 5275 3420 5349 catechizantem
3437 5275 3488 5333 et
3505 5275 3827 5349 catechiza-

2201 5344 2315 5405 tum
2328 5348 2688 5411 contrahitur,
2705 5361 2811 5416 quo
2828 5346 2991 5402 etiam
3010 5344 3201 5402 referri
3219 5357 3400 5418 potest
3415 5364 3532 5418 qua:
3547 5347 3692 5401 inter
3706 5362 3831 5402 sus-

2197 5431 2450 5490 ceptores
2462 5427 2622 5488 atque
2635 5427 2920 5490 susceptos
2936 5420 3178 5490 nascitur
3195 5434 3352 5475 sacra
3377 5419 3645 5490 cognatio.
3664 5418 3828 5484 Qua-

2196 5488 2316 5548 rum
2340 5502 2518 5545 autem
2546 5488 2974 5557 appellationum
3004 5489 3261 5544 Eeelesim
3278 5488 3512 5546 societas
3529 5488 3684 5558 origo
3699 5502 3786 5545 est
3807 5533 3823 5558 ,

2196 5565 2424 5634 primam
2437 5560 2915 5634 dieitreverentiam
2929 5561 3160 5632 ﬁliorum
3172 5603 3190 5634 ί,
3211 5577 3315 5632 qua
3335 5562 3709 5634 videlicctnou
3731 5577 3826 5616 so-

2197 5631 2304 5690 lum
2353 5631 2646 5688 Christiani
2691 5632 2816 5687 laici
2843 5675 2857 5699 ,
2899 5634 2994 5689 sed
3030 5644 3084 5688 et
3134 5631 3318 5688 clerici
3358 5633 3822 5702 quoquecpisco-

2199 5722 2294 5777 pos
2337 5706 2510 5777 patris
2564 5703 2787 5760 nomine
2827 5705 3174 5777 salutabant,
3227 5715 3284 5758 ut
3333 5703 3512 5777 infra,
3555 5717 3677 5772 cap.
3722 5704 3824 5771 Η,

2205 5779 2418 5834 beatum
2457 5776 2670 5835 Sixtum
2732 5788 2812 5835 ter
2857 5775 3150 5848 compellat
3205 5791 3271 5833 eo
3317 5775 3536 5832 nomine
3590 5785 3826 5834 sanctus
