4030 6188
226 194 291 251 73
1233 191 1319 248 DE
1359 190 1647 251 OFFlCIlS
1688 191 2171 255 )llNlSTRORUM
2213 198 2340 253 LIB.
2388 197 2423 253 1.
3421 200 3488 258 74

220 309 485 377 consortio,
509 308 765 367 initiandi
790 309 1061 378 societate,
1090 313 1447 383 percipienda:
1470 316 1662 387 gratiae
1687 332 1786 374 ne-
1809 320 1864 381 Α

220 405 552 468 cessitudine,
601 402 990 476 mysteriorum
1025 405 1426 462 communione.
1465 407 1592 462 llmc
1630 407 1776 463 enim

224 498 367 554 etiam
426 497 821 566 appellationes
869 495 1362 560 necessitudinum.
1413 501 1775 555 reverentiam

226 593 450 656 filiorum,
475 588 859 645 auctoritatem
883 596 937 644 et
961 589 1214 660 pietatem
1237 600 1472 660 patrum,
1502 592 1771 662 germani-

223 693 363 741 tatem
382 684 594 739 fratrum
617 683 724 740 sibi
751 682 1047 738 vindicant.
1073 682 1298 738 Multum
1321 683 1485 754 igitur
1501 684 1568 739 ad
1585 699 1778 740 cumu-

222 778 409 834 landam
433 785 642 849 spectat
665 777 1098 835 benevolentiam
1129 777 1477 834 necessitudo
1501 781 1710 849 gratiae.

275 871 383 926 171.
422 870 693 940 Adjuvant
733 871 900 927 etiam
953 870 1160 940 parium
1202 879 1227 906 λ
1266 869 1444 926 studia
1492 869 1772 926 virtutum.

209 962 461 1035 Siquidem
504 963 883 1020 benevolentia
919 962 1082 1018 etiam
1118 978 1331 1018 morum
1361 963 1490 1018 facit
1521 963 1778 1019 similitu-

211 1056 388 1114 dinem.
409 1057 643 1129 Denique
661 1056 925 1112 Jonathas
942 1055 1085 1112 ﬁlius
1107 1055 1249 1128 regis
1270 1057 1582 1113 imitabatur
1605 1057 1777 1112 sancti

207 1151 353 1207 David
382 1151 874 1218 mansuetudinem,
927 1159 1147 1222 propter
1177 1152 1319 1222 qtiod
1349 1152 1609 1222 diligebat
1653 1167 1775 1208 eum

209 1245 262 1316 (l.
298 1246 412 1319 Reg.
443 1262 554 1314 xix,
590 1247 626 1301 Ξ
656 1257 703 1301 et
743 1247 895 1319 seq.)
931 1245 1084 1302 Unde
1127 1257 1181 1302 et
1213 1247 1346 1302 illud
1381 1265 1392 1300 :
1426 1245 1558 1301 Cum
1599 1257 1778 1301 sancto

203 1350 387 1394 sanctus
411 1342 508 1395 eris
531 1338 706 1412 (Psal.
735 1355 869 1405 ινιι,
895 1337 1014 1409 26),
1047 1357 1154 1395 non
1183 1340 1359 1396 solum
1388 1341 1454 1396 ad
1486 1355 1780 1396 conversa-

204 1431 406 1499 tionem,
439 1431 530 1487 sed
558 1433 723 1487 etiam
751 1431 817 1486 ad
841 1431 1280 1488 benevolentiam
1305 1432 1665 1488 derivandum
1695 1433 1778 1487 vi-

199 1523 356 1581 detur.
385 1524 515 1580 Nam
561 1528 747 1596 utique
772 1534 830 1581 et
876 1525 973 1580 hlii
1003 1525 1119 1582 Noe
1147 1527 1310 1582 simul
1356 1526 1696 1594 habitabant,
1727 1535 1781 1582 et

199 1631 293 1672 non
315 1627 424 1673 erat
448 1618 500 1673 in
521 1617 609 1674 his
632 1634 844 1674 morum
870 1619 1164 1674 concordia
1188 1618 1346 1692 (Gen.
1364 1636 1439 1685 rx,
1464 1621 1537 1674 εἳ
1556 1630 1602 1675 et
1625 1621 1774 1688 seq.l.

2420 316 2650 375 CAPUT
2697 315 2941 374 XXXIV.

1939 410 2059 465 Alia
2087 411 2340 466 nonnulla
2367 411 2733 466 benevolentia:
2755 410 3025 465 commoda
3053 419 3423 465 memorantur.

1955 507 2077 563 173.
2122 507 2512 563 Benevolcntia
2564 506 2727 561 etiam
2765 506 3004 577 gladium
3051 504 3345 560 iracundiae
3391 520 3488 560 ex-

1881 608 2140 670 torquere
2171 601 2478 656 consuevit.
2509 599 2903 655 Benevolenlia
2935 599 3058 654 facit
3093 607 3154 653 ut
3177 597 3333 653 amici
3362 599 3483 653 vul-

1881 706 2012 748 nera
2063 691 2218 748 utilia
2275 707 2438 762 quant
2505 692 2810 747 voluntaria
2863 691 3069 746 inimici
3124 690 3311 746 oscula
3377 689 3486 745 sint

1881 782 2068 852 (Prov.
2102 799 2268 851 xxvii,
2299 783 2378 855 6).
2413 783 2839 840 cBenevolentia
2871 781 3021 850 facit,
3048 791 3105 837 ut
3123 797 3265 838 unus
3293 781 3386 836 fiat
3415 797 3485 838 ex

1881 875 2157 946 pluribus;
2187 875 2442 947 quoniam
2476 877 2519 930 si
2551 876 2736 946 plures
2779 876 2939 930 amici
2971 875 3110 942 sint,
3146 889 3287 930 unus
3313 873 3482 940 fiunt,

1881 972 1937 1024 in
1964 970 2162 1040 quibus
2188 985 2326 1024 unus
2356 969 2580 1038 spiritus
2623 978 2678 1024 et
2716 984 2821 1024 una
2852 969 3123 1023 sententia
3162 977 3265 1023 est.
3313 967 3488 1024 Simul

1881 1064 2214 1119 advertimus
2252 1063 2415 1118 etiam
2451 1060 2475 1100 ά
2509 1063 2885 1132 correptiones
2929 1061 2983 1116 in
3031 1060 3262 1116 amicitia
3306 1071 3485 1131 gratas

1881 1171 2028 1222 esse,
2088 1171 2208 1226 quia
2261 1155 2482 1211 aculeos
2539 1155 2768 1222 habent,
2818 1155 3061 1211 dolorem
3113 1172 3217 1210 non
3263 1156 3483 1210 habent.

1880 1246 2310 1318 Compungimur
2340 1248 2487 1302 enim
2511 1247 2779 1303 censoriis
2808 1247 3177 1312 sermonibus,
3201 1247 3295 1303 scd
3323 1248 3480 1303 bene-

1881 1341 2133 1398 volentia:
2156 1340 2494 1396 delectamur
2514 1339 2825 1396 sedulitate.

1955 1434 2079 1489 174.
2122 1432 2202 1487 Ad
2235 1447 2502 1488 summam
2523 1473 2537 1497 ,
2569 1447 2675 1486 non
2708 1441 2731 1470 θ
2757 1431 3011 1488 omnibus
3038 1431 3228 1487 eadem
3271 1446 3480 1503 semper

1881 1526 2066 1583 officia
2095 1526 2386 1594 debentur,
2420 1541 2522 1582 nec
2567 1540 2927 1596 personarum
2972 1540 3211 1595 semper,
3245 1524 3340 1580 sed
3377 1527 3484 1596 ple-

1881 1636 2108 1691 rumque
2136 1635 2426 1674 causarum
2453 1629 2509 1674 et
2534 1629 2839 1689 temporum
2871 1620 3222 1689 praelationes
3249 1629 3398 1689 sunt,
3429 1629 3487 1676 ut

200 1707 505 1764 Habitabant
532 1710 698 1765 etiam
728 1709 781 1764 in
809 1710 974 1764 domo
1007 1711 1176 1780 patria
1211 1711 1352 1766 Esau
1379 1720 1435 1766 et
1466 1711 1651 1777 Iacob,
1680 1712 1774 1766 scd
1807 1720 1851 1780 Β
1880 1714 2119 1770 vicinum
2150 1715 2271 1784 quis
2301 1714 2573 1770 interdum
2615 1715 2786 1785 magis
2815 1730 2975 1784 quam
3008 1713 3230 1770 fratrem
3259 1714 3486 1785 adjuve-

200 1801 562 1872 discrepabant
589 1800 749 1875 (Gen.
775 1817 907 1867 xxv,
933 1801 1049 1874 ‘27).
1081 1802 1198 1857 Non
1223 1802 1370 1857 enim
1400 1813 1515 1858 erat
1545 1803 1782 1859 benevo-

199 1895 348 1954 lentia
381 1897 523 1953 inter
567 1911 666 1953 eos
688 1940 703 1965 ,
737 1911 856 1967 qua:
896 1897 1000 1951 sibi
1047 1896 1334 1967 praeferret
1374 1899 1604 1952 alterum
1639 1916 1651 1950 :
1685 1898 1779 1954 sed

201 1991 351 2062 magis
403 1991 730 2057 contentio,
777 2006 898 2061 qua:
953 1991 1277 2060 prieriperet
1340 1991 1777 2047 benedictionem

201 2079 336 2153 (Gen.
363 2098 541 2149 xxvn,
578 2080 652 2136 14
672 2091 721 2136 et
762 2080 917 2152 seq.).
950 2080 1082 2136 Nam
1126 2097 1249 2135 eum
1281 2081 1424 2137 alter
1475 2083 1778 2152 prtrdurus,

201 2173 323 2230 alter
344 2184 664 2231 mansuetus
688 2181 858 2239 esset,
890 2173 1034 2230 inter
1065 2174 1313 2244 dispares
1341 2189 1551 2241 mores,
1583 2183 1639 2231 et
1664 2183 1780 2231 stu-

202 2266 277 2322 dia
303 2268 749 2341 eompugnantia,
793 2266 1172 2324 benevolentia
1221 2282 1343 2324 esse
1388 2282 1496 2323 non
1544 2276 1780 2338 poterat.

201 2358 336 2417 Adde
361 2363 480 2432 quia
503 2370 736 2418 sanctus
762 2360 931 2417 Jacob
955 2371 1202 2432 paterna:
1229 2361 1557 2433 degenerem
1589 2362 1784 2420 domus

202 2459 366 2515 virtuti
395 2461 667 2532 praeferre
697 2475 805 2516 non
839 2469 1077 2531 poterat.

269 2553 376 2609 172.
415 2555 559 2612 Nihil
606 2565 788 2612 autem
819 2563 931 2610 tam
968 2554 996 2594 ι)
1035 2555 1437 2622 consociabile,
1465 2568 1628 2627 quam
1660 2569 1782 2611 cum

201 2648 430 2719 aequitate
445 2650 667 2722 iustitia
693 2669 706 2706 :
737 2666 858 2722 quae
880 2649 1028 2706 velut
1054 2664 1278 2721 compar
1307 2660 1361 2706 et
1383 2649 1530 2704 socia
1561 2648 1672 2722 46
1691 2649 1786 2705 be-

199 2742 521 2811 nevolentiae,
561 2742 693 2799 facit
725 2751 782 2798 ut
803 2757 900 2800 eos
931 2758 1068 2814 quos
1097 2757 1256 2814 pares
1287 2742 1445 2798 nobis
1473 2743 1781 2810 credimus,

197 2833 480 2907 diligamus.
512 2836 697 2892 Habet
741 2843 920 2892 autem
958 2837 1012 2892 in
1050 2851 1109 2892 se
1150 2835 1528 2892 benevolentia
1556 2877 1571 2901 ,
1618 2836 1784 2890 etiam

199 2928 593 2996 fortitudinem;
640 2945 766 2986 nam
813 2945 938 2987 cum
988 2931 1226 2986 amicitia
1280 2946 1347 2986 ex
1392 2929 1787 2986 benevolentiae

196 3023 327 3082 fonte
353 3026 652 3097 procedat,
686 3040 792 3082 non
832 3025 1050 3082 dubitat
1091 3041 1191 3096 pro
1233 3026 1410 3081 amico
1448 3027 1632 3097 gravia
1665 3026 1786 3080 vita?

1881 1809 1971 1864 rit.
2021 1807 2290 1874 Quoniam
2330 1816 2386 1863 et
2428 1807 2686 1863 Salomon
2733 1808 2908 1863 dicit:
2962 1807 3150 1864 Melior
3190 1809 3386 1864 vicinus
3431 1810 3488 1864 in

1881 1902 2140 1971 proximo,
2182 1917 2335 1971 quam
2376 1900 2538 1970 frater
2569 1900 2722 1972 longe
2765 1901 3001 1955 habitans
3031 1899 3229 1973 (Ibid.,
3274 1901 3386 1972 10).
3418 1900 3487 1957 Et

1882 1991 2007 2047 ideo
2039 1993 2360 2063 plerumque
2386 1992 2546 2048 amici
2573 2007 2632 2048 se
2656 1992 3052 2049 benevolentiae
3079 1994 3310 2066 quisque
3338 2009 3488 2051 com-

1884 2087 2074 2152 mittit,
2101 2101 2263 2156 quam
2293 2085 2478 2141 fratris
2506 2085 2917 2141 necessitudini.
2949 2087 3183 2141 Tantum
3219 2087 3361 2142 valet
3389 2087 3485 2142 be-

1883 2178 2216 2244 nevolentia,
2247 2188 2303 2234 ut
2331 2179 2650 2249 plerumque
2682 2181 2908 2250 pignora
2938 2180 3117 2234 vincat
3148 2191 3376 2237 naturae.

2437 2271 2666 2329 CAPUT
2704 2272 2925 2342 xxxv.

1885 2366 1965 2424 De
2001 2367 2304 2440 fortitudine
2352 2381 2466 2437 qua:
2491 2365 2739 2420 dividitur
2773 2365 2827 2420 in
2857 2365 3091 2420 bellicam
3131 2376 3282 2436 atque
3309 2367 3487 2421 dome-

1957 2461 2177 2516 sticam:
2201 2459 2422 2529 primam
2443 2458 2554 2512 sine
2561 2458 2770 2530 justitia
2784 2466 2829 2510 et
2848 2459 3124 2528 prudentia
3138 2459 3374 2513 virtutem
3387 2476 3490 2514 non

1959 2569 2067 2608 esse
2093 2567 2111 2606 :
2135 2552 2353 2606 alteram
2381 2551 2607 2605 maxime
2629 2551 2684 2604 in
2713 2550 2986 2604 tolerantia
3018 2567 3125 2604 esse
3155 2551 3395 2620 positam.

1961 2645 2084 2701 175.
2125 2644 2268 2701 Satis
2302 2645 2523 2713 copiose
2553 2643 2778 2713 justitize
2813 2642 2936 2698 loco
2983 2643 3193 2698 honesti
3245 2655 3491 2702 naturam

1887 2747 1942 2795 et
1970 2739 2079 2793 vim
2113 2736 2487 2792 tractavimus.
2522 2736 2673 2790 Nunc
2693 2735 2763 2790 de
2796 2733 3152 2790 ffortitudine
3177 2745 3492 2801 tractemus,

1886 2849 2007 2906 quae
2035 2834 2187 2889 velut
2212 2832 2482 2889 excelsior
2503 2833 2716 2886 ezeteris
2735 2874 2748 2897 ,
2783 2831 3044 2888 dividitur
3073 2833 3124 2887 in
3154 2850 3240 2889 res
3274 2835 3494 2893 bellicas

1889 2934 1944 2983 et
1971 2925 2321 2980 domesticas.
2377 2923 2486 2980 Sed
2519 2923 2837 2979 bellicarum
2868 2940 3047 2980 rerum
3071 2927 3310 2982 studium
3339 2944 3366 2982 a
3397 2946 3494 2984 no-

1891 3030 2008 3076 stro
2036 3018 2217 3074 officio
2239 3017 2350 3088 jam
2375 3015 2610 3071 alienum
2633 3014 2999 3087 47videtur,
3029 3021 3152 3090 quia
3183 3021 3345 3075 animi
3379 3038 3492 3078 ma-

196 3118 446 3175 sustinere
474 3118 728 3190 pericula
754 3135 767 3172 :
802 3117 866 3173 Et
890 3119 935 3173 si
957 3117 1096 3173 mala
1122 3118 1270 3186 mihi,
1307 3117 1504 3190 inquit,
1535 3118 1790 3173 evenerint
1818 3112 1862 3177 C
1893 3115 1976 3186 gis
2004 3129 2164 3184 quam
2201 3111 2451 3180 corporis
2496 3109 2680 3166 officio
2709 3110 3043 3168 intendimus
3071 3131 3083 3169 :
3119 3129 3220 3172 nec
3248 3115 3312 3171 ad
3343 3129 3492 3172 arma

197 3210 454 3280 perillum,
484 3211 722 3266 sustineo
749 3208 941 3283 (Eccli.
972 3225 1106 3277 χχιι,
1129 3209 1244 3282 51).

197 3368 518 3427 Laurentius.
580 3369 886 3426 Secundum
927 3385 1057 3426 vero
1101 3371 1292 3425 statuit
1331 3370 1690 3424 auctoritatem
1735 3378 1782 3423 et

198 3445 413 3513 pietatem
444 3454 695 3513 patrum,
724 3457 828 3512 qua
865 3457 1060 3513 nempe
1091 3441 1288 3496 ibidem
1331 3442 1515 3497 Sixtus
1545 3441 1781 3513 vicissim

198 3462 413 3513 ptetatem
482 3462 695 3507 atrum,
724 3462 828 3512 qua
865 3462 1060 3507 nempe
1091 3462 1288 3496 IDIUBHI
1331 3462 1515 3497 DIXlUS
1545 3462 1781 3496 VICISSIIII

197 3515 410 3582 appellat
434 3462 827 3576 taurentium,
871 3524 925 3568 et
951 3512 1272 3567 Ambrosius
1298 3529 1419 3566 eum
1452 3512 1649 3581 passim
1683 3512 1784 3566 hoc

197 3584 245 3658 in
271 3600 423 3658 opere
449 3585 864 3658 clericossuos,
890 3595 1000 3658 tum
1026 3585 1149 3639 alibi
1175 3585 1424 3658 pluribus
1445 3584 1579 3658 locis
1601 3598 1784 3658 sacras

197 3655 416 3728 virgines
456 3668 630 3729 atque
662 3657 850 3729 viduas
891 3655 1029 3710 ﬁlias
1064 3657 1307 3711 nominat
1331 3697 1344 3717 ,
1369 3657 1536 3729 quod
1556 3655 1784 3729 quidem

199 3727 295 3782 non
324 3730 499 3784 minus
533 3727 795 3798 'pietatisi
823 3741 945 3782 esse
985 3727 1513 3798 quamauctoritatis
1552 3727 1787 3793 ipsemet

199 3802 315 3854 satis
343 3797 609 3856 indicavit
635 3813 758 3868 cap.
782 3797 836 3863 7,
871 3798 957 3851 ubi
982 3800 1056 3851 ait
1081 3815 1093 3852 :
1130 3797 1315 3868 Neque
1339 3799 1471 3852 enim
1501 3799 1669 3850 minus
1698 3813 1785 3850 vos

202 3869 364 3944 diligo,
394 3889 522 3938 quos
559 3872 620 3924 in
660 3867 944 3944 Evaggelio
979 3871 1168 3944 genui,
1201 3867 1354 3944 quam
1383 3870 1427 3924 si
1460 3870 1515 3922 in
1545 3869 1786 3944 conjugio

202 3940 555 4013 suscepissem,
597 3951 707 3997 etc.
756 3940 940 3995 Tertio
981 3940 1196 4013 demum
1243 3943 1364 4013 loco
1395 3941 1786 4013 germanitatem

204 4010 399 4080 fratrum
422 4014 700 4076 collocat,
743 4028 851 4082 quo
891 4012 1154 4068 vocabulo
1198 4012 1397 4080 primos
1449 4010 1786 4064 Christianos

205 4086 448 4140 nominari
477 4084 841 4140 consuevissc
869 4098 934 4138 ex
960 4083 1097 4138 bene
1127 4083 1310 4138 multis
1335 4083 1656 4150 intelligitur
1686 4085 1789 4136 Ac-

206 4160 344 4280 ltrium
391 4157 776 4228 apostolorum
806 4195 819 4219 ,
877 4155 1373 4224 canonicarumque
1434 4153 1785 4223 epistolarum

225 4240 345 4280 ocis.

225 4240 345 4281 OCIS.

269 4303 294 4332 ⁸
328 4298 438 4353 Cic.
469 4298 636 4356 Ofﬁc.
670 4296 768 4351 lib.
804 4312 844 4361 t,
871 4311 921 4367 ρ.
951 4297 1077 4365 ⁸558,
1104 4297 1200 4352 lin.
1223 4296 1295 4351 25
1347 4314 1359 4349 :
1409 4296 1516 4352 Sed
1561 4295 1788 4367 ontnium

205 4369 493 4426 societatum
531 4369 686 4424 nulla
711 4365 1034 4436 praestantior
1050 4377 1258 4434 est,etc.
1284 4367 1414 4424 Item
1438 4369 1535 4423 lin.
1562 4368 1660 4423 30:
1690 4365 1789 4420 Ni-

205 4438 274 4493 hil
297 4452 461 4496 autem
484 4451 564 4497 est
589 4440 887 4507 amabilius,
915 4451 1020 4496 etc.

267 4509 292 4547 δ
330 4513 462 4567 Ibid.
485 4555 500 4578 ,
521 4512 714 4567 lin.‘28
743 4528 754 4564 :
791 4510 860 4564 Et
887 4527 1197 4583 quamquam
1226 4511 1390 4566 omnis
1420 4511 1581 4565 virtus
1603 4525 1694 4565 nos
1722 4507 1790 4562 ad

204 4597 251 4636 se
274 4584 453 4656 allirit,
490 4584 736 4656 facitque
753 4593 808 4636 ut
836 4583 1253 4656 egsdiligamus,
1284 4591 1392 4656 etc.

1890 3206 2001 3278 jam
2033 3212 2247 3276 spectat
2273 3217 2404 3259 usus
2426 3211 2635 3268 noster,
2667 3201 2766 3257 sed
2792 3203 2857 3256 ad
2882 3204 3032 3273 pacis
3061 3206 3294 3276 negotia.
3327 3208 3498 3280 Majo-

1888 3366 2091 3442 Aunot.
2126 3366 2177 3442 in
2210 3381 2332 3436 cap.
2374 3366 2881 3442 nr,_ma._vime_vero
2909 3367 2963 3420 in
3002 3382 3120 3421 χχιι
3168 3368 3371 3442 E_vang.
3402 3389 3487 3428 se-

1888 3438 2124 3495 enudum
2155 3437 2355 3491 Lucam
2388 3437 2620 3490 voluerit
2665 3437 2864 3490 licitum
2909 3453 3010 3491 non
3042 3455 3152 3493 esse
3182 3437 3490 3498 Christianis

1889 3510 2076 3565 bellum
2107 3525 2316 3580 gerere;
2346 3508 2972 3580 adversaequeiopinioni
3015 3520 3198 3565 notam
3234 3513 3493 3569 inusserit

1887 3579 2203 3651 impietatis.
2227 3579 2426 3634 Verum
2453 3580 2682 3651 ipsemet
2703 3579 2774 3633 ita
2799 3590 3033 3634 mentem
3057 3582 3289 3650 explicat
3309 3601 3482 3650 suam,

1889 3662 1944 3708 ut
1970 3649 2086 3707 sola
2126 3651 2561 3705 Christianorum
2609 3649 2660 3703 in
2705 3650 3046 3704 Christianos
3088 3649 3224 3704 bella
3275 3649 3489 3721 penitus

1888 3725 2129 3787 damnet,
2179 3721 2611 3777 Christianorum
2660 3731 2841 3776 autem
2877 3731 3064 3776 contra
3097 3722 3362 3780 Barbaros
3398 3741 3487 3781 ca-

1890 3803 2050 3850 tenus
2093 3794 2240 3847 dicat
2265 3808 2324 3847 se
2372 3792 2677 3860 approbare
2721 3808 2842 3846 cum
2887 3793 3205 3857 Ambrosio,
3241 3805 3296 3850 ut
3327 3797 3486 3854 simul

1889 3867 2182 3921 admoneat
2227 3863 2343 3916 haec
2385 3863 2498 3928 ipsa
2533 3863 2785 3930 puritatis
2830 3862 3159 3932 evangelica:
3190 3881 3295 3922 non
3341 3885 3484 3926 esse.

1890 3936 2144 4010 Attamen
2174 3934 2276 3989 hoc
2305 3949 2410 3986 non
2444 3934 2515 4010 ita
2550 3932 2750 4010 habere
2764 3933 2858 4010 _vel
2878 3933 3016 4010 hinc
3053 3934 3320 4008 intelligas
3342 3945 3482 4010 quod

1890 4008 1945 4063 bi
1979 4008 2220 4061 Caesares
2251 4019 2388 4076 quos
2415 4003 2486 4058 ob
2515 4011 2666 4074 gesta
2694 4003 2831 4058 bella
2876 4004 3123 4061 laudatos
3150 4003 3486 4069 ab'Anibro.

1890 4081 1972 4134 sio
2005 4079 2260 4153 Erasmus
2301 4085 2513 4153 narrat,
2564 4089 2671 4153 non
2701 4089 2892 4153 omnes
2923 4091 3137 4153 semper
3179 4097 3486 4153 pugnavere

1889 4161 2080 4227 contra
2112 4148 2397 4227 Barbaros.
2427 4147 2638 4227 Etenim
2671 4146 2927 4227 quiinter
2949 4149 3070 4227 illos
3099 4146 3376 4227 principes
3399 4174 3488 4214 or-

1889 4223 2072 4297 dinem
2101 4220 2252 4276 ducit
2281 4218 2652 4297 Theodosius.
2685 4218 2828 4275 bello
2870 4218 3159 4278 Maximum
3192 4218 3352 4297 atque
3379 4231 3486 4286 Ειι-

1927 4294 2108 4349 enium
2137 4302 2416 4364 tyrannos,
2439 4289 2776 4364 Christianos
2800 4299 3001 4364 tamen,
3033 4304 3117 4348 est
3148 4289 3480 4364 pers'ecmug.

1927 4309 2108 4349 cntum
2137 4309 2416 4362 tyrannos,
2439 4309 2776 4346 bnrlsuanos
2800 4309 3001 4359 tamen,
3033 4309 3117 4348 est
3148 4312 3480 4364 persecutus,

1889 4309 1961 4420 Et
1990 4372 2137 4419 certe
2179 4361 2314 4417 infra
2349 4361 2444 4416 lib.
2479 4377 2558 4424 ιιι,
2589 4375 2710 4430 cap.
2743 4362 2796 4426 5.
2830 4363 3028 4418 bellum
3071 4381 3099 4418 a
3145 4383 3204 4422 se
3238 4386 3345 4425 non
3386 4374 3486 4427 im-

1890 4437 2105 4512 probari
2151 4434 2207 4512 S.
2242 4433 2449 4512 Doctor
2472 4432 2648 4500 palam
2689 4432 2914 4512 indicat,
2944 4435 3033 4512 ubi
3071 4436 3144 4491 ait
3171 4439 3342 4512 :_Cum
3372 4445 3481 4512 gzo-

1890 4505 2085 4582 riosum
2116 4506 2391 4574 unicuique
2416 4505 2656 4582 ducatur,
2686 4505 2730 4557 si
2757 4506 2999 4582 periculis
3031 4509 3250 4582 propriis
3289 4505 3484 4582 quierat

1892 4580 2243 4650 universorum
2267 4573 2729 4650 tranquillitatem,
2758 4584 2863 4650 etc.
2893 4577 3048 4650 Quod
3078 4573 3239 4650 igitur
3264 4573 3486 4642 saueius

269 4665 290 4692 ε
330 4646 501 4751 ibid};
539 4646 649 4710 lin;
673 4653 745 4710 32
797 4674 809 4708 :
861 4646 1208 4726 Efﬁcititrque
1239 4653 1294 4707 id
1338 4653 1477 4724 quod
1517 4651 1788 4724 Pytltago-
1819 4647 2304 4751 Diligrtinqusl
2320 4646 3150 4751 gzi’l‘lgg‘ﬂllnf'ilrlﬂ‘ljlgllﬁinffftlis
3191 4657 3492 4751 esthtnili:

205 4739 298 4797 ras,
330 4733 434 4781 etc.
474 4716 486 4724 ’
709 4795 718 4797 Α
813 4796 820 4797 ί
912 4716 946 4725 ”
1123 4716 1135 4726 ’
1567 4716 1589 4724 ⁷
1693 4716 1712 4723 ν
1745 4795 1754 4797 _
1819 4716 2051 4797 "tiam,
2071 4717 2304 4788 Sulpitio
2320 4718 2520 4772 Severo
2541 4724 2699 4780 te5te,
2721 4716 2972 4797 abdicare
2991 4722 3253 4797 cogitans,
3276 4716 3490 4797 Christi,

267 4794 298 4871 (ξ
330 4797 490 4871 lbid.,
522 4798 622 4853 lin.
649 4795 724 4853 46
751 4815 762 4850 ;
796 4796 1069 4853 Interdum
1112 4798 1266 4852 etiam
1313 4795 1698 4870 objurgationes
1739 4795 1794 4848 in
1903 4793 2094 4871 inquit,
2109 4806 2199 4871 ego
2222 4803 2608 4871 sum,pugnare
2627 4803 2736 4871 non_
2756 4789 2881 4842 mihi
2907 4789 3188 4871 licem—hoc
3214 4789 3281 4871 ad
3307 4789 3490 4870 singui

208 4867 390 4940 amicis.
417 4859 525 4924 etc.
680 4939 687 4940 γ
1371 4859 1389 4870 ’
1467 4859 1490 4868 ⁷
1625 4937 1656 4940 Η
1903 4859 2072 4940 lar—em
2108 4859 2344 4940 Spiritus
2371 4863 2540 4911 sancti
2571 4859 2900 4940 impulsum,
2937 4877 3042 4940 quo
3091 4865 3182 4940 ille
3214 4868 3282 4940 (ad
3313 4859 3490 4940 ρρῖῖε-

275 4947 298 4974 ε
332 4928 493 5006 lbid.,
530 4942 630 4996 lin.
663 4939 774 4994 4'5:
809 4941 915 4997 Sed
953 4941 1035 4995 his
1080 4941 1316 4995 omnibus
1352 4939 1541 5012 ofﬁciis
1569 4937 1799 4993 tribuen—
1906 4935 2016 4990 tius
2046 4933 2341 5013 vocabatur
2371 4928 2640 5013 pugnandi
2672 4945 2870 5012 genus,
2910 4928 3101 5013 referri
3141 4928 3328 5013 debet:
3355 4942 3494 4998 Hinc

208 5009 301 5084 ﬁs:
332 5017 445 5084 93¢:
482 5003 488 5006 ⁷
706 5083 731 5084 7
762 5083 797 5084 ἡ
1173 5081 1193 5084 _
1294 5083 1319 5084 ﬂ
1387 5003 1420 5012 "
1468 5082 1474 5084 _
1906 5013 1990 5084 est
2016 5003 2159 5084 quod
2191 5003 2574 5084 imperatores,
2607 5003 2834 5070 quisuis
2871 5003 3060 5084 edictis
3076 5009 3295 5084 “milites
3330 5017 3494 5084 spiri-

1903 5077 1994 5132 tali
2021 5071 2121 5129 hac
2151 5071 2341 5129 militia
2369 5071 2732 5144 interdiitere,
2761 5088 2790 5126 a
2828 5075 3030 5130 sanctis
3075 5077 3321 5137 Patribus
3361 5071 3497 5144 libe—

1903 5148 2017 5204 rius
2044 5144 2310 5215 ohiurgati
2352 5151 2497 5216 sunt.
2531 5141 2680 5196 Alias
2705 5155 2887 5216 autem
2912 5145 2990 5198 eis
3015 5151 3105 5216 qui
3138 5148 3356 5212 Christo
3396 5141 3496 5215 no-

1906 5233 2031 5275 me"
2053 5213 2354 5288 dedissent,
2379 5213 2608 5288 liberum
2625 5228 2840 5288 semper
2860 5213 3319 5282 fuisse'armorum
3345 5213 3502 5288 usuin

1907 5291 1993 5346 vel
2025 5290 2127 5344 hoc
2147 5285 2536 5359 evincit,gquod
2566 5286 2753 5359 primis
2779 5289 3112 5359 temporibus
3133 5294 3320 5352 referti
3348 5285 3508 5359 erant

1911 5361 2174 5418 militibus
2202 5357 2518 5429 christianis
2542 5357 2814 5429 exercitus
2844 5357 3006 5414 etiam
3039 5363 3376 5424 ethnicorum
3412 5357 3513 5429 iiii;

1914 5442 2249 5505 peratorum.
2295 5427 2432 5505 Vide
2470 5427 2867 5505 :l‘ertullianum
2918 5430 3239 5505 de__Corona
3284 5427 3471 5500 militiis

1916 5490 2035 5580 san-
2074 5503 2170 5567 li:
2206 5505 2342 5580 Αμε-
2375 5498 2442 5580 (ξε
2470 5497 2589 5580 Inib-
2622 5497 2821 5580 έὶτιὶίὲτε
2845 5515 2965 5580 δερ·
2997 5501 3058 5570 5:
3089 5490 3524 5580 Sehn-363.32:

1918 5569 2339 5650 SJLaurentio;
2371 5570 2439 5624 de
2485 5569 2621 5650 Cive
2647 5570 2738 5623 Dei
2768 5571 2861 5626 lib.
2896 5572 2945 5635 1,
2993 5569 3125 5650 cap.
3162 5577 3254 5644 2t,
3299 5591 3354 5638 et
3391 5569 3532 5650 εἱΙίὺῖ

529 5643 1141 5737 ιηάυαίεεξιιρβθη.
1177 5653 1358 5737 lihva
1396 5649 1818 5737 Bibliotb..,a_u:
1923 5648 2166 5737 pluribus
2212 5643 2364 5705 locis,
2397 5651 2451 5696 et
2493 5648 2691 5708 praeter
2722 5649 2947 5700 caeteros
2988 5643 3352 5709 S."l‘homam
3401 5643 3536 5737 ’Ξ-Ξξ

224 5723 336 5776 not.
363 5721 473 5780 156
495 5763 515 5792 ,
549 5737 649 5779 nec
687 5725 800 5778 nun
829 5727 898 5777 ab
933 5724 1052 5777 aliis
1083 5723 1357 5780 nonnullis
1385 5763 1400 5789 ,
1431 5723 1586 5793 quasi
1619 5719 1674 5775 in
1705 5717 1819 5774 suis
1923 5734 1979 5788 q.
2015 5716 2106 5772 40.

592 5817 875 5881 Parnm.
925 5815 1094 5878 XVI.

2937 5813 2972 5872 3

276 5077 296 5118 ί
335 5081 500 5146 lbid.,
544 5097 670 5153 pag.
703 5083 840 5150 359,
877 5083 972 5138 lin.
1016 5084 1075 5138 11
1114 5099 1127 5138 :
1162 5081 1565 5154 Intelligendum
1597 5089 1670 5135 est
1697 5095 1795 5133 au-

211 5157 327 5219 tem,
353 5169 473 5208 cum
504 5154 774 5226 proposita
797 5195 812 5218 ,
838 5164 942 5210 etc.
981 5155 1134 5224 Quod
1167 5153 1486 5226 Ambrosius
1511 5165 1798 5226 armorum

177 5273 180 5276 .
209 5227 584 5296 tractationem
606 5224 831 5281 clericis
877 5226 1120 5281 illicitam
1147 5241 1269 5280 esse
1293 5224 1648 5296 patefaciens,
1681 5237 1804 5296 par-

212 5293 420 5348 ticulam
459 5299 582 5368 jam
619 5297 793 5351 semel
824 5307 877 5351 et
915 5300 1109 5352 iterum
1141 5298 1226 5352 hic
1255 5293 1539 5368 adhibeat,
1571 5293 1804 5368 manife-

213 5374 342 5438 stum
361 5363 582 5438 est'hoc
608 5368 772 5424 modo
795 5383 892 5424 eos
921 5369 1178 5438 distingui
1207 5369 1290 5422 vel
1315 5368 1384 5422 ab
1409 5367 1614 5437 antiqui
1638 5363 1808 5438 finde-

213 5435 686 5494 ﬂssaeerdotibus
731 5454 793 5494 ac
836 5440 1017 5494 levitis
1061 5435 1258 5509 quibus
1302 5454 1450 5493 arma
1486 5435 1631 5492 ferre
1660 5435 1811 5509 nefas

215 5517 468 5581 {alter-at,
498 5511 587 5581 vel
609 5511 795 5581 potius
823 5525 851 5562 a
883 5510 1035 5565 laicis
1058 5507 1403 5575 Christianis,
1427 5523 1566 5578 quos
1590 5507 1809 5577 quidem

217 5571 535 5650 Evangelia
562 5571 648 5637 le'x
671 5594 781 5636 non
815 5581 1065 5646 prohibet
1092 5597 1122 5635 a
1146 5581 1356 5636 militia.
1383 5571 1815 5650 Scimus-tamen
