4030 6188
439 264 510 321 79
1799 259 2047 320 SANCTI
2085 258 2416 322 AMBROSII
3680 265 3756 323 80

440 376 638 450 pendia
675 374 1029 433 fortitudinis.
1058 386 1083 413 ει
1113 375 1221 433 Sed
1244 373 1371 447 quia
1403 375 1458 431 in
1495 375 1749 433 omnibus
1778 393 1902 448 quae
1931 380 2046 448 agi-
2073 379 2126 441 Α
2156 379 2416 447 tionibus,
2452 378 2658 436 mundo
2685 378 2850 436 corde
2877 378 3021 448 quod
3049 391 3236 434 verum
3267 387 3317 434 et
3347 377 3636 434 honestum
3669 389 3757 435 est

446 487 610 535 mus,
659 484 768 524 non
814 467 986 524 solum
1034 466 1164 537 quid
1197 468 1484 524 honestum
1516 510 1530 535 ,
1577 469 1673 525 sed
1726 470 1888 524 etiam
1919 468 2048 540 quid

449 561 480 600 ι)
506 560 764 630 possibile
782 560 1178 630 sitquterimus,
1198 575 1267 616 ne
1293 560 1435 616 forte
1448 561 1826 632 aggrediamur
1844 561 2050 632 aliquid

451 653 598 724 quod
629 668 738 707 non
771 653 1040 723 possimus
1062 655 1312 726 exsequi.
1341 653 1498 711 Unde
1524 669 1622 710 nos
1651 663 1901 724 tempore
1931 671 2052 726 per-

449 746 751 804 secutionis
777 746 844 802 de
869 747 1169 802 civitatein
1193 747 1468 804 civitatem
1501 747 1806 804 concedere
1834 788 1848 811 ,
1884 749 2054 802 immo

446 847 506 894 ut
534 838 701 894 verbo
731 838 849 907 ipso
871 846 1015 905 utar,
1051 842 1230 910 fugere
1263 837 1478 911 (Matth.
1505 855 1561 903 κ,
1597 838 1690 908 95)
1725 839 1841 895 vult
1862 837 2055 892 Domi-

447 947 580 996 nus;
614 945 681 986 ne
709 939 916 986 temere
944 930 1144 1001 aliquis
1166 930 1295 986 dum
1342 930 1592 1001 martyrii
1631 929 1908 985 desiderat
1932 929 2052 1000 glo-

449 1027 613 1092 riam,
638 1022 835 1079 offerat
856 1037 916 1079 se
944 1023 1224 1094 periculis,
1245 1038 1365 1092 quae
1379 1023 1614 1078 fortasse
1626 1020 2056 1089 caroinfirmior,

442 1126 539 1173 aut
567 1116 849 1172 remissior
876 1115 1089 1170 animus
1118 1116 1266 1171 ferre
1290 1130 1355 1171 ac
1384 1115 1621 1171 tolerare
1653 1130 1760 1170 non
1790 1122 1974 1187 queat.

966 1207 1194 1264 CAPUT
1239 1207 1528 1263 XXXVIII.

443 1305 706 1361 Adversus
736 1306 918 1376 futura
961 1303 1289 1359 incommoda
1316 1311 1532 1358 mentent
1563 1302 1940 1357 exercitatione
1976 1318 2063 1356 ro-

519 1399 802 1454 borandam
825 1439 841 1462 ,
873 1414 964 1451 nec
1003 1413 1106 1451 non
1133 1395 1550 1466 conﬁrmandam
1593 1395 1936 1467 praesidentia
1974 1402 2064 1448 εει

519 1509 636 1566 qua:
662 1494 745 1546 hic
772 1493 1042 1547 incurrant
1063 1492 1443 1563 difﬁcultates?

524 1591 649 1646 I87.
693 1587 804 1643 Nec
837 1601 1027 1642 rursus
1074 1595 1300 1656 propter
1331 1597 1352 1624 ε
1385 1586 1652 1656 ignaviam
1702 1585 1898 1642 cedere
1942 1585 2065 1655 quis

453 1697 520 1740 ac
549 1683 814 1739 deserere
864 1681 1029 1736 fidem
1073 1680 1237 1736 debet
1265 1689 1411 1735 metu
1447 1679 1698 1750 periculi.
1745 1678 1860 1747 Qua
1893 1679 2063 1750 gratia

2155 471 2364 527 videat:
2391 471 2540 526 Beati
2561 473 2704 528 enim
2729 471 2925 526 mundo
2948 472 3119 535 corde,
3144 471 3264 542 quia
3285 471 3386 540 ipsi
3406 472 3560 525 etiam
3586 470 3756 524 Deum

2154 563 2394 649 uidebunt
2427 563 2646 637 (Matth.
2671 580 2728 630 v,
2753 562 2809 636 8)
2842 576 2862 618 :‘
2883 573 3044 635 atque
3086 564 3138 619 id
3171 563 3312 634 quod
3353 563 3642 619 honestum
3673 573 3760 619 est

2157 655 2336 710 solum
2393 655 2591 710 bonum
2636 653 2884 723 iudicet:
2923 655 3120 711 deinde
3165 655 3380 710 nullisn
3411 653 3761 725 perturbetur

2161 747 2637 818 occupationibus,
2667 748 2829 802 nullis
2855 747 3243 818 cupiditatibus
3266 747 3510 804 fluctuet.

2236 841 2359 897 I9I.
2402 841 2588 912 Neque
2637 857 2768 898 vero
2817 842 2869 897 id
2915 841 3074 897 facile
3119 845 3402 913 quisquam
3437 841 3584 897 facit.
3617 841 3762 911 Quid

2163 933 2310 988 enim
2343 943 2449 987 tam
2491 933 2712 988 difficile
2734 949 2896 1004 quam
2926 933 3196 1004 dispicere
3227 944 3498 1007 tamquam
3537 951 3602 990 ex
3633 951 3764 993 arce

2164 1023 2343 1093 aliqua
2373 1024 2658 1094 sapientiae
2686 1039 2842 1096 opes,
2877 1024 3093 1096 aliaque
3121 1026 3304 1081 omnia
3335 1042 3455 1098 qua:
3483 1027 3763 1099 plerisque

2165 1113 2418 1170 videntur
2465 1130 2654 1186 magna
2701 1123 2758 1170 et
2807 1116 3104 1186 praecelsa?
3135 1115 3343 1173 Deinde
3395 1126 3453 1172 ut
3497 1117 3763 1188 judicium

2169 1215 2317 1260 tuum
2361 1206 2544 1262 stabili
2576 1207 2792 1262 ratione
2839 1208 3131 1264 confirmes
3153 1249 3169 1276 ,
3198 1217 3255 1264 et
3281 1223 3403 1278 quae
3428 1208 3766 1279 judicaveris

2166 1297 2331 1365 levia,
2377 1308 2647 1369 tamquam
2691 1298 2820 1353 nihil
2859 1298 3144 1369 profutura
3171 1301 3527 1355 contemnas?
3556 1300 3769 1358 Deinde

2169 1399 2226 1444 ut
2248 1390 2294 1444 si
2326 1389 2454 1461 quid
2484 1390 2746 1447 acciderit
2771 1391 3012 1458 adversi,
3042 1391 3201 1462 idque
3227 1408 3390 1464 grave
3421 1403 3477 1450 et
3506 1396 3769 1451 acerbum

2172 1490 2412 1550 putetur,
2445 1482 2515 1536 ita
2545 1481 2712 1548 feras,
2744 1493 2800 1538 ut
2831 1483 2966 1538 nihil
2995 1492 3193 1553 praeter
3225 1496 3472 1541 naturam
3500 1487 3772 1545 accidisse

2172 1582 2354 1642 putes,
2377 1588 2497 1627 cum
2530 1575 2723 1644 legeris
2752 1593 2765 1630 :
2790 1573 2816 1611 ιι
2841 1573 3030 1630 Nudus
3060 1594 3172 1631 sum
3202 1590 3372 1648 natus,
3402 1581 3576 1637 nudus
3597 1583 3771 1643 exibo.

2176 1663 2305 1730 Qua:
2336 1661 2592 1719 Dominus
2622 1665 2794 1731 dedit,
2841 1664 3094 1722 Dominus
3133 1669 3344 1724 abstulit
3398 1671 3529 1744 (Job
3558 1689 3607 1738 t,
3632 1674 3695 1731 2i
3718 1675 3772 1749 );

453 1773 847 1846 praeparandus
895 1780 981 1827 εει
1027 1773 1241 1826 animus
1267 1813 1282 1838 ,
1319 1770 1630 1827 exercenda
1664 1787 1822 1826 mens
1844 1814 1858 1839 ,
1899 1769 2067 1825 siam-
2096 1779 2146 1840 Β
2172 1757 2359 1827 utique
2393 1766 2447 1810 et
2477 1757 2616 1811 filios
2647 1758 2912 1814 amiserat
2940 1769 2994 1814 et
3034 1760 3338 1817 facultates.
3383 1762 3690 1836 Servesque
3718 1766 3775 1824 in

452 1865 636 1922 lieuda
678 1865 744 1920 ad
773 1863 1134 1919 constantiam
1159 1903 1175 1928 ,
1227 1871 1283 1916 ut
1310 1862 1478 1917 nullis
1511 1863 1818 1932 perturbari
1851 1862 2062 1916 animus

451 1959 624 2029 possit
645 1956 971 2022 terroribus,
1007 1955 1169 2010 nullis
1201 1954 1379 2026 frangi
1409 1955 1696 2022 molestiis,
1748 1955 1911 2010 nullis
1936 1969 2064 2025 sup-

460 2050 636 2118 pliciis
662 2048 878 2104 cedere.
913 2047 1045 2116 Qtne
1072 2045 1298 2102 difficile
1318 2046 1536 2116 quidem
1563 2047 1904 2101 sustinentur
1930 2064 1943 2100 :
1966 2046 2063 2101 sed

458 2144 587 2214 quia
615 2143 801 2197 omnia
835 2140 1100 2210 supplicia
1147 2141 1460 2210 graviorum
1503 2139 1896 2210 suppliciorum
1947 2139 2066 2194 vino

458 2248 657 2293 cuntur
700 2233 1023 2301 formidine,
1076 2233 1200 2290 ideo
1250 2235 1293 2290 si
1327 2234 1560 2290 consilio
1591 2234 1772 2290 firmes
1822 2235 2064 2290 animum

460 2341 635 2394 tuum,
670 2344 769 2383 nec
795 2343 826 2383 a
848 2327 1061 2382 ratione
1083 2326 1474 2383 discedendum
1507 2336 1683 2394 putes,
1715 2336 1769 2382 et
1795 2340 2067 2397 proponas

459 2420 835 2490 diviuijudicii
868 2429 1069 2476 metum
1098 2462 1112 2485 ,
1147 2420 1394 2491 perpetui
1442 2418 1695 2490 supplicii
1745 2427 2021 2475 tormenta
2049 2459 2066 2487 ,

463 2526 623 2588 potes
651 2515 816 2570 animi
841 2514 1025 2570 subire
1055 2514 1422 2568 tolerantiam.

544 2609 666 2667 188.
713 2609 828 2664 Iloc
872 2609 1034 2679 igitur
1064 2606 1089 2644 ἀ
1118 2608 1414 2680 diligentiae
1457 2615 1578 2672 est,
1616 2619 1673 2662 ut
1716 2607 1838 2677 quis
1890 2605 1964 2661 ita
2011 2621 2072 2662 se

466 2701 931 2772 comparetzillud
959 2701 1184 2771 ingenii,
1215 2703 1259 2754 si
1289 2701 1410 2769 quis
1435 2708 1613 2769 potest
1646 2700 1838 2770 vigore
1873 2701 2073 2754 mentis

468 2792 770 2866 prie-ridere
801 2807 921 2863 qua:
948 2791 1124 2847 futura
1152 2799 1313 2858 sunt,
1344 2799 1399 2846 et
1429 2799 1699 2860 tamquam
1732 2799 1860 2846 ante
1886 2791 2075 2847 oculos

469 2887 661 2942 locare
691 2885 820 2955 quid
859 2884 1032 2955 possit
1064 2883 1318 2938 accidere
1340 2926 1354 2949 ,
1389 2891 1445 2936 et
1486 2882 1613 2952 quid
1647 2897 1808 2952 agere
1834 2880 2072 2949 debeat,

471 2979 514 3031 si
549 2978 619 3030 ita
654 2975 945 3042 acciderit,
980 2972 1243 3038 delinire;
1290 2973 1563 3029 interdum
1597 2974 1701 3045 51
1733 2973 1842 3028 duo
1886 2981 1940 3029 et
1973 2973 2077 3028 tria

471 3069 640 3124 simul
667 3068 888 3122 volvere
915 3067 1099 3121 animo
1121 3107 1136 3134 ,
1171 3083 1290 3137 qua:
1336 3066 1591 3137 conjiciat
1619 3076 1712 3120 aut
1748 3067 1957 3137 singula
1985 3075 2078 3120 aut

2172 1849 2428 1904 omnibus
2460 1863 2754 1919 personam
2786 1852 3056 1920 sapientis
3085 1861 3141 1906 et
3169 1852 3335 1921 justi,
3365 1853 3506 1908 sicut
3530 1854 3625 1910 ille
3659 1871 3780 1912 ser-

2169 1941 2319 1997 vavit
2351 1943 2442 2013 qui
2475 1943 2552 1997 ait
2581 1960 2593 1996 :
2621 1943 2772 1998 Sicut
2801 1941 3025 1998 Domino
3065 1946 3294 2016 placuit,
3329 1945 3403 1999 ita
3433 1949 3628 2017 factum
3655 1958 3729 2004 est
3759 1964 3780 2006 .'

2170 2033 2237 2087 sit
2265 2050 2453 2088 nomen
2484 2033 2698 2088 Domini
2719 2034 3043 2090 benedictum
3075 2033 3286 2104 (lbid.).
3322 2035 3394 2090 Et
3415 2035 3556 2092 infra
3585 2055 3598 2092 :
3624 2038 3778 2094 Sicut

2169 2141 2274 2178 una
2301 2125 2657 2196 insipientium
2709 2127 2982 2180 mulierum
3033 2125 3202 2180 locuta
3231 2143 3300 2181 es.
3339 2127 3400 2183 Si
3427 2127 3559 2182 bona
3598 2146 3778 2185 susce-

2171 2218 2340 2290 pimus
2362 2217 2427 2272 de
2453 2235 2607 2272 manu
2656 2215 2898 2284 Dontini,
2924 2234 3040 2290 qua:
3086 2218 3225 2272 mala
3268 2228 3386 2273 sunt
3421 2236 3522 2275 non
3551 2220 3780 2277 sustine-

2173 2314 2340 2367 bimus
2367 2311 2498 2385 (Job
2528 2329 2560 2367 ιι
2579 2355 2593 2378 ,
2621 2311 2746 2384 10)?

2701 2403 2934 2461 CAPUT
2974 2401 3220 2459 XXXIX.

2177 2496 2567 2553 Fortitudinem
2611 2496 2859 2552 adversus
2901 2497 3073 2550 omnia
3117 2496 3245 2550 vitia
3275 2495 3526 2552 dimicare
3557 2496 3779 2568 debere,

2246 2591 2503 2662 prwcipue
2519 2589 2765 2644 adversus
2787 2588 3060 2643 avaritiam
3083 2587 3258 2657 :quod
3277 2587 3330 2641 in
3351 2597 3530 2643 sancto
3552 2586 3653 2643 Job
3683 2589 3781 2645 do-

2249 2694 2392 2737 cetur
2423 2686 2637 2752 factum.

2266 2775 2387 2830 192.
2429 2774 2548 2830 Non
2579 2784 2664 2830 est
2695 2776 2859 2847 igitur
2889 2776 3181 2832 mediocris
3220 2792 3322 2832 nec
3359 2776 3592 2833 discreta
3622 2792 3653 2833 a
3676 2792 3784 2835 oze-

2181 2865 2311 2922 teris
2340 2865 2505 2920 animi
2536 2866 2820 2935 fortitudo,
2843 2884 2964 2938 qua:
2994 2867 3194 2926 bellum
3218 2884 3340 2925 cum
3369 2871 3666 2926 virtutibus
3691 2886 3786 2943 ge-

2180 2969 2263 3013 rat
2290 2977 2302 3013 :
2335 2958 2430 3013 sed
2461 2973 2583 3029 quae
2604 2960 2722 3014 sola
2742 2959 2994 3016 defendat
3027 2970 3350 3018 ornamenta
3373 2963 3635 3018 virtutum
3659 2979 3779 3019 om-

2180 3052 2354 3118 nium,
2374 3051 2646 3121 etjudicia
2669 3053 2967 3118 custodiat;
2996 3062 3186 3123 etqua:
3214 3052 3564 3123 iinexpiabili
3595 3055 3784 3125 prmlio

474 3160 769 3228 conjuncm
813 3156 1063 3212 accidere
1096 3171 1257 3226 posse
1279 3197 1293 3222 ,
1333 3166 1387 3212 ει
1419 3166 1512 3211 am
1555 3156 1783 3228 είηευιίς
1825 3166 1918 3211 θυι
1946 3171 2079 3212 con-
2106 3175 2152 3238 Ο
2182 3143 2445 3200 adversus
2476 3146 2657 3198 omnia
2689 3143 2819 3199 vitia
2854 3145 3145 3213 decernat,
3180 3147 3376 3202 invicta
3409 3148 3478 3202 ad
3523 3148 3741 3205 labores
3764 3188 3783 3218 ,

468 3248 676 3318 junctis
703 3247 1000 3317 disponere
1026 3255 1182 3301 actus
1212 3261 1349 3316 quos
1373 3247 1641 3317 intelligat
1669 3246 2000 3315 profuturos.

555 3338 679 3392 189.
713 3335 889 3390 Fortis
919 3350 1049 3404 ergo
1076 3343 1162 3390 est
1191 3336 1294 3389 viri
1323 3350 1431 3390 non
1454 3334 1805 3390 dissimulare
1828 3350 1953 3390 cum
1981 3337 2082 3391 ali-

478 3427 606 3497 quid
634 3425 936 3492 immineat,
967 3425 1061 3480 sed
1095 3426 1468 3495 praetendere,
1503 3436 1557 3481 et
1586 3437 1859 3498 tamquam
1889 3430 2082 3499 explo-

482 3535 607 3576 rare
639 3519 708 3574 de
745 3517 966 3588 specula
993 3519 1226 3589 quadam
1257 3521 1456 3574 mentis
1479 3562 1492 3584 ,
1538 3531 1593 3576 et
1623 3523 1846 3578 obviare
1877 3524 2082 3596 cogita-

479 3612 631 3665 tione
659 3609 883 3680 provida
914 3608 1075 3664 rebus
1106 3608 1324 3673 futuris,
1361 3619 1382 3646 ε’
1423 3626 1490 3665 ne
1520 3611 1663 3668 forte
1685 3613 1831 3670 dicat
1855 3598 2080 3686 poste-5':

481 3704 609 3760 Ideo
645 3705 742 3759 ista
779 3703 974 3769 incidi,
1008 3703 1132 3774 quia
1166 3718 1274 3757 non
1306 3704 1614 3762 arbitrabar
1643 3721 1803 3775 posse
1835 3710 2080 3766 evenire.

487 3799 728 3867 Denique
754 3797 856 3852 nisi
884 3797 1242 3866 explorentur
1271 3798 1522 3867 adversa,
1563 3800 1672 3856 cito
1699 3810 1987 3870 occupant.
2016 3802 2085 3860 Ut

490 3891 544 3944 in
580 3889 727 3945 bello
763 3889 1092 3959 improvisus
1123 3888 1298 3944 h05tis
1325 3891 1416 3945 vix
1447 3891 1778 3958 sustinetur,
1810 3901 1865 3947 et
1903 3896 1950 3948 si
1985 3894 2087 3948 im-

491 3992 707 4053 paratos
736 3983 995 4049 inveniat,
1027 3982 1183 4038 facile
1213 3984 1474 4056 opprimit
1507 4003 1519 4040 :
1550 3985 1623 4040 ita
1663 3987 1904 4042 animum
1944 3989 2084 4044 mala

489 4076 828 4145 inexplorata
855 4076 974 4146 plus
1006 4075 1282 4147 frangunt.

562 4167 725 4226 I90.‘
756 4170 812 4224 In
846 4170 930 4224 his
959 4170 1123 4240 igitur
1151 4171 1363 4228 duobus
1383 4173 1476 4227 illa
1507 4183 1588 4229 est
1611 4175 1775 4229 animi
1805 4176 2086 4232 excellen-

493 4263 564 4316 tia
584 4303 598 4329 ,
642 4271 701 4315 ut
732 4260 966 4331 primum
997 4263 1210 4318 animus
1239 4271 1363 4319 tuus
1391 4264 1550 4321 bonis
1587 4268 1858 4323 exercitus
1884 4269 2088 4340 cogita-

567 4410 593 4436 ιι
637 4398 733 4454 I-Iic
769 4397 928 4454 Rom.
976 4400 1108 4456 edit.
1161 4401 1501 4472 jugulaverat
1537 4403 1786 4458 voculam
1836 4406 1959 4471 quia
1986 4446 1999 4467 .
2035 4404 2170 4465 etD

498 4487 594 4541 pro
623 4471 904 4546 querimus
927 4513 942 4539 ,
991 4471 1248 4546 posuerat
1293 4490 1613 4542 quazramus;
1662 4476 1806 4546 quod
1836 4474 2093 4531 videlicet

494 4558 711 4598 sensum
736 4543 1139 4617 quodammodo
1167 4559 1495 4615 suspensum
1525 4543 1724 4617 efficiat
1768 4548 1986 4617 antiqua
2017 4548 2096 4602 le-

496 4618 603 4669 ctio
637 4632 648 4667 :
686 4629 872 4669 verum
911 4615 1161 4671 eamdem
1187 4631 1307 4670 cum
1337 4617 1458 4670 alia:
1486 4616 1617 4671 edit.
1648 4633 1710 4671 ac
1741 4631 1872 4671 mss.
1903 4615 2095 4673 omnes

498 4686 830 4758 exhibeant,
861 4685 1015 4758 nobis
1045 4687 1159 4741 visa
1191 4696 1275 4742 est
1316 4687 1369 4741 in
1418 4689 1685 4758 integrum
1728 4688 2089 4743 restituenda.

496 4757 672 4820 Quare
697 4755 978 4826 periodum
1004 4759 1074 4812 ita
1105 4758 1503 4826 interpreteris,
1531 4755 1586 4814 ut
1607 4759 1727 4826 ejus
1747 4773 1874 4828 pars
1903 4760 2090 4814 ultima

495 4828 582 4884 sit.
602 4844 662 4880 ne
693 4832 823 4896 forte
850 4828 1233 4897 aggrediamur,
1255 4839 1388 4893 etc.,
1416 4845 1536 4898 qua:
1564 4831 1726 4885 verba
1761 4830 2091 4886 tantumdem

497 4899 668 4973 valent
683 4916 766 4973 ,_::_c
783 4899 826 4952 si
847 4900 1194 4973 scriberetur,
1213 4917 1477 4973 caveamus
1500 4917 1562 4954 ne
1581 4902 1968 4973 aggrediamur,
1983 4913 2089 4958 etc.

566 4968 591 5006 ι)
632 4969 794 5042 Ibid.,
829 4985 950 5039 pag.
983 4971 1110 5037 561,
1145 4972 1239 5024 litt.
1268 4973 1340 5027 '5:
1374 4972 1454 5024 Ad
1474 4987 1581 5027 rem
1613 4968 1888 5042 gerendam
1919 4990 2092 5027 autem

493 5042 578 5110 qui
611 5041 829 5105 accedit,
859 5052 1036 5094 caveat
1057 5059 1123 5095 ne
1152 5043 1207 5095 id
1233 5042 1389 5096 modo
1417 5041 1732 5107 consideret,
1765 5053 1872 5097 etc.

569 5124 589 5184 ς
633 5111 791 5184 Ibid.,
815 5112 908 5184 lin.
937 5112 1008 5184 4A:
1038 5111 1227 5184 Inque
1255 5115 1366 5184 ipso
1388 5114 1821 5167 considerandum
1855 5124 1953 5182 est,
1982 5123 2086 5171 etc.

561 5179 585 5215 "
630 5181 764 5255 Ibid.
791 5181 1002 5255 ,‘Iin.__6
1037 5202 1050 5239 :
1086 5179 1152 5236 In
1195 5179 1430 5238 omnibus
1462 5194 1630 5237 autem
1675 5186 1893 5255 negotiis
1918 5179 1947 5250 ,ν
1980 5196 2088 5242 etc.

495 5252 624 5306 Item
661 5253 754 5305 liu.
787 5253 856 5306 47
885 5270 899 5306 :
930 5253 1107 5308 Fortis
1149 5269 1266 5309 vero
1295 5256 1458 5309 animi
1501 5265 1549 5308 et
1577 5252 1863 5310 constantis
1891 5265 1964 5309 est
1990 5273 2092 5312 non

493 5322 787 5394 perturbari
804 5365 821 5394 ,ν
851 5332 958 5377 etc.

569 5405 591 5430 θ
622 5390 866 5467 Cie._lih.
895 5396 916 5447 I
951 5394 1142 5450 :Offic.
1173 5412 1291 5467 pag.
1325 5397 1580 5467 56?..lin.
1614 5399 1639 5452 1
1667 5415 1680 5450 :
1710 5396 1822 5452 Nec
1851 5397 2090 5451 commit-

491 5475 593 5536 tere
615 5473 672 5536 tit
699 5465 980 5534 aliquando
1008 5465 1286 5522 dicendum
1311 5471 1375 5522 sit
1411 5485 1428 5521 :
1455 5466 1578 5521 Non
1612 5480 1869 5536 putaram.

561 5534 670 5608 {In
695 5536 828 5608 edit.
875 5536 1006 5592 Ben.
1051 5555 1334 5592 numerum
1369 5538 1472 5593 189
1526 5534 1824 5608 sequuntur
1872 5541 2093 5597 numeri

479 5605 611 5668 900,
650 5607 776 5671 20f,
809 5616 944 5673 etc.,
976 5609 1212 5663 evidenti
1250 5611 1470 5664 mendo.
1504 5605 1638 5664 lino.

555 5685 579 5750 β
606 5675 1309 5750 _'l'res_mss.,_perturbalur
1341 5679 1760 5750 cogitationibus.

480 5751 513 5824 ξ
543 5743 581 5817 ,δ
599 5744 735 5800 Cod.
753 5746 919 5815 Fisc.,
931 5743 1117 5805 Nudus
1133 5767 1364 5823 egressus
1375 5743 1489 5807 sitm
1509 5751 1573 5805 de
1586 5761 1728 5806 utero
1750 5751 1930 5808 matris
1945 5768 2088 5809 metu.

2186 3236 2347 3290 fortis
2372 3235 2436 3290 ad
2463 3236 2722 3306 pericula,
2756 3237 2986 3308 rigidior
3011 3237 3271 3294 adversus
3294 3238 3621 3310 voluptates,
3650 3240 3786 3297 dura

2187 3331 2453 3387 adversus
2483 3333 2792 3400 illecebras,
2828 3336 3029 3407 quibus
3060 3352 3247 3392 aurem
3279 3337 3492 3396 deferre
3538 3340 3786 3409 nesciat,

2188 3441 2288 3480 nec
2317 3425 2399 3497 (ut
2429 3426 2652 3498 dicitur)
2685 3443 2783 3483 ave
2807 3427 2980 3494 dicat;
3015 3429 3298 3498 pecuniam
3327 3430 3622 3501 negligat,i
3655 3446 3788 3486 ava-

2190 3517 2369 3573 ritiam
2413 3518 2584 3589 fugiat
2629 3529 2904 3590 tamquam
2951 3521 3128 3576 labem
3163 3523 3452 3592 quamdam
3481 3565 3494 3589 ,
3527 3539 3650 3590 quin
3681 3525 3787 3597 52

2190 3611 2446 3667 virtutem
2481 3611 2777 3668 effeminet.
2812 3612 2957 3668 Nihil
2988 3614 3134 3668 enim
3169 3622 3280 3670 tam
3311 3615 3644 3671 contrarium
3675 3616 3790 3671 for-

2193 3707 2405 3762 titudini
2429 3749 2444 3773 ,
2468 3722 2628 3777 quam
2662 3707 2814 3762 lucro
2845 3707 3012 3762 vinci.
3053 3707 3392 3779 Frequenter
3421 3709 3589 3780 pulsis
3619 3707 3794 3764 hosti-

2191 3801 2313 3865 bus,
2341 3809 2397 3856 et
2421 3801 2678 3855 inclinata
2707 3801 2759 3854 in
2785 3801 2962 3871 fugam
2985 3801 3425 3858 adversariorum
3449 3803 3564 3858 acie
3586 3801 3635 3870 ιε,
3659 3802 3791 3858 dum

2192 3894 2404 3950 exuviis
2436 3909 2704 3949 cursorum
2732 3895 2944 3965 capitur
2967 3897 3265 3965 prmliator,
3300 3897 3445 3951 inter
3475 3897 3624 3967 ipsos
3655 3910 3798 3966 quos

2191 3987 2414 4057 stravit,
2449 3988 2790 4045 miserandus
2820 3987 3111 4045 occubuit:
3147 3997 3202 4043 et
3234 3990 3526 4061 triumphis
3557 3989 3668 4044 suis
3691 3989 3796 4046 de-

2187 4079 2350 4150 iecta:
2383 4080 2628 4151 legiones
2653 4080 2781 4134 dum
2805 4080 2994 4151 spoliis
3025 4091 3383 4150 occupantur,
3416 4081 3628 4138 hostem
3650 4079 3707 4137 in
3733 4096 3802 4140 se

2191 4181 2610 4236 revocaverunt,
2643 4172 2734 4244 qui
2765 4173 2996 4243 fugerat.

2263 4265 2386 4322 195.
2429 4264 2713 4319 Fortitudo
2756 4263 2920 4335 igitur
2962 4273 3068 4317 tam
3117 4261 3410 4318 immanem
3453 4275 3664 4334 pestem
3697 4281 3793 4324 re-

2276 4400 2290 4438 ί
2336 4400 2562 4471 Benign.
2621 4407 2678 4474 et
2709 4397 2821 4474 alii
2870 4397 3156 4465 nonnulli,
3206 4397 3506 4471 inexplebili
3555 4402 3739 4474 praelia
3778 4420 3795 4461 :

2200 4473 2371 4537 Fisc.,
2400 4470 2756 4537 insuperabili.

2279 4544 2292 4596 i
2344 4544 2458 4600 Cic.
2494 4541 2650 4598 Offic.
2679 4542 2774 4596 lib.
2802 4542 2853 4605 1,
2889 4557 3010 4613 pag.
3035 4541 3164 4608 560,
3188 4542 3284 4597 lin.
3321 4543 3386 4598 15
3413 4562 3424 4597 :
3453 4544 3799 4611 Quamobrem

2200 4626 2248 4671 et
2277 4615 2389 4671 Ita'c
2413 4614 2622 4670 uitanda
2644 4624 2782 4675 sunt,
2817 4624 2864 4668 et
2884 4615 3138 4684 pecuniw,
3170 4623 3279 4670 etc.

2274 4685 2297 4724 ιε
2340 4685 2545 4741 Eodem
2571 4701 2733 4740 sensu
2762 4685 3022 4756 Polybius
3049 4687 3144 4742 lib.
3169 4703 3200 4740 κ
3233 4684 3437 4741 Histor.
3467 4691 3596 4744 :Koti
3621 4689 3802 4746 πολλοέ

2198 4758 2259 4820 δή
2282 4780 2411 4819 τινες
2437 4759 2867 4832 λξςᾳτορθὼσοξντες
2896 4759 3022 4832 ,τάς-
3052 4759 3386 4832 ἐπιϐολὰς....
3424 4761 3482 4814 οὐ
3518 4762 3668 4832 μόνόν
3694 4762 3803 4832 ἑξεῖ

2198 4851 2359 4886 πεσον
2379 4871 2391 4891 ,
2423 4830 2547 4884 ἀλλὰ
2575 4828 2688 4890 λινοῖς
2719 4828 2848 4901 ὅλοις
2886 4830 3188 4901 ἐρ-φᾲᾎησαν.
3225 4828 3539 4901 Exemplum
3564 4831 3683 4899 ejus
3713 4831 3799 4888 rei

2199 4901 2430 4967 ipsemet
2456 4900 2810 4972 suggeritlib.
2830 4915 2883 4952 v.
2907 4899 2962 4953 In
2991 4899 3226 4956 Xeumta
3247 4899 3502 4972 Antiochi
3536 4901 3802 4972 pra‘fecto

2198 4972 2434 5026 Molonis
2485 4971 2778 5040 perduellis
2828 4980 2943 5026 arte
2983 4972 3049 5025 ad
3099 4970 3550 5027 internecionem
3587 4972 3797 5028 deleto.

2195 5043 2314 5097 Alia
2338 5042 2685 5114 suppeditant
2705 5042 2948 5096 Justinus
2969 5041 3064 5096 lib.
3092 5058 3106 5096 l
3133 5045 3186 5114 in
3211 5042 3625 5114 CyroLftimyris
3649 5053 3802 5114 astu-

2199 5115 2268 5167 tia
2299 5111 2605 5184 profligato,
2647 5123 2810 5183 atque
2844 5123 3121 5184 truncato;
3151 5111 3316 5168 Cor'u.
3351 5111 3576 5169 Tacitus
3598 5113 3748 5184 libro
3779 5130 3800 5171 ι

2197 5183 2490 5239 Annalium
2543 5183 2593 5236 in
2623 5184 2885 5239 Armenio
2924 5183 3323 5238 Germanorum
3355 5184 3494 5241 duce
3522 5203 3551 5240 a
3580 5183 3802 5241 Caecina

2197 5254 2507 5312 Germanici
2537 5255 2740 5326 legato,
2764 5265 2818 5326 et
2847 5253 2936 5326 alii
2963 5255 3015 5308 in
3047 5253 3191 5309 aliis.
3226 5255 3358 5323 Quae
3393 5257 3612 5326 quidem
3647 5255 3802 5312 haud

2197 5323 2615 5389 annotaremus,
2633 5325 2741 5396 nisi
2761 5323 3200 5396 Christanorum,
3232 5327 3322 5395 qui
3357 5323 3566 5396 patrum
3592 5342 3803 5382 memo-

2200 5398 2272 5453 ria
2300 5398 2503 5452 Turcas
2531 5395 2671 5468 apud
2704 5395 2886 5468 Erlam
2923 5395 2974 5448 in
3013 5396 3282 5468 Ilungaria
3319 5395 3468 5453 fusos
3498 5415 3560 5452 ac
3592 5406 3804 5454 stratos

2197 5468 2456 5522 aviditate
2485 5465 2681 5538 prmdae
2721 5467 2774 5538 in
2805 5465 3242 5538 serrevocaru‘nt,
3288 5469 3516 5538 lugenda
3548 5470 3711 5523 simul
3743 5476 3806 5524 et.

2198 5539 2572 5596 erubescenda
2615 5536 2798 5606 clades
2827 5537 3150 5594 admoneret
3191 5536 3549 5606 imperatores
3579 5547 3807 5597 nostros

2198 5605 2901 5681 alienodamnolnihilofieri
2925 5612 3216 5665 cautiores.
3244 5605 3548 5665 Prudenter
3561 5625 3691 5681 ergo
3705 5627 3802 5667 rex

2199 5681 2363 5737 Israel
2407 5679 2442 5733 l.
2472 5695 2522 5734 tv
2557 5679 2692 5749 Reg.
2727 5695 2778 5734 c.
2810 5680 2864 5744 8,
2895 5695 2963 5734 ne
2985 5681 3086 5735 sibi
3123 5682 3315 5750 praeda:
3339 5679 3806 5738 occasioue'fraus

2201 5759 2527 5820 strueretur,
2547 5751 2927 5823 prospiciebat.
2947 5749 3617 5808 SimiliteretiamRomani
3633 5752 3804 5811 obset'
