4030 6188
425 239 499 296 85
1754 226 2010 291 SANOTI
2046 222 2374 289 AMBROBH
3666 224 3737 285 84

429 369 578 411 nunc
607 352 766 412 ludas
786 348 1077 409 Μαάκώαὴ
1107 348 1312 405 enituit
1340 345 1384 420 (Ι
1410 344 1585 404 Mm.
1616 360 1696 411 ts,
1724 344 1761 401 8
1787 356 1837 399 st
1857 343 2017 415 αφ).
2050 345 2098 409 Α
2129 352 2301 409 vet-at,
2334 343 2591 397 virtutem
2622 346 2868 395 auxerat.
2895 337 3048 393 Alius
3078 337 3315 408 linguam
3338 336 3523 406 jussus
3546 347 3741 406 ampu-

427 445 543 523 5‘.
568 447 621 504 Is
645 448 791 505 enim
814 451 938 513 post
965 443 1163 499 victum
1193 440 1519 499 Nicanorem
1568 441 1713 512 regis
1761 437 2027 495 Demetrii

429 543 651 606 ducem.
685 537 932 597 securior
970 538 1238 593 adversus
1291 534 1482 607 viginti
1526 533 1700 589 millia
1753 532 2029 589 exercitus

428 636 597 706 regis,
626 648 749 688 cum
775 630 1067 701 nongentis
1103 628 1237 684 viris
1282 627 1484 683 bellum
1534 626 1787 692 adorans,
1842 624 2031 680 volem

426 728 576 783 tibus
603 726 689 781 his
705 722 927 790 cedere,
956 736 1029 778 ne
1054 720 1403 777 multitudine
1416 719 1885 791 opprimerentur,
1912 716 2032 788 gle-

429 818 635 874 riossm
663 813 840 885 magis
866 821 1124 883 mortem,
1145 826 1313 883 quam
1336 819 1549 880 turpem
1591 808 1771 880 fugam
1816 808 2028 862 suasit:

432 904 521 964 Ne
542 906 762 974 crimen,
788 904 984 974 inquit,
1013 912 1206 958 nostra:
1234 901 1588 969 relinquentes
1610 900 1811 973 gloria.
1843 899 2032 970 itaque

430 996 728 1054 commisso
757 994 969 1067 prarlio,
997 1009 1123 1049 cum
1150 1008 1183 1049 a
1211 994 1387 1064 primo
1415 1000 1544 1049 ortu
1575 991 1687 1047 diei
1729 991 1785 1046 in
1834 1004 2029 1061 vespe-

430 1104 550 1144 ram
580 1087 952 1152 dimicaretur,
984 1085 1237 1142 dextrum
1259 1099 1456 1151 cornu,
1498 1084 1555 1138 in
1605 1097 1717 1154 quo
1762 1083 2034 1140 validissi-

429 1196 577 1237 mam
627 1194 850 1235 manum
908 1177 1142 1233 advertit
1193 1174 1472 1241 hostium,
1524 1188 1817 1246 aggressus
1872 1172 2032 1232 facile

434 1273 658 1329 avertit.
692 1271 798 1328 Sed
829 1270 959 1327 dum
990 1269 1258 1341 fugientes
1284 1267 1556 1334 sequitur.
1585 1283 1616 1323 a
1644 1277 1800 1339 tergo
1820 1269 2032 1325 vulneri

432 1366 614 1423 locum
645 1363 917 1436 praebuit:
953 1363 1025 1419 ita
1056 1370 1082 1400 ιι
1106 1361 1487 1434 gloriosiorem
1526 1360 1824 1431 triumphis
1852 1361 2032 1417 locum

433 1457 629 1514 mortis
653 1456 887 1515 invenit.

507 1548 637 1607 200.
674 1547 816 1617 Quid
851 1546 1138 1604 .lonatham
1185 1544 1412 1603 fratrem
1462 1546 1585 1617 ejus
1611 1553 1893 1613 atteram;
1940 1548 2033 1617 qui

434 1655 557 1697 cum
588 1655 754 1714 parva
778 1655 941 1696 manu
968 1638 1232 1696 adversus
1258 1640 1531 1697 exercitus
1555 1640 1736 1711 regios
1766 1652 2033 1710 pugnans,

2129 435 2345 492 tandem
2392 446 2676 504 proruere,
2733 430 3056 501 respondit:
3106 427 3224 485 Non
3255 429 3431 484 solum
3472 424 3740 485 Dominus

2128 530 2281 585 audit
2325 530 2640 601 loquentes,
2694 526 2787 595 qui
2840 523 3096 580 audiebat
3146 522 3369 596 Moysen
3438 528 3733 578 tacentem.

2132 622 2333 697 (Errod.
2364 634 2450 677 xiv
2469 661 2484 687 ,
2517 618 2634 691 15).
2661 617 2791 673 Plus
2817 617 2968 672 audit
3006 617 3197 672 tacitas
3222 614 3578 686 cogitationes
3607 626 3739 670 suo—

2130 732 2282 783 rum,
2309 729 2470 786 quam
2503 724 2669 767 voces
2694 711 2960 766 omnium.
2992 709 3211 779 Lingua:
3235 707 3508 779 flagellum
3538 707 3731 772 times,

2130 809 2406 881 ﬂagellum
2437 805 2716 877 sanguinis
2736 818 2851 858 non
2874 801 3082 858 times?
3107 800 3283 857 liabet
3300 808 3357 856 et
3400 800 3623 869 sanguis
3647 812 3744 853 vo-

2131 916 2251 958 cem
2284 914 2469 966 suam,
2503 912 2608 970 qua
2637 897 2839 953 clamat
2867 894 2936 951 ad
2962 893 3134 950 Deum
3156 936 3170 962 ,
3202 891 3347 950 sicut
3388 890 3648 948 clamavit
3686 889 3744 947 in

2134 995 2269 1052 Abel
2298 992 2466 1068 (Gen.
2498 1006 2583 1059 IV,
2626 989 2748 1062 te).

2202 1089 2332 1145 20%.
2373 1087 2510 1157 Quid
2554 1086 2622 1141 de
2649 1093 2824 1140 matre
2863 1082 3090 1154 loquar,
3122 1094 3247 1153 qua:
3293 1077 3578 1150 spectabat
3621 1077 3748 1134 laeta

2135 1179 2373 1236 ﬁliorum
2425 1188 2557 1249 quot
2589 1175 2780 1231 funera
2833 1182 2911 1229 tot
2967 1171 3240 1242 trophtea,
3286 1178 3344 1227 et
3394 1167 3750 1226 morientium

2136 1273 2362 1328 voclbus
2397 1279 2672 1340 tamquam
2704 1266 3046 1337 psallentium
3077 1263 3326 1319 cautibus
3345 1259 3743 1331 delectabatur,

2137 1365 2563 1439 pulcherrimam
2596 1362 2801 1418 ventris
2826 1358 2909 1415 sui
2938 1359 3205 1414 citharam
3239 1358 3291 1412 in
3325 1356 3449 1411 filiis
3475 1368 3743 1424 cernens,

2137 1469 2193 1515 et
2234 1457 2453 1530 pictatis
2492 1454 2833 1511 harmoniam
2881 1453 3029 1508 omni
3074 1451 3207 1524 lyra:
3257 1461 3487 1505 numero
3537 1448 3753 1505 dulcio-

2132 1566 2249 1609 rem
2278 1550 2362 1625 (ll
2395 1547 2640 1604 Machab.
2678 1548 2784 1613 vn,
2805 1544 2877 1601 90
2916 1556 2964 1600 et
2994 1556 3101 1614 seq.
3122 1542 3191 1615 )?

2206 1640 2333 1700 903.
2375 1641 2514 1711 Quid
2546 1641 2615 1697 de
2645 1649 2670 1680 ο
2701 1638 2925 1695 bimulis
2965 1638 3188 1709 loquar,
3222 1635 3312 1707 qui
3342 1640 3469 1691 ante
3506 1634 3747 1706 palmam

435 1733 688 1790 desertus
715 1748 745 1787 a
777 1728 912 1801 suis,
943 1742 997 1787 et
1022 1747 1146 1789 cum
1169 1732 1382 1789 duobus
1402 1740 1610 1790 tantum
1634 1732 1861 1789 relictus
1879 1747 2037 1804 repao
2067 1744 2116 1811 Β
2141 1739 2387 1797 victor-im
2430 1744 2757 1808 acceperunt
2784 1777 2797 1801 ,
2848 1746 3010 1804 quam
3043 1747 3267 1789 sensum
3319 1729 3564 1785 naturas?
3606 1728 3747 1799 Quid

437 1826 579 1882 ravit
613 1825 841 1893 bellum,
864 1825 1065 1881 avertit
1088 1824 1299 1881 hostem
1326 1862 1342 1893 ,
1375 1824 1667 1897 fugitantes
1692 1840 1827 1883 suos
1848 1826 1921 1881 ad
1946 1841 2040 1881 suo

438 1922 691 1981 ciclatem
715 1920 998 1978 revocavit
1018 1920 1281 1992 triumphi
1303 1923 1327 1976 1

509 2012 636 2069 201.
680 2014 863 2071 Habes
886 2013 1259 2071 fortitudinem
1283 2013 1560 2082 bellicam,
1584 2014 1638 2071 in
1661 2030 1766 2085 qua
1796 2029 1904 2071 non
1928 2030 2040 2072 me-

440 2106 642 2163 diocris
670 2105 882 2165 honesti
915 2121 981 2163 ac
1004 2106 1190 2165 decori
1214 2106 1387 2163 forma
1429 2115 1555 2174 est;
1605 2107 1757 2178 quod
1808 2116 2039 2164 mortem

440 2197 689 2255 servituti
715 2198 968 2266 praeferat
982 2212 1049 2253 ac
1070 2197 1413 2267 turpitudini.
1447 2196 1589 2264 Quid
1608 2208 1790 2253 autem
1810 2199 1879 2253 de
1899 2208 2044 2253 mar-

443 2301 620 2362 tyrum
643 2291 820 2348 dicam
847 2291 1232 2361 passionibusi
1272 2291 1340 2349 Et
1380 2307 1449 2349 ne
1490 2292 1703 2363 longius
1723 2306 2042 2363 evagemur,

441 2401 556 2445 non
610 2386 852 2443 minores
882 2385 952 2441 de
999 2385 1236 2456 superbe
1264 2400 1396 2456 rege
1430 2385 1705 2442 Antiocho
1743 2385 2045 2442 Machabtei

446 2476 474 2517 ι’
492 2476 1503 2549 puerirevescrunttriumphos,quam
1530 2488 1784 2547 parentes
1811 2478 2042 2549 proprii.

446 2571 725 2643 Siquidem
775 2572 853 2626 illi
893 2572 1133 2638 armati,
1184 2572 1272 2629 isti
1322 2571 1445 2629 sine
1490 2573 1659 2628 armis
1711 2573 2047 2639 vicerunt(li

446 2664 693 2721 Hac/tab.
726 2681 822 2730 vtt,
856 2667 879 2721 1
936 2675 986 2720 et
1024 2666 1183 2734 εει).
1218 2665 1386 2723 Stetit
1430 2666 1631 2722 invicta
1674 2676 1882 2737 septem
1917 2683 2049 2737 pne.

448 2774 631 2813 rerum
661 2761 881 2824 cohors,
921 2759 1085 2830 regiis
1115 2760 1293 2814 cinctu
1340 2759 1643 2830 legionibus
1677 2779 1689 2814 :
1731 2761 2050 2819 defecerunt

447 2850 737 2920 supplicia,
765 2859 1051 2906 cesserunt
1094 2859 1355 2918 tortores,
1402 2868 1512 2909 non
1552 2852 1875 2910 defecerunt
1906 2870 2050 2911 mar-

452 2952 619 3013 tyres.
649 2943 803 3001 Alius
826 2942 1036 3005 corium
1062 2945 1257 3014 capitis
1293 2954 1493 3002 exutus
1515 2985 1529 3011 ,
1589 2947 1826 3016 speciem
1880 2959 2051 3005 muta.

2139 1836 2209 1890 de
2234 1841 2425 1889 sancta
2454 1833 2638 1901 Agne,
2668 1842 2789 1900 qua:
2816 1830 2868 1883 in
2900 1828 3130 1883 duarum
3156 1823 3510 1881 maximarum
3561 1832 3746 1880 rerum

2141 1929 2314 2000 posita
2338 1925 2617 1998 periculo,
2648 1924 2919 1979 castitatis
2944 1930 2999 1978 et
3031 1921 3222 1977 salutis
3242 1961 3257 1985 ,
3282 1919 3587 1975 castitatem
3620 1932 3750 1991 pro.

2140 2021 2271 2077 tesit
2293 2062 2307 2085 ,
2338 2020 2571 2075 salutem
2596 2028 2719 2072 cum
2743 2014 3150 2071 immortalitate
3174 2011 3571 2069 commutavit?

2210 2112 2343 2171 204.
2384 2114 2500 2169 Non
2554 2121 2941 2183 praetereamus
2989 2111 3153 2167 etiam
3197 2118 3446 2165 sanctum
3504 2102 3753 2164 Laurea»

2142 2210 2277 2263 tium
2298 2249 2313 2275 ,
2355 2207 2449 2278 qui
2491 2218 2615 2262 cum
2645 2205 2858 2261 videret
2883 2202 3116 2276 Xystum
3147 2201 3461 2274 cpiscOpum
3493 2214 3651 2257 suum
3683 2196 3753 2256 ad

2144 2300 2467 2373 martyrium
2493 2300 2653 2367 duci,
2685 2299 2822 2355 tlere
2841 2297 3043 2368 coepit,
3077 2311 3184 2351 non
3211 2295 3518 2365 passionem
3536 2298 3541 2305 ‘
3562 2293 3712 2350 illius
3734 2337 3753 2363 ,

2145 2395 2240 2452 sed
2264 2409 2417 2449 suam
2447 2392 2867 2449 remansionem.
2910 2391 3093 2461 Itaque
3138 2389 3221 2444 his
3251 2386 3433 2444 verbis
3477 2386 3756 2458 appellare

2147 2488 2317 2558 ctepit
2351 2505 2365 2543 :
2393 2486 2511 2554 Quo
2544 2480 2892 2556 progrederls
2930 2481 3052 2538 sine
3078 2480 3224 2549 lilio,
3258 2491 3446 2551 pater:
3489 2494 3617 2550 quo,
3666 2494 3756 2535 sa-

2148 2582 2343 2638 cerdos
2370 2586 2582 2646 sancte,
2608 2580 2727 2635 sine
2755 2577 2988 2633 diacono
3020 2586 3281 2647 properas
3308 2570 3416 2646 55
3439 2571 3757 2629 tquNum-

2150 2686 2310 2745 quam
2343 2670 2672 2729 sacrificium
2698 2671 2818 2725 sine
2847 2668 3101 2724 ministro
3130 2666 3326 2722 olerre
3365 2676 3751 2721 consueveras.

2151 2767 2278 2839 quid
2314 2768 2365 2820 in
2396 2780 2482 2821 me
2505 2779 2636 2835 ergo
2667 2762 2971 2833 diSplit-uit,
3003 2769 3156 2831 pater
3178 2762 3202 2801 ν
3242 2758 3379 2815 Nunt
3426 2757 3757 2830 degenerem

2153 2861 2394 2931 probasti
2419 2858 2441 2913 1
2475 2857 2738 2929 Experire
2763 2869 2912 2912 certe
2937 2866 3117 2911 utrum
3159 2854 3414 2910 idoneum
3444 2852 3756 2909 ministrum

2153 2953 2409 3025 elegeris.
2437 2949 2535 3008 Cui
2564 2949 2887 3006 commisisti
2922 2947 3191 3003 Dentiuici
3219 2944 3248 2984 ἀ
3292 2945 3571 3017 sanguinis
3619 2958 3758 3002 conv

521 3184 548 3213 ι
592 3174 806 3231 Erasm.
838 3188 900 3230 ac
931 3188 1046 3245 seq.
1072 3173 1204 3231 etlit.
1235 3188 1356 3230 cum
1390 3189 1521 3230 mss.
1569 3172 1780 3232 duobus
1800 3216 1815 3243 ,
1858 3176 2051 3247 glorio-
2077 3178 2124 3244 C
2158 3193 2344 3247 verum
2374 3175 2537 3232 etiam
2572 3177 2625 3231 in
2655 3177 2761 3247 vita
2790 3172 3268 3247 sancti_Laurcntii
3297 3216 3311 3240 ,
3340 3182 3398 3229 ut
3434 3171 3663 3247 habetur
3700 3175 3757 3231 in

452 3249 639 3303 siorem
670 3247 949 3315 triumphis
974 3252 1210 3302 mortem.

522 3319 550 3358 ι)
589 3318 707 3373 Non
743 3323 918 3388 pigeat
946 3317 1200 3375 cunferre
1230 3318 1367 3373 hanc
1398 3319 1769 3374 narrationem
1805 3318 1872 3374 de
1907 3335 2052 3376 mat»

453 3392 592 3461 tyrio
622 3389 848 3461 fratrum
872 3390 929 3461 M
948 3388 1309 3461 tcllalliIfOl'lllll
1335 3405 1457 3445 cum
1485 3389 1799 3446 earumdem
1827 3391 2051 3449 historia

450 3458 544 3515 lib.
581 3478 615 3515 ιι
642 3458 710 3516 de
738 3459 905 3515 Jacoh
925 3467 989 3532 et
1012 3458 1134 3515 Vita
1168 3460 1323 3515 beata
1354 3476 1454 3531 cap
1480 3461 1565 3525 ll,
1599 3462 1756 3515 latius
1779 3464 2051 3532 exposita,

453 3545 553 3587 nec.
584 3542 690 3586 non
725 3544 848 3585 cum
882 3531 986 3585 illis
1016 3542 1134 3600 cap.
1182 3546 1298 3599 seq.
1347 3542 1496 3586 num.
1529 3531 1599 3587 53
1620 3573 1634 3594 ,
1668 3531 1890 3587 verbis:
1928 3534 2058 3598 Qui:

449 3606 652 3658 cithara
678 3603 936 3658 dulciores
965 3602 1129 3658 ederet
1151 3613 1349 3666 cantus,
1384 3614 1489 3657 etc.
1515 3620 1530 3669 ;
1584 3603 1902 3674 videbisque
1923 3606 2059 3661 alte-

455 3690 569 3730 ram
601 3675 761 3744 alteri
790 3674 1117 3744 excutitlraris
1144 3674 1264 3730 loco
1286 3674 1454 3730 fuisse
1488 3676 1844 3744 propositam.

529 3756 550 3784 ο
590 3742 831 3800 Infantes
883 3742 1138 3815 intelligit
1183 3761 1211 3815 a
1271 3742 1500 3800 bimatu‘
1532 3742 1603 3799 et
1640 3743 1784 3799 infra
1830 3745 2059 3804 Herodis

450 3817 604 3886 jussu
636 3816 971 3881 trucidatos,
1002 3814 1137 3885 quos
1166 3814 1431 3872 Ecclesize
1456 3815 1674 3871 traditio
1700 3831 1918 3886 semper
1955 3835 2058 3873 uu-

451 3891 686 3943 tueravit
730 3889 873 3959 inter
930 3897 1219 3959 martyres.
1287 3886 1408 3942 Non
1449 3889 1805 3958 incongruum
1847 3890 2062 3946 scilicet

457 3973 582 4015 esse
629 3958 896 4015 creditum
951 3958 1165 4029 esuut
1212 3959 1408 4028 quibus
1452 3960 1520 4016 ad
1570 3961 1777 4029 peccati
1817 3960 2059 4018 debitum

454 4031 630 4085 aliena
687 4031 937 4085 voluntas
968 4028 1288 4097 suﬂ'ccerat,
1341 4032 1424 4088 eis
1468 4028 1629 4086 etiam
1673 4030 1945 4087 sufficeret
1994 4033 2061 4089 ad

456 4102 644 4172 gloriae
675 4104 929 4157 meritum
958 4101 1133 4156 aliena
1156 4143 1184 4172 ,ν
1205 4099 1256 4155 id
1288 4109 1406 4169 est,
1450 4102 1651 4157 Christi
1682 4104 1956 4169 voluntas,
2008 4114 2063 4159 et

458 4171 743 4241 parentum
769 4172 962 4244 dolor:
996 4171 1220 4237 Quando
1253 4172 1449 4244 Rachel
1487 4172 1707 4244 ploravit
1752 4175 1890 4241 ﬁlios
1918 4191 2061 4244 suos,

456 4254 514 4297 ut
543 4242 1018 4318 tacrymisablutos
1052 4244 1297 4318 _suis_pro
1325 4242 1531 4318 Christo
1569 4243 1779 4318 cieri-ct
1805 4242 2063 4318 infantes,

459 4313 868 4389 ut_Att_tbrosius
888 4316 1031 4389 ipse
1042 4313 1289 4389 loquitur
1321 4314 1486 4389 epist.
1531 4317 1598 4389 ad
1629 4313 2018 4389 iiorgntianum
2044 4313 2059 4387 ς

460 4384 592 4439 olim
626 4385 679 4437 in
702 4393 811 4439 vet.
835 4383 967 4455 edit.
1001 4384 1091 4449 39,
1125 4382 1287 4455 quam
1318 4382 1445 4442 inde
1467 4385 1706 4442 avulsam
1737 4382 1895 4447 Rom.
1926 4382 2061 4445 edit.

448 4457 605 4511 inter
632 4454 1023 4511 Bnarratienes
1061 4456 1113 4510 in
1146 4454 1408 4514 ’Genesim
1447 4459 1803 4514 collocarunt.
1856 4460 2068 4515 Habue-

462 4539 590 4585 runt
614 4526 748 4582 varii
785 4527 880 4583 SS.
909 4527 1098 4583 Patres
1127 4542 1410 4585 sermones
1435 4529 1486 4584 in
1519 4530 1753 4585 natalem
1777 4530 1876 4588 SS.
1908 4534 2066 4586 inno-

2159 3244 2384 3321 legenda
2415 3246 2779 3321 Lomgbardica
2805 3244 2939 3321 lacu
2962 3245 3270 3321 Genueusis
3296 3257 3491 3321 excusa
3514 3240 3759 3321 liorem-

2160 3316 2313 3400 btirgi
2347 3336 2437 3374 an.
2466 3318 2625 3400 “$7,
2657 3320 2886 3400 legimus
2914 3318 3174 3400 Dotttinici
3202 3317 3470 3400 sanguinis
3489 3316 3760 3400 dispensat

2159 3388 2389 3449 tioucm:
2418 3391 2561 3460 quod
2591 3388 2806 3459 quidem
2836 3389 2976 3445 hattd
3012 3389 3118 3446 levi
3150 3388 3345 3444 indicio
3388 3398 3473 3442 est
3498 3390 3755 3460 ._slicnbi

2161 3478 2381 3521 exsmrc
2402 3457 2682 3543 crempl'ar
2704 3462 2944 3531 aliquod,
2974 3461 3025 3515 in
3050 3475 3155 3543 quo
3177 3461 3255 3515 sic
3277 3460 3502 3543 legatur.
3529 3457 3671 3516 Veru
3699 3482 3761 3543 ιτ

2162 3542 2340 3590 tamen
2389 3532 2889 3604 autiqttiorigatque
2938 3533 3223 3604 genuinm,
3281 3531 3648 3604 minimeque,
3700 3534 3759 3587 nt

2160 3622 2282 3662 cum
2319 3606 2468 3661 card.
2500 3600 2643 3660 Bona
2672 3600 3327 3667 dicantusfformidamlm
3357 3600 3574 3656 lectioni
3602 3613 3757 3656 stun-

2160 3679 2289 3733 dum
2322 3686 2426 3733 est.
2467 3677 2755 3732 [Enimvero
2795 3677 3028 3731 sumitur
3058 3674 3372 3729 conservatio
3405 3675 3489 3727 vel
3520 3688 3616 3741 pro
3638 3674 3761 3743 ipso

2162 3748 2520 3806 consecrandi
2542 3759 2690 3813 actu,
2706 3746 2790 3801 vel
2817 3761 2913 3816 pro
2937 3745 3182 3817 ejusdem
3206 3744 3425 3809 effectu,
3448 3744 3500 3799 id
3520 3752 3624 3810 est,
3644 3748 3757 3813 jam

2163 3829 2379 3892 peracta
2418 3818 2851 3892 consecratione,
2884 3833 3111 3892 quorum
3145 3826 3394 3892 neutrum
3422 3831 3449 3869 a
3475 3829 3640 3892 sensu
3669 3832 3759 3892 ea:

2164 3882 2369 3947 iholico
2409 3889 2689 3945 abhorret.
2726 3888 2856 3943 Nam
2897 3882 2941 3943 si
2974 3887 3185 3957 placeat
3210 3886 3380 3956 prima
3411 3888 3551 3942 ratio
3577 3928 3591 3951 ,
3627 3882 3759 3956 quid

2163 3966 2363 4019 mirum
2394 3961 2634 4016 Diacono
2660 3960 3128 4015 consecrationem
3155 3957 3403 4025 attribui,
3428 3973 3552 4014 cum
3582 3958 3760 4015 Gueto

2164 4037 2311 4089 ricus
2337 4034 2505 4088 abbas
2535 4047 2703 4088 scrm.
2728 4031 2781 4097 5,
2812 4031 2878 4085 de
2904 4029 3097 4091 Purif.,
3128 4029 3291 4084 etiam
3321 4029 3571 4100 pupulum
3602 4044 3759 4086 asse-

2165 4115 2249 4161 rat
2296 4103 2666 4160 consecrare?
2709 4101 2855 4159 Sane
2900 4102 3131 4157 diacono
3175 4100 3437 4170 competit
3481 4116 3586 4155 non
3619 4109 3760 4155 taut-

2164 4190 2324 4248 quam
2358 4177 2445 4229 uni
2476 4190 2505 4228 e
2534 4173 2770 4248 fidelium
2803 4178 3093 4248 conventu,
3124 4171 3219 4248 sed
3250 4181 3523 4248 tamquam
3551 4172 3758 4248 prima:

2166 4240 2249 4302 r'lo
2293 4245 2665 4303 cottsccrsntis
2711 4243 3014 4297 sacerdotis
3065 4242 3315 4298 ministro
3361 4240 3506 4295 illius
3551 4245 3759 4300 actioni

2165 4317 2447 4388 coopera‘ri
2474 4330 2568 4388 per
2594 4313 2813 4388 modum
2854 4312 3135 4384 cujusdam
3161 4351 3178 4379 ,
3226 4322 3285 4388 ut
3317 4312 3394 4388 sic
3425 4312 3715 4388 loquamur
3740 4355 3759 4383 ,

2165 4380 2827 4455 concelebrationiszquo
2850 4380 3072 4455 spectat
3095 4381 3286 4455 synodi
3326 4380 3655 4455 Romfcan.
3698 4380 3756 4455 δέ

2167 4461 2232 4516 ad
2261 4460 2501 4530 cpiscop.
2529 4456 2696 4525 Gal|.,
2717 4453 2865 4530 apud
2883 4453 3167 4530 Sirmond.
3198 4464 3327 4530 tem.
3357 4453 3378 4509 l
3416 4455 3583 4530 Cone.
3612 4453 3754 4530 Gali.

2172 4531 2239 4588 Et
2281 4527 2384 4588 hoc
2412 4527 2578 4587 sensu
2615 4528 2963 4599 accipiendos
2990 4537 3237 4599 putamus
3268 4528 3419 4582 locos
3447 4527 3584 4582 duos
3605 4567 3619 4591 ,
3660 4528 3758 4581 al-

461 4600 724 4665 centium,
750 4598 986 4673 maxime
1008 4613 1137 4653 vero
1158 4599 1491 4673 Augustinus
1521 4612 1682 4672 atque
1712 4570 2061 4669 Bernartius;
2092 4570 2147 4632 Β
2172 4570 2516 4660 ΞῖυιηνΡῖἷιί
2548 4570 3022 4673 Blesentsiscpist:
3040 4599 3139 4673 123
3171 4598 3238 4673 ad
3275 4599 3450 4673 epise.
3495 4570 3754 4673 Len’din.,

460 4685 600 4743 quos
623 4670 872 4726 consule.
1252 4670 1269 4673 '
1597 4670 1609 4672 '

501 4739 564 4824 ἐξ
602 4741 677 4795 ita
715 4751 823 4824 vet.
877 4741 1024 4824 edit...
1058 4742 1255 4824 quibus
1297 4742 1660 4824 consentiunt
1690 4754 2063 4824 omncs_mss.

461 4812 567 4868 nisi
594 4813 739 4882 quod
765 4827 907 4867 unus
927 4828 958 4869 e
984 4812 1105 4868 Vat.
1131 4825 1187 4869 et
1211 4815 1399 4870 decem
1422 4829 1454 4869 e
1479 4814 1619 4870 Gali.
1647 4815 1849 4870 habent
1878 4815 2062 4870 Domi-

459 4884 565 4959 ni__ci
593 4884 825 4959 corporis
850 4895 917 4959 __et
960 4888 1229 4959 sanguinis
1272 4887 1740 4959 consecrationem.
1784 4886 1855 4941 At
1899 4886 2060 4942 Rom.

458 4956 591 5011 edit.
619 4956 689 5010 ab
715 4955 966 5011 omnibus
1010 4955 1074 5010 οἱ
1107 4958 1329 5027 scriptis
1372 4966 1432 5013 et
1448 4958 1673 5014 excusis
1715 4957 1904 5014 Anthr.
1935 4959 2059 5014 cod.

460 5027 749 5100 discedens
764 5038 864 5096 pro
877 5029 1312 5100 consecrationem
1333 5032 1574 5100 reposuit
1595 5029 2057 5094 dispensationem.

463 5096 557 5171 Es
576 5114 681 5170 qua
710 5099 1012 5171 mutatione
1039 5112 1260 5155 causam
1293 5096 1588 5171 legitimam
1617 5100 1827 5157 habere
1863 5117 1923 5157 se
1957 5102 2061 5158 sibi

462 5169 564 5225 visi
592 5169 724 5244 sunt
750 5170 1215 5244 heterodoxorum
1242 5169 1549 5243 non'panci,
1578 5174 2062 5244 nteurruptionem

462 5254 528 5296 ac
563 5241 761 5296 malam
788 5243 1056 5297 editorum
1089 5244 1251 5299 fidem
1281 5241 1580 5299 clamarent
1617 5241 2059 5301 invidiosissime.

464 5311 570 5365 Sed
605 5328 711 5366 non
739 5314 873 5367 satis
902 5315 1146 5369 consulta
1190 5316 1379 5370 Isti]th
1404 5316 1713 5378 accusatio;
1744 5316 2063 5373 meminisse

464 5381 610 5437 enim
643 5381 793 5451 ipsos
820 5393 1140 5456 oportuerat
1165 5385 1559 5456 Hospirilanum
1586 5383 1681 5440 lib.
1708 5400 1759 5440 v.
1784 5386 1923 5441 Hist.
1958 5389 2061 5441 Sa-

462 5465 633 5527 cram.
655 5467 776 5522 cap.
810 5452 873 5517 6,
898 5471 1007 5527 non
1031 5457 1259 5512 editioni
1282 5452 1460 5512 item.
1498 5470 1621 5527 qua:
1642 5458 1751 5524 jam
1784 5456 1968 5511 multis
1994 5456 2065 5512 ab

461 5526 623 5598 annis
646 5531 855 5595 vulgata
897 5526 1092 5598 fuerat,
1126 5541 1312 5582 verum
1354 5528 1621 5598 Eutropio
1657 5528 2063 5596 corruptionem

466 5596 605 5652 hanc
624 5599 941 5653 sttribuere.
966 5597 1077 5655 Nec
1100 5599 1245 5655 forte
1264 5609 1419 5656 vacat
1441 5596 1601 5654 etiam
1624 5599 1929 5654 temeritate
1951 5601 2068 5656 litae

469 5664 587 5734 ipsa
607 5667 918 5736 Hospiniani
936 5670 1289 5727 insimulatio.
1319 5671 1531 5727 Etenim
1556 5684 1663 5726 non
1679 5670 1855 5724 solum
1881 5671 1934 5725 in
1958 5672 2065 5728 vita

474 5737 623 5797 beati
647 5737 785 5795 Sisti
814 5742 955 5815 apud
974 5740 1353 5807 liiuotuanum.
1388 5743 1607 5799 Venetas
1634 5741 1766 5801 edit.
1797 5743 2066 5817 amissi,

2168 4675 2402 4730 alterum
2446 4674 2590 4730 Petri
2633 4669 2793 4728 Cant.
2837 4671 2932 4726 lilt.
2970 4670 3039 4726 de
3068 4670 3248 4726 Verbo
3275 4667 3436 4725 Mirif.
3477 4684 3597 4740 cup.
3639 4667 3752 4739 41,

2160 4758 2397 4812 quorum
2450 4757 2739 4814 utrumque
2788 4740 3057 4798 Hallerius
3098 4742 3194 4798 lib.
3251 4757 3311 4796 ιιι
3364 4741 3571 4814 llierar.
3628 4756 3747 4812 pag.

2168 4818 2308 4886 575,
2358 4818 2428 4874 de
2454 4817 2566 4871 sola
2594 4813 3003 4886 dispensatione
3024 4857 3038 4879 ,
3086 4822 3324 4886 prterern
3357 4827 3486 4869 vero
3527 4813 3598 4869 de
3636 4817 3752 4886 sola

2169 4885 2454 4960 prmSentia
2483 4886 2705 4944 Cardiu.
2738 4886 2886 4942 Bona
2918 4885 3012 4940 lib.
3041 4903 3053 4939 ι
3087 4885 3214 4960 iter.
3254 4885 3457 4960 Liturg.
3510 4900 3630 4960 cap.
3656 4885 3750 4949 25,

2170 4956 2320 5015 num.
2344 4959 2399 5028 4,
2436 4963 2837 5029 interpretatur,
2871 4971 3007 5027 quos
3026 4956 3271 5029 consule,
3298 4958 3435 5029 sicut
3461 4965 3516 5029 et
3546 4956 3755 5011 Menar-

2169 5033 2296 5087 dum
2337 5026 2591 5086 nostrum
2616 5030 2670 5083 in
2710 5029 3049 5085 Sacrarnent.
3081 5028 3142 5086 S.
3175 5026 3440 5098 Gregorii.
3467 5027 3635 5082 Porro
3663 5041 3756 5082 se-

2169 5103 2344 5159 cunda
2395 5102 2800 5157 consecrationis
2863 5099 3105 5170 acceptio
3136 5140 3149 5162 ,
3203 5101 3458 5153 nimirum
3517 5099 3755 5170 prodrei

2170 5185 2501 5230 consecratae
2528 5171 2911 5227 distributione
2934 5212 2948 5235 ,
2981 5168 3127 5225 omni
3160 5184 3383 5240 prorsus
3407 5168 3557 5225 caret
3581 5168 3756 5225 oﬂen-

2170 5247 2374 5309 diculo,
2400 5246 2740 5312 maximeque
2772 5242 2928 5295 nobis
2951 5242 3183 5296 arridet:
3212 5253 3324 5296 tum
3346 5243 3470 5312 quia
3489 5257 3590 5295 vox
3616 5256 3759 5294 cons-

2171 5314 2575 5385 misistialiquid
2602 5311 2711 5383 jam
2740 5313 3039 5385 perlectum
3060 5313 3258 5383 signat,
3278 5323 3333 5367 ct
3353 5311 3475 5367 alia;
3498 5313 3603 5385 illa!
3642 5328 3759 5385 cort-

2167 5382 2611 5443 summanderurn’
2625 5384 2937 5437 consortium
2948 5382 3410 5452 sacramentorum,
3439 5382 3667 5451 pulchre
3690 5384 3758 5439 ad

2168 5459 2415 5515 eamdem
2440 5456 2902 5525 dispensationem
2923 5452 3234 5509 referuntur
3267 5473 3281 5509 :
3319 5466 3433 5510 tum
3478 5458 3598 5524 quia
3630 5469 3760 5523 pro-

2169 5531 2344 5601 prium
2365 5529 2724 5601 Diaconorum
2740 5525 2978 5580 cilicium
2990 5537 3102 5601 erat
3120 5526 3261 5601 plebi
3281 5526 3760 5601 Dominicumsan-

2169 5596 2386 5675 guinem
2411 5596 2810 5675 administrare,
2838 5596 3296 5675 quemadmodum
3316 5596 3755 5675 Δ(ἓθιιοᾼιμιίμρεικ

2172 5669 2292 5743 cap.
2325 5673 2399 5726 7:
2435 5669 2575 5743 Nam
2595 5670 2733 5743 sicut
2773 5670 2828 5723 in
2869 5670 3153 5736 sacerdote,
3183 5670 3384 5743 inquit,
3414 5669 3758 5743 censen-otio,

2171 5738 2319 5807 ita'in
2359 5742 2595 5800 ministro
2633 5741 2948 5803 dispensatio
2976 5738 3282 5801 sacramenti
3306 5750 3401 5801 est.
3444 5738 3549 5801 Ιιιο
3586 5739 3759 5802 oblata
