4030 6188
451 221 517 277 87
1757 221 2006 278 SANCTI
2045 219 2365 279 AMBROSII
3687 203 3758 262 83

449 337 554 392 iter
575 337 781 393 adoriri
801 336 1071 408 gestiunt;
1101 343 1307 405 quanto
1331 335 1499 404 magis
1525 335 1905 392 adolescentes
1927 352 2050 392 cum
2078 340 2130 400 Α
2159 333 2406 390 militiam
2431 333 2700 398 feruntur,
2723 344 2954 401 quorum
2976 327 3345 384 militaverunt
3365 335 3638 398 parentes,
3661 322 3758 380 alii

454 431 681 486 senibus
710 429 911 485 debent
954 442 1156 482 novum
1202 425 1306 480 sibi
1339 426 1444 480 iter
1483 427 1606 480 vita:
1646 427 1896 498 aggredi,
1943 443 2052 499 quo

457 522 634 576 minus
663 536 848 577 errare
890 519 1120 589 possint,
1149 531 1201 574 et
1235 535 1260 570 a
1293 533 1425 572 vero
1457 519 1677 574 tramite
1707 519 1926 575 virtutis
1951 519 2051 576 de-

453 614 680 670 ﬂectere
707 614 720 668 !
748 612 895 668 Nihil
922 613 1066 667 enim
1098 611 1378 683 pulchrius
1404 627 1564 683 quam
1596 612 1819 669 eosdem
1849 620 1906 668 et
1921 628 2054 668 ma-

451 707 655 778 gistros
685 707 806 760 vita:
838 717 892 762 et
924 716 1089 762 testes
1119 706 1342 762 habere.

522 799 649 854 212.
683 798 1044 868 Quaerendum
1081 800 1244 856 etiam
1284 800 1335 853 in
1373 799 1520 853 omni
1552 809 1676 854 actu
1707 807 1733 834 ⁸
1765 799 1892 869 quid
1927 814 2052 870 per-

452 893 606 948 sonis
631 936 648 962 ,
698 893 825 962 quid
860 894 1196 964 temporibus
1231 893 1519 949 conveniat
1549 905 1709 964 atque
1759 895 2011 949 aetatibus
2037 936 2051 962 ,

452 987 580 1056 quid
621 986 785 1040 etiam
838 987 1178 1057 singulorum
1232 988 1463 1057 ingeniis
1504 989 1573 1041 sit
1613 988 2050 1043 accommodum.

452 1079 610 1148 Saepe
641 1080 788 1134 enim
819 1081 961 1150 quod
995 1081 1227 1136 alterum
1259 1081 1438 1146 decet,
1472 1081 1702 1136 alterum
1737 1096 1843 1136 non
1873 1082 2050 1138 decet.

449 1170 610 1226 Aliud
653 1171 844 1242 juveni
875 1182 1061 1242 aptum
1089 1213 1102 1236 ,
1135 1173 1281 1229 aliud
1308 1174 1425 1229 seni
1457 1191 1471 1228 :
1502 1174 1650 1229 aliud
1684 1175 1737 1230 in
1767 1175 2049 1245 periculis,

451 1265 595 1319 aliud
620 1265 672 1320 in
705 1266 871 1322 rebus
897 1268 1176 1324 secundis.

519 1359 648 1413 215.
674 1358 1046 1415 Saltavitanle
1072 1376 1253 1416 arcani
1289 1362 1501 1417 Domini
1535 1363 1700 1416 David
1729 1363 1795 1432 (ll
1822 1362 1948 1434 Reg.
1981 1381 2049 1428 \‘l,

442 1451 540 1519 14)
569 1469 582 1505 :
613 1468 716 1506 non
749 1452 963 1508 saltavit
989 1453 1242 1519 Samuel;
1273 1469 1370 1510 nec
1397 1455 1520 1510 ideo
1543 1455 1635 1510 ille
1663 1455 2049 1526 reprehensus,

447 1547 543 1600 sed
574 1548 742 1617 magis
778 1547 880 1602 iste
908 1547 1176 1603 laudatus.
1208 1549 1430 1604 Mutavit
1459 1550 1663 1605 vultum
1691 1547 1719 1586 ι»
1749 1559 1939 1604 contra
1969 1566 2055 1606 re-

447 1655 606 1710 gem,
635 1641 721 1695 cui
757 1656 955 1696 nomen
999 1643 1165 1698 Achis
1196 1641 1240 1714 (Ι
1285 1643 1412 1716 Reg.
1451 1659 1565 1710 xxi,
1613 1645 1702 1715 15)
1733 1663 1745 1698 :
1779 1653 1834 1698 at
1875 1644 1976 1699 hoc
2007 1646 2051 1699 si

2154 429 2222 482 ad
2252 427 2498 482 actiones
2528 425 2790 480 diversas.

2224 519 2351 574 217.
2388 519 2441 572 In
2469 516 2844 573 ecclesiastico
2871 528 3003 570 vero
3031 513 3210 568 ofﬁcio
3236 511 3365 567 nihil
3396 511 3575 566 rarius
3601 510 3758 566 inve-

2157 613 2273 667 nias
2301 628 2463 681 quam
2491 626 2615 667 eum
2647 609 2739 680 qui
2768 619 3029 680 sequatur
3055 609 3358 664 institutum
3381 605 3408 644 ιι
3437 607 3608 677 patris
3632 623 3648 661 :
3671 606 3757 662 vel

2155 706 2278 776 quia
2307 705 2493 773 gravis
2523 704 2765 758 deterret
2794 713 2965 768 aetus,
2991 700 3074 756 vel
3115 701 3236 770 quia
3280 700 3332 754 in
3368 699 3568 754 lubrica
3593 707 3759 755 artato

2155 800 2430 855 difﬁcilior
2473 797 2800 853 abstinentia
2831 839 2844 864 ,
2893 797 2976 853 vel
3017 796 3138 866 quia
3171 793 3338 849 alacri
3371 793 3759 850 adolescentia:

2156 894 2370 948 videtur
2414 893 2522 948 vita
2552 891 2873 956 obscurior;
2908 900 2964 947 et
3003 890 3125 946 ideo
3167 889 3232 945 ad
3272 904 3334 944 ea
3363 898 3760 944 convertuntur

2155 989 2378 1049 studia.
2435 1003 2555 1056 qua:
2621 985 2991 1056 plausiliiliora
3047 983 3402 1038 arbitrantur.
3460 980 3759 1038 Praesentia

2157 1084 2358 1154 quippe
2411 1081 2597 1152 plures
2648 1095 2808 1150 quam
2859 1080 3037 1134 futura
3085 1077 3400 1148 praeferunt.
3444 1075 3524 1131 Illi
3571 1087 3759 1132 autem

2158 1177 2542 1249 praesentibus,
2571 1191 2670 1231 nos
2693 1177 2886 1230 futuris
2929 1175 3241 1230 militamus.
3289 1171 3443 1228 Unde
3471 1187 3580 1243 quo
3617 1185 3761 1242 prte-

2158 1271 2392 1326 stantior
2415 1286 2602 1336 causa,
2635 1285 2702 1325 eo
2734 1269 2898 1325 debet
2924 1284 3044 1324 esse
3068 1282 3195 1322 cura
3226 1266 3502 1321 attentior.

2739 1361 2966 1418 CAPUT
3008 1359 3169 1416 XLV.

2159 1455 2237 1512 De
2265 1457 2481 1529 pulchro
2511 1467 2558 1510 et
2590 1457 2802 1510 honesto
2823 1472 2841 1509 :
2871 1454 2995 1525 quid
3036 1457 3101 1509 sit
3139 1454 3271 1507 inter
3304 1452 3399 1507 illa
3438 1450 3760 1508 discriminis

2341 1562 2444 1604 tam
2470 1553 2614 1620 apud
2632 1551 2881 1620 profanos
2909 1556 3172 1614 auctores,
3196 1562 3350 1616 quam
3378 1561 3574 1600 sacros.

2230 1643 2359 1698 218.
2391 1643 2696 1698 Teneamus
2724 1643 2886 1712 igitur
2928 1639 3310 1697 verecundiam
3342 1681 3358 1708 ,
3399 1647 3454 1694 et
3489 1654 3608 1695 eam
3634 1653 3760 1708 quae

449 1732 673 1788 fecisset
706 1743 913 1787 remota
947 1733 1237 1790 formidine
1266 1751 1374 1804 quo
1405 1738 1583 1792 minus
1609 1749 2052 1808 cognosceretur,
2086 1741 2134 1800 B
2163 1738 2329 1794 totius
2357 1740 2477 1792 vitm
2513 1749 2761 1802 ornatum
2811 1737 3007 1791 attollit
3053 1735 3396 1792 modestiam.
3453 1733 3572 1789 Non
3609 1734 3758 1789 enim

452 1841 792 1895 nequaquam
824 1827 1060 1882 levitatis
1093 1828 1518 1897 reprehensione
1544 1845 1734 1886 carere
1762 1832 2054 1901 potuisset.

449 1919 580 1975 Saul
609 1933 825 1988 quoque
854 1919 1082 1974 vallatus
1107 1919 1276 1975 choro
1303 1921 1713 1990 prophetarum,
1749 1925 1910 1976 etiam
1940 1924 2058 1992 ipse

454 2011 834 2080 prophetavit;
882 2023 934 2069 et
972 2013 1040 2068 de
1068 2014 1186 2068 solo
1232 2015 1385 2082 quasi
1428 2015 1649 2085 indigno
1692 2025 2056 2071 memoratum

451 2114 536 2158 est
569 2123 579 2156 :
618 2103 678 2158 Et
710 2103 842 2159 Saul
872 2105 1007 2159 inter
1032 2105 1310 2175 prophetas
1340 2105 1386 2175 (l
1420 2105 1548 2178 Reg.
1573 2123 1687 2173 XIX,
1719 2107 1834 2178 ‘21).

1029 2201 1256 2258 CAPUT
1298 2201 1482 2259 XLIV.

459 2293 651 2362 Ofﬁcio
697 2295 792 2348 sibi
847 2310 1075 2364 congruo
1119 2312 1368 2367 quemque
1413 2297 1621 2352 studere
1661 2307 1939 2368 oportere:
1971 2299 2059 2351 sed

530 2387 721 2442 multos
753 2389 989 2457 impediri
1023 2400 1353 2459 paternorum
1400 2393 1687 2446 imitatione
1725 2394 2016 2447 studiorum
2041 2409 2060 2458 ;

524 2492 705 2536 contra
736 2499 889 2554 quant
919 2481 1274 2539 Ecclesiastici
1301 2486 1400 2539 viri
1426 2487 1647 2556 faciunt.

525 2573 651 2628 214.
680 2574 1064 2646 Unusquisque
1089 2577 1250 2646 igitur
1273 2593 1427 2631 suum
1457 2578 1736 2647 ingenium
1773 2593 1793 2617 ε
1829 2582 2060 2648 noverit,

452 2679 506 2723 et
537 2669 604 2724 ad
637 2670 687 2724 id
718 2686 776 2724 se
807 2671 1079 2740 applicet,
1113 2672 1258 2742 quod
1291 2672 1396 2726 sibi
1434 2685 1619 2742 aptum
1651 2676 1900 2746 elegerit.
1960 2677 2066 2733 lta-

455 2776 561 2832 que
593 2763 720 2830 quid
753 2775 1040 2833 sequatur,
1076 2765 1228 2834 prius
1255 2766 1586 2821 consideret.
1619 2765 1645 2803 ά
1675 2768 1898 2825 Noverit
1923 2773 2065 2828 bona

455 2871 552 2910 sua
583 2898 597 2920 ,
631 2856 728 2911 sed
756 2856 919 2911 etiam
951 2859 1079 2913 vitia
1107 2869 1401 2929 cognoscat
1435 2877 1448 2914 :
1486 2862 1863 2932 aequalemque
1890 2880 1950 2920 se
1975 2864 2067 2934 ju-

458 2947 636 3003 dieem
678 2949 758 3004 sui
804 2949 1036 3019 praebeat
1069 2992 1083 3018 ,
1128 2961 1184 3024 ut
1229 2951 1386 3008 bonis
1416 2953 1692 3021 intendat,
1729 2956 1857 3011 vitia
1901 2959 2069 3014 det-li-

465 3052 579 3097 net.

2165 1831 2438 1885 mediocre
2479 1840 2565 1886 est
2591 1831 2753 1886 rebus
2782 1829 3008 1900 singulis
3035 1827 3251 1883 modum
3289 1843 3510 1882 servare
3535 1869 3548 1892 ,
3596 1835 3762 1897 atque

2163 1926 2428 1995 intpartiri
2452 1925 2723 1990 ordinem,
2758 1922 2768 1960 ί
2801 1925 2852 1978 in
2883 1939 2989 1994 quo
3009 1939 3135 1978 vere
3167 1922 3429 1993 praelucet
3453 1921 3583 1977 illud
3612 1919 3762 1990 quod

2163 2023 2422 2077 decorum
2452 2020 2655 2075 dicitur
2687 2037 2700 2073 :
2733 2019 2874 2089 quod
2907 2020 2978 2073 ita
3004 2034 3126 2072 cum
3157 2017 3388 2072 honesto
3411 2017 3678 2088 jungitur,
3701 2025 3766 2071 ut

2166 2117 2411 2186 separari
2454 2131 2559 2170 non
2589 2124 2772 2185 queat.
2807 2113 3085 2185 Siquidem
3113 2123 3169 2168 ct
3199 2112 3342 2182 quod
3383 2111 3560 2179 decet,
3591 2111 3767 2167 hone-

2162 2219 2302 2265 sturn
2335 2219 2439 2272 est,
2471 2219 2523 2264 et
2555 2207 2696 2279 quod
2727 2210 3012 2264 honestum
3046 2216 3149 2272 est,
3178 2206 3366 2273 decet;
3406 2214 3466 2260 ut
3489 2205 3660 2276 magis
3705 2204 3764 2259 in

2163 2317 2420 2358 sermone
2452 2302 2733 2357 distinctio
2774 2302 2878 2368 sit,
2922 2315 3082 2371 quam
3132 2299 3186 2353 in
3233 2299 3430 2354 virtute
3479 2297 3760 2352 discretio.

2165 2395 2395 2451 Differre
2416 2395 2562 2451 enim
2604 2410 2666 2450 ea
2708 2397 2849 2450 inter
2891 2410 2951 2450 se
2991 2394 3220 2465 intelligi
3252 2402 3466 2464 potest,
3500 2391 3769 2462 explicari

2167 2503 2276 2543 non
2311 2499 2508 2558 potest.

2238 2580 2364 2636 219.
2401 2580 2470 2634 Ει
2512 2590 2566 2634 ut
2615 2596 2876 2636 conemur
2907 2581 3112 2650 aliquid
3142 2596 3336 2636 eruere
3361 2579 3765 2648 distinctionis,

2172 2677 2185 2723 ι
2229 2672 2488 2728 honestas
2521 2675 2669 2728 velut
2698 2674 2839 2729 bona
2871 2675 3124 2731 valetudo
3155 2684 3238 2730 est
3263 2716 3276 2740 ,
3321 2683 3376 2729 et
3400 2675 3648 2745 quedam
3679 2689 3774 2730 sa-

2171 2764 2400 2822 lubritas
2441 2769 2688 2838 corporis
2718 2784 2731 2820 :
2761 2769 2925 2823 decus
2969 2779 3148 2824 autem
3197 2779 3466 2840 tamquam
3511 2775 3769 2823 venustas

2172 2868 2226 2914 et
2269 2859 2635 2930 pulchritudo.
2678 2862 2832 2918 Sicut
2861 2877 2990 2932 ergo
3037 2861 3383 2932 pulchritudo
3429 2875 3593 2932 super
3622 2860 3773 2916 salu-

2173 2954 2423 3008 britatem
2451 2969 2515 3009 ac
2549 2955 2911 3010 valetudinem
2943 2955 3158 3011 videtur
3182 2955 3476 3021 excellere,
3505 2965 3561 3010 et
3586 2963 3770 3010 tamen

2172 3047 2292 3102 sine
2316 3047 2399 3102 his
2422 3061 2543 3102 esse
2576 3062 2680 3102 non
2714 3057 2926 3117 potest,
2957 3063 3132 3118 neque
3161 3048 3270 3103 ullo
3297 3048 3536 3118 separari
3567 3046 3768 3115 modo;

529 3134 658 3188 215.
694 3135 848 3188 Alitis
882 3144 904 3172 ο
944 3134 1347 3206 distinguendae
1382 3138 1598 3195 lectioni
1655 3143 1871 3210 aptior,
1928 3145 2065 3202 alius
2093 3131 2140 3194 C
2171 3140 2424 3211 quoniam
2458 3140 2561 3195 nisi
2596 3142 2733 3196 bona
2769 3140 3028 3196 valetudo
3059 3140 3151 3204 sit,
3182 3140 3529 3211 pulchritudo
3558 3155 3680 3196 esse
3705 3155 3774 3196 ac

463 3223 674 3291 psalmo
717 3225 962 3294 gratior,
1003 3226 1142 3280 alius
1173 3229 1554 3284 exorcizandis
1585 3232 1678 3302 qui
1723 3234 1865 3289 malo
1911 3236 2063 3292 labo—

463 3325 586 3372 rant
625 3318 858 3386 Spiritu,
902 3320 1190 3398 sollicitior
1217 3361 1233 3388 ,
1277 3322 1417 3378 alius
1457 3325 1700 3379 sacrario
1743 3330 2067 3395 Oportuninr

464 3409 717 3464 habetur.
753 3410 880 3464 Haec
907 3412 1088 3466 omnia
1113 3422 1323 3483 spectet
1347 3416 1625 3484 sacerdos,
1651 3429 1702 3473 et
1723 3420 1847 3488 quid
1872 3422 2068 3492 cuique

465 3513 751 3574 congruat,
778 3504 826 3559 id
851 3504 1017 3560 ofﬁcii
1047 3505 1292 3576 deputet.
1321 3508 1440 3575 Quo
1470 3511 1671 3565 etenim
1706 3529 2068 3585 unumquem-

463 3613 574 3667 que
601 3611 757 3652 snuni
789 3597 936 3652 ducit
968 3599 1266 3669 ingenium,
1300 3603 1564 3672 autquod
1593 3604 1828 3660 ofﬁcium
1871 3607 2066 3676 decet,

470 3690 523 3744 id
558 3690 760 3760 majore
792 3689 811 3727 ί
846 3691 1102 3760 impletur
1123 3695 1318 3762 gratia.

545 3784 674 3838 216.
725 3783 832 3840 Sed
865 3783 917 3838 id
951 3800 1074 3838 cum
1111 3786 1162 3839 in
1213 3787 1362 3840 omni
1398 3787 1500 3840 vita
1549 3787 1798 3853 difﬁcile,
1836 3802 1952 3848 tum
2013 3795 2068 3850 in

471 3877 580 3949 58
608 3887 793 3932 nostro
816 3889 939 3932 actu
968 3877 1346 3934 difﬁcillimum
1375 3893 1477 3934 est.
1499 3891 1523 3926 tt
1550 3887 1704 3935 Amat
1736 3886 1878 3939 enim
1905 3903 2072 3942 unus-

465 3969 697 4040 quisque
727 3970 877 4040 sequi
909 3969 1072 4024 vitam
1109 3982 1413 4040 parentum.
1444 3975 1684 4045 Denique
1724 3978 1968 4049 plerique
1999 3983 2066 4035 ad

547 4119 573 4143 ἰ
603 4107 718 4161 Cic.
748 4107 900 4161 Ofﬁc.
933 4108 1024 4162 lib.
1047 4126 1080 4173 ι,
1110 4125 1230 4178 pag.
1266 4111 1391 4171 ⁸565.
1427 4113 1520 4166 lin.
1553 4112 1651 4168 42:
1689 4115 1863 4171 Altera
1893 4129 2066 4173 autem

473 4194 587 4306 qua?
611 4179 818 4247 praprie
847 4180 1063 4249 singulis
1109 4190 1183 4234 est
1206 4183 1486 4246 attributa;
1518 4194 1574 4237 ut
1595 4187 1728 4239 enim
1757 4189 1810 4242 in
1836 4192 2072 4262 corpori—

512 4267 600 4306 us.
641 4262 748 4303 etc.

512 4267 570 4304 us
585 4291 600 4313 ,
641 4262 748 4303 etc.

551 4321 577 4358 ι)
605 4321 745 4399 Ιςζᾱίι.
772 4329 826 4374 et
849 4334 990 4399 mss.‘
1004 4336 1108 4399 non
1133 4323 1284 4399 pauci
1316 4342 1490 4399 coram
1512 4344 1663 4399 rege:
1691 4329 1781 4385 alii
1810 4347 1940 4387 vero
1963 4349 2069 4388 non

481 4393 801 4476 pauciores,
835 4393 927 4445 sed
961 4391 1118 4476 iidem
1150 4397 1516 4466 antiquiores,
1556 4391 1734 4455 contra
1762 4419 1972 4476 regem,
2017 4407 2067 4460 id

478 4475 583 4528 est,
615 4479 684 4518 ex
716 4465 944 4518 adverso
973 4466 1134 4534 regis.

555 4547 578 4576 ο
621 4537 734 4590 Cic.
780 4534 932 4590 Ofﬁc.
966 4535 1058 4591 lib.
1101 4553 1138 4602 ι,
1173 4553 1293 4606 pag.
1327 4538 1456 4606 566,
1491 4541 1586 4595 lin.
1624 4544 1689 4598 16
1729 4546 2067 4602 :Admodum

474 4618 644 4664 autem
668 4607 860 4661 tuenda
888 4617 1008 4660 sunt
1030 4625 1124 4662 sua
1154 4613 1357 4678 cuique,
1391 4621 1494 4667 etc.
1536 4613 1600 4667 Et
1632 4616 1791 4680 infra,
1824 4618 1918 4671 liti.
1952 4620 2023 4675 40
2053 4640 2063 4674 :

473 4681 847 4760 Suumigittin
876 4680 1088 4760 quisque
1130 4692 1305 4760 noscat
1332 4684 1616 4760 ingenium,
1649 4697 1755 4741 etc.
1782 4688 1911 4742 Item
1943 4706 2062 4760 pag.

473 4753 601 4817 567,
639 4752 733 4805 liti.
783 4752 852 4804 50
876 4767 888 4802 :
911 4749 983 4831 λιι
1010 4767 1110 4818 qua
1136 4749 1506 4809 deliberatione
1544 4758 1612 4831 ad
1646 4775 1791 4812 suam
1821 4749 2068 4831 cujusque

475 4836 747 4894 naturam,
779 4822 1049 4875 consilium
1075 4834 1148 4876 est
1175 4839 1322 4878 omne
1350 4828 1711 4894 revocandum,
1745 4837 1850 4884 etc.
1878 4822 1904 4881 ’.

545 4893 572 4932 ιι
603 4895 762 4967 Pauci
795 4907 929 4967 mss.
949 4902 1002 4948 et
1028 4902 1132 4967 vet.
1165 4896 1321 4960 edit.,
1359 4897 1479 4950 Non
1511 4899 1681 4952 solum
1709 4903 1927 4967 noverit,
1957 4912 2062 4958 etc.

551 4981 572 5003 υ
594 4966 858 5042 Quamvis
882 4965 967 5042 hic
991 4966 1140 5042 nulla
1166 4968 1264 5042 ﬁat
1279 4971 1482 5022 mentio
1505 4971 1740 5042 acolythi
1759 4984 1812 5028 et
1833 4965 2065 5042 ostiarii,

478 5038 700 5094 minime
740 5046 918 5091 tamen
950 5036 1076 5092 hinc
1115 5039 1362 5107 sequitur
1391 5055 1577 5094 eorurn
1624 5036 1843 5098 ordines
1875 5045 1927 5098 in
1966 5036 2067 5101 Ec;

473 5110 642 5187 clesia
676 5119 786 5163 tum
818 5110 1079 5177 temporis
1111 5123 1218 5164 non
1242 5111 1542 5187 exstitisse,
1573 5130 1694 5168 cum
1727 5116 1801 5169 illi
1833 5128 2068 5187 quatuor

475 5183 566 5252 qui
599 5191 978 5247 recensentur,
1006 5191 1210 5235 tantum
1233 5184 1467 5251 exempli
1490 5198 1649 5238 causa
1675 5183 2066 5244 memorentur.

473 5251 628 5320 Quod
659 5263 839 5306 autem
861 5267 982 5306 cum
1006 5253 1208 5306 lectore
1231 5262 1391 5323 atque
1419 5257 1687 5311 exorcista
1712 5270 2069 5316 numerantur

477 5323 754 5399 psalniista
783 5331 838 5376 et
867 5324 1089 5399 sacrarii
1111 5332 1306 5399 custos
1325 5367 1344 5399 _,
1387 5341 1615 5394 quorum
1657 5331 1798 5399 apud
1829 5345 1927 5384 nos
1952 5333 2065 5399 jam

475 5393 607 5449 nulli
647 5402 771 5471 sunt
807 5395 1062 5471 ordines;
1093 5397 1208 5471 hoc
1249 5397 1386 5471 inde
1407 5393 1657 5471 putamus
1692 5393 1892 5455 factum
1918 5393 2066 5471 quod

472 5481 595 5522 cum
617 5467 859 5520 minores
884 5467 958 5520 illi
976 5465 1261 5521 clericatus
1276 5469 1659 5524 ecclesiasticae
1678 5480 1885 5526 tantum
1911 5465 2066 5529 insti-

470 5540 696 5612 tutionis
736 5537 875 5612 sint,
909 5552 1006 5612 pro
1033 5540 1198 5612 variis
1225 5539 1642 5612 necessitatibus
1683 5543 1844 5596 modo
1875 5545 2016 5599 aucti
2045 5589 2061 5612 ,

474 5610 634 5684 modo
653 5611 919 5684 imminuti
943 5609 1010 5665 ab
1035 5609 1270 5684 Ecclesia
1295 5612 1660 5678 reperiuntur.
1683 5614 1759 5669 De
1783 5609 2060 5684 psalmista

465 5681 688 5756 quidem
715 5679 828 5734 sive
849 5691 1077 5756 cantore
1097 5681 1334 5756 loquitur
1361 5697 1514 5756 conc.
1542 5679 1798 5756 Carthagi
1827 5701 1902 5754 ut,
1932 5703 2054 5744 can.

462 5749 566 5818 21;
601 5755 731 5810 item
757 5765 834 5816 tv,
861 5754 986 5808 can.
1019 5749 1114 5820 10;
1151 5749 1445 5826 Gregorius
1472 5768 1697 5827 magnus
1723 5749 1819 5817 lib.
1853 5749 1929 5834 xi,
1954 5757 2054 5832 ὅδε

2171 3245 2426 3289 venustas
2459 3252 2564 3288 non
2597 3244 2812 3302 potest:
2843 3235 2922 3289 sic
2965 3234 3219 3288 honestas
3244 3233 3500 3288 decorum
3542 3230 3670 3288 illud
3716 3231 3772 3287 in

2173 3343 2232 3384 se
2259 3329 2523 3394 continet,
2557 3340 2610 3382 ut
2641 3328 2710 3383 ab
2743 3343 2805 3382 ea
2837 3327 3136 3396 profectum
3169 3327 3440 3395 videatur,
3469 3334 3523 3381 et
3549 3326 3667 3380 sine
3704 3339 3773 3381 ea

2174 3437 2296 3478 esse
2321 3438 2428 3476 non
2459 3423 2649 3493 possit.
2692 3422 2849 3476 Velut
2876 3421 3168 3477 salubritas
3198 3419 3361 3491 igitur
3400 3422 3562 3475 totius
3587 3419 3774 3489 operis

2175 3528 2438 3588 actusque
2485 3518 2654 3572 nostri
2686 3515 2946 3572 honestas
2995 3527 3080 3571 est
3108 3558 3122 3583 ,
3170 3526 3226 3571 et
3265 3517 3406 3570 sicut
3443 3515 3655 3586 species
3683 3522 3773 3569 est

2173 3610 2433 3666 decorum
2462 3651 2476 3672 ,
2505 3609 2651 3680 quod
2684 3625 2804 3664 cum
2843 3610 3128 3664 honestate
3157 3609 3443 3663 confusum
3468 3650 3482 3674 ,
3511 3607 3772 3678 opinione

2171 3703 2540 3772 distinguitur.
2599 3701 2730 3756 Nam
2763 3701 2863 3757 etsi
2897 3703 2946 3756 in
2971 3701 3153 3770 aliquo
3181 3700 3427 3756 videatur
3455 3699 3726 3755 excellere
3752 3740 3769 3765 ,

2177 3807 2354 3851 tamen
2386 3795 2437 3850 in
2471 3795 2653 3851 radice
2681 3808 2766 3850 est
2800 3797 3098 3850 lionesmtis
3119 3836 3132 3860 ,
3164 3794 3258 3849 scd
3292 3795 3422 3849 flore
3455 3792 3727 3864 praecipuo
3752 3835 3769 3858 ,

2175 3901 2231 3943 ut
2264 3891 2382 3944 sine
2412 3905 2474 3944 ea
2501 3888 2715 3944 decidat
2739 3931 2754 3955 ,
2789 3891 2840 3944 in
2872 3905 2932 3944 ea
2969 3889 3178 3944 floreat.
3206 3888 3345 3956 Quid
3375 3889 3519 3943 enim
3547 3897 3630 3944 est
3672 3887 3773 3941 lio-

2177 3993 2381 4048 nestas,
2415 3984 2517 4038 nisi
2548 3999 2668 4054 qua:
2698 3984 3084 4054 turpitudinem
3113 3983 3264 4054 quasi
3295 3992 3524 4037 mortem
3552 3980 3772 4051 fugiat?

2178 4123 2325 4198 _0rdo
2357 4125 2515 4198 Rom.
2561 4137 2614 4198 et
2657 4127 2745 4180 alii
2774 4143 2785 4178 :
2816 4127 2884 4180 de
2924 4125 3148 4180 custode
3175 4141 3306 4181 vero
3341 4125 3564 4198 sacrarii
3608 4135 3772 4198 atque

2174 4193 2343 4267 ipsius
2369 4196 2552 4250 ofﬁcio
2574 4197 2813 4252 dicemus
2833 4199 2897 4250 ad
2924 4208 3085 4267 caput
3109 4198 3267 4264 hujus
3297 4199 3418 4251 libri
3447 4213 3497 4250 ι..
3526 4193 3772 4253 Observa

2175 4266 2392 4338 interim
2437 4282 2541 4320 non
2574 4283 2766 4321 omnes
2794 4266 3046 4322 munibus
3071 4309 3086 4332 ,
3139 4267 3233 4321 sed
3263 4268 3490 4337 singulis
3520 4267 3770 4338 singulos

2176 4336 2394 4410 ordines
2426 4338 2586 4392 tribui
2620 4338 2849 4394 solitos:
2889 4354 2986 4394 nec
3015 4354 3118 4393 neu
3162 4338 3216 4392 in
3259 4336 3498 4409 episcopi
3531 4336 3769 4410 positum

2098 4442 2148 4501 υ
2178 4408 2342 4501 fuisse
2368 4411 2592 4464 arbitrio
2613 4411 2884 4501 qnlein.cui
2913 4411 3088 4501 ordini
3121 4408 3442 4501 destinaret:

2253 4481 2270 4517 τ
2300 4481 2373 4536 lla
2407 4498 2538 4536 mss.
2583 4481 2824 4536 melioris
2870 4493 3050 4536 noue:
3091 4483 3181 4537 alii
3225 4498 3354 4538 vero
3385 4491 3440 4538 et
3465 4482 3625 4550 edit.,
3657 4500 3772 4540 ma-

2163 4555 2286 4626 jore
2307 4553 2482 4626 implet
2512 4555 2697 4626 gratia,
2735 4570 2921 4624 parum
2948 4553 3237 4609 admodum
3263 4555 3482 4613 diverso
3505 4570 3691 4612 sensu.

2246 4634 2270 4672 ε
2303 4623 2415 4680 Cic.
2450 4623 2605 4680 Ofﬁc.
2638 4623 2756 4681 Lib.
2786 4641 2822 4686 ι,
2858 4641 2974 4695 pag.
3008 4626 3133 4690 567,
3170 4627 3313 4683 lin.5
3342 4645 3355 4681 :
3392 4627 3624 4695 Quorum
3648 4645 3768 4685 vero

2173 4709 2344 4769 patres
2388 4707 2474 4750 aut
2523 4699 2745 4769 majores
2770 4699 2945 4769 aliqua
2983 4699 3148 4769 gloria
3177 4701 3544 4769 prtestiterunt,
3583 4715 3766 4756 eorum

2174 4767 2400 4839 plerique
2423 4770 2475 4821 in
2501 4767 2607 4821 lioc'
2622 4785 2803 4839 genere
2820 4811 2834 4835 ,
2858 4767 2964 4825 etc.

2244 4835 2270 4873 ιι
2306 4835 2510 4902 Patris,
2537 4835 2796 4907 spiritalis
2827 4842 3075 4907 scilicet,
3111 4840 3160 4896 id
3196 4849 3279 4897 est
3305 4884 3317 4903 ,
3351 4842 3674 4898 institutoris
3699 4859 3767 4900 ac

2175 4911 2419 4984 magistri
2455 4929 2467 4966 :
2502 4919 2591 4964 aut
2631 4926 2674 4966 su
2705 4913 3052 4984 contenderis
3097 4925 3301 4984 patrem
3343 4915 3642 4970 naturalem
3676 4915 3765 4971 in-

2174 4982 2524 5055 telligendum
2552 5025 2564 5043 .
2598 4983 2822 5037 minime
2848 4999 2978 5038 sane
3002 4982 3422 5055 repugnaliimus
3446 5026 3461 5050 ,
3489 4987 3651 5041 modo
3680 4986 3767 5041 in-

2175 5053 2450 5128 tellexeris
2494 5055 2561 5108 de
2603 5064 2754 5124 patre
2795 5057 2850 5110 in
2888 5053 3204 5128 minoribus
3252 5067 3458 5112 tantum
3508 5059 3765 5128 gradibus

2172 5125 2505 5198 constituto,
2532 5136 2586 5180 et
2611 5137 2839 5181 eatenus
2867 5127 2932 5180 de
2961 5129 3171 5182 initiato
3202 5125 3542 5198 majoribus,
3574 5140 3766 5196 quate-

2174 5210 2273 5248 nns
2309 5211 2402 5249 eos
2435 5196 2636 5251 liberos
2667 5207 2792 5251 ante
2831 5198 3224 5252 ordinationem
3272 5196 3429 5255 suam
3457 5203 3761 5256 sustulerit.

2174 5266 2384 5322 Etenim
2415 5269 2481 5321 ab
2520 5271 2620 5321 hoc
2651 5270 2840 5322 ultimo
2883 5271 3190 5325 necessarie
3228 5273 3551 5327 servandam
3585 5273 3762 5327 conti-

2172 5340 2806 5415 neiitiarnambrosinrn
2847 5352 3088 5415 nostrum
3137 5340 3390 5399 docuisse
3432 5356 3614 5415 postea
3659 5359 3762 5401 suo

2172 5409 2291 5464 loco
2318 5410 2722 5466 evidentissime
2753 5411 3121 5467 ostendemus.

2249 5479 2264 5517 ί
2304 5480 2414 5536 Cic.
2457 5481 2610 5535 Ofﬁc.
2643 5482 2734 5535 lib.
2777 5497 2813 5545 ι,
2865 5496 2986 5552 pag.
3037 5482 3164 5545 565,
3209 5484 3305 5540 lin.
3338 5487 3450 5540 47:
3490 5484 3601 5540 Hoc
3647 5488 3762 5542 loco

2169 5552 2457 5626 continetur
2477 5552 2531 5605 id
2559 5553 2696 5626 quod
2721 5553 2822 5626 dici
2850 5551 3035 5608 Latine
3055 5555 3299 5626 decorum
3326 5568 3512 5626 potest,
3543 5567 3649 5613 etc.

2243 5623 2255 5672 i
2294 5624 2455 5688 lbid.,
2504 5639 2627 5694 pag.
2661 5624 2798 5689 564,
2849 5625 2945 5679 liti.
3000 5627 3114 5682 10:
3161 5625 3228 5683 Ut
3257 5623 3394 5684 enim
3438 5623 3674 5685 venustas
3711 5644 3762 5685 et

2161 5695 2498 5823 gulcltri:udo
2545 5699 2780 5767 corporis
2823 5699 3020 5756 secerni
3067 5713 3172 5755 non
3240 5709 3405 5770 potest
3461 5715 3494 5757 tt
3560 5702 3759 5760 valetu-

2199 5782 2304 5823 me.
2336 5783 2365 5823 e
2393 5781 2442 5823 c.

2199 5782 2304 5838 me,
2336 5778 2442 5826 etc.
