4010 6186
206 241 267 295 89
1210 236 1298 290 DE
1339 233 1626 292 OFFICIIS
1665 234 2142 294 MINISTRORUM
2188 237 2316 292 Llll.
2359 238 2397 294 1.
3406 244 3479 302 90

201 354 320 424 Quid
341 368 461 410 vero
487 353 861 418 inhonestum,
891 353 990 408 nisi
1009 352 1152 424 quod
1189 352 1493 408 ariditatem
1523 368 1587 407 ac
1618 367 1764 407 mor-
1789 354 1842 416 Α
1868 367 2019 424 gere,
2041 363 2095 408 et
2126 362 2284 426 turpe
2312 364 2395 409 est
2438 354 2580 425 quod
2606 355 2676 410 sit
2703 363 2892 410 contra
2921 364 3191 413 naturam.
3220 355 3308 413 Ait
3329 358 3477 414 enim

203 459 294 502 tem
321 447 531 501 atterat?
563 446 790 502 Virente
819 447 979 517 igitur
1002 445 1303 502 substantia
1333 446 1568 511 virtutis,
1601 445 1766 501 deco-

200 556 304 596 rum
324 539 447 594 illud
477 548 755 609 tamquam
783 538 879 594 llos
907 541 1123 604 emicat,
1149 539 1275 609 quia
1293 539 1443 594 radix
1469 539 1618 593 salva
1641 548 1759 593 est:

202 631 405 687 atvero‘l
418 633 686 701 propositi
703 632 872 686 nostri
893 631 1074 686 radice
1089 632 1305 698 vitiosa,
1323 632 1455 686 nihil
1474 632 1757 703 germinat.

261 723 493 795 59220.
529 723 714 778 Habes
757 726 859 779 hoc
889 723 941 778 itt
975 725 1177 778 nostris
1207 725 1491 795 aliquanto
1529 739 1759 794 expres-

198 819 307 872 sius.
335 817 460 872 Dicit
488 817 638 872 enim
673 817 837 872 David
873 835 888 871 :
931 817 1188 873 Dominus
1219 820 1448 889 regnavit
1471 860 1487 885 ,
1530 821 1761 872 decorem

198 911 524 983 induit(Psal.
556 928 693 979 χρη,
733 914 804 984 1).
838 914 904 968 Ει
928 914 1223 984 Apostolus
1246 916 1354 969 ait:
1387 915 1536 969 Sicut
1562 916 1613 968 in
1641 916 1757 982 die,

197 1005 372 1060 honeste
393 1007 654 1060 ambulate
699 1007 877 1077 (Rom.
911 1023 1037 1074 xm,
1075 1008 1188 1078 15).
1222 1007 1248 1045 b
1278 1007 1432 1074 Quod
1469 1007 1645 1063 δι’ωεί
1677 1006 1760 1061 di-

193 1111 296 1154 eunt
321 1102 675 1172 εὐσχημόνως,
705 1101 809 1158 hoc
830 1111 1012 1157 autem
1044 1107 1265 1172 pr0prie
1294 1103 1583 1172 signiﬁcat,
1615 1103 1758 1157 bono

194 1191 382 1258 habitu,
429 1195 567 1248 bona
609 1194 812 1264 specie.
862 1195 1004 1250 Deus
1034 1210 1165 1264 ergo
1210 1195 1440 1264 primum
1481 1195 1756 1249 hominem

191 1303 293 1342 cum
317 1289 569 1344 conderet
589 1332 605 1355 ,
639 1290 779 1344 bona
815 1291 1134 1346 habitudine
1161 1333 1176 1355 ,
1207 1291 1345 1345 bona
1383 1289 1753 1345 membrorum

190 1381 544 1450 compositione
571 1381 856 1447 formavit,
886 1391 940 1437 et
961 1383 1219 1452 optimam
1248 1381 1297 1436 ei
1319 1384 1559 1452 speciem
1581 1381 1752 1437 dedit.

192 1471 549 1529 Remissionem
589 1490 698 1530 non
733 1476 959 1530 dederat
992 1484 1339 1543 peccatorum
1369 1492 1381 1528 :
1415 1475 1508 1530 sed
1544 1483 1755 1543 postea-

189 1581 318 1635 quam
357 1570 630 1624 renovavit
661 1585 788 1624 eum
821 1569 1015 1638 spiritu
1042 1611 1058 1636 ,
1091 1578 1144 1624 et
1188 1567 1379 1623 infudit
1409 1569 1457 1622 ei
1483 1568 1712 1639 gratiam
1737 1609 1752 1634 ,

188 1659 259 1730 qui
281 1674 488 1717 venerat
513 1663 569 1717 in
605 1665 751 1718 servi
781 1662 978 1726 forma,
1010 1671 1065 1717 et
1094 1662 1147 1716 itt
1182 1661 1418 1716 hominis
1451 1659 1637 1731 specie
1665 1674 1753 1715 as-

1869 445 2167 516 Apostolus
2189 452 2341 518 quasi
2372 447 2724 515 interrogans
2755 466 2767 502 :
2799 446 2957 503 Decet
2983 450 3245 504 mulierem
3273 466 3376 504 non
3397 467 3479 505 ve-

1866 537 2030 591 latam
2059 555 2208 592 orare
2235 538 2400 595 Deum
2422 538 2448 592 .9
2479 538 2592 594 Nec
2624 541 2740 610 ipsa
2767 551 2952 594 natura
2986 539 3004 577 ί
3053 542 3198 596 docet
3227 558 3314 596 vos
3335 542 3474 614 quod

1865 634 1942 686 vir
1969 634 2179 702 quidem
2207 634 2252 686 si
2278 649 2479 686 comam
2511 633 2693 688 habeat
2720 676 2735 699 ,
2767 635 3051 707 ignominia
3081 644 3154 688 est
3194 635 3312 700 illi;
3348 652 3478 706 quo-

1865 725 2005 778 niam
2035 735 2216 779 contra
2256 736 2493 779 naturam
2537 736 2610 779 est
2643 727 2686 794 (l
2717 726 2834 781 Cor.
2881 742 2957 790 st,
2996 726 3134 798 l5)?
3167 726 3234 781 Et
3275 728 3470 783 iterum

1863 819 1995 874 dicit
2027 838 2040 874 :
2102 820 2297 874 Mulier
2323 837 2441 874 vero
2470 822 2514 873 si
2543 821 2766 888 capillos
2806 819 2989 875 habent
3015 861 3030 886 ,
3078 821 3248 893 gloria
3277 831 3353 876 est
3393 822 3474 876 illi

1863 913 2029 989 (Ibid.
2070 915 2186 985 15).
2223 917 2319 970 Est
2357 914 2499 970 enim
2525 914 2826 970 secundum
2871 927 3161 980 naturam,
3209 915 3478 986 quoniam

1862 1009 2080 1078 quidem
2115 1009 2297 1078 capilli
2331 1025 2428 1077 pro
2450 1010 2724 1064 velamine
2754 1021 2915 1074 sunt;
2949 1011 3052 1064 hoc
3077 1019 3162 1064 est
3191 1009 3336 1063 enim
3370 1023 3470 1062 na-

1865 1103 2040 1157 turale
2076 1103 2349 1158 velamen.
2403 1103 2701 1157 Personam
2737 1103 2902 1173 igitur
2948 1103 3106 1157 nobis
3137 1113 3191 1158 et
3229 1103 3469 1172 speciem

1863 1207 2054 1252 natura
2086 1197 2199 1264 ipsa
2228 1197 2548 1265 dispensat,
2590 1214 2749 1267 quatn
2775 1212 2996 1252 servare
3027 1197 3288 1252 debemus
3315 1214 3330 1249 :
3356 1196 3468 1268 ϐο

1860 1288 2176 1357 utinamque
2206 1297 2261 1342 et
2291 1287 2660 1342 innocentiam
2691 1289 2809 1356 eius
2838 1288 3117 1343 custodire
3151 1290 3425 1357 possimus
3446 1329 3465 1357 ,

1859 1397 1960 1438 nec
1987 1391 2266 1452 acceptam
2297 1392 2481 1436 nostra
2514 1382 2718 1436 malitia
2751 1390 2985 1436 mutaret
3016 1381 3030 1435 !

1929 1473 2058 1528 225.
2084 1483 2108 1518 ις
2152 1473 2330 1529 l-labes
2369 1473 2472 1528 hoc
2519 1474 2779 1528 decorum
2825 1472 3080 1542 generale
3109 1513 3124 1537 ,
3174 1472 3300 1541 quia
3333 1471 3468 1528 fecit

1859 1567 2002 1622 Deus
2053 1566 2240 1620 mundi
2289 1567 2443 1621 istius
2499 1566 2987 1636 pulchritudinem.
3037 1565 3218 1620 Habes
3261 1573 3318 1620 et
3366 1580 3466 1634 per

1856 1670 2040 1731 partes
2065 1703 2078 1725 ,
2113 1659 2240 1728 quia
2266 1674 2387 1714 cum
2421 1662 2621 1714 taceret
2649 1659 2792 1714 Dens
2822 1658 3034 1725 lucem,
3068 1667 3123 1713 et
3172 1657 3314 1712 diem
3361 1670 3464 1711 tto-

187 1755 382 1822 sumpsit
401 1755 654 1811 decorem
674 1755 1067 1826 redemptionis
1091 1755 1362 1809 humanae.
1390 1753 1458 1808 Et
1477 1754 1598 1807 ideo
1619 1753 1753 1808 dixit
1784 1753 1830 1813 Β
1859 1767 2110 1824 etetnque
2138 1753 2498 1823 distingueret
2525 1751 2734 1823 (Genes.
2772 1767 2810 1819 ι,
2850 1753 2884 1808 3
2910 1761 2955 1806 et
2987 1750 3145 1822 seq.),
3180 1765 3301 1805 cum
3329 1764 3464 1805 con-

187 1843 414 1915 PrOpbeta
447 1865 461 1901 :
493 1848 752 1903 Dominus
791 1852 1040 1919 regnavit,
1075 1848 1310 1904 decorem
1330 1849 1518 1901 induit.
1549 1847 1752 1903 Deinde

185 1937 288 1991 alibi
323 1940 441 1994 dicit
466 1957 480 1994 :
513 1941 585 1995 Te
631 1942 771 1995 decet
803 1943 1026 2012 hymnus
1052 1984 1066 2008 ,
1101 1939 1240 1996 Deus
1264 1983 1279 2008 ,
1309 1943 1362 1995 in
1392 1941 1523 1996 Sion
1550 1941 1568 2012 (
1596 1940 1744 1996 Psal.

188 2043 302 2096 utr,
324 2029 406 2102 i);
431 2032 532 2088 hoc
560 2044 652 2089 est
677 2035 866 2089 dicere
896 2051 909 2086 :
955 2034 1251 2088 Honestum
1277 2042 1364 2088 est
1393 2043 1448 2087 ut
1479 2044 1529 2088 te
1561 2033 1751 2088 timea-

187 2137 282 2176 mus
304 2165 316 2187 ,
343 2133 391 2180 te
418 2125 716 2196 diligamus
741 2167 754 2188 .
787 2136 840 2180 te
873 2142 1178 2196 precemur,
1203 2134 1256 2180 te
1289 2126 1708 2181 honoriﬁcemus
1733 2143 1746 2191 ;

188 2215 402 2285 scriptum
429 2229 506 2273 est
537 2221 692 2274 enim
720 2236 732 2272 :
771 2221 961 2273 Omnia
984 2230 1148 2273 vestra
1179 2220 1387 2274 honeste
1411 2220 1538 2289 ﬁunt
1557 2220 1596 2292 (Ι
1621 2218 1745 2274 Cor.

189 2321 276 2372 m,
295 2307 392 2379 40).
419 2311 522 2368 Sed
555 2326 856 2381 possumus
880 2322 934 2365 et
959 2311 1235 2365 hominem
1264 2312 1478 2379 timere,
1497 2312 1747 2380 diligere,

186 2414 374 2469 rogare,
407 2402 684 2459 honorare
716 2423 729 2458 :
765 2406 1003 2476 hymnus
1034 2407 1344 2475 specialiter
1373 2405 1484 2459 Deo
1528 2404 1746 2461 dicitur.

189 2489 282 2546 Hoc
313 2505 573 2565 tamquam
626 2498 988 2554 excellentius
1017 2499 1232 2554 caeteris
1276 2497 1505 2552 credere
1534 2507 1617 2553 est
1654 2498 1749 2553 de-

187 2599 366 2654 corum,
395 2592 530 2661 quod
566 2591 872 2647 deferimus
907 2592 1041 2647 Deo.
1075 2592 1355 2647 Mulierem
1391 2608 1608 2662 quoque
1638 2604 1660 2633 ο
1695 2595 1746 2649 in

188 2677 337 2735 habitu
363 2695 548 2739 ornato
589 2699 753 2740 orare
804 2684 1060 2739 convenit
1094 2703 1106 2738 ι
1150 2685 1246 2738 sed
1278 2684 1588 2753 specialiter
1623 2700 1744 2739 eam

187 2769 311 2827 decet
332 2789 477 2830 orare
504 2778 743 2832 velatam
764 2818 780 2844 ,
810 2785 865 2832 et
889 2792 1047 2832 orare
1077 2778 1479 2846 promittentem
1525 2778 1745 2832 castita-

187 2873 270 2920 tem
292 2882 400 2924 cum
427 2870 569 2926 bona
600 2871 1020 2927 conversatione
1050 2870 1092 2944 (l
1128 2870 1260 2925 Tim.
1295 2887 1361 2935 tt,
1396 2871 1452 2936 9,
1489 2871 1597 2940 10).

715 2964 944 3021 CAPUT
985 2964 1166 3020 XLVI.

186 3048 457 3125 Proponitur
491 3058 658 3126 biﬁda
683 3058 859 3112 decori
881 3059 1066 3113 divisio
1091 3073 1110 3112 :
1143 3068 1248 3112 tum
1278 3067 1550 3128 postquam
1575 3067 1747 3112 osten-

1856 1847 2013 1902 deret
2040 1848 2239 1902 emtum
2271 1888 2286 1910 ,
2322 1861 2445 1900 cum
2481 1857 2652 1900 terras
2682 1857 2737 1900 et
2767 1845 2935 1898 maria
2976 1853 3300 1912 separaret,
3333 1857 3460 1897 cum

1855 1942 2024 1998 solem
2055 1950 2112 1995 et
2142 1943 2320 1995 lunam
2360 1951 2415 1994 et
2453 1939 2642 1994 stellas
2687 1939 3044 1993 constitueret
3075 1938 3253 1991 lucere
3293 1950 3463 2006 super

1857 2044 2058 2088 terram
2087 2074 2101 2096 ,
2134 2033 2381 2102 probavit
2408 2032 2636 2102 singula.
2671 2032 2815 2102 Ergo
2843 2031 3104 2086 decorum
3137 2029 3240 2084 hoc
3262 2070 3275 2094 ,
3311 2028 3458 2100 quod

1856 2126 1907 2180 in
1950 2125 2175 2194 singulis
2215 2125 2399 2180 nmndi
2431 2126 2674 2194 partibus
2705 2125 2980 2190 elucebat,
3017 2123 3068 2176 in
3100 2121 3457 2176 universitate

1855 2218 2194 2288 reSpIenduit
2220 2259 2234 2282 ,
2280 2221 2419 2272 sicut
2459 2218 2656 2288 prohat
2698 2217 2972 2285 Sapientia
3004 2256 3018 2280 ,
3069 2215 3258 2270 dicens
3293 2233 3307 2269 :
3342 2213 3458 2288 Ego

1853 2329 1993 2366 erant
2021 2312 2104 2366 cui
2135 2312 2604 2382 upplaudebat.....
2641 2327 2758 2364 cum
2791 2309 3056 2364 ltetaretur
3082 2308 3201 2363 orbe
3232 2309 3458 2377 perfecto

1854 2406 2039 2478 (Prov.
2085 2423 2197 2472 vttt,
2233 2406 2325 2472 50,
2360 2406 2472 2473 51).
2507 2404 2771 2459 Similiter
2793 2418 2924 2473 ergo
2953 2411 3007 2457 et
3035 2403 3086 2456 itt
3115 2400 3322 2455 fabrica
3351 2399 3456 2453 hu-

1855 2501 1999 2556 mani
2030 2502 2278 2570 corporis
2309 2511 2458 2570 grata
2502 2508 2587 2554 est
2619 2497 3042 2568 uniuscujusque
3073 2492 3302 2549 membri
3334 2507 3462 2562 por-

1854 2596 1964 2650 tio:
1999 2592 2096 2648 sed
2143 2593 2262 2662 plus
2310 2594 2360 2646 in
2401 2607 2692 2646 commune
2720 2589 3047 2660 compositio
3087 2585 3457 2641 membrorum

1851 2701 1976 2758 apta
2019 2687 2299 2754 delectat,
2342 2687 2486 2757 quod
2516 2687 2587 2741 ita
2633 2685 2736 2740 sibi
2769 2683 3038 2755 quadrare
3074 2692 3129 2738 et
3158 2677 3457 2736 convenire

1851 2781 2156 2838 videantur.

2408 2874 2640 2931 CAPUT
2681 2873 2893 2930 XLVII.

1855 2969 1924 3025 Ut
1951 2971 2005 3025 in
2033 2971 2137 3025 vita
2171 2980 2346 3024 nostra
2366 2971 2561 3024 eluceat
2589 2969 2833 3024 decorum
2865 2969 3001 3022 illud
3025 3009 3039 3033 ,
3063 2967 3186 3038 quid
3210 2973 3455 3037 prtrstare

2031 3082 2126 3119 nos
2147 3073 2398 3135 oporteat,
2431 3081 2620 3133 quosve
2645 3064 2904 3131 appetitus
2939 3064 3222 3132 refraenare
3246 3061 3270 3113 Ρ

239 3162 334 3200 88m
347 3158 416 3203 est
434 3151 579 3221 quod
590 3151 876 3204 secundum
903 3159 1141 3204 naturam
1162 3151 1250 3216 sit.
1275 3148 1543 3203 honestum
1571 3165 1589 3201 -'
1609 3150 1745 3212 (Ιιιυά
1771 3147 1817 3210 C
1918 3157 2048 3213 εει.
2081 3156 2140 3213 Si
2164 3158 2286 3227 quis
2318 3159 2481 3227 igitur
2510 3155 2536 3192 δ
2570 3156 2994 3226 mquahilitatem
3017 3153 3284 3209 universa:
3306 3155 3452 3223 vita‘,

236 3255 392 3308 secus,
434 3254 588 3313 turpe
629 3245 978 3310 censendum;
1012 3243 1257 3315 exemplis
1303 3243 1601 3298 illustratur
1636 3244 1746 3299 haec

237 3332 334 3401 ipsa
360 3336 562 3390 divisio.

238 3425 344 3482 221.
394 3429 490 3485 Est
520 3432 690 3501 igitur
714 3432 978 3488 decorum
1005 3434 1147 3504 quod
1179 3435 1492 3505 prreeminet
1523 3475 1536 3499 ,
1593 3435 1746 3504 cujus

187 3515 376 3575 “divisio
397 3525 613 3592 gemina
637 3534 742 3580 est.
765 3524 899 3581 Nam
919 3536 1003 3582 est
1019 3527 1274 3582 decorum
1286 3527 1438 3596 quasi
1463 3527 1743 3597 generale,

185 3613 297 3678 quod
325 3630 413 3685 per
442 3618 860 3673 universitatem
891 3617 1135 3674 funditur
1164 3621 1483 3680 honestatis.
1513 3628 1569 3674 et
1593 3619 1745 3689 quasi

186 3701 227 3756 itt
248 3713 343 3760 toto
366 3718 640 3778 spectatur
670 3725 941 3780 corpore:
975 3719 1061 3766 est
1090 3714 1252 3766 etiam
1299 3711 1558 3781 speciale,
1598 3711 1745 3781 quod

188 3795 227 3850 in
259 3811 391 3869 parte
439 3804 623 3875 aliqua
655 3807 848 3861 enitet.
897 3805 1032 3860 Illud
1060 3806 1315 3877 generale
1345 3806 1414 3860 ita
1443 3814 1528 3861 est
1554 3847 1567 3868 .
1600 3822 1665 3859 ac
1695 3807 1742 3862 si

189 3895 464 3960 aequabilem
509 3898 736 3952 formam
786 3908 951 3967 atque
998 3897 1408 3953 universitatem
1444 3898 1745 3954 honestatis

189 3981 229 4036 in
261 3989 389 4043 omni
429 4000 549 4045 actu
591 4006 692 4047 suo
719 3991 916 4046 habeat
959 3993 1372 4055 coincinentem;
1407 4005 1532 4045 cum
1570 3989 1744 4043 omnis

187 4075 268 4132 sibi
293 4081 395 4150 ejus
422 4085 525 4138 vita
551 4087 859 4152 consentit,
894 4101 995 4140 nec
1023 4087 1073 4140 in
1105 4087 1210 4141 ulla
1249 4086 1425 4154 aliqua
1453 4100 1512 4138 re
1534 4084 1742 4139 discre-

189 4179 294 4236 pat:
323 4173 417 4231 hoc
441 4179 703 4248 speciale,
736 4195 859 4234 cum
892 4180 1130 4250 aliquem
1161 4189 1337 4235 actum
1365 4181 1416 4234 in
1440 4179 1552 4234 suis
1585 4178 1746 4234 habet

190 4262 434 4324 virtutibus
462 4275 936 4342 prmeminentetn.

241 4355 349 4415 222.
377 4362 542 4420 Simul
590 4366 722 4421 illud
771 4367 995 4424 adverte
1034 4368 1178 4439 quod
1220 4377 1274 4424 et
1308 4378 1330 4406 ο
1359 4369 1619 4423 decorum
1661 4379 1746 4424 est

186 4454 438 4512 secundum
467 4467 711 4514 naturam
748 4460 934 4516 vivere
959 4502 973 4526 ,
1015 4462 1312 4517 secundum
1359 4471 1605 4516 naturam
1646 4460 1745 4517 de-

1850 3259 1906 3304 et
1934 3250 2266 3320 singularum
2295 3249 2566 3304 actionum
2599 3247 2789 3304 modos
2818 3255 3016 3310 servet,
3048 3246 3297 3302 ordinem
3320 3261 3457 3316 quo-

1849 3360 1977 3414 que,
2009 3356 2060 3400 et
2091 3345 2457 3399 constantiam
2488 3345 2756 3398 dictorum
2789 3354 2953 3412 atque
2985 3357 3234 3411 operum,
3270 3339 3457 3395 mode-

1848 3439 2226 3508 rationemque
2276 3439 2592 3500 custodiat,
2627 3439 2678 3491 in
2723 3438 2842 3506 ejus
2869 3435 2975 3490 vita
3017 3435 3274 3489 decorum
3319 3431 3453 3488 illttd

1846 3531 2086 3595 excellit,
2118 3541 2173 3586 et
2201 3534 2354 3599 quasi
2389 3531 2442 3585 in
2470 3530 2705 3600 quodam
2735 3528 2958 3598 Speculo
2982 3527 3178 3581 elucet.

1917 3625 2046 3679 255.
2078 3623 2315 3679 Accedat
2346 3634 2524 3678 tamen
2565 3625 2578 3659 ί
2618 3622 2804 3677 suavis
2833 3637 3015 3674 sermo
3041 3662 3054 3685 ,
3099 3630 3157 3672 ιιι
3197 3615 3456 3672 conciliet

1847 3717 1950 3771 sibi
1981 3717 2233 3772 allectum
2265 3717 2638 3781 audientium,
2668 3725 2988 3785 gratumque
3018 3728 3077 3766 se
3109 3712 3194 3765 vel
3220 3709 3454 3765 lautitia-

1846 3813 2020 3876 ribus,
2052 3812 2138 3865 vel
2169 3812 2402 3877 civibus,
2434 3811 2543 3872 vel,
2570 3809 2613 3865 si
2648 3810 2762 3864 lieri
2801 3819 2998 3878 potest,
3027 3806 3281 3860 omnibus
3309 3817 3449 3874 prat-

1847 3903 1992 3957 beat.
2033 3903 2217 3972 Neque
2246 3904 2560 3958 adulantem
2595 3917 2654 3957 se
2679 3943 2694 3964 ,
2742 3916 2917 3969 neque
2958 3895 3288 3954 adulanduttt
3337 3897 3452 3952 cui-

1846 4011 2006 4065 quam
2033 3995 2280 4060 exibeat;
2303 3996 2533 4049 alterum
2559 3995 2702 4050 enim
2727 3993 3038 4048 calliditatis
3064 4001 3170 4058 est,
3194 3991 3452 4049 vanitatis

1845 4087 2099 4142 alterum.

1917 4181 2045 4238 2'26.
2077 4181 2192 4237 Non
2227 4184 2240 4233 l
2277 4183 2546 4251 despiciat
2593 4181 2720 4252 quid
2767 4180 2835 4236 de
2878 4195 2936 4236 se
2979 4178 3350 4248 unusquisque
3392 4187 3449 4234 et

1847 4276 2090 4332 maxime
2123 4279 2206 4333 vir
2243 4279 2480 4347 optimus
2515 4280 2742 4342 sentiat;
2777 4278 2876 4331 hoc
2917 4278 3060 4330 enim
3107 4274 3270 4330 modo
3292 4274 3453 4329 discit

1850 4367 2005 4424 bonis
2029 4369 2246 4426 deferre
2274 4375 2659 4428 reverentiam.
2700 4371 2830 4426 Nam
2865 4372 3141 4440 negligere
3181 4368 3448 4423 bonorum

1845 4461 2047 4530 judicia
2077 4464 2159 4518 vel
2204 4467 2563 4537 arrogantim,
2609 4465 2694 4520 vel
2740 4463 3117 4520 dissolutionis
3157 4471 3280 4517 est:
3311 4475 3449 4532 quo-

246 4631 406 4707 ‘AMss.
438 4637 640 4707 aliquot
661 4679 675 4702 ,
705 4639 760 4692 in
781 4639 968 4691 uirtute
997 4638 1248 4706 propositi
1278 4638 1472 4702 nostri;
1502 4646 1556 4690 at
1583 4651 1732 4691 com-
1758 4635 1809 4694 D
1837 4654 1988 4693 neum
2018 4644 2082 4696 sit
2107 4643 2328 4698 hominis
2351 4645 2686 4705 excellentia',
2731 4653 2838 4698 etc.
2869 4642 2999 4697 ltent
3041 4641 3176 4698 infra
3210 4641 3306 4696 lin.
3330 4641 3438 4698 4οε

191 4705 368 4774 modius
395 4708 442 4762 in
471 4705 612 4774 aliis,
643 4725 746 4764 nec
771 4725 878 4763 non
903 4711 956 4764 in
978 4705 1109 4764 edit.
1140 4713 1316 4773 deest,
1344 4710 1394 4761 in
1419 4711 1622 4762 virtute.

246 4772 268 4810 δ
291 4777 416 4852 μὴ.
441 4791 501 4852 et
519 4772 742 4852 quidam
770 4797 926 4846 mss.,
965 4781 1117 4849 Quod
1148 4772 1326 4835 Greece
1352 4781 1562 4834 dicitur.

249 4858 266 4882 '-
290 4848 426 4903 Rotu.
449 4848 601 4918 edit.,
627 4853 682 4905 in
709 4852 884 4905 Itabilu
907 4848 1182 4906 ordinato:
1202 4865 1414 4909 eteterze
1443 4869 1547 4906 non
1576 4851 1736 4904 modo

191 4927 286 4969 cum
315 4936 429 4976 mss.
459 4924 551 4978 sed
592 4927 755 4978 etiam
786 4940 907 4978 cum
940 4924 1148 4989 vulgata
1187 4939 1333 4978 vers.
1367 4925 1419 4976 in
1449 4923 1624 4976 habitu
1653 4939 1738 4976 or-

192 4998 288 5040 nato
321 4993 584 5066 equneco
611 4996 844 5059 scilicet,
875 4997 924 5050 ἐν
954 4997 1240 5053 καταστολῆ
1271 4997 1489 5066 κοσμίῳ.
1527 4995 1732 5048 ltttrsus

193 5071 296 5136 Vero
318 5064 486 5136 eadem
525 5067 658 5121 edit.
695 5066 851 5120 Itoni.
889 5083 985 5134 pro
1023 5084 1088 5122 eo
1132 5072 1272 5136 quod
1300 5064 1457 5131 alite,
1490 5081 1554 5120 ac
1597 5081 1729 5120 mss.

193 5128 339 5194 plures
364 5134 569 5204 habent,
595 5154 712 5192 cum
740 5139 874 5191 bona
890 5128 1289 5193 conuersa-tione
1345 5128 1585 5205 reposuit
1608 5153 1729 5192 cum

193 5206 438 5274 nonnullis,
466 5228 552 5278 per
568 5210 754 5264 bonam
768 5211 1229 5269 conversationem.
1265 5210 1560 5277 respiciens
1583 5210 1732 5264 scili-

195 5278 328 5354 tet-td
344 5279 461 5354 illud
477 5280 721 5347 Apostttli
752 5298 816 5335 ex
847 5284 967 5335 loco
997 5283 1181 5354 citato.
1360 5281 1408 5341 (ὁ
1433 5283 1617 5354 πρέπει
1637 5303 1732 5354 γυ-

195 5347 316 5430 ᾓᾍξίν
335 5351 790 5430 ἐπαγχειὶλομέναις
809 5351 1117 5430 θεοσέϐειαν)
1143 5351 1369 5430 δι’ἕργῳγ
1391 5347 1584 5430 ἀγάθῷν
1609 5347 1730 5430 pio-

197 5428 399 5493 ututetttes
435 5424 667 5493 pietatem
710 5442 804 5495 per
833 5426 968 5478 bona
1016 5441 1172 5491 Opera
1209 5424 1244 5479 ;’
1273 5424 1363 5480 ubi
1412 5424 1732 5482 Ambrosius

197 5497 388 5551 pietatem
408 5498 560 5550 etiam
589 5498 820 5552 mutavit
843 5499 897 5550 in
925 5497 1236 5551 castitatem.

227 5554 274 5637 ,δ
298 5563 391 5638 Cic.
433 5567 585 5624 Ollic.
624 5569 719 5623 lib.
771 5583 810 5635 t,
854 5584 980 5638 pag.
1014 5568 1140 5634 564,
1176 5570 1272 5622 litt.
1305 5569 1400 5624 15:
1437 5567 1532 5623 Est
1565 5579 1737 5623 autent

198 5632 556 5751 ᾖείὶέᾮίμῷ
580 5632 804 5734 duplex.
837 5632 980 5693 Nam
1009 5649 1056 5694 et
1090 5632 1327 5712 generale
1355 5642 1613 5711 quoddam
1642 5642 1735 5695 de-

272 5717 355 5770 κξι,
379 5719 477 5770 etc.
511 5747 516 5770 ;
787 5729 790 5734 ·

261 5779 279 5810 ι’
303 5759 581 5849 Ῐιὶίᾶίῗιίη.
634 5783 736 5842 151
768 5765 1030 5840 Decorum
1059 5783 1115 5837 id
1147 5785 1255 5840 esse
1289 5770 1428 5853 quod
1466 5774 1737 5840 caninum

1843 4710 2092 4783 Qfﬁcium
2113 4726 2281 4768 autem
2309 4719 2447 4783 quod
2468 4717 2530 4770 ab
2556 4735 2616 4770 eo
2644 4716 2871 4780 ducitur,
2895 4715 3028 4768 hunc
3055 4717 3298 4783 primunt,
3331 4722 3435 4767 etc.

1841 4781 2000 4849 Ibid.,
2036 4802 2154 4856 pag.
2188 4781 2329 4852 567,
2352 4789 2444 4842 litt.
2481 4789 2541 4842 51
2571 4805 2582 4840 :
2617 4785 2756 4839 Nunt
2787 4803 2904 4840 cum
2949 4788 3002 4840 in
3053 4781 3286 4840 omnibus
3324 4801 3441 4856 quas

1839 4865 2086 4926 aguntur,
2121 4869 2225 4910 etc.

1918 4926 1934 4963 ί
1969 4929 2169 4980 Utnttes
2200 4928 2359 4993 edit.,
2391 4945 2484 4980 nos
2520 4930 2667 4984 docet
2695 4929 2830 4999 quod
2867 4929 2964 4993 vir,
3005 4939 3136 4994 etc.,
3169 4927 3264 4982 sed
3305 4942 3436 4983 con-

1842 5006 1924 5049 tra
1959 5012 2086 5071 mss.
2120 5000 2519 5071 auctoritatem,
2552 5000 2746 5070 quibus
2774 5002 2938 5071 etiam
2971 4999 3296 5071 suffragatur
3322 5009 3438 5055 tex-

1840 5070 2320 5147 ειιξᾈιιοεξοιὶευε.
2348 5069 2578 5127 διδάσκετέ
2604 5073 2740 5143 ὑμᾶς
2768 5070 3009 5147 ὄτιὰνὴρ,
3035 5069 3157 5125 etc.
3176 5088 3281 5126 non
3308 5085 3439 5128 vero

1839 5139 2070 5196 διδάσκει
2094 5143 2252 5212 ἡμᾶς,
2281 5153 2386 5196 etc.

1914 5221 1938 5257 ε
1963 5213 2216 5266 Nonnulli
2251 5229 2377 5268 mss.
2414 5223 2469 5270 et
2498 5222 2607 5269 vet.
2645 5215 2803 5278 edit.,
2843 5212 3012 5268 Habes
3038 5213 3172 5267 hunc
3201 5215 3432 5270 decorem

1839 5283 2152 5355 generalem.

1916 5354 1940 5390 ¹¹
1971 5355 2084 5411 Cic.
2120 5355 2272 5412 Ollic.
2306 5358 2397 5412 Iih.
2428 5374 2466 5424 ι,
2504 5374 2625 5427 pag.
2656 5357 2782 5416 364.
2823 5357 2914 5410 litt.
2947 5357 3015 5410 55
3045 5375 3057 5410 :
3091 5355 3181 5414 Sic
3223 5361 3319 5414 hoc
3344 5363 3435 5416 de-

1841 5444 2020 5483 comm
2047 5429 2182 5499 quod
2213 5430 2374 5484 elucet
2400 5431 2452 5484 in
2479 5432 2601 5495 vita,
2632 5438 2813 5490 movet,
2843 5437 2947 5481 etc.

1916 5500 2102 5565 ‘Ihid.,
2136 5516 2257 5570 pag.
2289 5502 2415 5566 570,
2445 5503 2538 5556 lin.
2561 5503 2628 5556 ὃς
2656 5499 2983 5569 Maximeque
3011 5501 3325 5566 curandum,
3351 5520 3436 5560 eos

1839 5571 2144 5646 quibuscum
2172 5589 2456 5628 sermonem
2485 5573 2795 5643 conferimus
2830 5585 2875 5626 et
2920 5573 3081 5626 vereri
3127 5582 3172 5626 et
3218 5574 3434 5646 diligere

1824 5643 2122 5697 rideamur.

1843 5775 1868 5790 ι
1917 5714 1929 5763 t‘
1966 5714 2148 5792 __lhid.,
2193 5729 2314 5787 pag.
2342 5713 2489 5792 ﬁlii»,
2534 5715 2626 5792 lin.
2663 5715 2730 5792 τῷ
2759 5731 2772 5768 :
2805 5713 3108 5792 Adhibenda
3151 5725 3226 5774 est
3270 5718 3433 5792 igitur

1840 5775 2078 5846 duellum
2105 5775 2387 5842 rev'ere'ntiii
2415 5775 2657 5844 adversus
2687 5775 2938 5850 homines;
2971 5785 3078 5844 etc;
