4030 6188
543 250 611 312 9i
1885 247 2128 306 SANCTI
2167 249 2491 306 AHBROSII
3777 248 3794 301 ἱ
3809 249 3841 302 Ξ

546 381 666 427 rem
695 371 930 426 alterum
959 368 1231 438 superbiae
1257 365 1575 434 ascribitur,
1606 365 1838 422 alterum
1872 365 2151 436 negligens
2178 366 2231 426 Α
2259 363 2577 432 prmfatione
2607 361 2890 432 posuimus
2930 361 2948 427 (
2974 359 3104 430 Cap.
3132 375 3190 414 tt.
3222 359 3275 426 6,
3317 361 3345 414 7
3371 359 3413 429 ),
3464 369 3727 430 prtecepta
3762 363 3841 418 in-

553 465 664 520 tite.

619 558 747 612 n7.
776 555 976 610 Caveat
994 553 1159 610 etiam
1176 561 1203 591 ι
1229 561 1407 608 motus
1430 550 1596 607 animi
1615 552 1730 618 sui;
1756 550 1870 620 ipse
1889 551 2036 606 enim
2048 550 2151 607 sibi

547 657 601 705 et
628 647 1001 705 observandas
1021 645 1622 716 «circumspiciendus
1649 653 1735 700 est
1759 661 1774 698 :
1800 656 1854 700 et
1883 645 2153 700 utadver-

548 755 667 797 sum
697 753 756 796 se
777 739 1072 806 cavendus,
1101 741 1170 794 ita
1197 741 1361 794 etiam
1388 741 1454 795 de
1476 755 1536 794 se
1565 738 1818 794 tuendus.
1839 739 1979 794 Sunt
2005 738 2150 794 enim

551 843 752 899 motus,
779 835 830 888 in
861 834 1056 904 quibus
1082 841 1168 888 est
1187 833 1463 904 appetitus
1485 833 1597 898 ille,
1623 833 1710 903 qui
1735 832 1890 902 quasi
1914 832 2150 902 quodam

551 927 861 998 prorumpit
887 926 1134 995 impetu;
1187 926 1329 980 unde
1357 925 1546 981 Graece
1590 925 1722 1001 ὁρμή
1772 925 1969 980 dicitur
2005 925 2151 994 quod

548 1020 575 1058 ι’
593 1022 644 1076 vi
668 1020 900 1091 quadam
919 1035 978 1076 se
991 1030 1214 1088 repente
1237 1020 1517 1089 proripiet.
1547 1019 1662 1074 Non
1680 1019 1968 1074 mediocris
1991 1020 2042 1072 in
2067 1018 2152 1074 his

545 1118 627 1172 vis
652 1115 897 1186 quasdam
924 1116 1090 1168 animi
1121 1126 1283 1185 atque
1317 1125 1524 1169 natura:
1553 1122 1657 1169 est.
1685 1113 1818 1180 Quae
1855 1119 2038 1168 tamen
2069 1113 2150 1169 vis

545 1211 762 1284 gettiina
785 1217 896 1275 est,
923 1225 1027 1264 una
1060 1211 1111 1263 in
1135 1210 1399 1280 appetitu,
1431 1210 1598 1264 altera
1631 1209 1683 1262 in
1717 1208 1927 1262 ratione
1949 1208 2148 1277 posita,

547 1313 670 1377 qua:
697 1305 994 1376 appetitum
1023 1301 1284 1367 refrenet,
1317 1310 1372 1357 et
1395 1301 1496 1356 sibi
1527 1301 1872 1356 obedientem
1907 1309 2149 1369 praestet,

549 1408 603 1452 ct
633 1396 794 1451 ducat
832 1410 939 1467 quo
983 1395 1119 1450 velit
1150 1407 1165 1446 ε
1203 1403 1256 1449 et
1302 1403 1572 1464 tamquam
1605 1392 1796 1448 sedqu
1837 1392 2151 1462 magisterio

545 1488 772 1544 edoceat
802 1488 930 1557 quid
963 1487 1110 1553 fieri,
1143 1486 1272 1557 quid
1303 1487 1502 1542 evitari
1535 1494 1817 1556 oporteat,
1852 1495 1874 1524 ε
1907 1494 1967 1541 ut
1994 1486 2148 1542 bene:

547 1580 817 1636 domitrici
844 1580 1205 1649 obtemperet.

624 1676 753 1732 228.
785 1675 1013 1731 Solliciti
1038 1677 1184 1730 enim
1207 1675 1471 1731 debemus
1493 1673 1677 1738 esse,‘1
1705 1689 1773 1730 ne
1795 1673 1922 1743 quid
1950 1672 2149 1728 timere

2253 468 2488 513 struunt.
2523 456 2756 512 Pulchre
2781 463 2966 511 autem
3009 464 3066 509 et
3095 455 3199 510 hoc
3227 455 3467 522 accidit,
3501 467 3561 510 ut
3589 457 3836 528 scripturi

2253 551 2322 608 de
2348 551 2554 607 Ufticiis
2577 587 2592 617 ,
2639 565 2700 605 ea
2739 549 3073 621 praeiationis
3101 560 3301 604 nostra:
3328 551 3636 607 assertione
3661 559 3836 609 utere-

2253 663 2377 705 mur
2413 663 2533 719 qunc
2560 658 2612 702 et
2638 649 2752 717 ipsa
2781 645 2849 701 ad
2876 645 3042 701 ofﬁcii
3070 645 3440 716 magisterium
3471 647 3783 714 pertineret.

2325 741 2425 796 251
2468 737 2612 795 iSed
2639 738 2764 809 quia
2790 754 2976 807 supra,
3011 747 3065 792 ut
3093 737 3400 808 oportebat,
3430 738 3837 806 perstrinximus

2253 833 2707 906 quemadmodum
2746 832 3117 903 unusquisque
3145 847 3340 886 cavere.
3377 833 3578 900 possit,
3611 847 3678 888 ne
3705 835 3842 888 exci-

2255 937 2398 983 tetur
2425 938 2642 996 accepta
2675 927 2890 996 injuria,
2923 935 3174 982 verentes
3205 941 3274 981 ne
3303 925 3550 995 prolatio
3593 927 3840 995 prolixior

2255 1023 2442 1089 lieret,
2491 1035 2631 1076 nunc
2671 1021 2739 1077 de
2787 1035 2856 1076 eo
2897 1020 3117 1076 uberius
3167 1020 3546 1090 disputandum
3593 1020 3842 1075 arbitror.

2253 1117 2430 1173 Locus
2457 1117 2599 1172 enim
2623 1129 2956 1186 apportttnue
2988 1125 3093 1180 est,
3120 1127 3180 1170 ut
3199 1117 3250 1170 itt
3278 1115 3520 1186 partibus
3549 1127 3842 1185 temperem

2255 1212 2342 1265 tia:
2369 1209 2612 1265 dicamus
2636 1208 3092 1280 quemadmodum
3117 1209 3440 1275 reprimatur
3468 1205 3758 1263 iracundia.

2791 1301 3021 1358 CAPUT
3070 1301 3302 1357 XLVIII.

2254 1397 2493 1468 Repetite
2563 1397 2946 1468 conspescendte
3003 1397 3289 1450 iracundiis
3344 1406 3650 1466 argumento
3677 1437 3691 1460 ,
3744 1406 3844 1453 tres

2322 1505 2500 1546 eorum
2528 1491 2616 1561 qui
2644 1490 2970 1544 lacessuntur
2993 1491 3225 1563 injuriis,
3249 1490 3454 1544 ordines
3480 1490 3801 1558 explicantur
3819 1505 3840 1544 :

2322 1585 2392 1639 ad
2418 1602 2634 1652 quarunt
2673 1586 3102 1658 perfectissimum
3131 1583 3409 1652 Apostolus
3452 1601 3514 1638 ac
3558 1583 3721 1638 David
3767 1585 3844 1638 di-

2321 1689 2506 1732 cuntur
2533 1680 2852 1748 pervenisse:
2903 1677 2987 1731 ubi
3038 1693 3101 1732 ea:
3132 1677 3402 1732 occasione
3429 1677 3666 1746 quedam
3693 1677 3840 1750 hujus

549 1777 641 1826 aut
693 1772 965 1826 incuriose
1010 1781 1298 1840 geramus,
1341 1778 1436 1824 aut
1460 1769 1750 1839 quidquam
1779 1767 1885 1840 οι
1927 1769 2150 1822 omnino
2179 1756 2227 1816 Β
2324 1789 2386 1827 ac
2406 1774 2596 1842 futura!
2619 1775 2733 1828 vitta
2765 1773 3044 1826 traduntur
3065 1772 3388 1826 discrimina.

548 1863 703 1931 caios
736 1861 1066 1932 probabilem
1113 1875 1218 1916 non
1267 1862 1537 1932 possimus
1583 1860 1847 1914 rationem
1895 1859 2142 1916 reddere.

551 1955 718 2010 Actus
746 1955 890 2009 enim
919 1954 1090 2008 nostri
1113 1966 1274 2008 causa
1302 1996 1316 2019 ,
1341 1953 1443 2010 etsi
1466 1969 1569 2009 non
1601 1955 1854 2010 omnibus
1879 1955 2144 2022 redditur,

552 2055 731 2104 tamen
761 2047 828 2102 ab
860 2047 1110 2101 omnibus
1142 2047 1504 2103 examinatur.
1539 2048 1646 2101 Nec
1684 2059 1814 2102 vero
1846 2047 2106 2101 habemus
2132 2079 2148 2109 ,

553 2144 605 2197 in
633 2153 742 2213 quo
771 2155 871 2196 nos
897 2142 1167 2212 possimus
1193 2153 1470 2197 excusare.
1503 2140 1636 2196 Nam
1662 2141 1766 2197 etsi
1795 2143 1877 2196 vis
1900 2141 2149 2212 quaedam

550 2243 758 2289 natura:
781 2235 832 2288 in
855 2233 1005 2289 omni
1031 2234 1274 2305 appetitu
1305 2235 1408 2300 sit;
1442 2245 1465 2272 ο
1494 2243 1675 2289 tamen
1707 2233 1848 2288 idem
1878 2233 2151 2303 appetitus

554 2327 781 2381 rationis
819 2326 1096 2394 stubjdcttts
1123 2333 1206 2381 est
1239 2327 1360 2397 lege
1387 2339 1592 2382 naturae
1629 2327 1798 2397 ipsius
1824 2367 1839 2391 ,
1883 2335 1939 2380 et
1968 2327 2153 2381 obedit

549 2419 620 2476 ei.
651 2418 804 2474 Unde
828 2419 952 2474 boui
982 2419 1340 2490 speculatoris
1370 2429 1451 2476 est
1482 2421 1551 2474 ita
1583 2421 1920 2489 praetendere
1945 2421 2151 2486 animo,

550 2519 609 2567 ut
636 2514 909 2583 appetitus
940 2528 1116 2582 neque
1142 2520 1440 2583 pratcurrat
1471 2513 1760 2577 rationem,
1792 2527 1970 2582 neque
1994 2511 2154 2568 dese-

557 2611 677 2670 rat;
713 2623 779 2661 nc
812 2606 1195 2676 prmeurrendo
1222 2606 1500 2676 perturbet
1521 2615 1684 2676 atque
1711 2606 1981 2673 excludat,
2005 2623 2153 2663 eam.

551 2714 655 2770 que
685 2699 993 2754 deserendo
1033 2697 1315 2753 destituat.
1356 2699 1694 2752 Perlurltatio
1725 2700 1868 2754 tollit
1892 2710 2152 2756 constan-

552 2794 680 2846 tiam
710 2835 723 2857 ,
756 2791 1036 2847 destitutio
1067 2789 1245 2860 prodit
1277 2791 1541 2863 ignaviam
1562 2833 1577 2856 ,
1607 2803 1825 2847 accusat
1858 2793 2149 2863 pigritiam.

554 2885 870 2941 Perturbato
912 2885 1055 2940 enim
1101 2896 1282 2939 mente
1317 2885 1475 2940 latius
1516 2899 1576 2941 se
1604 2901 1667 2941 ac
1718 2887 1932 2957 longius
1983 2887 2153 2947 fundit

553 2981 846 3050 appetitus,
881 2986 936 3034 et
968 2989 1240 3049 tamquam
1269 2979 1494 3035 ell'erato
1525 2981 1728 3050 lmpetu
1760 2979 1942 3037 frenos
1972 2983 2154 3038 ratio-

552 3073 636 3125 nis
665 3085 770 3125 non
801 3071 1048 3140 suscipit,
1084 3085 1182 3126 nec
1206 3071 1310 3126 ulla
1341 3075 1503 3126 sentit
1530 3073 1734 3142 auriga-
1759 3072 2147 3140 moderamina,

2323 1867 2448 1922 252.
2481 1868 2604 1921 Tria
2648 1871 2829 1935 itaque
2859 1879 3055 1935 genera
3109 1879 3230 1920 esse
3272 1864 3552 1918 hominum
3601 1865 3846 1933 injuriam

2252 1959 2631 2029 accipientium
2666 1959 2718 2012 in
2768 1956 3066 2026 Scripturis
3102 1955 3298 2011 divinis
3339 1954 3719 2010 demonstrare
3757 1963 3847 2010 τοι
3901 1949 3906 1954 ’

2255 2053 2455 2120 lumus,
2481 2053 2526 2105 si
2557 2065 2862 2122 possumus.
2895 2049 3076 2106 Unum
3101 2059 3183 2104 est
3211 2064 3400 2104 eorum
3428 2049 3626 2119 quibus
3658 2057 3844 2118 pecca-

2255 2153 2340 2200 ior
2369 2145 2591 2200 insultat
2618 2187 2633 2209 ,
2678 2143 2691 2193 i
2735 2143 3101 2206 conviciator,
3136 2141 3416 2210 ineqttilat.
3453 2141 3520 2195 Iis
3549 2141 3677 2209 quia
3705 2141 3849 2196 deest

2249 2239 2481 2309 justitia,
2518 2238 2691 2307 pudor
2711 2237 2924 2299 crescit,
2955 2247 3180 2306 augetur
3209 2234 3384 2289 dolor.
3412 2235 3617 2289 Horum
3651 2234 3848 2289 similes

2257 2331 2470 2404 plurimi
2501 2331 2570 2384 de
2603 2345 2723 2385 meo
2752 2329 2962 2393 ordine,
2995 2328 3062 2381 de
3097 2343 3218 2382 meo
3245 2341 3492 2381 numero.
3536 2326 3672 2380 Nam
3721 2324 3847 2380 mihi

2258 2427 2474 2483 infirmo
2501 2427 2550 2481 si
2580 2426 2701 2497 quis
2735 2425 2982 2491 injuriam
3015 2422 3206 2489 faciat,
3246 2422 3470 2476 forsitan
3495 2461 3514 2486 ,
3546 2422 3673 2476 licet
3702 2421 3845 2476 infir-

2259 2535 2411 2584 mus,
2447 2519 2644 2574 donem
2685 2518 2937 2586 injuriam
2977 2531 3174 2572 meam.
3230 2513 3253 2551 ιι
3282 2515 3338 2572 Si
3365 2515 3569 2570 crimen
3598 2514 3848 2584 objiciet,

2256 2616 2366 2688 62
2412 2627 2519 2669 non
2562 2628 2679 2668 sum
2730 2621 2933 2678 tantus,
2969 2620 3027 2664 ut
3056 2610 3157 2665 sim
3189 2616 3476 2665 contentus
3521 2608 3846 2663 conscientia

2259 2725 2399 2776 mea,
2440 2707 2656 2764 etiamsi
2698 2723 2786 2762 me
2815 2707 2936 2776 ejus
2957 2705 3152 2774 objecti
3186 2704 3414 2760 alienum
3445 2703 3727 2757 noverim:
3757 2700 3846 2756 sed

2257 2803 2418 2872 cupio
2449 2802 2670 2856 abluere
2722 2799 2739 2838 ι
2787 2799 3008 2869 ingenui
3059 2798 3279 2868 pudoris
3329 2807 3543 2861 notam,
3580 2805 3848 2867 tamquam

2262 2895 2528 2949 infinitus.
2580 2893 2720 2964 Ergo
2748 2893 2963 2948 oculum
3010 2905 3110 2961 pro
3137 2890 3334 2958 oculo,
3390 2899 3444 2944 et
3482 2889 3703 2945 dentem
3755 2903 3849 2960 pro

2259 2986 2420 3043 dente
2449 2987 2625 3055 exigo,
2653 2994 2708 3039 et
2736 2983 3035 3039 convicium
3077 2983 3322 3038 com-icio
3351 2983 3611 3050 rependo.

2328 3079 2455 3134 235.
2489 3079 2543 3134 Si
2579 3093 2706 3133 vero
2738 3077 2784 3132 is
2831 3091 2950 3131 sum
2979 3077 3070 3147 qui
3117 3075 3426 3146 proficiam,
3475 3076 3576 3131 etsi
3616 3075 3849 3130 nondum

550 3163 744 3233 quibus
774 3164 941 3233 possit
974 3162 1200 3218 reﬂecti.
1262 3163 1415 3219 Unde
1445 3161 1766 3234 plerumque
1817 3181 1923 3220 non
1969 3168 2146 3223 solum

2269 3173 2551 3240 perfectus,
2583 3186 2688 3225 non
2713 3179 3004 3239 retorquet)
3024 3169 3440 3223 contumeliam:
3472 3169 3573 3223 etsi
3605 3175 3650 3204 ιη
3672 3165 3851 3221 inliuat

554 3263 575 3303 ί
608 3258 820 3314 animus
842 3260 1147 3329 exagitetur
1174 3299 1188 3325 ,
1223 3260 1488 3315 amittitur
1526 3261 1696 3326 ratio;
1741 3261 1837 3316 sed
1862 3262 2028 3318 etiam
2061 3265 2146 3316 inc

552 3354 858 3408 ﬂammatur
889 3354 1065 3408 vultus
1089 3396 1103 3420 ,
1147 3355 1229 3408 vel
1282 3354 1555 3410 iracundia
1575 3397 1587 3419 ,
1627 3356 1711 3410 vel
1743 3355 1969 3411 libidine
1997 3375 2007 3410 :
2035 3359 2150 3426 pal-

554 3446 709 3502 lescit
733 3447 944 3514 timore,
981 3448 1261 3518 voluptate
1287 3464 1345 3504 se
1377 3463 1483 3504 non
1510 3449 1676 3520 capit,
1701 3459 1754 3507 et
1786 3450 1948 3506 nimia
1987 3454 2148 3523 gestit

549 3543 755 3598 Ist'lilia.

615 3637 741 3693 229.
774 3637 897 3692 llzec
927 3653 1049 3692 cum
1079 3638 1231 3700 ﬁunt,
1263 3639 1517 3710 abjicitur
1543 3641 1630 3695 illa
1663 3650 1687 3687 ις
1713 3641 1978 3697 naturalis
2003 3657 2152 3714 qua:-

551 3730 672 3785 datn
705 3734 1325 3803 censura,gravitasque
1356 3747 1566 3787 morum
1595 3752 1608 3789 :
1643 3748 1746 3790 nec
1780 3733 1950 3790 teneri
1975 3744 2155 3806 potest

551 3825 642 3880 illa
671 3837 790 3896 qua:
818 3826 872 3881 in
899 3827 1062 3881 rebus
1094 3827 1348 3897 gerendis
1369 3835 1532 3898 atque
1559 3827 1804 3884 consiliis
1830 3829 1942 3883 sola
1972 3839 2152 3900 potest

552 3921 932 3976 auctoritatem
969 3937 1143 3989 suam,
1178 3932 1341 3994 atque
1372 3923 1504 3979 illud
1535 3924 1678 3994 quod
1720 3923 1910 3980 deceat
1936 3931 2148 3993 tenere,

552 4015 879 4070 conatantia.

620 4107 750 4164 230.
797 4108 1028 4165 Gravior
1068 4121 1252 4166 autem
1297 4113 1568 4183 appetitus
1614 4112 1640 4149 ιι
1683 4128 1749 4170 ex
1781 4113 2152 4185 indignatione

549 4200 716 4255 nimia
749 4205 1024 4268 nascitur,
1070 4219 1231 4274 quam
1261 4216 1502 4274 accepta:
1553 4206 1875 4277 plerumque
1900 4208 2154 4264 accendit

550 4293 764 4361 injurias
804 4293 982 4350 dolor.
1032 4296 1110 4352 De
1148 4312 1259 4368 quo
1294 4299 1429 4354 satis
1477 4313 1577 4355 nos
1636 4301 1830 4371 psalmi
1883 4315 2046 4372 quem
2099 4303 2152 4357 in

2254 3267 2344 3322 ille
2375 3265 2674 3320 convicium
2698 3305 2710 3327 ,
2758 3272 2812 3318 et
2858 3263 3085 3317 inundet
3113 3278 3274 3318 aures
3301 3277 3447 3317 meas
3477 3261 3844 3326 contumeliis,

2254 3375 2356 3430 ego
2391 3369 2565 3424 taceo,
2599 3365 2651 3410 et
2683 3356 2816 3410 nihil
2853 3357 3174 3424 respondeo.

2321 3454 2448 3508 855.
2503 3453 2558 3508 Si
2586 3467 2718 3506 vero
2753 3451 3022 3521 perfectus
3051 3451 3154 3506 sim
3202 3451 3372 3521 (verbi
3402 3451 3572 3520 gratia
3619 3451 3847 3522 loquor,

2259 3563 2381 3603 nam
2413 3549 2642 3603 veritate
2673 3548 2919 3602 infirmus
2950 3547 3098 3614 sum)
3141 3547 3185 3601 si
3239 3559 3367 3616 ergo
3389 3543 3668 3616 perfectus
3711 3545 3811 3600 situ
3835 3587 3848 3609 ,

2253 3643 2518 3700 benedice
2532 3643 2969 3707 maledicentem,
2995 3642 3136 3696 sicut
3177 3639 3812 3696 benedicebstetP.tulus
3836 3653 3848 3702 ;

2252 3741 2341 3810 qui
2372 3739 2479 3793 ait:
2522 3737 2909 3800 Maledicintur,
2936 3745 2964 3772 ιι
2989 3746 3034 3789 et
3061 3735 3405 3789 benedicimns
3428 3731 3472 3800 (Ι
3495 3731 3617 3786 Cor.
3646 3748 3719 3797 tv,
3743 3730 3848 3802 η).

2252 3833 2515 3889 Audierat
2559 3833 2704 3886 enim
2751 3830 3058 3886 dicentem:
3097 3827 3318 3898 Diligite
3364 3826 3602 3880 inimicos
3631 3836 3849 3891 vestros,

2251 3937 2392 3979 orate
2419 3941 2513 3995 pro
2535 3921 2968 3977 calumniantibus
2995 3929 3040 3974 et
3073 3917 3488 3989 persequentibus
3511 3934 3598 3971 vos
3635 3916 3849 3988 (Matth.

2253 4033 2306 4086 γ,
2339 4019 2409 4074 44
2433 4021 2473 4091 ).
2505 4019 2634 4073 Ideo
2663 4032 2794 4088 ergo
2821 4016 3020 4070 Paulus
3055 4014 3489 4082 persecutionem
3520 4013 3846 4082 patiebatur,

2252 4122 2306 4170 et
2337 4113 2672 4176 sustinebat,
2708 4110 2829 4180 quia
2863 4108 3112 4162 vinciebat
3151 4115 3207 4161 et
3244 4104 3524 4176 mitigabat
3556 4105 3852 4159 humanum

2257 4204 2508 4260 ali‘ectnm
2557 4202 2850 4270 proposita:
2893 4199 3163 4254 mercedis
3201 4198 3412 4266 gratia;
3463 4205 3522 4251 ut
3574 4197 3720 4251 illius
3767 4195 3853 4250 Iisi

2257 4301 2443 4358 lierct.
2478 4295 2523 4350 si
2546 4295 2831 4348 dilexisset
2863 4292 3160 4345 inimicum.

621 4464 646 4544 ξ
676 4455 790 4512 Cic.
828 4454 1008 4539 Olliie.
1057 4455 1151 4511 lilt.
1183 4472 1222 4544 t2
1258 4473 1310 4526 p.
1342 4457 1610 4544 §64,‘litt.
1640 4457 1714 4512 44
1744 4477 1758 4543 ξ
1791 4457 1972 4544 Neque
2011 4461 2147 4544 enim

2269 4457 2615 4544 ncommods.

550 4528 724 4602 solum
749 4529 1103 4602 corporis.....
1131 4529 1220 4582 sed
1249 4529 1409 4602 multo
1439 4531 1592 4583 etiam
1622 4533 1784 4602 magis
1811 4528 2003 4597 animi,
2037 4541 2142 4586 etc.

617 4600 642 4638 δ
678 4599 804 4672 Mss.
838 4600 1043 4672 aliquot
1070 4640 1085 4664 ,
1115 4601 1162 4653 vi
1189 4600 1413 4669 quadam
1441 4613 1692 4672 serpente.

621 4682 643 4710 ο
667 4671 868 4725 Omnes
891 4671 1021 4726 edit.
1051 4686 1112 4724 ac
1137 4687 1270 4725 mss.
1303 4673 1529 4736 aliquot,
1553 4682 1608 4725 ut
1631 4672 1778 4726 bona!
1796 4671 2148 4736 dominatrici;

544 4741 632 4796 alii
674 4717 855 4812 ιῖιιὲἑές
889 4717 1270 4813 agitantia";
1300 4717 1531 4798 ὦγῆιῖξὲ
1555 4717 2146 4812 ἆὸῖγὲὲῖἓὲσῑ.”ᾙὶὲὶῖιί’ζεὶ1

545 4813 798 4882 quidem;
831 4814 1064 4870 refertur
1092 4817 1235 4869 enim
1263 4816 1328 4869 ad
1359 4816 1638 4886 superiora
1661 4857 1675 4880 ,
1719 4829 1834 4882 qua:
1863 4816 2146 4887 appetitum

547 4887 793 4958 refrenet,
820 4895 925 4940 etc.

616 4954 642 4994 ἀ
677 4957 791 5013 Cic.
829 4956 987 5013 Offic.
1029 4957 1125 5013 lib.
1160 4967 1197 5022 t,
1230 4969 1355 5028 pag.
1387 4956 1526 5021 564,
1558 4957 1653 5012 lin.
1689 4957 1799 5014 48:
1837 4958 2017 5012 Omnis
2048 4975 2144 5013 au-

546 5036 645 5082 tem
669 5030 802 5083 actio
827 5046 1014 5084 vacare
1043 5029 1185 5082 debet
1211 5031 1494 5084 temeritate
1524 5038 1568 5084 et
1599 5031 1931 5100 negligentia,
1963 5036 2069 5085 etc.

618 5110 642 5137 θ
672 5101 786 5186 Cic.
819 5102 983 5186 Iib,.t,
1003 5100 1194 5186 pillea,
1217 5101 1311 5186 lin.
1345 5117 1397 5186 t‘:
1432 5101 1782 5171 Efficiendum
1808 5112 1979 5157 autem
2003 5109 2148 5157 estut

544 5175 802 5239 appetitus
827 5175 1014 5227 rationi
1036 5175 1292 5237 obediant,
1325 5181 1430 5228 etc.

622 5243 640 5282 ί
678 5244 833 5307 lbid.,
869 5261 990 5315 pag.
1021 5243 1148 5308 565,
1180 5247 1276 5298 litt.
1305 5244 1368 5299 6:
1401 5245 1442 5297 A
1465 5243 1646 5312 quibus
1668 5259 1768 5298 non
1806 5244 1958 5298 modo
1990 5245 2150 5298 animi

547 5317 934 5381 perturbantur,
964 5319 1053 5372 sed
1083 5317 1232 5370 ctiam
1273 5332 1514 5386 corpora.
1566 5315 1709 5370 Licet
1755 5332 1847 5371 ora
1881 5319 1993 5386 ipsa
2041 5327 2150 5369 cere

547 5400 686 5449 nere,
719 5397 822 5442 etc.

617 5467 642 5504 ε
674 5457 831 5520 lbid.,
870 5459 962 5512 litt.
1001 5459 1063 5513 li
1093 5475 1105 5511 :
1143 5457 1321 5528 Neque
1351 5459 1483 5513 enim
1513 5459 1585 5513 ita
1612 5459 1935 5530 generati....
1961 5457 2052 5512 sed
2082 5458 2150 5512 ad

551 5531 867 5584 severitatem
896 5531 1087 5600 potius.
1114 5538 1220 5586 etc.

635 5600 661 5639 ¹¹
696 5603 857 5664 lbitl.,
901 5617 1018 5672 pag.
1055 5603 1182 5668 370,
1218 5604 1309 5658 lin.
1340 5602 1436 5658 li:
1467 5601 1684 5656 Rectum
1709 5608 1782 5654 est
1801 5610 1972 5655 autem
1999 5600 2153 5656 etiam

559 5672 611 5725 in
641 5675 747 5728 illis
773 5676 1178 5728 contentionibus
1192 5691 1306 5744 quia
1326 5691 1441 5728 cum
1471 5672 1836 5728 inimicissimis
1857 5672 2008 5744 ﬁunt,
2036 5682 2144 5726 etc.

642 5744 656 5784 ί
702 5744 759 5804 ltt
790 5745 1058 5818 superior.
1083 5742 1216 5812 edit.
1247 5747 1352 5814 hoc
1374 5754 1492 5802 erat
1520 5745 1732 5800 initium
1760 5758 1880 5824 cap.
1911 5742 1982 5799 48
2005 5786 2019 5812 ,
2047 5744 2142 5802 sed

2327 4533 2338 4582 i
2381 4532 2506 4585 Mss.
2539 4530 2739 4598 aliquot
2763 4569 2776 4588 ,
2806 4525 3122 4580 conviciator
3148 4523 3393 4598 iniquus;
3423 4522 3855 4598 ttnus_c_onricia-

2250 4613 2330 4657 tor
2355 4595 2680 4672 iniquitatis:
2709 4599 2798 4652 alii
2830 4614 2936 4672 non
2970 4598 3157 4672 pauci,
3190 4595 3537 4672 conviciatun
3567 4595 3852 4664 iniquitas:

2250 4673 2414 4744 aliqui
2441 4667 2508 4726 ἐὶ
2533 4673 2663 4744 edit.
2715 4670 2962 4744 Amet-IL,
3013 4668 3331 4744 convicintur
3377 4667 3686 4744 iniquitate;
3723 4681 3854 4744 unn-

2255 4739 2408 4802 ttul'li.
2443 4761 2505 4798 ac
2537 4743 2690 4798 Erus.
2724 4751 2778 4796 et
2817 4740 2943 4795 Gill.
2970 4782 2984 4804 ,
3026 4741 3365 4801 convicitttnr,
3407 4739 3688 4805 inquietat;
3722 4739 3852 4798 tltm,

2251 4817 2588 4880 conviciator,
2636 4815 2929 4884 iniquitates
2957 4813 3164 4876 incitat;
3196 4813 3380 4863 ett-teri
3423 4809 3658 4884 denique
3689 4819 3852 4878 atque

2253 4889 2385 4944 edit.
2423 4887 2606 4952 Rom.,
2631 4880 2946 4940 can'viciatttr
2974 4927 2987 4947 ,
3015 4883 3265 4948 inequitat
3290 4897 3307 4934 :
3351 4880 3494 4949 quod
3539 4881 3768 4952 verbum
3824 4896 3849 4931 a

2249 4961 2441 5014 scribis
2471 4951 2692 5012 minimc
2725 4957 3060 5010 intellectum
3097 4964 3298 5007 tantam
3333 4954 3542 5020 peperit
3564 4951 3853 5005 diversita-

2251 5042 2390 5094 tem;
2424 5044 2546 5085 cum
2578 5030 2662 5085 ltic
2688 5030 2974 5096 inequitat,
3009 5025 3140 5079 nihil
3183 5025 3324 5078 aliud
3355 5023 3459 5086 sit,
3491 5037 3652 5092 quam
3687 5022 3850 5077 veluti

2251 5103 2556 5158 Calcaribus
2588 5101 2774 5154 incitat
2800 5099 3166 5168 exagitalmte.

2327 5173 2349 5210 ι
2389 5171 2524 5228 Cod.
2560 5173 2699 5242 “ig,
2730 5165 3144 5242 Sciens—menon
3174 5168 3470 5242 egisse-qua:
3499 5165 3729 5242 obiiciat,
3751 5179 3851 5218 non

2257 5262 2371 5298 sum
2403 5239 2671 5308 tantusvi.
2705 5242 2906 5296 etiamsi
2936 5241 3033 5292 mei
3065 5240 3246 5308 objecti
3277 5239 3499 5291 alienum
3529 5240 3777 5291 noverim.

2335 5315 2348 5354 ι
2384 5316 2512 5370 Mss.
2543 5315 2811 5372 nonnulli,
2837 5312 3014 5378 iniecti
3047 5311 3259 5380 pudoris
3282 5320 3474 5363 notam.

2323 5393 2363 5424 ⁸η
2394 5388 2531 5442 Edit.
2579 5395 2632 5440 et
2675 5386 2828 5454 pauci
2875 5379 3054 5444 mss,
3085 5383 3274 5448 inﬂuat
3317 5383 3410 5454 ille
3451 5379 3726 5443 conviciis;
3763 5379 3852 5454 alii

2255 5472 2384 5512 mss.
2419 5459 2573 5527 longe
2605 5450 2984 5524 pltiritni.......
3013 5456 3324 5527 convicium.
3353 5453 3556 5506 Rursus
3584 5465 3716 5504 vero
3763 5450 3850 5527 ubi

2253 5529 2384 5584 edit.
2411 5539 2462 5582 et
2487 5521 2615 5581 mss;
2653 5527 2920 5596 plerique,
2944 5526 3076 5580 nihil
3106 5526 3410 5598 respondeo;
3440 5537 3570 5576 mss.
3605 5521 3852 5576 nonnulli

2255 5601 2480 5664 habent,
2514 5599 2646 5652 nihil
2673 5603 2918 5665 rependo.

2327 5680 2352 5708 η
2389 5674 2502 5726 Duo
2528 5685 2684 5738 mss.,
2715 5681 2760 5725 et
2789 5671 3156 5733 benedicimus;
3175 5667 3574 5737 persecutionem
3597 5665 3851 5736 patimur,

2252 5755 2298 5801 et
2321 5743 2650 5800 sustinemus.
