  <div class='ocr_page' id='page_1' title='image "/cluster/home/n/w/nwhite01/storage/ocr_20150623/16/uva.x000826550/055.png"; bbox 0 0 4010 6186; ppageno 0'>
   <div class='ocr_carea' id='block_1_1' title="bbox 524 218 3837 293">
    <p class='ocr_par' dir='ltr' id='par_1_1' title="bbox 524 218 3837 293">
     <span class='ocr_line' id='line_1_1' title="bbox 524 218 3837 293; baseline 0.005 -16"><span class='ocrx_word' id='word_1_1' title='bbox 524 218 598 278; x_wconf 73' lang='lat'><strong>95</strong></span> <span class='ocrx_word' id='word_1_2' title='bbox 1888 224 2133 283; x_wconf 79' lang='lat' dir='ltr'><strong>SANCTI</strong></span> <span class='ocrx_word' id='word_1_3' title='bbox 2171 224 2494 285; x_wconf 77' lang='lat' dir='ltr'><strong>AMBROSD</strong></span> <span class='ocrx_word' id='word_1_4' title='bbox 3765 233 3837 293; x_wconf 69' lang='lat'><strong><em>96</em></strong></span> 
     </span>
    </p>
   </div>
   <div class='ocr_carea' id='block_1_2' title="bbox 522 337 3831 422">
    <p class='ocr_par' dir='ltr' id='par_1_2' title="bbox 522 337 3831 422">
     <span class='ocr_line' id='line_1_2' title="bbox 522 337 3831 422; baseline 0.004 -26"><span class='ocrx_word' id='word_1_5' title='bbox 522 337 686 396; x_wconf 99' lang='lat' dir='ltr'><strong>derat</strong></span> <span class='ocrx_word' id='word_1_6' title='bbox 709 341 855 398; x_wconf 89' lang='lat' dir='ltr'><strong>enim</strong></span> <span class='ocrx_word' id='word_1_7' title='bbox 884 340 1085 397; x_wconf 82' lang='lat' dir='ltr'><strong>Rachel</strong></span> <span class='ocrx_word' id='word_1_8' title='bbox 1130 337 1420 396; x_wconf 89' lang='lat' dir='ltr'><strong>simulacra</strong></span> <span class='ocrx_word' id='word_1_9' title='bbox 1455 337 1685 398; x_wconf 90' lang='lat' dir='ltr'><strong>deorum</strong></span> <span class='ocrx_word' id='word_1_10' title='bbox 1717 340 1836 414; x_wconf 85' lang='lat' dir='ltr'><strong>ejus</strong></span> <span class='ocrx_word' id='word_1_11' title='bbox 1864 355 2031 398; x_wconf 88' lang='lat' dir='ltr'><strong>aurea</strong></span> <span class='ocrx_word' id='word_1_12' title='bbox 2060 351 2116 399; x_wconf 90' lang='lat' dir='ltr'><strong>et</strong></span> <span class='ocrx_word' id='word_1_13' title='bbox 2141 344 2197 406; x_wconf 78' lang='grc' dir='ltr'><strong>Α</strong></span> <span class='ocrx_word' id='word_1_14' title='bbox 2220 344 2452 415; x_wconf 83' lang='lat' dir='ltr'><strong>pinxerit</strong></span> <span class='ocrx_word' id='word_1_15' title='bbox 2478 344 2819 402; x_wconf 83' lang='lat' dir='ltr'><strong>Hierusalem</strong></span> <span class='ocrx_word' id='word_1_16' title='bbox 2873 345 3133 403; x_wconf 89' lang='lat' dir='ltr'><strong>Dominus</strong></span> <span class='ocrx_word' id='word_1_17' title='bbox 3169 346 3238 405; x_wconf 89' lang='lat' dir='ltr'><strong>ad</strong></span> <span class='ocrx_word' id='word_1_18' title='bbox 3293 348 3588 422; x_wconf 75' lang='lat' dir='ltr'><strong>imaginem</strong></span> <span class='ocrx_word' id='word_1_19' title='bbox 3636 365 3831 421; x_wconf 90' lang='lat' dir='ltr'><strong>suam,</strong></span> 
     </span>
    </p>
   </div>
   <div class='ocr_carea' id='block_1_3' title="bbox 523 442 804 505">
    <p class='ocr_par' dir='ltr' id='par_1_3' title="bbox 523 442 804 505">
     <span class='ocr_line' id='line_1_3' title="bbox 523 442 804 505; baseline 0 -18"><span class='ocrx_word' id='word_1_20' title='bbox 523 442 804 505; x_wconf 85' lang='lat' dir='ltr'><strong>argentea.</strong></span> 
     </span>
    </p>
   </div>
   <div class='ocr_carea' id='block_1_4' title="bbox 597 523 2129 597">
    <p class='ocr_par' dir='ltr' id='par_1_4' title="bbox 597 523 2129 597">
     <span class='ocr_line' id='line_1_4' title="bbox 597 523 2129 597; baseline 0.003 -17"><span class='ocrx_word' id='word_1_21' title='bbox 597 523 725 581; x_wconf 73' lang='lat'><strong>241.</strong></span> <span class='ocrx_word' id='word_1_22' title='bbox 766 523 952 595; x_wconf 88' lang='lat' dir='ltr'><strong>Itaque</strong></span> <span class='ocrx_word' id='word_1_23' title='bbox 996 523 1042 579; x_wconf 97' lang='lat' dir='ltr'><strong>si</strong></span> <span class='ocrx_word' id='word_1_24' title='bbox 1072 524 1346 596; x_wconf 71' lang='lat' dir='ltr'><strong>sapientia</strong></span> <span class='ocrx_word' id='word_1_25' title='bbox 1370 566 1385 591; x_wconf 92' lang='lat'><strong>,</strong></span> <span class='ocrx_word' id='word_1_26' title='bbox 1432 525 1479 581; x_wconf 91' lang='lat' dir='ltr'><strong>si</strong></span> <span class='ocrx_word' id='word_1_27' title='bbox 1512 525 1667 592; x_wconf 89' lang='lat' dir='ltr'><strong>lides,</strong></span> <span class='ocrx_word' id='word_1_28' title='bbox 1713 526 1759 583; x_wconf 89' lang='lat' dir='ltr'><strong>si</strong></span> <span class='ocrx_word' id='word_1_29' title='bbox 1782 534 2129 597; x_wconf 90' lang='lat' dir='ltr'><strong>contemptus</strong></span> 
     </span>
    </p>
   </div>
   <div class='ocr_carea' id='block_1_5' title="bbox 529 617 2123 692">
    <p class='ocr_par' dir='ltr' id='par_1_5' title="bbox 529 617 2123 692">
     <span class='ocr_line' id='line_1_5' title="bbox 529 617 2123 692; baseline 0.003 -20"><span class='ocrx_word' id='word_1_30' title='bbox 529 617 741 683; x_wconf 71' lang='lat' dir='ltr'><strong>saeculi,</strong></span> <span class='ocrx_word' id='word_1_31' title='bbox 786 617 833 672; x_wconf 88' lang='lat' dir='ltr'><strong>si</strong></span> <span class='ocrx_word' id='word_1_32' title='bbox 878 617 1047 688; x_wconf 89' lang='lat' dir='ltr'><strong>gratia</strong></span> <span class='ocrx_word' id='word_1_33' title='bbox 1097 627 1187 674; x_wconf 90' lang='lat' dir='ltr'><strong>tua</strong></span> <span class='ocrx_word' id='word_1_34' title='bbox 1216 618 1517 675; x_wconf 91' lang='lat' dir='ltr'><strong>abscondat</strong></span> <span class='ocrx_word' id='word_1_35' title='bbox 1552 636 1768 677; x_wconf 90' lang='lat' dir='ltr'><strong>omnem</strong></span> <span class='ocrx_word' id='word_1_36' title='bbox 1812 622 2123 692; x_wconf 90' lang='lat' dir='ltr'><strong>perlidiam,</strong></span> 
     </span>
    </p>
   </div>
   <div class='ocr_carea' id='block_1_6' title="bbox 529 708 2128 784">
    <p class='ocr_par' dir='ltr' id='par_1_6' title="bbox 529 708 2128 784">
     <span class='ocr_line' id='line_1_6' title="bbox 529 708 2128 784; baseline 0.002 -18"><span class='ocrx_word' id='word_1_37' title='bbox 529 708 727 766; x_wconf 84' lang='lat' dir='ltr'><strong>beatus</strong></span> <span class='ocrx_word' id='word_1_38' title='bbox 755 711 903 779; x_wconf 87' lang='lat' dir='ltr'><strong>eris;</strong></span> <span class='ocrx_word' id='word_1_39' title='bbox 935 710 1063 783; x_wconf 88' lang='lat' dir='ltr'><strong>quia</strong></span> <span class='ocrx_word' id='word_1_40' title='bbox 1092 728 1200 767; x_wconf 89' lang='lat' dir='ltr'><strong>non</strong></span> <span class='ocrx_word' id='word_1_41' title='bbox 1244 714 1471 784; x_wconf 77' lang='lat' dir='ltr'><strong>respicis</strong></span> <span class='ocrx_word' id='word_1_42' title='bbox 1502 714 1555 769; x_wconf 90' lang='lat' dir='ltr'><strong>in</strong></span> <span class='ocrx_word' id='word_1_43' title='bbox 1586 715 1852 771; x_wconf 91' lang='lat' dir='ltr'><strong>vanitates</strong></span> <span class='ocrx_word' id='word_1_44' title='bbox 1883 722 1941 772; x_wconf 89' lang='lat' dir='ltr'><strong>et</strong></span> <span class='ocrx_word' id='word_1_45' title='bbox 1980 715 2128 770; x_wconf 86' lang='lat' dir='ltr'><strong>insa-</strong></span> 
     </span>
    </p>
   </div>
   <div class='ocr_carea' id='block_1_7' title="bbox 527 802 2130 878">
    <p class='ocr_par' dir='ltr' id='par_1_7' title="bbox 527 802 2130 878">
     <span class='ocr_line' id='line_1_7' title="bbox 527 802 2130 878; baseline 0.004 -20"><span class='ocrx_word' id='word_1_46' title='bbox 527 802 649 858; x_wconf 85' lang='lat' dir='ltr'><strong>nias</strong></span> <span class='ocrx_word' id='word_1_47' title='bbox 682 802 847 858; x_wconf 84' lang='lat' dir='ltr'><strong>t&#39;alsas</strong></span> <span class='ocrx_word' id='word_1_48' title='bbox 876 803 1049 876; x_wconf 81' lang='lat' dir='ltr'><strong>(Psal.</strong></span> <span class='ocrx_word' id='word_1_49' title='bbox 1080 822 1267 873; x_wconf 77' lang='lat' dir='ltr'><strong>xxxix,</strong></span> <span class='ocrx_word' id='word_1_50' title='bbox 1301 806 1389 878; x_wconf 88' lang='lat'><strong>5).</strong></span> <span class='ocrx_word' id='word_1_51' title='bbox 1410 807 1492 861; x_wconf 84' lang='lat' dir='ltr'><strong>Au</strong></span> <span class='ocrx_word' id='word_1_52' title='bbox 1526 807 1803 864; x_wconf 86' lang='lat' dir='ltr'><strong>mediocre</strong></span> <span class='ocrx_word' id='word_1_53' title='bbox 1822 819 1905 864; x_wconf 89' lang='lat' dir='ltr'><strong>est</strong></span> <span class='ocrx_word' id='word_1_54' title='bbox 1940 808 2130 864; x_wconf 90' lang='lat' dir='ltr'><strong>tollere</strong></span> 
     </span>
    </p>
   </div>
   <div class='ocr_carea' id='block_1_8' title="bbox 528 899 2129 972">
    <p class='ocr_par' dir='ltr' id='par_1_8' title="bbox 528 899 2129 972">
     <span class='ocr_line' id='line_1_8' title="bbox 528 899 2129 972; baseline 0.003 -20"><span class='ocrx_word' id='word_1_55' title='bbox 528 911 720 953; x_wconf 87' lang='lat' dir='ltr'><strong>vocem</strong></span> <span class='ocrx_word' id='word_1_56' title='bbox 743 899 1080 966; x_wconf 90' lang='lat' dir='ltr'><strong>adversario,</strong></span> <span class='ocrx_word' id='word_1_57' title='bbox 1112 908 1169 955; x_wconf 93' lang='lat' dir='ltr'><strong>ut</strong></span> <span class='ocrx_word' id='word_1_58' title='bbox 1196 901 1456 972; x_wconf 83' lang='lat' dir='ltr'><strong>arguendi</strong></span> <span class='ocrx_word' id='word_1_59' title='bbox 1480 910 1532 957; x_wconf 92' lang='lat' dir='ltr'><strong>te</strong></span> <span class='ocrx_word' id='word_1_60' title='bbox 1563 918 1670 957; x_wconf 93' lang='lat' dir='ltr'><strong>non</strong></span> <span class='ocrx_word' id='word_1_61' title='bbox 1712 903 1883 970; x_wconf 91' lang='lat' dir='ltr'><strong>possit</strong></span> <span class='ocrx_word' id='word_1_62' title='bbox 1928 901 2129 958; x_wconf 88' lang='lat' dir='ltr'><strong>habere</strong></span> 
     </span>
    </p>
   </div>
   <div class='ocr_carea' id='block_1_9' title="bbox 524 994 2124 1065">
    <p class='ocr_par' dir='ltr' id='par_1_9' title="bbox 524 994 2124 1065">
     <span class='ocr_line' id='line_1_9' title="bbox 524 994 2124 1065; baseline 0.001 -17"><span class='ocrx_word' id='word_1_63' title='bbox 524 994 955 1050; x_wconf 90' lang='lat' dir='ltr'><strong>auctoritatem?</strong></span> <span class='ocrx_word' id='word_1_64' title='bbox 981 994 1168 1065; x_wconf 84' lang='lat' dir='ltr'><strong>Itaque</strong></span> <span class='ocrx_word' id='word_1_65' title='bbox 1197 996 1290 1065; x_wconf 86' lang='lat' dir='ltr'><strong>qui</strong></span> <span class='ocrx_word' id='word_1_66' title='bbox 1320 1010 1426 1051; x_wconf 92' lang='lat' dir='ltr'><strong>non</strong></span> <span class='ocrx_word' id='word_1_67' title='bbox 1469 996 1692 1065; x_wconf 84' lang='lat' dir='ltr'><strong>respicit</strong></span> <span class='ocrx_word' id='word_1_68' title='bbox 1734 996 1788 1051; x_wconf 90' lang='lat' dir='ltr'><strong>in</strong></span> <span class='ocrx_word' id='word_1_69' title='bbox 1821 996 2088 1051; x_wconf 82' lang='lat' dir='ltr'><strong>vanitates</strong></span> <span class='ocrx_word' id='word_1_70' title='bbox 2107 1036 2124 1060; x_wconf 87' lang='lat'><strong>,</strong></span> 
     </span>
    </p>
   </div>
   <div class='ocr_carea' id='block_1_10' title="bbox 526 1086 2130 1157">
    <p class='ocr_par' dir='ltr' id='par_1_10' title="bbox 526 1086 2130 1157">
     <span class='ocr_line' id='line_1_10' title="bbox 526 1086 2130 1157; baseline 0.002 -18"><span class='ocrx_word' id='word_1_71' title='bbox 526 1099 636 1139; x_wconf 92' lang='lat' dir='ltr'><strong>non</strong></span> <span class='ocrx_word' id='word_1_72' title='bbox 664 1086 1064 1152; x_wconf 87' lang='lat' dir='ltr'><strong>conturbatur;</strong></span> <span class='ocrx_word' id='word_1_73' title='bbox 1099 1086 1190 1156; x_wconf 87' lang='lat' dir='ltr'><strong>qui</strong></span> <span class='ocrx_word' id='word_1_74' title='bbox 1227 1087 1371 1140; x_wconf 90' lang='lat' dir='ltr'><strong>enim</strong></span> <span class='ocrx_word' id='word_1_75' title='bbox 1418 1086 1640 1157; x_wconf 87' lang='lat' dir='ltr'><strong>respicit</strong></span> <span class='ocrx_word' id='word_1_76' title='bbox 1667 1087 2043 1153; x_wconf 81' lang='lat' dir='ltr'><strong>conturbatur,</strong></span> <span class='ocrx_word' id='word_1_77' title='bbox 2074 1097 2130 1143; x_wconf 90' lang='lat' dir='ltr'><strong>et</strong></span> 
     </span>
    </p>
   </div>
   <div class='ocr_carea' id='block_1_11' title="bbox 524 1177 2127 1252">
    <p class='ocr_par' dir='ltr' id='par_1_11' title="bbox 524 1177 2127 1252">
     <span class='ocr_line' id='line_1_11' title="bbox 524 1177 2127 1252; baseline 0.004 -21"><span class='ocrx_word' id='word_1_78' title='bbox 524 1177 822 1232; x_wconf 80' lang='lat' dir='ltr'><strong>vanissime</strong></span> <span class='ocrx_word' id='word_1_79' title='bbox 848 1178 1090 1249; x_wconf 85' lang='lat' dir='ltr'><strong>quidem.</strong></span> <span class='ocrx_word' id='word_1_80' title='bbox 1122 1178 1261 1247; x_wconf 87' lang='lat' dir='ltr'><strong>Quid</strong></span> <span class='ocrx_word' id='word_1_81' title='bbox 1294 1188 1379 1235; x_wconf 92' lang='lat' dir='ltr'><strong>est</strong></span> <span class='ocrx_word' id='word_1_82' title='bbox 1415 1181 1558 1235; x_wconf 86' lang='lat' dir='ltr'><strong>enim</strong></span> <span class='ocrx_word' id='word_1_83' title='bbox 1589 1195 1927 1252; x_wconf 74' lang='lat' dir='ltr'><strong>congregare</strong></span> <span class='ocrx_word' id='word_1_84' title='bbox 1971 1196 2127 1251; x_wconf 86' lang='lat' dir='ltr'><strong>opes,</strong></span> 
     </span>
    </p>
   </div>
   <div class='ocr_carea' id='block_1_12' title="bbox 525 1271 2132 1343">
    <p class='ocr_par' dir='ltr' id='par_1_12' title="bbox 525 1271 2132 1343">
     <span class='ocr_line' id='line_1_12' title="bbox 525 1271 2132 1343; baseline 0.001 -15"><span class='ocrx_word' id='word_1_85' title='bbox 525 1271 634 1328; x_wconf 81' lang='lat' dir='ltr'><strong>nisi</strong></span> <span class='ocrx_word' id='word_1_86' title='bbox 662 1286 896 1338; x_wconf 86' lang='lat' dir='ltr'><strong>vanum;</strong></span> <span class='ocrx_word' id='word_1_87' title='bbox 929 1272 1054 1343; x_wconf 88' lang='lat' dir='ltr'><strong>quia</strong></span> <span class='ocrx_word' id='word_1_88' title='bbox 1081 1272 1282 1328; x_wconf 90' lang='lat' dir='ltr'><strong>caduca</strong></span> <span class='ocrx_word' id='word_1_89' title='bbox 1306 1288 1553 1343; x_wconf 63' lang='lat' dir='ltr'><strong>quaerere</strong></span> <span class='ocrx_word' id='word_1_90' title='bbox 1592 1289 1787 1329; x_wconf 87' lang='lat' dir='ltr'><strong>vanum</strong></span> <span class='ocrx_word' id='word_1_91' title='bbox 1820 1283 1905 1328; x_wconf 88' lang='lat' dir='ltr'><strong>est</strong></span> <span class='ocrx_word' id='word_1_92' title='bbox 1952 1274 2132 1329; x_wconf 83' lang='lat' dir='ltr'><strong>satis?</strong></span> 
     </span>
    </p>
   </div>
   <div class='ocr_carea' id='block_1_13' title="bbox 527 1364 2130 1440">
    <p class='ocr_par' dir='ltr' id='par_1_13' title="bbox 527 1364 2130 1440">
     <span class='ocr_line' id='line_1_13' title="bbox 527 1364 2130 1440; baseline 0.003 -18"><span class='ocrx_word' id='word_1_93' title='bbox 527 1364 661 1422; x_wconf 85' lang='lat' dir='ltr'><strong>Cum</strong></span> <span class='ocrx_word' id='word_1_94' title='bbox 695 1373 876 1421; x_wconf 90' lang='lat' dir='ltr'><strong>autem</strong></span> <span class='ocrx_word' id='word_1_95' title='bbox 907 1369 1326 1439; x_wconf 88' lang='lat' dir='ltr'><strong>congregaveris</strong></span> <span class='ocrx_word' id='word_1_96' title='bbox 1350 1409 1367 1437; x_wconf 97' lang='lat'><strong>,</strong></span> <span class='ocrx_word' id='word_1_97' title='bbox 1414 1368 1507 1439; x_wconf 87' lang='lat' dir='ltr'><strong>qui</strong></span> <span class='ocrx_word' id='word_1_98' title='bbox 1558 1369 1701 1424; x_wconf 85' lang='lat' dir='ltr'><strong>scias</strong></span> <span class='ocrx_word' id='word_1_99' title='bbox 1738 1383 1806 1424; x_wconf 90' lang='lat' dir='ltr'><strong>an</strong></span> <span class='ocrx_word' id='word_1_100' title='bbox 1845 1368 2130 1440; x_wconf 86' lang='lat' dir='ltr'><strong>possidere</strong></span> 
     </span>
    </p>
   </div>
   <div class='ocr_carea' id='block_1_14' title="bbox 522 1457 854 1516">
    <p class='ocr_par' dir='ltr' id='par_1_14' title="bbox 522 1457 854 1516">
     <span class='ocr_line' id='line_1_14' title="bbox 522 1457 854 1516; baseline 0 -1"><span class='ocrx_word' id='word_1_101' title='bbox 522 1457 689 1516; x_wconf 88' lang='lat' dir='ltr'><strong>liceat</strong></span> <span class='ocrx_word' id='word_1_102' title='bbox 714 1459 854 1515; x_wconf 80' lang='lat' dir='ltr'><strong>tibi?</strong></span> 
     </span>
    </p>
   </div>
   <div class='ocr_carea' id='block_1_15' title="bbox 599 1551 2132 1613">
    <p class='ocr_par' dir='ltr' id='par_1_15' title="bbox 599 1551 2132 1613">
     <span class='ocr_line' id='line_1_15' title="bbox 599 1551 2132 1613; baseline 0.004 -6"><span class='ocrx_word' id='word_1_103' title='bbox 599 1552 727 1608; x_wconf 71' lang='grc'><strong>242.</strong></span> <span class='ocrx_word' id='word_1_104' title='bbox 769 1551 962 1609; x_wconf 87' lang='lat' dir='ltr'><strong>Nonne</strong></span> <span class='ocrx_word' id='word_1_105' title='bbox 994 1569 1195 1610; x_wconf 90' lang='lat' dir='ltr'><strong>vanum</strong></span> <span class='ocrx_word' id='word_1_106' title='bbox 1242 1563 1328 1610; x_wconf 88' lang='lat' dir='ltr'><strong>est</strong></span> <span class='ocrx_word' id='word_1_107' title='bbox 1367 1564 1424 1610; x_wconf 92' lang='lat' dir='ltr'><strong>ut</strong></span> <span class='ocrx_word' id='word_1_108' title='bbox 1469 1567 1739 1613; x_wconf 89' lang='lat' dir='ltr'><strong>mercator</strong></span> <span class='ocrx_word' id='word_1_109' title='bbox 1770 1557 2023 1613; x_wconf 77' lang='lat' dir='ltr'><strong>noctibus</strong></span> <span class='ocrx_word' id='word_1_110' title='bbox 2068 1572 2132 1613; x_wconf 91' lang='lat' dir='ltr'><strong>ac</strong></span> 
     </span>
    </p>
   </div>
   <div class='ocr_carea' id='block_1_16' title="bbox 524 1644 2130 1719">
    <p class='ocr_par' dir='ltr' id='par_1_16' title="bbox 524 1644 2130 1719">
     <span class='ocr_line' id='line_1_16' title="bbox 524 1644 2130 1719; baseline 0.003 -18"><span class='ocrx_word' id='word_1_111' title='bbox 524 1644 722 1702; x_wconf 87' lang='lat' dir='ltr'><strong>diebus</strong></span> <span class='ocrx_word' id='word_1_112' title='bbox 748 1646 999 1701; x_wconf 82' lang='lat' dir='ltr'><strong>conﬁciat</strong></span> <span class='ocrx_word' id='word_1_113' title='bbox 1028 1647 1154 1713; x_wconf 89' lang='lat' dir='ltr'><strong>iter,</strong></span> <span class='ocrx_word' id='word_1_114' title='bbox 1187 1655 1213 1684; x_wconf 74' lang='grc' dir='ltr'><strong>α</strong></span> <span class='ocrx_word' id='word_1_115' title='bbox 1235 1662 1344 1718; x_wconf 90' lang='lat' dir='ltr'><strong>quo</strong></span> <span class='ocrx_word' id='word_1_116' title='bbox 1371 1663 1665 1719; x_wconf 77' lang='lat' dir='ltr'><strong>aggregare</strong></span> <span class='ocrx_word' id='word_1_117' title='bbox 1693 1650 1866 1719; x_wconf 88' lang='lat' dir='ltr'><strong>possit</strong></span> <span class='ocrx_word' id='word_1_118' title='bbox 1893 1649 2130 1705; x_wconf 79' lang='lat' dir='ltr'><strong>thesauri</strong></span> 
     </span>
    </p>
   </div>
   <div class='ocr_carea' id='block_1_17' title="bbox 2229 435 3502 512">
    <p class='ocr_par' dir='ltr' id='par_1_17' title="bbox 2229 435 3502 512">
     <span class='ocr_line' id='line_1_17' title="bbox 2229 435 3502 512; baseline 0.005 -21"><span class='ocrx_word' id='word_1_119' title='bbox 2229 444 2357 492; x_wconf 94' lang='lat' dir='ltr'><strong>tunc</strong></span> <span class='ocrx_word' id='word_1_120' title='bbox 2386 435 2818 494; x_wconf 81' lang='lat' dir='ltr'><strong>adversariorum</strong></span> <span class='ocrx_word' id='word_1_121' title='bbox 2850 438 3030 493; x_wconf 91' lang='lat' dir='ltr'><strong>omnis</strong></span> <span class='ocrx_word' id='word_1_122' title='bbox 3059 440 3237 512; x_wconf 82' lang='lat' dir='ltr'><strong>imago</strong></span> <span class='ocrx_word' id='word_1_123' title='bbox 3266 440 3502 498; x_wconf 88' lang='lat' dir='ltr'><strong>deletur.</strong></span> 
     </span>
    </p>
   </div>
   <div class='ocr_carea' id='block_1_18' title="bbox 2857 529 3192 588">
    <p class='ocr_par' dir='ltr' id='par_1_18' title="bbox 2857 529 3192 588">
     <span class='ocr_line' id='line_1_18' title="bbox 2857 529 3192 588; baseline 0.003 -3"><span class='ocrx_word' id='word_1_124' title='bbox 2857 529 3088 588; x_wconf 82' lang='lat' dir='ltr'><strong>CAPUT</strong></span> <span class='ocrx_word' id='word_1_125' title='bbox 3129 532 3192 586; x_wconf 88' lang='lat' dir='ltr'><strong>L.</strong></span> 
     </span>
    </p>
   </div>
   <div class='ocr_carea' id='block_1_19' title="bbox 2228 622 3837 696">
    <p class='ocr_par' dir='ltr' id='par_1_19' title="bbox 2228 622 3837 696">
     <span class='ocr_line' id='line_1_19' title="bbox 2228 622 3837 696; baseline 0.004 -18"><span class='ocrx_word' id='word_1_126' title='bbox 2228 622 2430 679; x_wconf 80' lang='lat' dir='ltr'><strong>Levites</strong></span> <span class='ocrx_word' id='word_1_127' title='bbox 2470 642 2501 678; x_wconf 90' lang='lat' dir='ltr'><strong>a</strong></span> <span class='ocrx_word' id='word_1_128' title='bbox 2552 625 2765 679; x_wconf 80' lang='lat' dir='ltr'><strong>terrenis</strong></span> <span class='ocrx_word' id='word_1_129' title='bbox 2806 622 3178 696; x_wconf 80' lang='lat' dir='ltr'><strong>cupiditatibus</strong></span> <span class='ocrx_word' id='word_1_130' title='bbox 3223 626 3448 682; x_wconf 66' lang='lat' dir='ltr'><strong>maxime</strong></span> <span class='ocrx_word' id='word_1_131' title='bbox 3488 627 3689 683; x_wconf 87' lang='lat' dir='ltr'><strong>alienos</strong></span> <span class='ocrx_word' id='word_1_132' title='bbox 3723 644 3837 685; x_wconf 88' lang='lat' dir='ltr'><strong>esse</strong></span> 
     </span>
    </p>
   </div>
   <div class='ocr_carea' id='block_1_20' title="bbox 2301 717 3838 793">
    <p class='ocr_par' dir='ltr' id='par_1_20' title="bbox 2301 717 3838 793">
     <span class='ocr_line' id='line_1_20' title="bbox 2301 717 3838 793; baseline 0.003 -22"><span class='ocrx_word' id='word_1_133' title='bbox 2301 719 2498 772; x_wconf 81' lang='lat' dir='ltr'><strong>debere.</strong></span> <span class='ocrx_word' id='word_1_134' title='bbox 2536 717 2666 784; x_wconf 78' lang='lat' dir='ltr'><strong>Qua:</strong></span> <span class='ocrx_word' id='word_1_135' title='bbox 2686 719 2788 773; x_wconf 86' lang='lat' dir='ltr'><strong>sint</strong></span> <span class='ocrx_word' id='word_1_136' title='bbox 2813 718 3021 772; x_wconf 88' lang='lat' dir='ltr'><strong>illorum</strong></span> <span class='ocrx_word' id='word_1_137' title='bbox 3043 719 3254 775; x_wconf 81' lang='lat' dir='ltr'><strong>uirtutes</strong></span> <span class='ocrx_word' id='word_1_138' title='bbox 3283 737 3350 776; x_wconf 77' lang='lat' dir='ltr'><strong>ea:</strong></span> <span class='ocrx_word' id='word_1_139' title='bbox 3372 719 3641 792; x_wconf 76' lang='lat' dir='ltr'><strong>Apostolo,</strong></span> <span class='ocrx_word' id='word_1_140' title='bbox 3665 737 3838 793; x_wconf 81' lang='lat' dir='ltr'><strong>quan—</strong></span> 
     </span>
    </p>
   </div>
   <div class='ocr_carea' id='block_1_21' title="bbox 2303 809 3837 885">
    <p class='ocr_par' dir='ltr' id='par_1_21' title="bbox 2303 809 3837 885">
     <span class='ocr_line' id='line_1_21' title="bbox 2303 809 3837 885; baseline 0.005 -24"><span class='ocrx_word' id='word_1_141' title='bbox 2303 817 2413 861; x_wconf 86' lang='lat' dir='ltr'><strong>tave</strong></span> <span class='ocrx_word' id='word_1_142' title='bbox 2439 809 2492 861; x_wconf 87' lang='lat' dir='ltr'><strong>in</strong></span> <span class='ocrx_word' id='word_1_143' title='bbox 2523 809 2650 880; x_wconf 87' lang='lat' dir='ltr'><strong>ipsis</strong></span> <span class='ocrx_word' id='word_1_144' title='bbox 2676 810 2982 864; x_wconf 86' lang='lat' dir='ltr'><strong>castimonia</strong></span> <span class='ocrx_word' id='word_1_145' title='bbox 3012 812 3309 881; x_wconf 81' lang='lat' dir='ltr'><strong>requiratur</strong></span> <span class='ocrx_word' id='word_1_146' title='bbox 3331 829 3350 867; x_wconf 91' lang='lat'><strong><em>:</em></strong></span> <span class='ocrx_word' id='word_1_147' title='bbox 3369 814 3489 868; x_wconf 90' lang='lat' dir='ltr'><strong>item</strong></span> <span class='ocrx_word' id='word_1_148' title='bbox 3515 828 3630 883; x_wconf 67' lang='lat' dir='ltr'><strong>quia</strong></span> <span class='ocrx_word' id='word_1_149' title='bbox 3658 814 3837 885; x_wconf 82' lang='lat' dir='ltr'><strong>digni-</strong></span> 
     </span>
    </p>
   </div>
   <div class='ocr_carea' id='block_1_22' title="bbox 2303 903 3841 977">
    <p class='ocr_par' dir='ltr' id='par_1_22' title="bbox 2303 903 3841 977">
     <span class='ocr_line' id='line_1_22' title="bbox 2303 903 3841 977; baseline 0.005 -25"><span class='ocrx_word' id='word_1_150' title='bbox 2303 910 2380 954; x_wconf 90' lang='lat' dir='ltr'><strong>tas</strong></span> <span class='ocrx_word' id='word_1_151' title='bbox 2409 915 2585 954; x_wconf 81' lang='lat' dir='ltr'><strong>eorum</strong></span> <span class='ocrx_word' id='word_1_152' title='bbox 2628 911 2782 971; x_wconf 88' lang='lat' dir='ltr'><strong>atque</strong></span> <span class='ocrx_word' id='word_1_153' title='bbox 2813 903 3057 973; x_wconf 75' lang='lat' dir='ltr'><strong>ofﬁcium,</strong></span> <span class='ocrx_word' id='word_1_154' title='bbox 3091 905 3159 957; x_wconf 88' lang='lat' dir='ltr'><strong>ad</strong></span> <span class='ocrx_word' id='word_1_155' title='bbox 3204 906 3341 975; x_wconf 85' lang='lat' dir='ltr'><strong>quod</strong></span> <span class='ocrx_word' id='word_1_156' title='bbox 3380 906 3645 977; x_wconf 75' lang='lat' dir='ltr'><strong>primaria:</strong></span> <span class='ocrx_word' id='word_1_157' title='bbox 3673 906 3841 961; x_wconf 78' lang='lat' dir='ltr'><strong>virtu-</strong></span> 
     </span>
    </p>
   </div>
   <div class='ocr_carea' id='block_1_23' title="bbox 2302 994 3840 1069">
    <p class='ocr_par' dir='ltr' id='par_1_23' title="bbox 2302 994 3840 1069">
     <span class='ocr_line' id='line_1_23' title="bbox 2302 994 3840 1069; baseline 0.003 -22"><span class='ocrx_word' id='word_1_158' title='bbox 2302 1003 2374 1047; x_wconf 86' lang='lat' dir='ltr'><strong>tes</strong></span> <span class='ocrx_word' id='word_1_159' title='bbox 2413 1004 2531 1047; x_wconf 88' lang='lat' dir='ltr'><strong>sunt</strong></span> <span class='ocrx_word' id='word_1_160' title='bbox 2563 997 2885 1049; x_wconf 68' lang='lat' dir='ltr'><strong>necessaries.</strong></span> <span class='ocrx_word' id='word_1_161' title='bbox 2915 994 3084 1050; x_wconf 82' lang='lat' dir='ltr'><strong>Hasce</strong></span> <span class='ocrx_word' id='word_1_162' title='bbox 3114 996 3318 1066; x_wconf 82' lang='lat' dir='ltr'><strong>ignotas</strong></span> <span class='ocrx_word' id='word_1_163' title='bbox 3343 1014 3443 1052; x_wconf 88' lang='lat' dir='ltr'><strong>non</strong></span> <span class='ocrx_word' id='word_1_164' title='bbox 3474 999 3635 1069; x_wconf 76' lang='lat' dir='ltr'><strong>fuisse</strong></span> <span class='ocrx_word' id='word_1_165' title='bbox 3662 998 3840 1066; x_wconf 83' lang='lat' dir='ltr'><strong>philo-</strong></span> 
     </span>
    </p>
   </div>
   <div class='ocr_carea' id='block_1_24' title="bbox 2302 1087 3840 1161">
    <p class='ocr_par' dir='ltr' id='par_1_24' title="bbox 2302 1087 3840 1161">
     <span class='ocr_line' id='line_1_24' title="bbox 2302 1087 3840 1161; baseline 0.003 -21"><span class='ocrx_word' id='word_1_166' title='bbox 2302 1087 2497 1157; x_wconf 84' lang='lat' dir='ltr'><strong>sophis,</strong></span> <span class='ocrx_word' id='word_1_167' title='bbox 2518 1088 2610 1142; x_wconf 84' lang='lat' dir='ltr'><strong>sed</strong></span> <span class='ocrx_word' id='word_1_168' title='bbox 2638 1088 2692 1140; x_wconf 90' lang='lat' dir='ltr'><strong>in</strong></span> <span class='ocrx_word' id='word_1_169' title='bbox 2724 1088 2907 1142; x_wconf 83' lang='lat' dir='ltr'><strong>ordine</strong></span> <span class='ocrx_word' id='word_1_170' title='bbox 2934 1087 3055 1143; x_wconf 83' lang='lat' dir='ltr'><strong>illos</strong></span> <span class='ocrx_word' id='word_1_171' title='bbox 3081 1090 3375 1161; x_wconf 80' lang='lat' dir='ltr'><strong>peccavisse</strong></span> <span class='ocrx_word' id='word_1_172' title='bbox 3403 1106 3422 1145; x_wconf 90' lang='lat'><strong><em>:</em></strong></span> <span class='ocrx_word' id='word_1_173' title='bbox 3445 1090 3698 1144; x_wconf 88' lang='lat' dir='ltr'><strong>nonnulla</strong></span> <span class='ocrx_word' id='word_1_174' title='bbox 3727 1106 3840 1146; x_wconf 85' lang='lat' dir='ltr'><strong>esse</strong></span> 
     </span>
    </p>
   </div>
   <div class='ocr_carea' id='block_1_25' title="bbox 2301 1180 3839 1257">
    <p class='ocr_par' dir='ltr' id='par_1_25' title="bbox 2301 1180 3839 1257">
     <span class='ocr_line' id='line_1_25' title="bbox 2301 1180 3839 1257; baseline 0.003 -24"><span class='ocrx_word' id='word_1_175' title='bbox 2301 1190 2485 1234; x_wconf 86' lang='lat' dir='ltr'><strong>natura</strong></span> <span class='ocrx_word' id='word_1_176' title='bbox 2532 1180 2811 1235; x_wconf 86' lang='lat' dir='ltr'><strong>secundum</strong></span> <span class='ocrx_word' id='word_1_177' title='bbox 2857 1182 3099 1252; x_wconf 74' lang='lat' dir='ltr'><strong>oﬂiciam,</strong></span> <span class='ocrx_word' id='word_1_178' title='bbox 3146 1198 3263 1253; x_wconf 67' lang='lat' dir='ltr'><strong>quas</strong></span> <span class='ocrx_word' id='word_1_179' title='bbox 3303 1183 3366 1239; x_wconf 88' lang='lat' dir='ltr'><strong>ob</strong></span> <span class='ocrx_word' id='word_1_180' title='bbox 3409 1181 3663 1257; x_wconf 85' lang='lat' dir='ltr'><strong>adjuncta</strong></span> <span class='ocrx_word' id='word_1_181' title='bbox 3702 1184 3839 1252; x_wconf 77' lang='lat' dir='ltr'><strong>ﬁant</strong></span> 
     </span>
    </p>
   </div>
   <div class='ocr_carea' id='block_1_26' title="bbox 2305 1274 3841 1346">
    <p class='ocr_par' dir='ltr' id='par_1_26' title="bbox 2305 1274 3841 1346">
     <span class='ocr_line' id='line_1_26' title="bbox 2305 1274 3841 1346; baseline 0.002 -20"><span class='ocrx_word' id='word_1_182' title='bbox 2305 1286 2483 1329; x_wconf 86' lang='lat' dir='ltr'><strong>contra</strong></span> <span class='ocrx_word' id='word_1_183' title='bbox 2515 1275 2736 1345; x_wconf 79' lang='lat' dir='ltr'><strong>o/ﬁcium</strong></span> <span class='ocrx_word' id='word_1_184' title='bbox 2761 1292 2779 1338; x_wconf 90' lang='lat'><strong><em>;</em></strong></span> <span class='ocrx_word' id='word_1_185' title='bbox 2821 1276 2960 1329; x_wconf 88' lang='lat' dir='ltr'><strong>unde</strong></span> <span class='ocrx_word' id='word_1_186' title='bbox 2987 1274 3256 1346; x_wconf 81' lang='lat' dir='ltr'><strong>colligitur</strong></span> <span class='ocrx_word' id='word_1_187' title='bbox 3281 1284 3499 1345; x_wconf 83' lang='lat' dir='ltr'><strong>quantas</strong></span> <span class='ocrx_word' id='word_1_188' title='bbox 3538 1274 3684 1330; x_wconf 86' lang='lat' dir='ltr'><strong>dotes</strong></span> <span class='ocrx_word' id='word_1_189' title='bbox 3714 1292 3841 1345; x_wconf 82' lang='lat' dir='ltr'><strong>pos-</strong></span> 
     </span>
    </p>
   </div>
   <div class='ocr_carea' id='block_1_27' title="bbox 2304 1367 3842 1440">
    <p class='ocr_par' dir='ltr' id='par_1_27' title="bbox 2304 1367 3842 1440">
     <span class='ocr_line' id='line_1_27' title="bbox 2304 1367 3842 1440; baseline 0.003 -21"><span class='ocrx_word' id='word_1_190' title='bbox 2304 1367 2427 1421; x_wconf 85' lang='lat' dir='ltr'><strong>tulet</strong></span> <span class='ocrx_word' id='word_1_191' title='bbox 2474 1368 2700 1440; x_wconf 80' lang='lat' dir='ltr'><strong>dignitas</strong></span> <span class='ocrx_word' id='word_1_192' title='bbox 2750 1367 3017 1422; x_wconf 81' lang='lat' dir='ltr'><strong>levitarum</strong></span> <span class='ocrx_word' id='word_1_193' title='bbox 3064 1385 3082 1423; x_wconf 91' lang='lat'><strong><em>:</em></strong></span> <span class='ocrx_word' id='word_1_194' title='bbox 3118 1384 3234 1437; x_wconf 72' lang='lat' dir='ltr'><strong>qua:</strong></span> <span class='ocrx_word' id='word_1_195' title='bbox 3292 1369 3522 1439; x_wconf 88' lang='lat' dir='ltr'><strong>sequitur</strong></span> <span class='ocrx_word' id='word_1_196' title='bbox 3561 1369 3842 1426; x_wconf 81' lang='lat' dir='ltr'><strong>uerborum</strong></span> 
     </span>
    </p>
   </div>
   <div class='ocr_carea' id='block_1_28' title="bbox 2305 1460 3590 1534">
    <p class='ocr_par' dir='ltr' id='par_1_28' title="bbox 2305 1460 3590 1534">
     <span class='ocr_line' id='line_1_28' title="bbox 2305 1460 3590 1534; baseline 0.002 -19"><span class='ocrx_word' id='word_1_197' title='bbox 2305 1460 2503 1533; x_wconf 84' lang='lat' dir='ltr'><strong>Moysis</strong></span> <span class='ocrx_word' id='word_1_198' title='bbox 2530 1464 2684 1518; x_wconf 85' lang='lat' dir='ltr'><strong>tribui</strong></span> <span class='ocrx_word' id='word_1_199' title='bbox 2707 1464 2924 1519; x_wconf 62' lang='lat' dir='ltr'><strong>leviticae</strong></span> <span class='ocrx_word' id='word_1_200' title='bbox 2947 1463 3291 1519; x_wconf 85' lang='lat' dir='ltr'><strong>benedicentis</strong></span> <span class='ocrx_word' id='word_1_201' title='bbox 3313 1463 3590 1534; x_wconf 72' lang='lat' dir='ltr'><strong>expositio.</strong></span> 
     </span>
    </p>
   </div>
   <div class='ocr_carea' id='block_1_29' title="bbox 2304 1554 3839 1628">
    <p class='ocr_par' dir='ltr' id='par_1_29' title="bbox 2304 1554 3839 1628">
     <span class='ocr_line' id='line_1_29' title="bbox 2304 1554 3839 1628; baseline 0.001 -19"><span class='ocrx_word' id='word_1_202' title='bbox 2304 1554 2435 1610; x_wconf 71' lang='lat'><strong>245.</strong></span> <span class='ocrx_word' id='word_1_203' title='bbox 2482 1554 2637 1624; x_wconf 88' lang='lat' dir='ltr'><strong>Quod</strong></span> <span class='ocrx_word' id='word_1_204' title='bbox 2688 1556 2734 1611; x_wconf 85' lang='lat' dir='ltr'><strong>si</strong></span> <span class='ocrx_word' id='word_1_205' title='bbox 2785 1555 3085 1625; x_wconf 82' lang='lat' dir='ltr'><strong>Evangelia</strong></span> <span class='ocrx_word' id='word_1_206' title='bbox 3127 1557 3341 1611; x_wconf 90' lang='lat' dir='ltr'><strong>Domini</strong></span> <span class='ocrx_word' id='word_1_207' title='bbox 3389 1556 3552 1611; x_wconf 89' lang='lat' dir='ltr'><strong>etiam</strong></span> <span class='ocrx_word' id='word_1_208' title='bbox 3600 1555 3839 1628; x_wconf 91' lang='lat' dir='ltr'><strong>populus</strong></span> 
     </span>
    </p>
   </div>
   <div class='ocr_carea' id='block_1_30' title="bbox 2235 1647 3846 1719">
    <p class='ocr_par' dir='ltr' id='par_1_30' title="bbox 2235 1647 3846 1719">
     <span class='ocr_line' id='line_1_30' title="bbox 2235 1647 3846 1719; baseline -0.001 -15"><span class='ocrx_word' id='word_1_209' title='bbox 2235 1651 2351 1719; x_wconf 88' lang='lat' dir='ltr'><strong>ipse</strong></span> <span class='ocrx_word' id='word_1_210' title='bbox 2381 1648 2448 1703; x_wconf 91' lang='lat' dir='ltr'><strong>ad</strong></span> <span class='ocrx_word' id='word_1_211' title='bbox 2479 1648 2896 1717; x_wconf 88' lang='lat' dir='ltr'><strong>despicientiam</strong></span> <span class='ocrx_word' id='word_1_212' title='bbox 2932 1663 3097 1719; x_wconf 90' lang='lat' dir='ltr'><strong>opum</strong></span> <span class='ocrx_word' id='word_1_213' title='bbox 3127 1648 3452 1704; x_wconf 85' lang='lat' dir='ltr'><strong>informatus</strong></span> <span class='ocrx_word' id='word_1_214' title='bbox 3482 1656 3646 1719; x_wconf 89' lang='lat' dir='ltr'><strong>atque</strong></span> <span class='ocrx_word' id='word_1_215' title='bbox 3679 1647 3846 1703; x_wconf 85' lang='lat' dir='ltr'><strong>insti-</strong></span> 
     </span>
    </p>
   </div>
   <div class='ocr_carea' id='block_1_31' title="bbox 522 1737 3846 1816">
    <p class='ocr_par' dir='ltr' id='par_1_31' title="bbox 522 1737 3846 1816">
     <span class='ocr_line' id='line_1_31' title="bbox 522 1737 3846 1816; baseline 0 -21"><span class='ocrx_word' id='word_1_216' title='bbox 522 1753 784 1805; x_wconf 85' lang='lat' dir='ltr'><strong>acervos,</strong></span> <span class='ocrx_word' id='word_1_217' title='bbox 815 1737 844 1778; x_wconf 70' lang='grc' dir='ltr'>δ</span> <span class='ocrx_word' id='word_1_218' title='bbox 871 1754 1083 1796; x_wconf 87' lang='lat' dir='ltr'><strong>merces</strong></span> <span class='ocrx_word' id='word_1_219' title='bbox 1125 1750 1450 1813; x_wconf 85' lang='lat' dir='ltr'><strong>congreget,</strong></span> <span class='ocrx_word' id='word_1_220' title='bbox 1479 1744 1852 1799; x_wconf 84' lang='lat' dir='ltr'><strong>&#39;conturbetur</strong></span> <span class='ocrx_word' id='word_1_221' title='bbox 1881 1743 1947 1799; x_wconf 92' lang='lat' dir='ltr'><strong>ad</strong></span> <span class='ocrx_word' id='word_1_222' title='bbox 1976 1760 2072 1816; x_wconf 89' lang='lat' dir='ltr'><strong>pre</strong></span> <span class='ocrx_word' id='word_1_223' title='bbox 2094 1773 2119 1785; x_wconf 86' lang='lat'><strong>—</strong></span> <span class='ocrx_word' id='word_1_224' title='bbox 2152 1743 2200 1805; x_wconf 91' lang='lat' dir='ltr'><strong><em>B</em></strong></span> <span class='ocrx_word' id='word_1_225' title='bbox 2230 1753 2379 1800; x_wconf 88' lang='lat' dir='ltr'><strong>tutus</strong></span> <span class='ocrx_word' id='word_1_226' title='bbox 2413 1754 2531 1810; x_wconf 83' lang='lat' dir='ltr'><strong>est;</strong></span> <span class='ocrx_word' id='word_1_227' title='bbox 2565 1753 2770 1813; x_wconf 88' lang='lat' dir='ltr'><strong>quanto</strong></span> <span class='ocrx_word' id='word_1_228' title='bbox 2796 1744 2969 1816; x_wconf 87' lang='lat' dir='ltr'><strong>magis</strong></span> <span class='ocrx_word' id='word_1_229' title='bbox 2998 1758 3092 1798; x_wconf 90' lang='lat' dir='ltr'><strong>vos</strong></span> <span class='ocrx_word' id='word_1_230' title='bbox 3133 1744 3327 1799; x_wconf 82' lang='lat' dir='ltr'><strong>levitas</strong></span> <span class='ocrx_word' id='word_1_231' title='bbox 3355 1749 3576 1813; x_wconf 84' lang='lat' dir='ltr'><strong>oportet</strong></span> <span class='ocrx_word' id='word_1_232' title='bbox 3605 1741 3846 1798; x_wconf 84' lang='lat' dir='ltr'><strong>terrenis</strong></span> 
     </span>
    </p>
   </div>
   <div class='ocr_carea' id='block_1_32' title="bbox 528 1831 2126 1908">
    <p class='ocr_par' dir='ltr' id='par_1_32' title="bbox 528 1831 2126 1908">
     <span class='ocr_line' id='line_1_32' title="bbox 528 1831 2126 1908; baseline 0.003 -19"><span class='ocrx_word' id='word_1_233' title='bbox 528 1833 706 1900; x_wconf 88' lang='lat' dir='ltr'><strong>tium,</strong></span> <span class='ocrx_word' id='word_1_234' title='bbox 743 1847 811 1888; x_wconf 88' lang='lat' dir='ltr'><strong>ne</strong></span> <span class='ocrx_word' id='word_1_235' title='bbox 838 1831 982 1890; x_wconf 78' lang='lat' dir='ltr'><strong>forte</strong></span> <span class='ocrx_word' id='word_1_236' title='bbox 1024 1835 1251 1892; x_wconf 90' lang='lat' dir='ltr'><strong>minoris</strong></span> <span class='ocrx_word' id='word_1_237' title='bbox 1277 1835 1478 1891; x_wconf 88' lang='lat' dir='ltr'><strong>vendat</strong></span> <span class='ocrx_word' id='word_1_238' title='bbox 1509 1853 1670 1908; x_wconf 91' lang='lat' dir='ltr'><strong>quam</strong></span> <span class='ocrx_word' id='word_1_239' title='bbox 1703 1838 1928 1906; x_wconf 87' lang='lat' dir='ltr'><strong>emerit,</strong></span> <span class='ocrx_word' id='word_1_240' title='bbox 1959 1853 2126 1894; x_wconf 83' lang='lat' dir='ltr'><strong>aucu-</strong></span> 
     </span>
    </p>
   </div>
   <div class='ocr_carea' id='block_1_33' title="bbox 526 1928 2132 2000">
    <p class='ocr_par' dir='ltr' id='par_1_33' title="bbox 526 1928 2132 2000">
     <span class='ocr_line' id='line_1_33' title="bbox 526 1928 2132 2000; baseline 0.002 -17"><span class='ocrx_word' id='word_1_241' title='bbox 526 1936 695 2000; x_wconf 89' lang='lat' dir='ltr'><strong>petur</strong></span> <span class='ocrx_word' id='word_1_242' title='bbox 721 1928 969 1983; x_wconf 88' lang='lat' dir='ltr'><strong>locorum</strong></span> <span class='ocrx_word' id='word_1_243' title='bbox 1012 1929 1221 1999; x_wconf 89' lang='lat' dir='ltr'><strong>pretia,</strong></span> <span class='ocrx_word' id='word_1_244' title='bbox 1254 1938 1308 1985; x_wconf 91' lang='lat' dir='ltr'><strong>et</strong></span> <span class='ocrx_word' id='word_1_245' title='bbox 1331 1931 1512 1986; x_wconf 90' lang='lat' dir='ltr'><strong>subito</strong></span> <span class='ocrx_word' id='word_1_246' title='bbox 1542 1940 1636 1985; x_wconf 89' lang='lat' dir='ltr'><strong>aut</strong></span> <span class='ocrx_word' id='word_1_247' title='bbox 1656 1931 1896 1986; x_wconf 83' lang='lat' dir='ltr'><strong>latrones</strong></span> <span class='ocrx_word' id='word_1_248' title='bbox 1930 1942 1952 1970; x_wconf 75' lang='grc' dir='ltr'><strong>ο</strong></span> <span class='ocrx_word' id='word_1_249' title='bbox 1988 1931 2039 1986; x_wconf 93' lang='lat' dir='ltr'><strong>in</strong></span> <span class='ocrx_word' id='word_1_250' title='bbox 2072 1945 2132 1987; x_wconf 84' lang='lat' dir='ltr'><strong>se</strong></span> 
     </span>
    </p>
   </div>
   <div class='ocr_carea' id='block_1_34' title="bbox 530 2022 2133 2096">
    <p class='ocr_par' dir='ltr' id='par_1_34' title="bbox 530 2022 2133 2096">
     <span class='ocr_line' id='line_1_34' title="bbox 530 2022 2133 2096; baseline 0.004 -20"><span class='ocrx_word' id='word_1_251' title='bbox 530 2022 736 2078; x_wconf 90' lang='lat' dir='ltr'><strong>invidia</strong></span> <span class='ocrx_word' id='word_1_252' title='bbox 759 2023 979 2080; x_wconf 72' lang='lat' dir='ltr'><strong>famosa:</strong></span> <span class='ocrx_word' id='word_1_253' title='bbox 1009 2025 1394 2096; x_wconf 88' lang='lat' dir='ltr'><strong>negotiationis</strong></span> <span class='ocrx_word' id='word_1_254' title='bbox 1419 2025 1622 2081; x_wconf 83' lang='lat' dir='ltr'><strong>excitet</strong></span> <span class='ocrx_word' id='word_1_255' title='bbox 1646 2067 1661 2093; x_wconf 92' lang='lat'><strong>,</strong></span> <span class='ocrx_word' id='word_1_256' title='bbox 1685 2035 1783 2080; x_wconf 89' lang='lat' dir='ltr'><strong>aut</strong></span> <span class='ocrx_word' id='word_1_257' title='bbox 1803 2041 1909 2082; x_wconf 91' lang='lat' dir='ltr'><strong>non</strong></span> <span class='ocrx_word' id='word_1_258' title='bbox 1940 2041 2133 2095; x_wconf 76' lang='lat' dir='ltr'><strong>exape-</strong></span> 
     </span>
    </p>
   </div>
   <div class='ocr_carea' id='block_1_35' title="bbox 528 2117 2134 2192">
    <p class='ocr_par' dir='ltr' id='par_1_35' title="bbox 528 2117 2134 2192">
     <span class='ocr_line' id='line_1_35' title="bbox 528 2117 2134 2192; baseline 0.004 -22"><span class='ocrx_word' id='word_1_259' title='bbox 528 2117 690 2171; x_wconf 89' lang='lat' dir='ltr'><strong>ctatis</strong></span> <span class='ocrx_word' id='word_1_260' title='bbox 708 2119 1080 2175; x_wconf 89' lang='lat' dir='ltr'><strong>serenioribus</strong></span> <span class='ocrx_word' id='word_1_261' title='bbox 1103 2117 1338 2186; x_wconf 80' lang='lat' dir='ltr'><strong>ﬂatibus,</strong></span> <span class='ocrx_word' id='word_1_262' title='bbox 1362 2119 1490 2174; x_wconf 94' lang='lat' dir='ltr'><strong>dum</strong></span> <span class='ocrx_word' id='word_1_263' title='bbox 1504 2120 1710 2176; x_wconf 90' lang='lat' dir='ltr'><strong>lucrum</strong></span> <span class='ocrx_word' id='word_1_264' title='bbox 1724 2120 1936 2192; x_wconf 62' lang='lat' dir='ltr'><strong>quaerit,</strong></span> <span class='ocrx_word' id='word_1_265' title='bbox 1952 2117 1980 2158; x_wconf 72' lang='grc' dir='ltr'><em>ά</em></span> <span class='ocrx_word' id='word_1_266' title='bbox 2000 2135 2134 2176; x_wconf 88' lang='lat' dir='ltr'><strong>nau-</strong></span> 
     </span>
    </p>
   </div>
   <div class='ocr_carea' id='block_1_36' title="bbox 529 2207 1555 2281">
    <p class='ocr_par' dir='ltr' id='par_1_36' title="bbox 529 2207 1555 2281">
     <span class='ocr_line' id='line_1_36' title="bbox 529 2207 1555 2281; baseline 0.003 -18"><span class='ocrx_word' id='word_1_267' title='bbox 529 2207 760 2281; x_wconf 75' lang='lat' dir='ltr'><strong>fragium</strong></span> <span class='ocrx_word' id='word_1_268' title='bbox 801 2212 1086 2280; x_wconf 90' lang='lat' dir='ltr'><strong>impatieus</strong></span> <span class='ocrx_word' id='word_1_269' title='bbox 1117 2226 1283 2267; x_wconf 71' lang='lat' dir='ltr'><strong>mora:</strong></span> <span class='ocrx_word' id='word_1_270' title='bbox 1314 2212 1555 2268; x_wconf 83' lang='lat' dir='ltr'><strong>incidat?</strong></span> 
     </span>
    </p>
   </div>
   <div class='ocr_carea' id='block_1_37' title="bbox 598 2301 2135 2378">
    <p class='ocr_par' dir='ltr' id='par_1_37' title="bbox 598 2301 2135 2378">
     <span class='ocr_line' id='line_1_37' title="bbox 598 2301 2135 2378; baseline 0.004 -22"><span class='ocrx_word' id='word_1_271' title='bbox 598 2303 727 2359; x_wconf 72' lang='grc'><strong>245.</strong></span> <span class='ocrx_word' id='word_1_272' title='bbox 752 2301 948 2359; x_wconf 85' lang='lat' dir='ltr'><strong>Annon</strong></span> <span class='ocrx_word' id='word_1_273' title='bbox 984 2307 1347 2361; x_wconf 83' lang='lat' dir='ltr'><strong>conturbatur</strong></span> <span class='ocrx_word' id='word_1_274' title='bbox 1367 2305 1533 2362; x_wconf 90' lang='lat' dir='ltr'><strong>etiam</strong></span> <span class='ocrx_word' id='word_1_275' title='bbox 1563 2305 1655 2361; x_wconf 91' lang='lat' dir='ltr'><strong>ille</strong></span> <span class='ocrx_word' id='word_1_276' title='bbox 1683 2321 1840 2374; x_wconf 89' lang='lat' dir='ltr'><strong>vane,</strong></span> <span class='ocrx_word' id='word_1_277' title='bbox 1872 2309 1964 2378; x_wconf 90' lang='lat' dir='ltr'><strong>qui</strong></span> <span class='ocrx_word' id='word_1_278' title='bbox 1987 2321 2135 2362; x_wconf 91' lang='lat' dir='ltr'><strong>sum-</strong></span> 
     </span>
    </p>
   </div>
   <div class='ocr_carea' id='block_1_38' title="bbox 518 2390 2135 2471">
    <p class='ocr_par' dir='ltr' id='par_1_38' title="bbox 518 2390 2135 2471">
     <span class='ocr_line' id='line_1_38' title="bbox 518 2390 2135 2471; baseline 0.003 -20"><span class='ocrx_word' id='word_1_279' title='bbox 518 2390 620 2452; x_wconf 29' lang='lat' dir='ltr'><strong>‘mo</strong></span> <span class='ocrx_word' id='word_1_280' title='bbox 646 2397 831 2454; x_wconf 90' lang='lat' dir='ltr'><strong>labore</strong></span> <span class='ocrx_word' id='word_1_281' title='bbox 856 2409 1163 2467; x_wconf 91' lang='lat' dir='ltr'><strong>coacervat,</strong></span> <span class='ocrx_word' id='word_1_282' title='bbox 1198 2399 1345 2471; x_wconf 90' lang='lat' dir='ltr'><strong>quod</strong></span> <span class='ocrx_word' id='word_1_283' title='bbox 1377 2400 1585 2456; x_wconf 85' lang='lat' dir='ltr'><strong>nesciat</strong></span> <span class='ocrx_word' id='word_1_284' title='bbox 1619 2401 1707 2456; x_wconf 89' lang='lat' dir='ltr'><strong>cui</strong></span> <span class='ocrx_word' id='word_1_285' title='bbox 1727 2400 1930 2457; x_wconf 77' lang='lat' dir='ltr'><strong>lueredi</strong></span> <span class='ocrx_word' id='word_1_286' title='bbox 1963 2400 2135 2456; x_wconf 89' lang='lat' dir='ltr'><strong>relin-</strong></span> 
     </span>
    </p>
   </div>
   <div class='ocr_carea' id='block_1_39' title="bbox 531 2490 2135 2566">
    <p class='ocr_par' dir='ltr' id='par_1_39' title="bbox 531 2490 2135 2566">
     <span class='ocr_line' id='line_1_39' title="bbox 531 2490 2135 2566; baseline 0.002 -21"><span class='ocrx_word' id='word_1_287' title='bbox 531 2490 709 2563; x_wconf 84' lang='lat' dir='ltr'><strong>quat?</strong></span> <span class='ocrx_word' id='word_1_288' title='bbox 747 2490 905 2563; x_wconf 72' lang='lat' dir='ltr'><strong>Stepe</strong></span> <span class='ocrx_word' id='word_1_289' title='bbox 932 2493 1076 2565; x_wconf 90' lang='lat' dir='ltr'><strong>quod</strong></span> <span class='ocrx_word' id='word_1_290' title='bbox 1106 2509 1303 2549; x_wconf 89' lang='lat' dir='ltr'><strong>avarus</strong></span> <span class='ocrx_word' id='word_1_291' title='bbox 1324 2508 1535 2549; x_wconf 86' lang='lat' dir='ltr'><strong>summa</strong></span> <span class='ocrx_word' id='word_1_292' title='bbox 1562 2496 1905 2566; x_wconf 87' lang='lat' dir='ltr'><strong>congesserit</strong></span> <span class='ocrx_word' id='word_1_293' title='bbox 1933 2494 2135 2550; x_wconf 88' lang='lat' dir='ltr'><strong>sollici-</strong></span> 
     </span>
    </p>
   </div>
   <div class='ocr_carea' id='block_1_40' title="bbox 533 2583 2137 2656">
    <p class='ocr_par' dir='ltr' id='par_1_40' title="bbox 533 2583 2137 2656">
     <span class='ocr_line' id='line_1_40' title="bbox 533 2583 2137 2656; baseline 0.003 -18"><span class='ocrx_word' id='word_1_294' title='bbox 533 2583 744 2651; x_wconf 84' lang='lat' dir='ltr'><strong>tudine,</strong></span> <span class='ocrx_word' id='word_1_295' title='bbox 770 2586 1033 2656; x_wconf 70' lang='lat' dir='ltr'><strong>prmcipiti</strong></span> <span class='ocrx_word' id='word_1_296' title='bbox 1064 2584 1331 2641; x_wconf 77' lang='lat' dir='ltr'><strong>eti‘usione</strong></span> <span class='ocrx_word' id='word_1_297' title='bbox 1355 2587 1380 2617; x_wconf 86' lang='lat'><strong><em>°</em></strong></span> <span class='ocrx_word' id='word_1_298' title='bbox 1412 2588 1674 2642; x_wconf 87' lang='lat' dir='ltr'><strong>dilacerat</strong></span> <span class='ocrx_word' id='word_1_299' title='bbox 1704 2588 2137 2643; x_wconf 71' lang='lat' dir='ltr'><strong>hmresluxurio-</strong></span> 
     </span>
    </p>
   </div>
   <div class='ocr_carea' id='block_1_41' title="bbox 534 2679 2138 2752">
    <p class='ocr_par' dir='ltr' id='par_1_41' title="bbox 534 2679 2138 2752">
     <span class='ocr_line' id='line_1_41' title="bbox 534 2679 2138 2752; baseline 0.003 -20"><span class='ocrx_word' id='word_1_300' title='bbox 534 2693 671 2733; x_wconf 88' lang='lat' dir='ltr'><strong>sus:</strong></span> <span class='ocrx_word' id='word_1_301' title='bbox 706 2690 758 2734; x_wconf 90' lang='lat' dir='ltr'><strong>et</strong></span> <span class='ocrx_word' id='word_1_302' title='bbox 799 2679 892 2734; x_wconf 91' lang='lat' dir='ltr'><strong>diu</strong></span> <span class='ocrx_word' id='word_1_303' title='bbox 924 2681 1152 2750; x_wconf 69' lang='lat' dir='ltr'><strong>quaesita</strong></span> <span class='ocrx_word' id='word_1_304' title='bbox 1195 2681 1367 2752; x_wconf 87' lang='lat' dir='ltr'><strong>turpis</strong></span> <span class='ocrx_word' id='word_1_305' title='bbox 1396 2681 1602 2749; x_wconf 83' lang='lat' dir='ltr'><strong>helluo,</strong></span> <span class='ocrx_word' id='word_1_306' title='bbox 1643 2683 1993 2751; x_wconf 69' lang='lat' dir='ltr'><strong>praesentium</strong></span> <span class='ocrx_word' id='word_1_307' title='bbox 2033 2697 2138 2739; x_wconf 80' lang='lat' dir='ltr'><strong>cac-</strong></span> 
     </span>
    </p>
   </div>
   <div class='ocr_carea' id='block_1_42' title="bbox 535 2769 2133 2845">
    <p class='ocr_par' dir='ltr' id='par_1_42' title="bbox 535 2769 2133 2845">
     <span class='ocr_line' id='line_1_42' title="bbox 535 2769 2133 2845; baseline 0.002 -21"><span class='ocrx_word' id='word_1_308' title='bbox 535 2784 656 2836; x_wconf 89' lang='lat' dir='ltr'><strong>cus,</strong></span> <span class='ocrx_word' id='word_1_309' title='bbox 691 2769 857 2825; x_wconf 81' lang='lat' dir='ltr'><strong>futuri</strong></span> <span class='ocrx_word' id='word_1_310' title='bbox 901 2770 1259 2840; x_wconf 87' lang='lat' dir='ltr'><strong>improvidus,</strong></span> <span class='ocrx_word' id='word_1_311' title='bbox 1296 2772 1527 2842; x_wconf 89' lang='lat' dir='ltr'><strong>quadam</strong></span> <span class='ocrx_word' id='word_1_312' title='bbox 1569 2773 1825 2829; x_wconf 88' lang='lat' dir='ltr'><strong>absorbet</strong></span> <span class='ocrx_word' id='word_1_313' title='bbox 1850 2775 2133 2845; x_wconf 82' lang='lat' dir='ltr'><strong>voragine.</strong></span> 
     </span>
    </p>
   </div>
   <div class='ocr_carea' id='block_1_43' title="bbox 538 2862 2139 2938">
    <p class='ocr_par' dir='ltr' id='par_1_43' title="bbox 538 2862 2139 2938">
     <span class='ocr_line' id='line_1_43' title="bbox 538 2862 2139 2938; baseline 0.003 -21"><span class='ocrx_word' id='word_1_314' title='bbox 538 2862 698 2932; x_wconf 72' lang='lat' dir='ltr'><strong>Saepe</strong></span> <span class='ocrx_word' id='word_1_315' title='bbox 741 2862 909 2918; x_wconf 89' lang='lat' dir='ltr'><strong>etiam</strong></span> <span class='ocrx_word' id='word_1_316' title='bbox 959 2874 1209 2934; x_wconf 89' lang='lat' dir='ltr'><strong>speratus</strong></span> <span class='ocrx_word' id='word_1_317' title='bbox 1257 2879 1544 2920; x_wconf 89' lang='lat' dir='ltr'><strong>successor</strong></span> <span class='ocrx_word' id='word_1_318' title='bbox 1597 2866 1852 2920; x_wconf 87' lang='lat' dir='ltr'><strong>invidiam</strong></span> <span class='ocrx_word' id='word_1_319' title='bbox 1899 2866 1917 2905; x_wconf 74' lang='grc' dir='ltr'><strong>ι</strong></span> <span class='ocrx_word' id='word_1_320' title='bbox 1967 2876 2139 2938; x_wconf 78' lang='lat' dir='ltr'><strong>parta:</strong></span> 
     </span>
    </p>
   </div>
   <div class='ocr_carea' id='block_1_44' title="bbox 537 2953 2181 3023">
    <p class='ocr_par' dir='ltr' id='par_1_44' title="bbox 537 2953 2181 3023">
     <span class='ocr_line' id='line_1_44' title="bbox 537 2953 2181 3023; baseline 0.004 -16"><span class='ocrx_word' id='word_1_321' title='bbox 537 2953 776 3023; x_wconf 85' lang='lat' dir='ltr'><strong>acquirit</strong></span> <span class='ocrx_word' id='word_1_322' title='bbox 806 2953 1163 3022; x_wconf 83' lang='lat' dir='ltr'><strong>haereditatis,</strong></span> <span class='ocrx_word' id='word_1_323' title='bbox 1197 2964 1255 3010; x_wconf 90' lang='lat' dir='ltr'><strong>et</strong></span> <span class='ocrx_word' id='word_1_324' title='bbox 1282 2956 1447 3011; x_wconf 81' lang='lat' dir='ltr'><strong>celeri</strong></span> <span class='ocrx_word' id='word_1_325' title='bbox 1480 2957 1630 3011; x_wconf 89' lang='lat' dir='ltr'><strong>obitu</strong></span> <span class='ocrx_word' id='word_1_326' title='bbox 1661 2958 1936 3015; x_wconf 77' lang='lat' dir='ltr'><strong>extraneis</strong></span> <span class='ocrx_word' id='word_1_327' title='bbox 1978 2958 2139 3014; x_wconf 75' lang='lat' dir='ltr'><strong>adita:</strong></span> <span class='ocrx_word' id='word_1_328' title='bbox 2174 2962 2181 2968; x_wconf 83' lang='lat'>&#39;</span> 
     </span>
    </p>
   </div>
   <div class='ocr_carea' id='block_1_45' title="bbox 536 3046 1630 3118">
    <p class='ocr_par' dir='ltr' id='par_1_45' title="bbox 536 3046 1630 3118">
     <span class='ocr_line' id='line_1_45' title="bbox 536 3046 1630 3118; baseline 0.003 -17"><span class='ocrx_word' id='word_1_329' title='bbox 536 3046 908 3102; x_wconf 83' lang='lat' dir='ltr'><strong>successionis</strong></span> <span class='ocrx_word' id='word_1_330' title='bbox 943 3048 1258 3103; x_wconf 87' lang='lat' dir='ltr'><strong>transcribit</strong></span> <span class='ocrx_word' id='word_1_331' title='bbox 1287 3049 1630 3118; x_wconf 87' lang='lat' dir='ltr'><strong>compendia.</strong></span> 
     </span>
    </p>
   </div>
   <div class='ocr_carea' id='block_1_46' title="bbox 2236 1834 3845 1907">
    <p class='ocr_par' dir='ltr' id='par_1_46' title="bbox 2236 1834 3845 1907">
     <span class='ocr_line' id='line_1_46' title="bbox 2236 1834 3845 1907; baseline -0.002 -14"><span class='ocrx_word' id='word_1_332' title='bbox 2236 1852 2343 1893; x_wconf 90' lang='lat' dir='ltr'><strong>non</strong></span> <span class='ocrx_word' id='word_1_333' title='bbox 2377 1838 2547 1893; x_wconf 89' lang='lat' dir='ltr'><strong>teneri</strong></span> <span class='ocrx_word' id='word_1_334' title='bbox 2595 1837 3009 1907; x_wconf 82' lang='lat' dir='ltr'><strong>cupiditatibus,</strong></span> <span class='ocrx_word' id='word_1_335' title='bbox 3048 1851 3284 1907; x_wconf 89' lang='lat' dir='ltr'><strong>quorum</strong></span> <span class='ocrx_word' id='word_1_336' title='bbox 3316 1836 3463 1892; x_wconf 89' lang='lat' dir='ltr'><strong>Deus</strong></span> <span class='ocrx_word' id='word_1_337' title='bbox 3496 1836 3676 1906; x_wconf 90' lang='lat' dir='ltr'><strong>portio</strong></span> <span class='ocrx_word' id='word_1_338' title='bbox 3717 1834 3845 1890; x_wconf 88' lang='lat' dir='ltr'><strong>est?</strong></span> 
     </span>
    </p>
   </div>
   <div class='ocr_carea' id='block_1_47' title="bbox 2234 1928 3848 2000">
    <p class='ocr_par' dir='ltr' id='par_1_47' title="bbox 2234 1928 3848 2000">
     <span class='ocr_line' id='line_1_47' title="bbox 2234 1928 3848 2000; baseline -0.002 -14"><span class='ocrx_word' id='word_1_339' title='bbox 2234 1931 2369 1987; x_wconf 87' lang='lat' dir='ltr'><strong>Nam</strong></span> <span class='ocrx_word' id='word_1_340' title='bbox 2398 1946 2520 1987; x_wconf 89' lang='lat' dir='ltr'><strong>cum</strong></span> <span class='ocrx_word' id='word_1_341' title='bbox 2553 1929 2890 1986; x_wconf 84' lang='lat' dir='ltr'><strong>divideretur</strong></span> <span class='ocrx_word' id='word_1_342' title='bbox 2912 1946 2941 1984; x_wconf 90' lang='lat' dir='ltr'><strong>a</strong></span> <span class='ocrx_word' id='word_1_343' title='bbox 2973 1930 3157 2000; x_wconf 84' lang='lat' dir='ltr'><strong>Moyse</strong></span> <span class='ocrx_word' id='word_1_344' title='bbox 3198 1928 3474 1999; x_wconf 87' lang='lat' dir='ltr'><strong>possessio</strong></span> <span class='ocrx_word' id='word_1_345' title='bbox 3502 1938 3719 1986; x_wconf 90' lang='lat' dir='ltr'><strong>terrena</strong></span> <span class='ocrx_word' id='word_1_346' title='bbox 3744 1942 3848 1998; x_wconf 90' lang='lat' dir='ltr'><strong>po-</strong></span> 
     </span>
    </p>
   </div>
   <div class='ocr_carea' id='block_1_48' title="bbox 2236 2022 3847 2097">
    <p class='ocr_par' dir='ltr' id='par_1_48' title="bbox 2236 2022 3847 2097">
     <span class='ocr_line' id='line_1_48' title="bbox 2236 2022 3847 2097; baseline -0.002 -19"><span class='ocrx_word' id='word_1_347' title='bbox 2236 2025 2364 2097; x_wconf 90' lang='lat' dir='ltr'><strong>pqu</strong></span> <span class='ocrx_word' id='word_1_348' title='bbox 2387 2038 2599 2094; x_wconf 87' lang='lat' dir='ltr'><strong>parum,</strong></span> <span class='ocrx_word' id='word_1_349' title='bbox 2626 2024 2841 2093; x_wconf 78' lang='lat' dir='ltr'><strong>excepit</strong></span> <span class='ocrx_word' id='word_1_350' title='bbox 2865 2022 3057 2078; x_wconf 86' lang='lat' dir='ltr'><strong>levitas</strong></span> <span class='ocrx_word' id='word_1_351' title='bbox 3082 2023 3343 2077; x_wconf 90' lang='lat' dir='ltr'><strong>Dominus</strong></span> <span class='ocrx_word' id='word_1_352' title='bbox 3368 2022 3381 2072; x_wconf 85' lang='lat' dir='ltr'><strong>i</strong></span> <span class='ocrx_word' id='word_1_353' title='bbox 3411 2038 3440 2076; x_wconf 91' lang='lat' dir='ltr'><strong>a</strong></span> <span class='ocrx_word' id='word_1_354' title='bbox 3464 2030 3698 2077; x_wconf 70' lang='lat' dir='ltr'><strong>terrente</strong></span> <span class='ocrx_word' id='word_1_355' title='bbox 3714 2034 3847 2091; x_wconf 81' lang='lat' dir='ltr'><strong>pos-</strong></span> 
     </span>
    </p>
   </div>
   <div class='ocr_carea' id='block_1_49' title="bbox 2235 2113 3846 2187">
    <p class='ocr_par' dir='ltr' id='par_1_49' title="bbox 2235 2113 3846 2187">
     <span class='ocr_line' id='line_1_49' title="bbox 2235 2113 3846 2187; baseline -0.003 -12"><span class='ocrx_word' id='word_1_356' title='bbox 2235 2118 2497 2175; x_wconf 87' lang='lat' dir='ltr'><strong>sessionis</strong></span> <span class='ocrx_word' id='word_1_357' title='bbox 2526 2117 2832 2184; x_wconf 81' lang='lat' dir='ltr'><strong>consortio,</strong></span> <span class='ocrx_word' id='word_1_358' title='bbox 2870 2117 3014 2187; x_wconf 89' lang='lat' dir='ltr'><strong>quod</strong></span> <span class='ocrx_word' id='word_1_359' title='bbox 3058 2117 3175 2186; x_wconf 89' lang='lat' dir='ltr'><strong>ipse</strong></span> <span class='ocrx_word' id='word_1_360' title='bbox 3221 2116 3333 2173; x_wconf 85' lang='lat' dir='ltr'><strong>illis</strong></span> <span class='ocrx_word' id='word_1_361' title='bbox 3375 2124 3524 2172; x_wconf 87' lang='lat' dir='ltr'><strong>esset</strong></span> <span class='ocrx_word' id='word_1_362' title='bbox 3564 2113 3846 2172; x_wconf 79' lang='lat' dir='ltr'><strong>funiculus</strong></span> 
     </span>
    </p>
   </div>
   <div class='ocr_carea' id='block_1_50' title="bbox 2237 2204 3851 2284">
    <p class='ocr_par' dir='ltr' id='par_1_50' title="bbox 2237 2204 3851 2284">
     <span class='ocr_line' id='line_1_50' title="bbox 2237 2204 3851 2284; baseline -0.002 -18"><span class='ocrx_word' id='word_1_363' title='bbox 2237 2212 2576 2268; x_wconf 70' lang='lat' dir='ltr'><strong>baereditatis</strong></span> <span class='ocrx_word' id='word_1_364' title='bbox 2605 2210 2796 2284; x_wconf 88' lang='lat' dir='ltr'><strong>(Num.</strong></span> <span class='ocrx_word' id='word_1_365' title='bbox 2821 2226 2971 2278; x_wconf 82' lang='lat' dir='ltr'><strong>xvut,</strong></span> <span class='ocrx_word' id='word_1_366' title='bbox 2991 2210 3102 2281; x_wconf 76' lang='lat'><strong>‘25).</strong></span> <span class='ocrx_word' id='word_1_367' title='bbox 3133 2209 3286 2266; x_wconf 87' lang='lat' dir='ltr'><strong>Unde</strong></span> <span class='ocrx_word' id='word_1_368' title='bbox 3313 2210 3391 2264; x_wconf 89' lang='lat' dir='ltr'><strong>ait</strong></span> <span class='ocrx_word' id='word_1_369' title='bbox 3423 2208 3598 2265; x_wconf 85' lang='lat' dir='ltr'><strong>David</strong></span> <span class='ocrx_word' id='word_1_370' title='bbox 3624 2204 3851 2263; x_wconf 81' lang='lat' dir='ltr'><strong>:Domi-</strong></span> 
     </span>
    </p>
   </div>
   <div class='ocr_carea' id='block_1_51' title="bbox 2236 2301 3847 2376">
    <p class='ocr_par' dir='ltr' id='par_1_51' title="bbox 2236 2301 3847 2376">
     <span class='ocr_line' id='line_1_51' title="bbox 2236 2301 3847 2376; baseline -0.002 -16"><span class='ocrx_word' id='word_1_371' title='bbox 2236 2324 2334 2361; x_wconf 87' lang='lat' dir='ltr'><strong>nus</strong></span> <span class='ocrx_word' id='word_1_372' title='bbox 2364 2323 2486 2376; x_wconf 88' lang='lat' dir='ltr'><strong>pars</strong></span> <span class='ocrx_word' id='word_1_373' title='bbox 2506 2305 2825 2361; x_wconf 80' lang='lat' dir='ltr'><strong>hwreditatis</strong></span> <span class='ocrx_word' id='word_1_374' title='bbox 2852 2321 2997 2372; x_wconf 64' lang='lat' dir='ltr'><strong>meas,</strong></span> <span class='ocrx_word' id='word_1_375' title='bbox 3026 2315 3072 2359; x_wconf 89' lang='lat' dir='ltr'><strong>et</strong></span> <span class='ocrx_word' id='word_1_376' title='bbox 3093 2305 3269 2359; x_wconf 81' lang='lat' dir='ltr'><strong>colicis</strong></span> <span class='ocrx_word' id='word_1_377' title='bbox 3296 2307 3394 2360; x_wconf 86' lang='lat' dir='ltr'><strong>mei</strong></span> <span class='ocrx_word' id='word_1_378' title='bbox 3426 2303 3603 2375; x_wconf 87' lang='lat' dir='ltr'><strong>(Psal.</strong></span> <span class='ocrx_word' id='word_1_379' title='bbox 3629 2318 3725 2371; x_wconf 83' lang='lat' dir='ltr'><strong>xv,</strong></span> <span class='ocrx_word' id='word_1_380' title='bbox 3760 2301 3847 2375; x_wconf 80' lang='lat'><strong>5).</strong></span> 
     </span>
    </p>
   </div>
   <div class='ocr_carea' id='block_1_52' title="bbox 2236 2395 3850 2470">
    <p class='ocr_par' dir='ltr' id='par_1_52' title="bbox 2236 2395 3850 2470">
     <span class='ocr_line' id='line_1_52' title="bbox 2236 2395 3850 2470; baseline -0.002 -14"><span class='ocrx_word' id='word_1_381' title='bbox 2236 2399 2483 2470; x_wconf 82' lang='lat' dir='ltr'><strong>Denique</strong></span> <span class='ocrx_word' id='word_1_382' title='bbox 2512 2400 2593 2455; x_wconf 91' lang='lat' dir='ltr'><strong>sic</strong></span> <span class='ocrx_word' id='word_1_383' title='bbox 2638 2400 2950 2470; x_wconf 88' lang='lat' dir='ltr'><strong>appellatur</strong></span> <span class='ocrx_word' id='word_1_384' title='bbox 2991 2398 3152 2455; x_wconf 83' lang='lat' dir='ltr'><strong>levita</strong></span> <span class='ocrx_word' id='word_1_385' title='bbox 3174 2396 3202 2435; x_wconf 75' lang='grc' dir='ltr'><strong>ιι</strong></span> <span class='ocrx_word' id='word_1_386' title='bbox 3237 2399 3354 2467; x_wconf 91' lang='lat' dir='ltr'><strong>ipse</strong></span> <span class='ocrx_word' id='word_1_387' title='bbox 3399 2412 3575 2463; x_wconf 90' lang='lat' dir='ltr'><strong>meus,</strong></span> <span class='ocrx_word' id='word_1_388' title='bbox 3606 2396 3697 2451; x_wconf 89' lang='lat' dir='ltr'><strong>vel</strong></span> <span class='ocrx_word' id='word_1_389' title='bbox 3725 2395 3850 2466; x_wconf 85' lang='lat' dir='ltr'><strong>ipse</strong></span> 
     </span>
    </p>
   </div>
   <div class='ocr_carea' id='block_1_53' title="bbox 2240 2488 3850 2564">
    <p class='ocr_par' dir='ltr' id='par_1_53' title="bbox 2240 2488 3850 2564">
     <span class='ocr_line' id='line_1_53' title="bbox 2240 2488 3850 2564; baseline -0.002 -16"><span class='ocrx_word' id='word_1_390' title='bbox 2240 2508 2335 2563; x_wconf 91' lang='lat' dir='ltr'><strong>pro</strong></span> <span class='ocrx_word' id='word_1_391' title='bbox 2380 2508 2485 2548; x_wconf 91' lang='lat' dir='ltr'><strong>me.</strong></span> <span class='ocrx_word' id='word_1_392' title='bbox 2521 2493 2771 2564; x_wconf 86' lang='lat' dir='ltr'><strong>Magnum</strong></span> <span class='ocrx_word' id='word_1_393' title='bbox 2819 2508 2951 2564; x_wconf 88' lang='lat' dir='ltr'><strong>ergo</strong></span> <span class='ocrx_word' id='word_1_394' title='bbox 2981 2505 3178 2547; x_wconf 89' lang='lat' dir='ltr'><strong>munus</strong></span> <span class='ocrx_word' id='word_1_395' title='bbox 3204 2490 3346 2562; x_wconf 88' lang='lat' dir='ltr'><strong>ejus,</strong></span> <span class='ocrx_word' id='word_1_396' title='bbox 3373 2502 3431 2546; x_wconf 93' lang='lat' dir='ltr'><strong>ut</strong></span> <span class='ocrx_word' id='word_1_397' title='bbox 3460 2488 3530 2545; x_wconf 91' lang='lat' dir='ltr'><strong>de</strong></span> <span class='ocrx_word' id='word_1_398' title='bbox 3559 2503 3627 2545; x_wconf 89' lang='lat' dir='ltr'><strong>eo</strong></span> <span class='ocrx_word' id='word_1_399' title='bbox 3658 2488 3850 2544; x_wconf 55' lang='lat' dir='ltr'><strong>Domi.</strong></span> 
     </span>
    </p>
   </div>
   <div class='ocr_carea' id='block_1_54' title="bbox 2238 2581 3852 2658">
    <p class='ocr_par' dir='ltr' id='par_1_54' title="bbox 2238 2581 3852 2658">
     <span class='ocr_line' id='line_1_54' title="bbox 2238 2581 3852 2658; baseline -0.003 -16"><span class='ocrx_word' id='word_1_400' title='bbox 2238 2603 2339 2643; x_wconf 88' lang='lat' dir='ltr'><strong>nus</strong></span> <span class='ocrx_word' id='word_1_401' title='bbox 2389 2586 2582 2642; x_wconf 88' lang='lat' dir='ltr'><strong>dicat:</strong></span> <span class='ocrx_word' id='word_1_402' title='bbox 2617 2587 2738 2658; x_wconf 88' lang='lat' dir='ltr'><strong>Ipse</strong></span> <span class='ocrx_word' id='word_1_403' title='bbox 2787 2601 2976 2651; x_wconf 89' lang='lat' dir='ltr'><strong>meus;</strong></span> <span class='ocrx_word' id='word_1_404' title='bbox 3033 2584 3119 2640; x_wconf 90' lang='lat' dir='ltr'><strong>vel</strong></span> <span class='ocrx_word' id='word_1_405' title='bbox 3163 2582 3620 2654; x_wconf 89' lang='lat' dir='ltr'><strong>quemadmodum</strong></span> <span class='ocrx_word' id='word_1_406' title='bbox 3680 2581 3852 2638; x_wconf 88' lang='lat' dir='ltr'><strong>Petro</strong></span> 
     </span>
    </p>
   </div>
   <div class='ocr_carea' id='block_1_55' title="bbox 2236 2673 3853 2748">
    <p class='ocr_par' dir='ltr' id='par_1_55' title="bbox 2236 2673 3853 2748">
     <span class='ocr_line' id='line_1_55' title="bbox 2236 2673 3853 2748; baseline -0.003 -13"><span class='ocrx_word' id='word_1_407' title='bbox 2236 2680 2374 2735; x_wconf 73' lang='lat' dir='ltr'><strong>dixit</strong></span> <span class='ocrx_word' id='word_1_408' title='bbox 2399 2679 2468 2735; x_wconf 91' lang='lat' dir='ltr'><strong>de</strong></span> <span class='ocrx_word' id='word_1_409' title='bbox 2493 2688 2697 2736; x_wconf 89' lang='lat' dir='ltr'><strong>statere</strong></span> <span class='ocrx_word' id='word_1_410' title='bbox 2739 2679 2791 2733; x_wconf 90' lang='lat' dir='ltr'><strong>in</strong></span> <span class='ocrx_word' id='word_1_411' title='bbox 2834 2694 2929 2734; x_wconf 91' lang='lat' dir='ltr'><strong>ore</strong></span> <span class='ocrx_word' id='word_1_412' title='bbox 2959 2676 3123 2748; x_wconf 88' lang='lat' dir='ltr'><strong>piscis</strong></span> <span class='ocrx_word' id='word_1_413' title='bbox 3156 2684 3375 2746; x_wconf 89' lang='lat' dir='ltr'><strong>reperto</strong></span> <span class='ocrx_word' id='word_1_414' title='bbox 3401 2692 3415 2729; x_wconf 91' lang='lat'><strong>:</strong></span> <span class='ocrx_word' id='word_1_415' title='bbox 3444 2673 3612 2730; x_wconf 84' lang='lat' dir='ltr'><strong>Dabis</strong></span> <span class='ocrx_word' id='word_1_416' title='bbox 3650 2675 3724 2730; x_wconf 88' lang='lat' dir='ltr'><strong>eis</strong></span> <span class='ocrx_word' id='word_1_417' title='bbox 3753 2690 3853 2743; x_wconf 86' lang='lat' dir='ltr'><strong>pro</strong></span> 
     </span>
    </p>
   </div>
   <div class='ocr_carea' id='block_1_56' title="bbox 2240 2764 3855 2843">
    <p class='ocr_par' dir='ltr' id='par_1_56' title="bbox 2240 2764 3855 2843">
     <span class='ocr_line' id='line_1_56' title="bbox 2240 2764 3855 2843; baseline -0.001 -18"><span class='ocrx_word' id='word_1_418' title='bbox 2240 2788 2319 2826; x_wconf 89' lang='lat' dir='ltr'><strong>me</strong></span> <span class='ocrx_word' id='word_1_419' title='bbox 2364 2780 2412 2827; x_wconf 86' lang='lat' dir='ltr'><strong>et</strong></span> <span class='ocrx_word' id='word_1_420' title='bbox 2441 2788 2534 2843; x_wconf 87' lang='lat' dir='ltr'><strong>pro</strong></span> <span class='ocrx_word' id='word_1_421' title='bbox 2582 2782 2627 2827; x_wconf 88' lang='lat' dir='ltr'><strong>te</strong></span> <span class='ocrx_word' id='word_1_422' title='bbox 2657 2770 2874 2843; x_wconf 81' lang='lat' dir='ltr'><strong>(Matth.</strong></span> <span class='ocrx_word' id='word_1_423' title='bbox 2919 2785 3047 2833; x_wconf 81' lang='lat' dir='ltr'><strong>xvn,</strong></span> <span class='ocrx_word' id='word_1_424' title='bbox 3088 2768 3205 2840; x_wconf 73' lang='lat'><strong>26).</strong></span> <span class='ocrx_word' id='word_1_425' title='bbox 3250 2766 3404 2824; x_wconf 89' lang='lat' dir='ltr'><strong>Unde</strong></span> <span class='ocrx_word' id='word_1_426' title='bbox 3451 2774 3509 2823; x_wconf 88' lang='lat' dir='ltr'><strong>et</strong></span> <span class='ocrx_word' id='word_1_427' title='bbox 3545 2764 3855 2837; x_wconf 81' lang='lat' dir='ltr'><strong>Apostolus</strong></span> 
     </span>
    </p>
   </div>
   <div class='ocr_carea' id='block_1_57' title="bbox 2240 2859 3855 2938">
    <p class='ocr_par' dir='ltr' id='par_1_57' title="bbox 2240 2859 3855 2938">
     <span class='ocr_line' id='line_1_57' title="bbox 2240 2859 3855 2938; baseline -0.006 -15"><span class='ocrx_word' id='word_1_428' title='bbox 2240 2882 2363 2923; x_wconf 91' lang='lat' dir='ltr'><strong>cum</strong></span> <span class='ocrx_word' id='word_1_429' title='bbox 2403 2867 2723 2938; x_wconf 89' lang='lat' dir='ltr'><strong>episcopum</strong></span> <span class='ocrx_word' id='word_1_430' title='bbox 2751 2866 2981 2921; x_wconf 81' lang='lat' dir='ltr'><strong>dixisset</strong></span> <span class='ocrx_word' id='word_1_431' title='bbox 3007 2864 3210 2921; x_wconf 87' lang='lat' dir='ltr'><strong>debere</strong></span> <span class='ocrx_word' id='word_1_432' title='bbox 3237 2877 3361 2919; x_wconf 92' lang='lat' dir='ltr'><strong>esse</strong></span> <span class='ocrx_word' id='word_1_433' title='bbox 3392 2861 3660 2926; x_wconf 90' lang='lat' dir='ltr'><strong>sobrium,</strong></span> <span class='ocrx_word' id='word_1_434' title='bbox 3691 2859 3855 2930; x_wconf 90' lang='lat' dir='ltr'><strong>pudi-</strong></span> 
     </span>
    </p>
   </div>
   <div class='ocr_carea' id='block_1_58' title="bbox 2239 2955 3853 3029">
    <p class='ocr_par' dir='ltr' id='par_1_58' title="bbox 2239 2955 3853 3029">
     <span class='ocr_line' id='line_1_58' title="bbox 2239 2955 3853 3029; baseline -0.008 -11"><span class='ocrx_word' id='word_1_435' title='bbox 2239 2977 2387 3026; x_wconf 92' lang='lat' dir='ltr'><strong>cum,</strong></span> <span class='ocrx_word' id='word_1_436' title='bbox 2420 2970 2699 3027; x_wconf 91' lang='lat' dir='ltr'><strong>ornatum,</strong></span> <span class='ocrx_word' id='word_1_437' title='bbox 2727 2958 3076 3029; x_wconf 88' lang='lat' dir='ltr'><strong>hospitalem,</strong></span> <span class='ocrx_word' id='word_1_438' title='bbox 3111 2955 3426 3019; x_wconf 87' lang='lat' dir='ltr'><strong>docibilem,</strong></span> <span class='ocrx_word' id='word_1_439' title='bbox 3458 2970 3564 3009; x_wconf 93' lang='lat' dir='ltr'><strong>non</strong></span> <span class='ocrx_word' id='word_1_440' title='bbox 3595 2968 3853 3020; x_wconf 86' lang='lat' dir='ltr'><strong>avarum,</strong></span> 
     </span>
    </p>
   </div>
   <div class='ocr_carea' id='block_1_59' title="bbox 2243 3045 3859 3123">
    <p class='ocr_par' dir='ltr' id='par_1_59' title="bbox 2243 3045 3859 3123">
     <span class='ocr_line' id='line_1_59' title="bbox 2243 3045 3859 3123; baseline -0.004 -14"><span class='ocrx_word' id='word_1_441' title='bbox 2243 3070 2350 3109; x_wconf 92' lang='lat' dir='ltr'><strong>non</strong></span> <span class='ocrx_word' id='word_1_442' title='bbox 2388 3053 2707 3123; x_wconf 87' lang='lat' dir='ltr'><strong>litigiosum,</strong></span> <span class='ocrx_word' id='word_1_443' title='bbox 2737 3052 2922 3107; x_wconf 89' lang='lat' dir='ltr'><strong>domui</strong></span> <span class='ocrx_word' id='word_1_444' title='bbox 2969 3066 3081 3106; x_wconf 78' lang='lat' dir='ltr'><strong>sua:</strong></span> <span class='ocrx_word' id='word_1_445' title='bbox 3108 3051 3248 3106; x_wconf 87' lang='lat' dir='ltr'><strong>bene</strong></span> <span class='ocrx_word' id='word_1_446' title='bbox 3294 3048 3668 3119; x_wconf 75' lang='lat' dir='ltr'><strong>praepositum,</strong></span> <span class='ocrx_word' id='word_1_447' title='bbox 3697 3045 3859 3103; x_wconf 86' lang='lat' dir='ltr'><strong>addi-</strong></span> 
     </span>
    </p>
   </div>
   <div class='ocr_carea' id='block_1_60' title="bbox 608 3138 3858 3219">
    <p class='ocr_par' dir='ltr' id='par_1_60' title="bbox 608 3138 3858 3219">
     <span class='ocr_line' id='line_1_60' title="bbox 608 3138 3858 3219; baseline -0.001 -23"><span class='ocrx_word' id='word_1_448' title='bbox 608 3141 737 3198; x_wconf 72' lang='grc'><strong>244.</strong></span> <span class='ocrx_word' id='word_1_449' title='bbox 768 3142 907 3210; x_wconf 85' lang='lat' dir='ltr'><strong>Quid</strong></span> <span class='ocrx_word' id='word_1_450' title='bbox 940 3152 966 3189; x_wconf 75' lang='grc' dir='ltr'><strong><em>κ</em></strong></span> <span class='ocrx_word' id='word_1_451' title='bbox 995 3156 1127 3214; x_wconf 88' lang='lat' dir='ltr'><strong>ergo</strong></span> <span class='ocrx_word' id='word_1_452' title='bbox 1153 3158 1289 3199; x_wconf 86' lang='lat' dir='ltr'><strong>vane</strong></span> <span class='ocrx_word' id='word_1_453' title='bbox 1316 3159 1569 3200; x_wconf 88' lang='lat' dir='ltr'><strong>araneam</strong></span> <span class='ocrx_word' id='word_1_454' title='bbox 1612 3147 1752 3203; x_wconf 84' lang='lat' dir='ltr'><strong>texis</strong></span> <span class='ocrx_word' id='word_1_455' title='bbox 1777 3187 1793 3214; x_wconf 88' lang='lat'><strong>,</strong></span> <span class='ocrx_word' id='word_1_456' title='bbox 1817 3162 1937 3219; x_wconf 66' lang='lat' dir='ltr'><strong>quas</strong></span> <span class='ocrx_word' id='word_1_457' title='bbox 1968 3146 2140 3202; x_wconf 90' lang='lat' dir='ltr'><strong>inanis</strong></span> <span class='ocrx_word' id='word_1_458' title='bbox 2169 3138 2215 3202; x_wconf 87' lang='lat' dir='ltr'><strong>C</strong></span> <span class='ocrx_word' id='word_1_459' title='bbox 2247 3147 2328 3203; x_wconf 89' lang='lat' dir='ltr'><strong>dit</strong></span> <span class='ocrx_word' id='word_1_460' title='bbox 2359 3164 2373 3203; x_wconf 92' lang='lat'><strong>:</strong></span> <span class='ocrx_word' id='word_1_461' title='bbox 2400 3145 2661 3201; x_wconf 83' lang='lat' dir='ltr'><strong>Diaconos</strong></span> <span class='ocrx_word' id='word_1_462' title='bbox 2682 3145 2920 3201; x_wconf 87' lang='lat' dir='ltr'><strong>similiter</strong></span> <span class='ocrx_word' id='word_1_463' title='bbox 2958 3153 3160 3214; x_wconf 80' lang='lat' dir='ltr'><strong>oportet</strong></span> <span class='ocrx_word' id='word_1_464' title='bbox 3184 3158 3296 3198; x_wconf 88' lang='lat' dir='ltr'><strong>esse</strong></span> <span class='ocrx_word' id='word_1_465' title='bbox 3322 3157 3523 3214; x_wconf 82' lang='lat' dir='ltr'><strong>graves,</strong></span> <span class='ocrx_word' id='word_1_466' title='bbox 3546 3157 3650 3194; x_wconf 87' lang='lat' dir='ltr'><strong>non</strong></span> <span class='ocrx_word' id='word_1_467' title='bbox 3696 3140 3858 3194; x_wconf 84' lang='lat' dir='ltr'><strong>bilin—</strong></span> 
     </span>
    </p>
   </div>
   <div class='ocr_carea' id='block_1_61' title="bbox 538 3235 2142 3312">
    <p class='ocr_par' dir='ltr' id='par_1_61' title="bbox 538 3235 2142 3312">
     <span class='ocr_line' id='line_1_61' title="bbox 538 3235 2142 3312; baseline 0.003 -19"><span class='ocrx_word' id='word_1_468' title='bbox 538 3244 596 3293; x_wconf 87' lang='lat' dir='ltr'><strong>et</strong></span> <span class='ocrx_word' id='word_1_469' title='bbox 618 3237 737 3291; x_wconf 88' lang='lat' dir='ltr'><strong>sine</strong></span> <span class='ocrx_word' id='word_1_470' title='bbox 761 3235 939 3291; x_wconf 78' lang='lat' dir='ltr'><strong>fructu</strong></span> <span class='ocrx_word' id='word_1_471' title='bbox 963 3243 1068 3300; x_wconf 88' lang='lat' dir='ltr'><strong>est,</strong></span> <span class='ocrx_word' id='word_1_472' title='bbox 1098 3246 1154 3293; x_wconf 92' lang='lat' dir='ltr'><strong>ct</strong></span> <span class='ocrx_word' id='word_1_473' title='bbox 1190 3248 1462 3309; x_wconf 87' lang='lat' dir='ltr'><strong>tamquam</strong></span> <span class='ocrx_word' id='word_1_474' title='bbox 1488 3254 1671 3296; x_wconf 78' lang='lat' dir='ltr'><strong>casses</strong></span> <span class='ocrx_word' id='word_1_475' title='bbox 1707 3242 1995 3312; x_wconf 88' lang='lat' dir='ltr'><strong>suspendis</strong></span> <span class='ocrx_word' id='word_1_476' title='bbox 2023 3243 2142 3297; x_wconf 90' lang='lat' dir='ltr'><strong>inu-</strong></span> 
     </span>
    </p>
   </div>
   <div class='ocr_carea' id='block_1_62' title="bbox 542 3314 2138 3406">
    <p class='ocr_par' dir='ltr' id='par_1_62' title="bbox 542 3314 2138 3406">
     <span class='ocr_line' id='line_1_62' title="bbox 542 3314 2138 3406; baseline 0.004 -24"><span class='ocrx_word' id='word_1_477' title='bbox 542 3328 670 3383; x_wconf 89' lang='lat' dir='ltr'><strong>tiles</strong></span> <span class='ocrx_word' id='word_1_478' title='bbox 700 3326 1013 3383; x_wconf 90' lang='lat' dir='ltr'><strong>divitiarnm</strong></span> <span class='ocrx_word' id='word_1_479' title='bbox 1042 3314 1265 3399; x_wconf 87' lang='lat' dir='ltr'><strong>copias:</strong></span> <span class='ocrx_word' id='word_1_480' title='bbox 1312 3346 1434 3400; x_wconf 63' lang='lat' dir='ltr'><strong>quae</strong></span> <span class='ocrx_word' id='word_1_481' title='bbox 1463 3333 1567 3386; x_wconf 89' lang='lat' dir='ltr'><strong>etsi</strong></span> <span class='ocrx_word' id='word_1_482' title='bbox 1597 3332 1803 3401; x_wconf 85' lang='lat' dir='ltr'><strong>ﬂuant,</strong></span> <span class='ocrx_word' id='word_1_483' title='bbox 1846 3334 1980 3389; x_wconf 89' lang='lat' dir='ltr'><strong>nihil</strong></span> <span class='ocrx_word' id='word_1_484' title='bbox 2011 3350 2138 3406; x_wconf 90' lang='lat' dir='ltr'><strong>pro-</strong></span> 
     </span>
    </p>
   </div>
   <div class='ocr_carea' id='block_1_63' title="bbox 541 3423 2143 3495">
    <p class='ocr_par' dir='ltr' id='par_1_63' title="bbox 541 3423 2143 3495">
     <span class='ocr_line' id='line_1_63' title="bbox 541 3423 2143 3495; baseline 0.004 -18"><span class='ocrx_word' id='word_1_485' title='bbox 541 3430 708 3487; x_wconf 87' lang='lat' dir='ltr'><strong>sunt;</strong></span> <span class='ocrx_word' id='word_1_486' title='bbox 758 3423 925 3477; x_wconf 89' lang='lat' dir='ltr'><strong>immo</strong></span> <span class='ocrx_word' id='word_1_487' title='bbox 952 3431 1160 3477; x_wconf 89' lang='lat' dir='ltr'><strong>exuunt</strong></span> <span class='ocrx_word' id='word_1_488' title='bbox 1190 3431 1244 3479; x_wconf 90' lang='lat' dir='ltr'><strong>te</strong></span> <span class='ocrx_word' id='word_1_489' title='bbox 1293 3424 1582 3495; x_wconf 90' lang='lat' dir='ltr'><strong>imaginem</strong></span> <span class='ocrx_word' id='word_1_490' title='bbox 1632 3427 1748 3493; x_wconf 86' lang='lat' dir='ltr'><strong>Dei,</strong></span> <span class='ocrx_word' id='word_1_491' title='bbox 1804 3439 1857 3483; x_wconf 91' lang='lat' dir='ltr'><strong>et</strong></span> <span class='ocrx_word' id='word_1_492' title='bbox 1911 3429 2143 3484; x_wconf 87' lang='lat' dir='ltr'><strong>induunt</strong></span> 
     </span>
    </p>
   </div>
   <div class='ocr_carea' id='block_1_64' title="bbox 534 3514 2138 3592">
    <p class='ocr_par' dir='ltr' id='par_1_64' title="bbox 534 3514 2138 3592">
     <span class='ocr_line' id='line_1_64' title="bbox 534 3514 2138 3592; baseline 0.004 -22"><span class='ocrx_word' id='word_1_493' title='bbox 534 3514 740 3571; x_wconf 88' lang='lat' dir='ltr'><strong>terreni</strong></span> <span class='ocrx_word' id='word_1_494' title='bbox 801 3515 1137 3588; x_wconf 85' lang='lat' dir='ltr'><strong>imaginem?</strong></span> <span class='ocrx_word' id='word_1_495' title='bbox 1187 3514 1214 3554; x_wconf 69' lang='grc' dir='ltr'><strong>ιι</strong></span> <span class='ocrx_word' id='word_1_496' title='bbox 1246 3516 1302 3572; x_wconf 91' lang='lat' dir='ltr'><strong>Si</strong></span> <span class='ocrx_word' id='word_1_497' title='bbox 1337 3518 1549 3590; x_wconf 88' lang='lat' dir='ltr'><strong>tyranni</strong></span> <span class='ocrx_word' id='word_1_498' title='bbox 1604 3519 1799 3589; x_wconf 87' lang='lat' dir='ltr'><strong>aliquis</strong></span> <span class='ocrx_word' id='word_1_499' title='bbox 1850 3521 2138 3592; x_wconf 82' lang='lat' dir='ltr'><strong>imaginem</strong></span> 
     </span>
    </p>
   </div>
   <div class='ocr_carea' id='block_1_65' title="bbox 536 3609 2142 3685">
    <p class='ocr_par' dir='ltr' id='par_1_65' title="bbox 536 3609 2142 3685">
     <span class='ocr_line' id='line_1_65' title="bbox 536 3609 2142 3685; baseline 0.003 -20"><span class='ocrx_word' id='word_1_500' title='bbox 536 3609 754 3676; x_wconf 84' lang='lat' dir='ltr'><strong>habeat,</strong></span> <span class='ocrx_word' id='word_1_501' title='bbox 791 3626 970 3667; x_wconf 92' lang='lat' dir='ltr'><strong>nonne</strong></span> <span class='ocrx_word' id='word_1_502' title='bbox 1000 3611 1274 3668; x_wconf 92' lang='lat' dir='ltr'><strong>obnoxius</strong></span> <span class='ocrx_word' id='word_1_503' title='bbox 1296 3620 1381 3669; x_wconf 91' lang='lat' dir='ltr'><strong>est</strong></span> <span class='ocrx_word' id='word_1_504' title='bbox 1400 3613 1775 3669; x_wconf 83' lang='lat' dir='ltr'><strong>damnationi?</strong></span> <span class='ocrx_word' id='word_1_505' title='bbox 1804 3614 1883 3670; x_wconf 88' lang='lat' dir='ltr'><strong>Tu</strong></span> <span class='ocrx_word' id='word_1_506' title='bbox 1914 3615 2142 3685; x_wconf 89' lang='lat' dir='ltr'><strong>deponis</strong></span> 
     </span>
    </p>
   </div>
   <div class='ocr_carea' id='block_1_66' title="bbox 533 3703 2144 3778">
    <p class='ocr_par' dir='ltr' id='par_1_66' title="bbox 533 3703 2144 3778">
     <span class='ocr_line' id='line_1_66' title="bbox 533 3703 2144 3778; baseline 0.003 -20"><span class='ocrx_word' id='word_1_507' title='bbox 533 3703 827 3775; x_wconf 89' lang='lat' dir='ltr'><strong>imaginem</strong></span> <span class='ocrx_word' id='word_1_508' title='bbox 859 3706 1051 3759; x_wconf 79' lang='lat' dir='ltr'><strong>:eterni</strong></span> <span class='ocrx_word' id='word_1_509' title='bbox 1084 3705 1453 3775; x_wconf 82' lang='lat' dir='ltr'><strong>imperatoris,</strong></span> <span class='ocrx_word' id='word_1_510' title='bbox 1486 3714 1541 3760; x_wconf 92' lang='lat' dir='ltr'><strong>et</strong></span> <span class='ocrx_word' id='word_1_511' title='bbox 1587 3704 1754 3777; x_wconf 90' lang='lat' dir='ltr'><strong>erigis</strong></span> <span class='ocrx_word' id='word_1_512' title='bbox 1783 3708 1836 3762; x_wconf 91' lang='lat' dir='ltr'><strong>in</strong></span> <span class='ocrx_word' id='word_1_513' title='bbox 1869 3716 1924 3763; x_wconf 93' lang='lat' dir='ltr'><strong>te</strong></span> <span class='ocrx_word' id='word_1_514' title='bbox 1955 3708 2144 3778; x_wconf 87' lang='lat' dir='ltr'><strong>imagi-</strong></span> 
     </span>
    </p>
   </div>
   <div class='ocr_carea' id='block_1_67' title="bbox 531 3795 2143 3867">
    <p class='ocr_par' dir='ltr' id='par_1_67' title="bbox 531 3795 2143 3867">
     <span class='ocr_line' id='line_1_67' title="bbox 531 3795 2143 3867; baseline 0.002 -17"><span class='ocrx_word' id='word_1_515' title='bbox 531 3795 715 3866; x_wconf 86' lang='lat' dir='ltr'><strong>giuem</strong></span> <span class='ocrx_word' id='word_1_516' title='bbox 756 3797 973 3851; x_wconf 90' lang='lat' dir='ltr'><strong>mortis.</strong></span> <span class='ocrx_word' id='word_1_517' title='bbox 1024 3796 1177 3866; x_wconf 85' lang='lat' dir='ltr'><strong>Ejice</strong></span> <span class='ocrx_word' id='word_1_518' title='bbox 1227 3797 1397 3867; x_wconf 88' lang='lat' dir='ltr'><strong>magis</strong></span> <span class='ocrx_word' id='word_1_519' title='bbox 1444 3797 1513 3852; x_wconf 92' lang='lat' dir='ltr'><strong>de</strong></span> <span class='ocrx_word' id='word_1_520' title='bbox 1559 3798 1777 3854; x_wconf 89' lang='lat' dir='ltr'><strong>civitate</strong></span> <span class='ocrx_word' id='word_1_521' title='bbox 1806 3799 2003 3853; x_wconf 70' lang='lat' dir='ltr'><strong>animm</strong></span> <span class='ocrx_word' id='word_1_522' title='bbox 2038 3809 2143 3853; x_wconf 69' lang='lat' dir='ltr'><strong>tua:</strong></span> 
     </span>
    </p>
   </div>
   <div class='ocr_carea' id='block_1_68' title="bbox 533 3888 2143 3959">
    <p class='ocr_par' dir='ltr' id='par_1_68' title="bbox 533 3888 2143 3959">
     <span class='ocr_line' id='line_1_68' title="bbox 533 3888 2143 3959; baseline 0.002 -16"><span class='ocrx_word' id='word_1_523' title='bbox 533 3888 825 3958; x_wconf 88' lang='lat' dir='ltr'><strong>imaginem</strong></span> <span class='ocrx_word' id='word_1_524' title='bbox 853 3888 1076 3955; x_wconf 91' lang='lat' dir='ltr'><strong>diaboli,</strong></span> <span class='ocrx_word' id='word_1_525' title='bbox 1102 3898 1158 3944; x_wconf 90' lang='lat' dir='ltr'><strong>et</strong></span> <span class='ocrx_word' id='word_1_526' title='bbox 1190 3889 1204 3926; x_wconf 77' lang='grc' dir='ltr'><strong>ί</strong></span> <span class='ocrx_word' id='word_1_527' title='bbox 1237 3889 1425 3945; x_wconf 91' lang='lat' dir='ltr'><strong>attolle</strong></span> <span class='ocrx_word' id='word_1_528' title='bbox 1451 3890 1742 3959; x_wconf 89' lang='lat' dir='ltr'><strong>imaginem</strong></span> <span class='ocrx_word' id='word_1_529' title='bbox 1765 3890 1990 3946; x_wconf 89' lang='lat' dir='ltr'><strong>Christi.</strong></span> <span class='ocrx_word' id='word_1_530' title='bbox 2016 3890 2143 3946; x_wconf 61' lang='lat' dir='ltr'><strong>Haec</strong></span> 
     </span>
    </p>
   </div>
   <div class='ocr_carea' id='block_1_69' title="bbox 534 3978 2145 4051">
    <p class='ocr_par' dir='ltr' id='par_1_69' title="bbox 534 3978 2145 4051">
     <span class='ocr_line' id='line_1_69' title="bbox 534 3978 2145 4051; baseline 0.002 -17"><span class='ocrx_word' id='word_1_531' title='bbox 534 3978 591 4034; x_wconf 91' lang='lat' dir='ltr'><strong>in</strong></span> <span class='ocrx_word' id='word_1_532' title='bbox 626 3988 677 4034; x_wconf 88' lang='lat' dir='ltr'><strong>te</strong></span> <span class='ocrx_word' id='word_1_533' title='bbox 704 3978 928 4050; x_wconf 82' lang='lat' dir='ltr'><strong>fulgeat,</strong></span> <span class='ocrx_word' id='word_1_534' title='bbox 952 3980 1010 4035; x_wconf 91' lang='lat' dir='ltr'><strong>in</strong></span> <span class='ocrx_word' id='word_1_535' title='bbox 1039 3990 1124 4035; x_wconf 88' lang='lat' dir='ltr'><strong>tua</strong></span> <span class='ocrx_word' id='word_1_536' title='bbox 1152 3981 1392 4049; x_wconf 86' lang='lat' dir='ltr'><strong>civitate,</strong></span> <span class='ocrx_word' id='word_1_537' title='bbox 1427 3979 1533 4036; x_wconf 88' lang='lat' dir='ltr'><strong>hoc</strong></span> <span class='ocrx_word' id='word_1_538' title='bbox 1552 3991 1657 4047; x_wconf 88' lang='lat' dir='ltr'><strong>est,</strong></span> <span class='ocrx_word' id='word_1_539' title='bbox 1691 3980 1872 4036; x_wconf 87' lang='lat' dir='ltr'><strong>anima</strong></span> <span class='ocrx_word' id='word_1_540' title='bbox 1897 3982 2145 4051; x_wconf 91' lang='lat' dir='ltr'><strong>resplen-</strong></span> 
     </span>
    </p>
   </div>
   <div class='ocr_carea' id='block_1_70' title="bbox 535 4074 2142 4146">
    <p class='ocr_par' dir='ltr' id='par_1_70' title="bbox 535 4074 2142 4146">
     <span class='ocr_line' id='line_1_70' title="bbox 535 4074 2142 4146; baseline 0.001 -16"><span class='ocrx_word' id='word_1_541' title='bbox 535 4074 683 4141; x_wconf 88' lang='lat' dir='ltr'><strong>deat,</strong></span> <span class='ocrx_word' id='word_1_542' title='bbox 707 4090 827 4145; x_wconf 74' lang='lat' dir='ltr'><strong>quse</strong></span> <span class='ocrx_word' id='word_1_543' title='bbox 855 4075 1133 4131; x_wconf 86' lang='lat' dir='ltr'><strong>oblitterat</strong></span> <span class='ocrx_word' id='word_1_544' title='bbox 1154 4075 1412 4130; x_wconf 90' lang='lat' dir='ltr'><strong>vitiorum</strong></span> <span class='ocrx_word' id='word_1_545' title='bbox 1441 4076 1727 4146; x_wconf 89' lang='lat' dir='ltr'><strong>imagines.</strong></span> <span class='ocrx_word' id='word_1_546' title='bbox 1747 4076 1826 4131; x_wconf 92' lang='lat' dir='ltr'><strong>De</strong></span> <span class='ocrx_word' id='word_1_547' title='bbox 1845 4076 2044 4144; x_wconf 89' lang='lat' dir='ltr'><strong>quibus</strong></span> <span class='ocrx_word' id='word_1_548' title='bbox 2067 4076 2142 4131; x_wconf 88' lang='lat' dir='ltr'><strong>ait</strong></span> 
     </span>
    </p>
   </div>
   <div class='ocr_carea' id='block_1_71' title="bbox 536 4169 2137 4242">
    <p class='ocr_par' dir='ltr' id='par_1_71' title="bbox 536 4169 2137 4242">
     <span class='ocr_line' id='line_1_71' title="bbox 536 4169 2137 4242; baseline -0.002 -15"><span class='ocrx_word' id='word_1_549' title='bbox 536 4171 709 4227; x_wconf 85' lang='lat' dir='ltr'><strong>David</strong></span> <span class='ocrx_word' id='word_1_550' title='bbox 738 4189 752 4225; x_wconf 88' lang='lat'><strong>:</strong></span> <span class='ocrx_word' id='word_1_551' title='bbox 783 4169 1026 4237; x_wconf 84' lang='lat' dir='ltr'><strong>Domine,</strong></span> <span class='ocrx_word' id='word_1_552' title='bbox 1051 4171 1107 4225; x_wconf 89' lang='lat' dir='ltr'><strong>in</strong></span> <span class='ocrx_word' id='word_1_553' title='bbox 1147 4171 1464 4236; x_wconf 81' lang='lat' dir='ltr'><strong>civitatetua,</strong></span> <span class='ocrx_word' id='word_1_554' title='bbox 1493 4170 1603 4242; x_wconf 74' lang='lat'><strong>65</strong></span> <span class='ocrx_word' id='word_1_555' title='bbox 1630 4171 1699 4224; x_wconf 85' lang='lat' dir='ltr'><strong>ad</strong></span> <span class='ocrx_word' id='word_1_556' title='bbox 1725 4172 1942 4225; x_wconf 87' lang='lat' dir='ltr'><strong>nihilum</strong></span> <span class='ocrx_word' id='word_1_557' title='bbox 1970 4171 2137 4224; x_wconf 86' lang='lat' dir='ltr'><strong>dedu-</strong></span> 
     </span>
    </p>
   </div>
   <div class='ocr_carea' id='block_1_72' title="bbox 536 4260 2137 4337">
    <p class='ocr_par' dir='ltr' id='par_1_72' title="bbox 536 4260 2137 4337">
     <span class='ocr_line' id='line_1_72' title="bbox 536 4260 2137 4337; baseline -0.001 -17"><span class='ocrx_word' id='word_1_558' title='bbox 536 4280 621 4320; x_wconf 87' lang='lat' dir='ltr'><strong>ces</strong></span> <span class='ocrx_word' id='word_1_559' title='bbox 645 4265 894 4337; x_wconf 83' lang='lat' dir='ltr'><strong>imagines</strong></span> <span class='ocrx_word' id='word_1_560' title='bbox 924 4279 1101 4319; x_wconf 88' lang='lat' dir='ltr'><strong>eorum</strong></span> <span class='ocrx_word' id='word_1_561' title='bbox 1137 4261 1315 4337; x_wconf 81' lang='lat' dir='ltr'><strong>(Psal.</strong></span> <span class='ocrx_word' id='word_1_562' title='bbox 1348 4278 1515 4330; x_wconf 74' lang='lat' dir='ltr'><strong>Lxxu,</strong></span> <span class='ocrx_word' id='word_1_563' title='bbox 1545 4261 1672 4334; x_wconf 71' lang='lat'><strong>20).</strong></span> <span class='ocrx_word' id='word_1_564' title='bbox 1701 4260 1836 4318; x_wconf 88' lang='lat' dir='ltr'><strong>Cum</strong></span> <span class='ocrx_word' id='word_1_565' title='bbox 1867 4262 2011 4318; x_wconf 87' lang='lat' dir='ltr'><strong>enim</strong></span> <span class='ocrx_word' id='word_1_566' title='bbox 2042 4261 2137 4318; x_wconf 88' lang='lat' dir='ltr'><strong>de-</strong></span> 
     </span>
    </p>
   </div>
   <div class='ocr_carea' id='block_1_73' title="bbox 2247 3233 3856 3312">
    <p class='ocr_par' dir='ltr' id='par_1_73' title="bbox 2247 3233 3856 3312">
     <span class='ocr_line' id='line_1_73' title="bbox 2247 3233 3856 3312; baseline -0.003 -19"><span class='ocrx_word' id='word_1_567' title='bbox 2247 3257 2394 3312; x_wconf 88' lang='lat' dir='ltr'><strong>gues,</strong></span> <span class='ocrx_word' id='word_1_568' title='bbox 2425 3257 2527 3294; x_wconf 90' lang='lat' dir='ltr'><strong>non</strong></span> <span class='ocrx_word' id='word_1_569' title='bbox 2556 3240 2717 3294; x_wconf 86' lang='lat' dir='ltr'><strong>multo</strong></span> <span class='ocrx_word' id='word_1_570' title='bbox 2737 3240 2856 3293; x_wconf 84' lang='lat' dir='ltr'><strong>uino</strong></span> <span class='ocrx_word' id='word_1_571' title='bbox 2877 3237 3101 3303; x_wconf 88' lang='lat' dir='ltr'><strong>deditos,</strong></span> <span class='ocrx_word' id='word_1_572' title='bbox 3125 3252 3226 3290; x_wconf 89' lang='lat' dir='ltr'><strong>non</strong></span> <span class='ocrx_word' id='word_1_573' title='bbox 3249 3245 3400 3305; x_wconf 85' lang='lat' dir='ltr'><strong>turpe</strong></span> <span class='ocrx_word' id='word_1_574' title='bbox 3423 3233 3627 3287; x_wconf 90' lang='lat' dir='ltr'><strong>lucrum</strong></span> <span class='ocrx_word' id='word_1_575' title='bbox 3646 3243 3856 3288; x_wconf 84' lang='lat' dir='ltr'><strong>sectan-</strong></span> 
     </span>
    </p>
   </div>
   <div class='ocr_carea' id='block_1_74' title="bbox 2248 3326 3859 3400">
    <p class='ocr_par' dir='ltr' id='par_1_74' title="bbox 2248 3326 3859 3400">
     <span class='ocr_line' id='line_1_74' title="bbox 2248 3326 3859 3400; baseline -0.002 -15"><span class='ocrx_word' id='word_1_576' title='bbox 2248 3342 2360 3398; x_wconf 88' lang='lat' dir='ltr'><strong>tes,</strong></span> <span class='ocrx_word' id='word_1_577' title='bbox 2421 3332 2663 3386; x_wconf 85' lang='lat' dir='ltr'><strong>habentes</strong></span> <span class='ocrx_word' id='word_1_578' title='bbox 2725 3331 3025 3400; x_wconf 82' lang='lat' dir='ltr'><strong>mysterium</strong></span> <span class='ocrx_word' id='word_1_579' title='bbox 3078 3329 3199 3400; x_wconf 81' lang='lat' dir='ltr'><strong>ﬁdei</strong></span> <span class='ocrx_word' id='word_1_580' title='bbox 3244 3328 3297 3382; x_wconf 89' lang='lat' dir='ltr'><strong>in</strong></span> <span class='ocrx_word' id='word_1_581' title='bbox 3350 3326 3667 3382; x_wconf 85' lang='lat' dir='ltr'><strong>conscientia</strong></span> <span class='ocrx_word' id='word_1_582' title='bbox 3720 3343 3859 3395; x_wconf 87' lang='lat' dir='ltr'><strong>pura</strong></span> 
     </span>
    </p>
   </div>
   <div class='ocr_carea' id='block_1_75' title="bbox 2250 3421 3858 3496">
    <p class='ocr_par' dir='ltr' id='par_1_75' title="bbox 2250 3421 3858 3496">
     <span class='ocr_line' id='line_1_75' title="bbox 2250 3421 3858 3496; baseline -0.001 -17"><span class='ocrx_word' id='word_1_583' title='bbox 2250 3424 2291 3496; x_wconf 96' lang='lat' dir='ltr'><strong>(l</strong></span> <span class='ocrx_word' id='word_1_584' title='bbox 2319 3423 2452 3479; x_wconf 85' lang='lat' dir='ltr'><strong>Tim.</strong></span> <span class='ocrx_word' id='word_1_585' title='bbox 2481 3440 2563 3491; x_wconf 85' lang='lat' dir='ltr'><strong>Ill,</strong></span> <span class='ocrx_word' id='word_1_586' title='bbox 2590 3422 2670 3495; x_wconf 91' lang='lat'><strong>8).</strong></span> <span class='ocrx_word' id='word_1_587' title='bbox 2701 3424 2766 3478; x_wconf 88' lang='lat' dir='ltr'><strong>Et</strong></span> <span class='ocrx_word' id='word_1_588' title='bbox 2798 3423 2851 3477; x_wconf 86' lang='lat' dir='ltr'><strong>bi</strong></span> <span class='ocrx_word' id='word_1_589' title='bbox 2870 3433 3051 3479; x_wconf 89' lang='lat' dir='ltr'><strong>autem</strong></span> <span class='ocrx_word' id='word_1_590' title='bbox 3080 3423 3381 3492; x_wconf 88' lang='lat' dir='ltr'><strong>probentur</strong></span> <span class='ocrx_word' id='word_1_591' title='bbox 3408 3421 3672 3491; x_wconf 90' lang='lat' dir='ltr'><strong>primum,</strong></span> <span class='ocrx_word' id='word_1_592' title='bbox 3699 3427 3756 3474; x_wconf 91' lang='lat' dir='ltr'><strong>et</strong></span> <span class='ocrx_word' id='word_1_593' title='bbox 3776 3421 3858 3477; x_wconf 90' lang='lat' dir='ltr'><strong>sic</strong></span> 
     </span>
    </p>
   </div>
   <div class='ocr_carea' id='block_1_76' title="bbox 2250 3514 3378 3583">
    <p class='ocr_par' dir='ltr' id='par_1_76' title="bbox 2250 3514 3378 3583">
     <span class='ocr_line' id='line_1_76' title="bbox 2250 3514 3378 3583; baseline -0.003 -11"><span class='ocrx_word' id='word_1_594' title='bbox 2250 3517 2580 3583; x_wconf 88' lang='lat' dir='ltr'><strong>ministrent,</strong></span> <span class='ocrx_word' id='word_1_595' title='bbox 2615 3516 2823 3572; x_wconf 89' lang='lat' dir='ltr'><strong>nullum</strong></span> <span class='ocrx_word' id='word_1_596' title='bbox 2853 3516 3061 3570; x_wconf 91' lang='lat' dir='ltr'><strong>crimen</strong></span> <span class='ocrx_word' id='word_1_597' title='bbox 3096 3514 3378 3571; x_wconf 87' lang='lat' dir='ltr'><strong>habentes.</strong></span> 
     </span>
    </p>
   </div>
   <div class='ocr_carea' id='block_1_77' title="bbox 2318 3608 3855 3683">
    <p class='ocr_par' dir='ltr' id='par_1_77' title="bbox 2318 3608 3855 3683">
     <span class='ocr_line' id='line_1_77' title="bbox 2318 3608 3855 3683; baseline -0.002 -17"><span class='ocrx_word' id='word_1_598' title='bbox 2318 3611 2431 3683; x_wconf 77' lang='lat'><strong>66</strong></span> <span class='ocrx_word' id='word_1_599' title='bbox 2447 3610 2572 3666; x_wconf 64' lang='lat'><strong>246.</strong></span> <span class='ocrx_word' id='word_1_600' title='bbox 2606 3608 2959 3665; x_wconf 84' lang='lat' dir='ltr'><strong>Advertimus</strong></span> <span class='ocrx_word' id='word_1_601' title='bbox 2977 3619 3181 3679; x_wconf 86' lang='lat' dir='ltr'><strong>quanta</strong></span> <span class='ocrx_word' id='word_1_602' title='bbox 3206 3609 3259 3663; x_wconf 91' lang='lat' dir='ltr'><strong>in</strong></span> <span class='ocrx_word' id='word_1_603' title='bbox 3287 3608 3443 3665; x_wconf 91' lang='lat' dir='ltr'><strong>nobis</strong></span> <span class='ocrx_word' id='word_1_604' title='bbox 3464 3608 3855 3678; x_wconf 87' lang='lat' dir='ltr'><strong>requirantur:</strong></span> 
     </span>
    </p>
   </div>
   <div class='ocr_carea' id='block_1_78' title="bbox 2244 3701 3857 3769">
    <p class='ocr_par' dir='ltr' id='par_1_78' title="bbox 2244 3701 3857 3769">
     <span class='ocr_line' id='line_1_78' title="bbox 2244 3701 3857 3769; baseline 0 -12"><span class='ocrx_word' id='word_1_605' title='bbox 2244 3713 2305 3758; x_wconf 91' lang='lat' dir='ltr'><strong>ut</strong></span> <span class='ocrx_word' id='word_1_606' title='bbox 2331 3704 2613 3758; x_wconf 89' lang='lat' dir='ltr'><strong>abstinens</strong></span> <span class='ocrx_word' id='word_1_607' title='bbox 2641 3704 2713 3757; x_wconf 91' lang='lat' dir='ltr'><strong>sit</strong></span> <span class='ocrx_word' id='word_1_608' title='bbox 2739 3718 2770 3757; x_wconf 89' lang='lat' dir='ltr'><strong>a</strong></span> <span class='ocrx_word' id='word_1_609' title='bbox 2802 3702 2931 3757; x_wconf 83' lang='lat' dir='ltr'><strong>vino</strong></span> <span class='ocrx_word' id='word_1_610' title='bbox 2960 3701 3210 3758; x_wconf 76' lang='lat' dir='ltr'><strong>minister</strong></span> <span class='ocrx_word' id='word_1_611' title='bbox 3241 3701 3478 3769; x_wconf 89' lang='lat' dir='ltr'><strong>Domini,</strong></span> <span class='ocrx_word' id='word_1_612' title='bbox 3512 3708 3573 3756; x_wconf 90' lang='lat' dir='ltr'><strong>ut</strong></span> <span class='ocrx_word' id='word_1_613' title='bbox 3600 3702 3857 3758; x_wconf 81' lang='lat' dir='ltr'><strong>testimo-</strong></span> 
     </span>
    </p>
   </div>
   <div class='ocr_carea' id='block_1_79' title="bbox 2246 3792 3857 3861">
    <p class='ocr_par' dir='ltr' id='par_1_79' title="bbox 2246 3792 3857 3861">
     <span class='ocr_line' id='line_1_79' title="bbox 2246 3792 3857 3861; baseline -0.001 -11"><span class='ocrx_word' id='word_1_614' title='bbox 2246 3796 2339 3850; x_wconf 87' lang='lat' dir='ltr'><strong>nio</strong></span> <span class='ocrx_word' id='word_1_615' title='bbox 2368 3796 2513 3851; x_wconf 91' lang='lat' dir='ltr'><strong>bono</strong></span> <span class='ocrx_word' id='word_1_616' title='bbox 2540 3793 2796 3849; x_wconf 87' lang='lat' dir='ltr'><strong>lulciatur</strong></span> <span class='ocrx_word' id='word_1_617' title='bbox 2844 3809 2951 3848; x_wconf 91' lang='lat' dir='ltr'><strong>non</strong></span> <span class='ocrx_word' id='word_1_618' title='bbox 2982 3793 3158 3849; x_wconf 91' lang='lat' dir='ltr'><strong>solum</strong></span> <span class='ocrx_word' id='word_1_619' title='bbox 3187 3792 3454 3861; x_wconf 78' lang='lat' dir='ltr'><strong>ﬁdelium,</strong></span> <span class='ocrx_word' id='word_1_620' title='bbox 3483 3792 3503 3831; x_wconf 78' lang='grc' dir='ltr'><strong>ι</strong></span> <span class='ocrx_word' id='word_1_621' title='bbox 3539 3793 3638 3849; x_wconf 89' lang='lat' dir='ltr'><strong>sed</strong></span> <span class='ocrx_word' id='word_1_622' title='bbox 3683 3795 3857 3849; x_wconf 90' lang='lat' dir='ltr'><strong>etiam</strong></span> 
     </span>
    </p>
   </div>
   <div class='ocr_carea' id='block_1_80' title="bbox 2246 3888 3857 3960">
    <p class='ocr_par' dir='ltr' id='par_1_80' title="bbox 2246 3888 3857 3960">
     <span class='ocr_line' id='line_1_80' title="bbox 2246 3888 3857 3960; baseline 0 -17"><span class='ocrx_word' id='word_1_623' title='bbox 2246 3892 2314 3946; x_wconf 91' lang='lat' dir='ltr'><strong>ab</strong></span> <span class='ocrx_word' id='word_1_624' title='bbox 2341 3889 2425 3944; x_wconf 86' lang='lat' dir='ltr'><strong>bis</strong></span> <span class='ocrx_word' id='word_1_625' title='bbox 2456 3890 2547 3960; x_wconf 89' lang='lat' dir='ltr'><strong>qui</strong></span> <span class='ocrx_word' id='word_1_626' title='bbox 2579 3888 2710 3945; x_wconf 84' lang='lat' dir='ltr'><strong>loris</strong></span> <span class='ocrx_word' id='word_1_627' title='bbox 2746 3897 2893 3944; x_wconf 88' lang='lat' dir='ltr'><strong>sunt.</strong></span> <span class='ocrx_word' id='word_1_628' title='bbox 2931 3889 3093 3945; x_wconf 88' lang='lat' dir='ltr'><strong>Decet</strong></span> <span class='ocrx_word' id='word_1_629' title='bbox 3144 3888 3290 3944; x_wconf 88' lang='lat' dir='ltr'><strong>enim</strong></span> <span class='ocrx_word' id='word_1_630' title='bbox 3338 3898 3556 3944; x_wconf 88' lang='lat' dir='ltr'><strong>actuum</strong></span> <span class='ocrx_word' id='word_1_631' title='bbox 3588 3903 3857 3958; x_wconf 82' lang='lat' dir='ltr'><strong>operum-</strong></span> 
     </span>
    </p>
   </div>
   <div class='ocr_carea' id='block_1_81' title="bbox 2246 3980 3861 4055">
    <p class='ocr_par' dir='ltr' id='par_1_81' title="bbox 2246 3980 3861 4055">
     <span class='ocr_line' id='line_1_81' title="bbox 2246 3980 3861 4055; baseline -0.002 -16"><span class='ocrx_word' id='word_1_632' title='bbox 2246 3998 2357 4055; x_wconf 92' lang='lat' dir='ltr'><strong>que</strong></span> <span class='ocrx_word' id='word_1_633' title='bbox 2402 3994 2720 4038; x_wconf 86' lang='lat' dir='ltr'><strong>nostrorum</strong></span> <span class='ocrx_word' id='word_1_634' title='bbox 2768 3990 2963 4036; x_wconf 84' lang='lat' dir='ltr'><strong>testem</strong></span> <span class='ocrx_word' id='word_1_635' title='bbox 3003 3997 3127 4037; x_wconf 89' lang='lat' dir='ltr'><strong>esse</strong></span> <span class='ocrx_word' id='word_1_636' title='bbox 3171 3981 3441 4052; x_wconf 89' lang='lat' dir='ltr'><strong>publicam</strong></span> <span class='ocrx_word' id='word_1_637' title='bbox 3491 3980 3861 4037; x_wconf 54' lang='lat' dir='ltr'><strong>existimatio.</strong></span> 
     </span>
    </p>
   </div>
   <div class='ocr_carea' id='block_1_82' title="bbox 2245 4075 3858 4146">
    <p class='ocr_par' dir='ltr' id='par_1_82' title="bbox 2245 4075 3858 4146">
     <span class='ocr_line' id='line_1_82' title="bbox 2245 4075 3858 4146; baseline 0 -14"><span class='ocrx_word' id='word_1_638' title='bbox 2245 4093 2393 4145; x_wconf 87' lang='lat' dir='ltr'><strong>nem,</strong></span> <span class='ocrx_word' id='word_1_639' title='bbox 2426 4093 2496 4133; x_wconf 91' lang='lat' dir='ltr'><strong>ne</strong></span> <span class='ocrx_word' id='word_1_640' title='bbox 2523 4076 2817 4146; x_wconf 86' lang='lat' dir='ltr'><strong>derogetur</strong></span> <span class='ocrx_word' id='word_1_641' title='bbox 2849 4076 3059 4131; x_wconf 91' lang='lat' dir='ltr'><strong>muneri</strong></span> <span class='ocrx_word' id='word_1_642' title='bbox 3086 4093 3101 4143; x_wconf 92' lang='lat'><strong>;</strong></span> <span class='ocrx_word' id='word_1_643' title='bbox 3136 4086 3195 4131; x_wconf 94' lang='lat' dir='ltr'><strong>ut</strong></span> <span class='ocrx_word' id='word_1_644' title='bbox 3229 4075 3323 4146; x_wconf 90' lang='lat' dir='ltr'><strong>qui</strong></span> <span class='ocrx_word' id='word_1_645' title='bbox 3353 4075 3500 4130; x_wconf 90' lang='lat' dir='ltr'><strong>videt</strong></span> <span class='ocrx_word' id='word_1_646' title='bbox 3540 4075 3858 4132; x_wconf 86' lang='lat' dir='ltr'><strong>ministrum</strong></span> 
     </span>
    </p>
   </div>
   <div class='ocr_carea' id='block_1_83' title="bbox 2241 4169 3860 4244">
    <p class='ocr_par' dir='ltr' id='par_1_83' title="bbox 2241 4169 3860 4244">
     <span class='ocr_line' id='line_1_83' title="bbox 2241 4169 3860 4244; baseline 0 -17"><span class='ocrx_word' id='word_1_647' title='bbox 2241 4172 2433 4227; x_wconf 86' lang='lat' dir='ltr'><strong>altaris</strong></span> <span class='ocrx_word' id='word_1_648' title='bbox 2460 4170 2720 4244; x_wconf 85' lang='lat' dir='ltr'><strong>congruis</strong></span> <span class='ocrx_word' id='word_1_649' title='bbox 2757 4180 3011 4227; x_wconf 90' lang='lat' dir='ltr'><strong>ornatum</strong></span> <span class='ocrx_word' id='word_1_650' title='bbox 3043 4169 3361 4236; x_wconf 89' lang='lat' dir='ltr'><strong>virtutibus,</strong></span> <span class='ocrx_word' id='word_1_651' title='bbox 3405 4178 3689 4227; x_wconf 84' lang='lat' dir='ltr'><strong>auctorem</strong></span> <span class='ocrx_word' id='word_1_652' title='bbox 3716 4185 3860 4241; x_wconf 70' lang='lat' dir='ltr'><strong>prte-</strong></span> 
     </span>
    </p>
   </div>
   <div class='ocr_carea' id='block_1_84' title="bbox 2240 4263 3862 4336">
    <p class='ocr_par' dir='ltr' id='par_1_84' title="bbox 2240 4263 3862 4336">
     <span class='ocr_line' id='line_1_84' title="bbox 2240 4263 3862 4336; baseline 0.001 -16"><span class='ocrx_word' id='word_1_653' title='bbox 2240 4264 2407 4334; x_wconf 90' lang='lat' dir='ltr'><strong>dicet,</strong></span> <span class='ocrx_word' id='word_1_654' title='bbox 2461 4276 2514 4321; x_wconf 91' lang='lat' dir='ltr'><strong>et</strong></span> <span class='ocrx_word' id='word_1_655' title='bbox 2569 4266 2858 4321; x_wconf 91' lang='lat' dir='ltr'><strong>Dominum</strong></span> <span class='ocrx_word' id='word_1_656' title='bbox 2910 4274 3228 4334; x_wconf 88' lang='lat' dir='ltr'><strong>veneretur,</strong></span> <span class='ocrx_word' id='word_1_657' title='bbox 3276 4263 3369 4336; x_wconf 91' lang='lat' dir='ltr'><strong>qui</strong></span> <span class='ocrx_word' id='word_1_658' title='bbox 3409 4264 3552 4320; x_wconf 90' lang='lat' dir='ltr'><strong>tales</strong></span> <span class='ocrx_word' id='word_1_659' title='bbox 3600 4264 3862 4322; x_wconf 85' lang='lat' dir='ltr'><strong>servulos</strong></span> 
     </span>
    </p>
   </div>
   <div class='ocr_carea' id='block_1_85' title="bbox 606 4442 3860 4522">
    <p class='ocr_par' dir='ltr' id='par_1_85' title="bbox 606 4442 3860 4522">
     <span class='ocr_line' id='line_1_85' title="bbox 606 4442 3860 4522; baseline 0.004 -26"><span class='ocrx_word' id='word_1_660' title='bbox 606 4454 633 4522; x_wconf 65' lang='lat' dir='ltr'><strong>fl</strong></span> <span class='ocrx_word' id='word_1_661' title='bbox 658 4444 786 4522; x_wconf 43' lang='lat' dir='ltr'><strong>nise.</strong></span> <span class='ocrx_word' id='word_1_662' title='bbox 809 4444 1159 4522; x_wconf 82' lang='lat' dir='ltr'><strong>aliquot,_quo</strong></span> <span class='ocrx_word' id='word_1_663' title='bbox 1179 4458 1429 4515; x_wconf 87' lang='lat' dir='ltr'><strong>aggerure</strong></span> <span class='ocrx_word' id='word_1_664' title='bbox 1446 4457 1465 4505; x_wconf 87' lang='lat'><strong><em>;</em></strong></span> <span class='ocrx_word' id='word_1_665' title='bbox 1485 4442 1714 4512; x_wconf 87' lang='lat' dir='ltr'><strong>quidam,</strong></span> <span class='ocrx_word' id='word_1_666' title='bbox 1730 4460 1919 4515; x_wconf 89' lang='lat' dir='ltr'><strong>augere</strong></span> <span class='ocrx_word' id='word_1_667' title='bbox 1944 4446 2131 4516; x_wconf 87' lang='lat' dir='ltr'><strong>possit.</strong></span> <span class='ocrx_word' id='word_1_668' title='bbox 2158 4457 2214 4519; x_wconf 82' lang='lat'><strong>1)</strong></span> <span class='ocrx_word' id='word_1_669' title='bbox 2239 4446 2402 4503; x_wconf 91' lang='lat' dir='ltr'><strong>vatim</strong></span> <span class='ocrx_word' id='word_1_670' title='bbox 2431 4448 2681 4522; x_wconf 83' lang='lat' dir='ltr'><strong>nonnulli</strong></span> <span class='ocrx_word' id='word_1_671' title='bbox 2707 4463 2903 4522; x_wconf 14' lang='lat' dir='ltr'><strong>secum,</strong></span> <span class='ocrx_word' id='word_1_672' title='bbox 2923 4449 3189 4514; x_wconf 82' lang='lat' dir='ltr'><strong>ferebant,</strong></span> <span class='ocrx_word' id='word_1_673' title='bbox 3206 4449 3472 4522; x_wconf 90' lang='lat' dir='ltr'><strong>etquibns</strong></span> <span class='ocrx_word' id='word_1_674' title='bbox 3486 4448 3860 4521; x_wconf 89' lang='lat' dir='ltr'><strong>depromptis,</strong></span> 
     </span>
    </p>
   </div>
   <div class='ocr_carea' id='block_1_86' title="bbox 606 4515 1744 4587">
    <p class='ocr_par' dir='ltr' id='par_1_86' title="bbox 606 4515 1744 4587">
     <span class='ocr_line' id='line_1_86' title="bbox 606 4515 1744 4587; baseline -0.004 -14"><span class='ocrx_word' id='word_1_675' title='bbox 606 4516 633 4556; x_wconf 70' lang='grc' dir='ltr'>δ</span> <span class='ocrx_word' id='word_1_676' title='bbox 665 4517 807 4573; x_wconf 85' lang='lat' dir='ltr'><strong>Edit.</strong></span> <span class='ocrx_word' id='word_1_677' title='bbox 830 4532 892 4571; x_wconf 91' lang='lat' dir='ltr'><strong>ac</strong></span> <span class='ocrx_word' id='word_1_678' title='bbox 910 4515 1066 4587; x_wconf 87' lang='lat' dir='ltr'><strong>pauci</strong></span> <span class='ocrx_word' id='word_1_679' title='bbox 1096 4530 1229 4570; x_wconf 90' lang='lat' dir='ltr'><strong>mss.</strong></span> <span class='ocrx_word' id='word_1_680' title='bbox 1263 4530 1452 4587; x_wconf 87' lang='lat' dir='ltr'><strong>merces</strong></span> <span class='ocrx_word' id='word_1_681' title='bbox 1481 4525 1744 4584; x_wconf 88' lang='lat' dir='ltr'><strong>congerat.</strong></span> 
     </span>
    </p>
   </div>
   <div class='ocr_carea' id='block_1_87' title="bbox 610 4586 2130 4658">
    <p class='ocr_par' dir='ltr' id='par_1_87' title="bbox 610 4586 2130 4658">
     <span class='ocr_line' id='line_1_87' title="bbox 610 4586 2130 4658; baseline -0.001 -14"><span class='ocrx_word' id='word_1_682' title='bbox 610 4600 633 4627; x_wconf 74' lang='grc' dir='ltr'>ε</span> <span class='ocrx_word' id='word_1_683' title='bbox 666 4589 765 4645; x_wconf 79' lang='lat' dir='ltr'><strong>Ms.</strong></span> <span class='ocrx_word' id='word_1_684' title='bbox 799 4586 978 4653; x_wconf 85' lang='lat' dir='ltr'><strong>unus,</strong></span> <span class='ocrx_word' id='word_1_685' title='bbox 1014 4588 1072 4642; x_wconf 87' lang='lat' dir='ltr'><strong>in</strong></span> <span class='ocrx_word' id='word_1_686' title='bbox 1104 4603 1157 4643; x_wconf 88' lang='lat' dir='ltr'><strong>se</strong></span> <span class='ocrx_word' id='word_1_687' title='bbox 1199 4586 1427 4641; x_wconf 80' lang='lat' dir='ltr'><strong>vindices</strong></span> <span class='ocrx_word' id='word_1_688' title='bbox 1458 4601 1605 4640; x_wconf 90' lang='lat' dir='ltr'><strong>amor</strong></span> <span class='ocrx_word' id='word_1_689' title='bbox 1650 4587 2013 4658; x_wconf 85' lang='lat' dir='ltr'><strong>negotiationis</strong></span> <span class='ocrx_word' id='word_1_690' title='bbox 2041 4604 2130 4643; x_wconf 81' lang='lat' dir='ltr'><strong>ea:-</strong></span> 
     </span>
    </p>
   </div>
   <div class='ocr_carea' id='block_1_88' title="bbox 534 4664 679 4719">
    <p class='ocr_par' dir='ltr' id='par_1_88' title="bbox 534 4664 679 4719">
     <span class='ocr_line' id='line_1_88' title="bbox 534 4664 679 4719; baseline -0.034 0"><span class='ocrx_word' id='word_1_691' title='bbox 534 4664 679 4719; x_wconf 84' lang='lat' dir='ltr'><strong>citet.</strong></span> 
     </span>
    </p>
   </div>
   <div class='ocr_carea' id='block_1_89' title="bbox 605 4729 2135 4802">
    <p class='ocr_par' dir='ltr' id='par_1_89' title="bbox 605 4729 2135 4802">
     <span class='ocr_line' id='line_1_89' title="bbox 605 4729 2135 4802; baseline -0.001 -14"><span class='ocrx_word' id='word_1_692' title='bbox 605 4730 633 4769; x_wconf 68' lang='lat' dir='ltr'><strong>d</strong></span> <span class='ocrx_word' id='word_1_693' title='bbox 682 4733 808 4788; x_wconf 84' lang='lat' dir='ltr'><strong>Mss.</strong></span> <span class='ocrx_word' id='word_1_694' title='bbox 844 4731 1113 4799; x_wconf 82' lang='lat' dir='ltr'><strong>nonnulli,</strong></span> <span class='ocrx_word' id='word_1_695' title='bbox 1152 4729 1488 4802; x_wconf 81' lang='lat' dir='ltr'><strong>naufragium</strong></span> <span class='ocrx_word' id='word_1_696' title='bbox 1516 4730 1717 4802; x_wconf 86' lang='lat' dir='ltr'><strong>patiens</strong></span> <span class='ocrx_word' id='word_1_697' title='bbox 1762 4746 1944 4798; x_wconf 88' lang='lat' dir='ltr'><strong>mare;</strong></span> <span class='ocrx_word' id='word_1_698' title='bbox 1995 4746 2135 4786; x_wconf 89' lang='lat' dir='ltr'><strong>unus</strong></span> 
     </span>
    </p>
   </div>
   <div class='ocr_carea' id='block_1_90' title="bbox 532 4803 997 4864">
    <p class='ocr_par' dir='ltr' id='par_1_90' title="bbox 532 4803 997 4864">
     <span class='ocr_line' id='line_1_90' title="bbox 532 4803 997 4864; baseline -0.004 -4"><span class='ocrx_word' id='word_1_699' title='bbox 532 4814 752 4864; x_wconf 86' lang='lat' dir='ltr'><strong>mortem</strong></span> <span class='ocrx_word' id='word_1_700' title='bbox 779 4803 997 4858; x_wconf 83' lang='lat' dir='ltr'><strong>incidat.</strong></span> 
     </span>
    </p>
   </div>
   <div class='ocr_carea' id='block_1_91' title="bbox 601 4870 2134 4944">
    <p class='ocr_par' dir='ltr' id='par_1_91' title="bbox 601 4870 2134 4944">
     <span class='ocr_line' id='line_1_91' title="bbox 601 4870 2134 4944; baseline -0.001 -13"><span class='ocrx_word' id='word_1_701' title='bbox 601 4884 624 4911; x_wconf 71' lang='grc' dir='ltr'><strong>ε</strong></span> <span class='ocrx_word' id='word_1_702' title='bbox 657 4875 885 4943; x_wconf 81' lang='lat' dir='ltr'><strong>Quidam</strong></span> <span class='ocrx_word' id='word_1_703' title='bbox 919 4889 1048 4930; x_wconf 89' lang='lat' dir='ltr'><strong>mss.</strong></span> <span class='ocrx_word' id='word_1_704' title='bbox 1080 4882 1135 4929; x_wconf 86' lang='lat' dir='ltr'><strong>et</strong></span> <span class='ocrx_word' id='word_1_705' title='bbox 1160 4870 1319 4939; x_wconf 89' lang='lat' dir='ltr'><strong>cdit.,</strong></span> <span class='ocrx_word' id='word_1_706' title='bbox 1343 4872 1612 4944; x_wconf 68' lang='lat' dir='ltr'><strong>dilapidet</strong></span> <span class='ocrx_word' id='word_1_707' title='bbox 1635 4873 1795 4928; x_wconf 65' lang='lat' dir='ltr'><strong>hostes</strong></span> <span class='ocrx_word' id='word_1_708' title='bbox 1818 4874 2134 4929; x_wconf 74' lang='lat' dir='ltr'><strong>luxuriosus.</strong></span> 
     </span>
    </p>
   </div>
   <div class='ocr_carea' id='block_1_92' title="bbox 610 4945 1968 5017">
    <p class='ocr_par' dir='ltr' id='par_1_92' title="bbox 610 4945 1968 5017">
     <span class='ocr_line' id='line_1_92' title="bbox 610 4945 1968 5017; baseline -0.004 -14"><span class='ocrx_word' id='word_1_709' title='bbox 610 4945 630 4985; x_wconf 69' lang='grc' dir='ltr'>ί</span> <span class='ocrx_word' id='word_1_710' title='bbox 661 4947 917 5003; x_wconf 81' lang='lat' dir='ltr'><strong>Nonnulli</strong></span> <span class='ocrx_word' id='word_1_711' title='bbox 948 4960 1104 5007; x_wconf 89' lang='lat' dir='ltr'><strong>mss.,</strong></span> <span class='ocrx_word' id='word_1_712' title='bbox 1136 4946 1341 5017; x_wconf 82' lang='lat' dir='ltr'><strong>partiue</strong></span> <span class='ocrx_word' id='word_1_713' title='bbox 1377 4946 1600 5015; x_wconf 88' lang='lat' dir='ltr'><strong>acquirit</strong></span> <span class='ocrx_word' id='word_1_714' title='bbox 1632 4946 1968 5000; x_wconf 75' lang='lat' dir='ltr'><strong>Itwrcditatis.</strong></span> 
     </span>
    </p>
   </div>
   <div class='ocr_carea' id='block_1_93' title="bbox 610 5017 2103 5088">
    <p class='ocr_par' dir='ltr' id='par_1_93' title="bbox 610 5017 2103 5088">
     <span class='ocr_line' id='line_1_93' title="bbox 610 5017 2103 5088; baseline -0.001 -14"><span class='ocrx_word' id='word_1_715' title='bbox 610 5028 634 5066; x_wconf 75' lang='grc' dir='ltr'><strong>Β</strong></span> <span class='ocrx_word' id='word_1_716' title='bbox 668 5021 830 5074; x_wconf 83' lang='lat' dir='ltr'><strong>Rom.</strong></span> <span class='ocrx_word' id='word_1_717' title='bbox 856 5019 983 5074; x_wconf 86' lang='lat' dir='ltr'><strong>edit.</strong></span> <span class='ocrx_word' id='word_1_718' title='bbox 1014 5017 1153 5081; x_wconf 84' lang='lat' dir='ltr'><strong>sola,</strong></span> <span class='ocrx_word' id='word_1_719' title='bbox 1180 5017 1319 5083; x_wconf 80' lang='lat' dir='ltr'><strong>Quid</strong></span> <span class='ocrx_word' id='word_1_720' title='bbox 1349 5032 1470 5088; x_wconf 89' lang='lat' dir='ltr'><strong>ergo</strong></span> <span class='ocrx_word' id='word_1_721' title='bbox 1504 5017 1658 5070; x_wconf 87' lang='lat' dir='ltr'><strong>telam</strong></span> <span class='ocrx_word' id='word_1_722' title='bbox 1689 5033 1897 5072; x_wconf 70' lang='lat' dir='ltr'><strong>aranea:</strong></span> <span class='ocrx_word' id='word_1_723' title='bbox 1925 5019 2103 5073; x_wconf 68' lang='lat' dir='ltr'><strong>lexis?</strong></span> 
     </span>
    </p>
   </div>
   <div class='ocr_carea' id='block_1_94' title="bbox 609 5088 2141 5158">
    <p class='ocr_par' dir='ltr' id='par_1_94' title="bbox 609 5088 2141 5158">
     <span class='ocr_line' id='line_1_94' title="bbox 609 5088 2141 5158; baseline -0.002 -11"><span class='ocrx_word' id='word_1_724' title='bbox 609 5089 636 5125; x_wconf 75' lang='grc'><strong>³⁸</strong></span> <span class='ocrx_word' id='word_1_725' title='bbox 658 5089 880 5158; x_wconf 67' lang='lat' dir='ltr'><strong>Confer,</strong></span> <span class='ocrx_word' id='word_1_726' title='bbox 910 5093 952 5143; x_wconf 81' lang='lat' dir='ltr'><strong>si</strong></span> <span class='ocrx_word' id='word_1_727' title='bbox 987 5090 1157 5152; x_wconf 84' lang='lat' dir='ltr'><strong>lubet,</strong></span> <span class='ocrx_word' id='word_1_728' title='bbox 1181 5103 1299 5156; x_wconf 68' lang='lat' dir='ltr'><strong>qua:</strong></span> <span class='ocrx_word' id='word_1_729' title='bbox 1336 5088 1425 5142; x_wconf 73' lang='lat' dir='ltr'><strong>hit:</strong></span> <span class='ocrx_word' id='word_1_730' title='bbox 1451 5088 1707 5144; x_wconf 89' lang='lat' dir='ltr'><strong>dicuntur</strong></span> <span class='ocrx_word' id='word_1_731' title='bbox 1737 5105 1862 5143; x_wconf 90' lang='lat' dir='ltr'><strong>cum</strong></span> <span class='ocrx_word' id='word_1_732' title='bbox 1913 5090 1979 5142; x_wconf 84' lang='lat' dir='ltr'><strong>iis</strong></span> <span class='ocrx_word' id='word_1_733' title='bbox 2017 5106 2141 5158; x_wconf 70' lang='lat' dir='ltr'><strong>qua:</strong></span> 
     </span>
    </p>
   </div>
   <div class='ocr_carea' id='block_1_95' title="bbox 538 5159 2135 5230">
    <p class='ocr_par' dir='ltr' id='par_1_95' title="bbox 538 5159 2135 5230">
     <span class='ocr_line' id='line_1_95' title="bbox 538 5159 2135 5230; baseline 0 -14"><span class='ocrx_word' id='word_1_734' title='bbox 538 5168 669 5217; x_wconf 92' lang='lat' dir='ltr'><strong>tom.</strong></span> <span class='ocrx_word' id='word_1_735' title='bbox 693 5162 839 5227; x_wconf 90' lang='lat' dir='ltr'><strong>l,lib.</strong></span> <span class='ocrx_word' id='word_1_736' title='bbox 872 5177 925 5217; x_wconf 85' lang='lat' dir='ltr'><strong>tv</strong></span> <span class='ocrx_word' id='word_1_737' title='bbox 948 5160 1304 5229; x_wconf 86' lang='lat' dir='ltr'><strong>delnterpell.</strong></span> <span class='ocrx_word' id='word_1_738' title='bbox 1330 5176 1479 5214; x_wconf 89' lang='lat' dir='ltr'><strong>num.</strong></span> <span class='ocrx_word' id='word_1_739' title='bbox 1505 5160 1666 5225; x_wconf 75' lang='lat' dir='ltr'><strong>2i,et</strong></span> <span class='ocrx_word' id='word_1_740' title='bbox 1685 5159 1891 5230; x_wconf 84' lang='lat' dir='ltr'><strong>Expos.</strong></span> <span class='ocrx_word' id='word_1_741' title='bbox 1919 5160 1973 5215; x_wconf 92' lang='lat' dir='ltr'><strong>in</strong></span> <span class='ocrx_word' id='word_1_742' title='bbox 1993 5161 2135 5217; x_wconf 84' lang='lat' dir='ltr'><strong>Psal.</strong></span> 
     </span>
    </p>
   </div>
   <div class='ocr_carea' id='block_1_96' title="bbox 541 5230 2141 5315">
    <p class='ocr_par' dir='ltr' id='par_1_96' title="bbox 541 5230 2141 5315">
     <span class='ocr_line' id='line_1_96' title="bbox 541 5230 2141 5315; baseline -0.004 -23"><span class='ocrx_word' id='word_1_743' title='bbox 541 5250 773 5315; x_wconf 63' lang='lat' dir='ltr'><strong>xxxvnt,</strong></span> <span class='ocrx_word' id='word_1_744' title='bbox 799 5250 948 5315; x_wconf 79' lang='lat' dir='ltr'><strong>num.</strong></span> <span class='ocrx_word' id='word_1_745' title='bbox 976 5232 1069 5315; x_wconf 59' lang='lat'><strong>2].</strong></span> <span class='ocrx_word' id='word_1_746' title='bbox 1096 5230 1205 5315; x_wconf 82' lang='lat' dir='ltr'><strong>Sed</strong></span> <span class='ocrx_word' id='word_1_747' title='bbox 1237 5242 1436 5315; x_wconf 67' lang='lat' dir='ltr'><strong>praeter</strong></span> <span class='ocrx_word' id='word_1_748' title='bbox 1464 5236 1563 5286; x_wconf 91' lang='lat' dir='ltr'><strong>hos</strong></span> <span class='ocrx_word' id='word_1_749' title='bbox 1583 5231 1720 5315; x_wconf 62' lang='lat' dir='ltr'><strong>duos</strong></span> <span class='ocrx_word' id='word_1_750' title='bbox 1738 5233 1888 5315; x_wconf 77' lang='lat' dir='ltr'><strong>locos</strong></span> <span class='ocrx_word' id='word_1_751' title='bbox 1914 5231 1977 5286; x_wconf 86' lang='lat' dir='ltr'><strong>ad</strong></span> <span class='ocrx_word' id='word_1_752' title='bbox 2008 5248 2141 5315; x_wconf 67' lang='lat' dir='ltr'><strong>quos</strong></span> 
     </span>
    </p>
   </div>
   <div class='ocr_carea' id='block_1_97' title="bbox 542 5302 2141 5377">
    <p class='ocr_par' dir='ltr' id='par_1_97' title="bbox 542 5302 2141 5377">
     <span class='ocr_line' id='line_1_97' title="bbox 542 5302 2141 5377; baseline 0.001 -19"><span class='ocrx_word' id='word_1_753' title='bbox 542 5305 632 5362; x_wconf 91' lang='lat' dir='ltr'><strong>hic</strong></span> <span class='ocrx_word' id='word_1_754' title='bbox 661 5305 966 5377; x_wconf 72' lang='lat' dir='ltr'><strong>respexisse</strong></span> <span class='ocrx_word' id='word_1_755' title='bbox 998 5302 1348 5360; x_wconf 83' lang='lat' dir='ltr'><strong>Ambrosium</strong></span> <span class='ocrx_word' id='word_1_756' title='bbox 1383 5304 1499 5377; x_wconf 77' lang='lat' dir='ltr'><strong>ipsa</strong></span> <span class='ocrx_word' id='word_1_757' title='bbox 1546 5315 1659 5377; x_wconf 47' lang='grc' dir='ltr'><strong>ηεξ-</strong></span> <span class='ocrx_word' id='word_1_758' title='bbox 1682 5302 1923 5370; x_wconf 85' lang='lat' dir='ltr'><strong>loquitur</strong></span> <span class='ocrx_word' id='word_1_759' title='bbox 1946 5344 1960 5363; x_wconf 87' lang='lat'><strong>.</strong></span> <span class='ocrx_word' id='word_1_760' title='bbox 2009 5304 2141 5361; x_wconf 88' lang='lat' dir='ltr'><strong>alibi</strong></span> 
     </span>
    </p>
   </div>
   <div class='ocr_carea' id='block_1_98' title="bbox 539 5371 2134 5450">
    <p class='ocr_par' dir='ltr' id='par_1_98' title="bbox 539 5371 2134 5450">
     <span class='ocr_line' id='line_1_98' title="bbox 539 5371 2134 5450; baseline -0.001 -17"><span class='ocrx_word' id='word_1_761' title='bbox 539 5371 768 5450; x_wconf 70' lang='lat' dir='ltr'><strong>quoque</strong></span> <span class='ocrx_word' id='word_1_762' title='bbox 804 5393 910 5433; x_wconf 92' lang='lat' dir='ltr'><strong>non</strong></span> <span class='ocrx_word' id='word_1_763' title='bbox 934 5378 1215 5450; x_wconf 6' lang='lat' dir='ltr'><strong>semelqut</strong></span> <span class='ocrx_word' id='word_1_764' title='bbox 1247 5386 1369 5450; x_wconf 59' lang='lat' dir='ltr'><strong>[una</strong></span> <span class='ocrx_word' id='word_1_765' title='bbox 1402 5374 1511 5450; x_wconf 51' lang='lat' dir='ltr'><strong>lib.</strong></span> <span class='ocrx_word' id='word_1_766' title='bbox 1535 5388 1585 5425; x_wconf 80' lang='lat' dir='ltr'><strong>v1</strong></span> <span class='ocrx_word' id='word_1_767' title='bbox 1616 5371 1877 5450; x_wconf 72' lang='lat' dir='ltr'><strong>llexaem.</strong></span> <span class='ocrx_word' id='word_1_768' title='bbox 1925 5389 2046 5443; x_wconf 89' lang='lat' dir='ltr'><strong>cap.</strong></span> <span class='ocrx_word' id='word_1_769' title='bbox 2078 5377 2134 5442; x_wconf 89' lang='lat'><strong>9,</strong></span> 
     </span>
    </p>
   </div>
   <div class='ocr_carea' id='block_1_99' title="bbox 539 5446 2133 5516">
    <p class='ocr_par' dir='ltr' id='par_1_99' title="bbox 539 5446 2133 5516">
     <span class='ocr_line' id='line_1_99' title="bbox 539 5446 2133 5516; baseline -0.003 -10"><span class='ocrx_word' id='word_1_770' title='bbox 539 5446 692 5506; x_wconf 62' lang='lat' dir='ltr'><strong>num.</strong></span> <span class='ocrx_word' id='word_1_771' title='bbox 725 5449 818 5515; x_wconf 82' lang='lat'><strong>57,</strong></span> <span class='ocrx_word' id='word_1_772' title='bbox 841 5460 895 5504; x_wconf 90' lang='lat' dir='ltr'><strong>et</strong></span> <span class='ocrx_word' id='word_1_773' title='bbox 924 5448 1102 5506; x_wconf 89' lang='lat' dir='ltr'><strong>Serm.</strong></span> <span class='ocrx_word' id='word_1_774' title='bbox 1136 5449 1222 5514; x_wconf 72' lang='lat'><strong>10,</strong></span> <span class='ocrx_word' id='word_1_775' title='bbox 1254 5446 1458 5516; x_wconf 80' lang='lat' dir='ltr'><strong>Expos.</strong></span> <span class='ocrx_word' id='word_1_776' title='bbox 1501 5447 1553 5500; x_wconf 92' lang='lat' dir='ltr'><strong>iu</strong></span> <span class='ocrx_word' id='word_1_777' title='bbox 1586 5446 1723 5513; x_wconf 89' lang='lat' dir='ltr'><strong>psal.</strong></span> <span class='ocrx_word' id='word_1_778' title='bbox 1756 5461 1947 5512; x_wconf 77' lang='lat' dir='ltr'><strong>cxvm,</strong></span> <span class='ocrx_word' id='word_1_779' title='bbox 1983 5464 2133 5502; x_wconf 93' lang='lat' dir='ltr'><strong>num.</strong></span> 
     </span>
    </p>
   </div>
   <div class='ocr_carea' id='block_1_100' title="bbox 535 5517 2138 5590">
    <p class='ocr_par' dir='ltr' id='par_1_100' title="bbox 535 5517 2138 5590">
     <span class='ocr_line' id='line_1_100' title="bbox 535 5517 2138 5590; baseline -0.004 -11"><span class='ocrx_word' id='word_1_780' title='bbox 535 5520 628 5590; x_wconf 77' lang='lat'><strong>25,</strong></span> <span class='ocrx_word' id='word_1_781' title='bbox 664 5522 911 5579; x_wconf 88' lang='lat' dir='ltr'><strong>meminit</strong></span> <span class='ocrx_word' id='word_1_782' title='bbox 937 5521 1230 5590; x_wconf 85' lang='lat' dir='ltr'><strong>imaginum</strong></span> <span class='ocrx_word' id='word_1_783' title='bbox 1266 5517 1761 5586; x_wconf 89' lang='lat' dir='ltr'><strong>imperatoriarnm.</strong></span> <span class='ocrx_word' id='word_1_784' title='bbox 1795 5519 1994 5590; x_wconf 66' lang='lat' dir='ltr'><strong>Neque</strong></span> <span class='ocrx_word' id='word_1_785' title='bbox 2036 5520 2138 5572; x_wconf 91' lang='lat' dir='ltr'><strong>mi-</strong></span> 
     </span>
    </p>
   </div>
   <div class='ocr_carea' id='block_1_101' title="bbox 538 5588 2137 5657">
    <p class='ocr_par' dir='ltr' id='par_1_101' title="bbox 538 5588 2137 5657">
     <span class='ocr_line' id='line_1_101' title="bbox 538 5588 2137 5657; baseline -0.003 -8"><span class='ocrx_word' id='word_1_786' title='bbox 538 5588 660 5649; x_wconf 87' lang='lat' dir='ltr'><strong>rum</strong></span> <span class='ocrx_word' id='word_1_787' title='bbox 691 5593 741 5648; x_wconf 93' lang='lat' dir='ltr'><strong>id</strong></span> <span class='ocrx_word' id='word_1_788' title='bbox 769 5592 1023 5657; x_wconf 78' lang='lat' dir='ltr'><strong>quidem;</strong></span> <span class='ocrx_word' id='word_1_789' title='bbox 1052 5588 1262 5648; x_wconf 76' lang='lat' dir='ltr'><strong>certum</strong></span> <span class='ocrx_word' id='word_1_790' title='bbox 1305 5591 1450 5644; x_wconf 89' lang='lat' dir='ltr'><strong>enim</strong></span> <span class='ocrx_word' id='word_1_791' title='bbox 1487 5599 1572 5643; x_wconf 90' lang='lat' dir='ltr'><strong>est</strong></span> <span class='ocrx_word' id='word_1_792' title='bbox 1605 5604 1716 5643; x_wconf 89' lang='lat' dir='ltr'><strong>non</strong></span> <span class='ocrx_word' id='word_1_793' title='bbox 1757 5588 1866 5642; x_wconf 89' lang='lat' dir='ltr'><strong>alio</strong></span> <span class='ocrx_word' id='word_1_794' title='bbox 1916 5589 2137 5647; x_wconf 90' lang='lat' dir='ltr'><strong>honoris</strong></span> 
     </span>
    </p>
   </div>
   <div class='ocr_carea' id='block_1_102' title="bbox 574 5658 2133 5736">
    <p class='ocr_par' dir='ltr' id='par_1_102' title="bbox 574 5658 2133 5736">
     <span class='ocr_line' id='line_1_102' title="bbox 574 5658 2133 5736; baseline 0 -19"><span class='ocrx_word' id='word_1_795' title='bbox 574 5680 738 5736; x_wconf 77' lang='lat' dir='ltr'><strong>euere</strong></span> <span class='ocrx_word' id='word_1_796' title='bbox 756 5663 1047 5736; x_wconf 10' lang='lat' dir='ltr'><strong>gitotnanos</strong></span> <span class='ocrx_word' id='word_1_797' title='bbox 1064 5660 1742 5736; x_wconf 14' lang='lat' dir='ltr'><strong>“principes,ambitiosius</strong></span> <span class='ocrx_word' id='word_1_798' title='bbox 1784 5658 1894 5735; x_wconf 83' lang='lat' dir='ltr'><strong>coli</strong></span> <span class='ocrx_word' id='word_1_799' title='bbox 1920 5660 2133 5736; x_wconf 84' lang='lat' dir='ltr'><strong>solitos.</strong></span> 
     </span>
    </p>
   </div>
   <div class='ocr_carea' id='block_1_103' title="bbox 586 5724 2138 5806">
    <p class='ocr_par' dir='ltr' id='par_1_103' title="bbox 586 5724 2138 5806">
     <span class='ocr_line' id='line_1_103' title="bbox 586 5724 2138 5806; baseline 0 -16"><span class='ocrx_word' id='word_1_800' title='bbox 586 5730 781 5806; x_wconf 83' lang='lat' dir='ltr'><strong>amque</strong></span> <span class='ocrx_word' id='word_1_801' title='bbox 812 5724 872 5790; x_wconf 76' lang='lat' dir='ltr'><strong>iit</strong></span> <span class='ocrx_word' id='word_1_802' title='bbox 900 5724 1215 5790; x_wconf 66' lang='lat' dir='ltr'><strong>omittamus</strong></span> <span class='ocrx_word' id='word_1_803' title='bbox 1268 5724 1639 5805; x_wconf 56' lang='lat' dir='ltr'><strong>imagunculae</strong></span> <span class='ocrx_word' id='word_1_804' title='bbox 1672 5726 1829 5801; x_wconf 86' lang='lat' dir='ltr'><strong>illas,</strong></span> <span class='ocrx_word' id='word_1_805' title='bbox 1863 5727 1997 5802; x_wconf 77' lang='lat' dir='ltr'><strong>quas</strong></span> <span class='ocrx_word' id='word_1_806' title='bbox 2029 5733 2138 5805; x_wconf 71' lang='lat' dir='ltr'><strong>pri~</strong></span> 
     </span>
    </p>
   </div>
   <div class='ocr_carea' id='block_1_104' title="bbox 2239 4520 3864 4589">
    <p class='ocr_par' dir='ltr' id='par_1_104' title="bbox 2239 4520 3864 4589">
     <span class='ocr_line' id='line_1_104' title="bbox 2239 4520 3864 4589; baseline 0.004 -14"><span class='ocrx_word' id='word_1_807' title='bbox 2239 4533 2338 4575; x_wconf 90' lang='lat' dir='ltr'><strong>eos</strong></span> <span class='ocrx_word' id='word_1_808' title='bbox 2367 4520 2459 4589; x_wconf 92' lang='lat' dir='ltr'><strong>qui</strong></span> <span class='ocrx_word' id='word_1_809' title='bbox 2490 4520 2593 4589; x_wconf 85' lang='lat' dir='ltr'><strong>sibi</strong></span> <span class='ocrx_word' id='word_1_810' title='bbox 2624 4521 2748 4574; x_wconf 90' lang='lat' dir='ltr'><strong>mali</strong></span> <span class='ocrx_word' id='word_1_811' title='bbox 2781 4521 3058 4589; x_wconf 88' lang='lat' dir='ltr'><strong>quidpiam</strong></span> <span class='ocrx_word' id='word_1_812' title='bbox 3110 4520 3488 4577; x_wconf 85' lang='lat' dir='ltr'><strong>minitarentur</strong></span> <span class='ocrx_word' id='word_1_813' title='bbox 3514 4564 3530 4588; x_wconf 92' lang='lat'><strong>,</strong></span> <span class='ocrx_word' id='word_1_814' title='bbox 3566 4520 3864 4581; x_wconf 60' lang='lat' dir='ltr'><strong>absterreé-</strong></span> 
     </span>
    </p>
   </div>
   <div class='ocr_carea' id='block_1_105' title="bbox 2238 4588 3866 4662">
    <p class='ocr_par' dir='ltr' id='par_1_105' title="bbox 2238 4588 3866 4662">
     <span class='ocr_line' id='line_1_105' title="bbox 2238 4588 3866 4662; baseline 0.004 -17"><span class='ocrx_word' id='word_1_815' title='bbox 2238 4588 2399 4655; x_wconf 75' lang='lat' dir='ltr'><strong>bant,</strong></span> <span class='ocrx_word' id='word_1_816' title='bbox 2422 4599 2480 4645; x_wconf 93' lang='lat' dir='ltr'><strong>ut</strong></span> <span class='ocrx_word' id='word_1_817' title='bbox 2501 4588 2668 4647; x_wconf 87' lang='lat' dir='ltr'><strong>Corn.</strong></span> <span class='ocrx_word' id='word_1_818' title='bbox 2711 4588 2930 4648; x_wconf 76' lang='lat' dir='ltr'><strong>&#39;l‘aCitus</strong></span> <span class='ocrx_word' id='word_1_819' title='bbox 2956 4592 3051 4649; x_wconf 89' lang='lat' dir='ltr'><strong>lib.</strong></span> <span class='ocrx_word' id='word_1_820' title='bbox 3081 4609 3139 4648; x_wconf 88' lang='grc' dir='ltr'><strong>ιιι</strong></span> <span class='ocrx_word' id='word_1_821' title='bbox 3163 4592 3362 4650; x_wconf 82' lang='lat' dir='ltr'><strong>Annal.</strong></span> <span class='ocrx_word' id='word_1_822' title='bbox 3395 4602 3585 4650; x_wconf 89' lang='lat' dir='ltr'><strong>auctor</strong></span> <span class='ocrx_word' id='word_1_823' title='bbox 3614 4608 3732 4662; x_wconf 89' lang='lat' dir='ltr'><strong>est;</strong></span> <span class='ocrx_word' id='word_1_824' title='bbox 3762 4596 3866 4651; x_wconf 80' lang='lat' dir='ltr'><strong>iis-</strong></span> 
     </span>
    </p>
   </div>
   <div class='ocr_carea' id='block_1_106' title="bbox 2240 4662 3865 4737">
    <p class='ocr_par' dir='ltr' id='par_1_106' title="bbox 2240 4662 3865 4737">
     <span class='ocr_line' id='line_1_106' title="bbox 2240 4662 3865 4737; baseline 0.004 -21"><span class='ocrx_word' id='word_1_825' title='bbox 2240 4663 2365 4737; x_wconf 83' lang='lat' dir='ltr'><strong>dem</strong></span> <span class='ocrx_word' id='word_1_826' title='bbox 2416 4662 2840 4737; x_wconf 81' lang='lat' dir='ltr'><strong>imperatoribus</strong></span> <span class='ocrx_word' id='word_1_827' title='bbox 2886 4665 3121 4737; x_wconf 81' lang='lat' dir='ltr'><strong>maxime</strong></span> <span class='ocrx_word' id='word_1_828' title='bbox 3153 4675 3439 4736; x_wconf 84' lang='lat' dir='ltr'><strong>postquam</strong></span> <span class='ocrx_word' id='word_1_829' title='bbox 3482 4681 3679 4722; x_wconf 89' lang='lat' dir='ltr'><strong>recens</strong></span> <span class='ocrx_word' id='word_1_830' title='bbox 3728 4683 3865 4737; x_wconf 85' lang='lat' dir='ltr'><strong>pro-</strong></span> 
     </span>
    </p>
   </div>
   <div class='ocr_carea' id='block_1_107' title="bbox 2240 4733 3860 4808">
    <p class='ocr_par' dir='ltr' id='par_1_107' title="bbox 2240 4733 3860 4808">
     <span class='ocr_line' id='line_1_107' title="bbox 2240 4733 3860 4808; baseline 0.004 -20"><span class='ocrx_word' id='word_1_831' title='bbox 2240 4734 2459 4808; x_wconf 71' lang='lat' dir='ltr'><strong>clamati</strong></span> <span class='ocrx_word' id='word_1_832' title='bbox 2507 4733 2760 4800; x_wconf 78' lang='lat' dir='ltr'><strong>fuerant,</strong></span> <span class='ocrx_word' id='word_1_833' title='bbox 2829 4746 2923 4790; x_wconf 88' lang='lat' dir='ltr'><strong>aut</strong></span> <span class='ocrx_word' id='word_1_834' title='bbox 2963 4733 3227 4807; x_wconf 75' lang='lat' dir='ltr'><strong>insignem</strong></span> <span class='ocrx_word' id='word_1_835' title='bbox 3275 4733 3513 4808; x_wconf 82' lang='lat' dir='ltr'><strong>aliquam</strong></span> <span class='ocrx_word' id='word_1_836' title='bbox 3564 4733 3860 4794; x_wconf 77' lang='lat' dir='ltr'><strong>victoriam</strong></span> 
     </span>
    </p>
   </div>
   <div class='ocr_carea' id='block_1_108' title="bbox 2243 4805 3869 4880">
    <p class='ocr_par' dir='ltr' id='par_1_108' title="bbox 2243 4805 3869 4880">
     <span class='ocr_line' id='line_1_108' title="bbox 2243 4805 3869 4880; baseline 0.004 -22"><span class='ocrx_word' id='word_1_837' title='bbox 2243 4805 2425 4880; x_wconf 75' lang='lat' dir='ltr'><strong>adepti</strong></span> <span class='ocrx_word' id='word_1_838' title='bbox 2451 4845 2467 4870; x_wconf 93' lang='lat'><strong>,</strong></span> <span class='ocrx_word' id='word_1_839' title='bbox 2512 4815 2720 4880; x_wconf 82' lang='lat' dir='ltr'><strong>statuas</strong></span> <span class='ocrx_word' id='word_1_840' title='bbox 2748 4823 2976 4880; x_wconf 77' lang='lat' dir='ltr'><strong>aureas,</strong></span> <span class='ocrx_word' id='word_1_841' title='bbox 3009 4805 3327 4877; x_wconf 81' lang='lat' dir='ltr'><strong>argenteas,</strong></span> <span class='ocrx_word' id='word_1_842' title='bbox 3358 4805 3451 4862; x_wconf 79' lang='lat' dir='ltr'><strong>aut</strong></span> <span class='ocrx_word' id='word_1_843' title='bbox 3480 4823 3549 4863; x_wconf 92' lang='lat' dir='ltr'><strong>ex</strong></span> <span class='ocrx_word' id='word_1_844' title='bbox 3584 4810 3688 4864; x_wconf 89' lang='lat' dir='ltr'><strong>alia</strong></span> <span class='ocrx_word' id='word_1_845' title='bbox 3731 4825 3869 4880; x_wconf 82' lang='lat' dir='ltr'><strong>pre-</strong></span> 
     </span>
    </p>
   </div>
   <div class='ocr_carea' id='block_1_109' title="bbox 2246 4875 3864 4940">
    <p class='ocr_par' dir='ltr' id='par_1_109' title="bbox 2246 4875 3864 4940">
     <span class='ocr_line' id='line_1_109' title="bbox 2246 4875 3864 4940; baseline 0.004 -10"><span class='ocrx_word' id='word_1_846' title='bbox 2246 4875 2385 4930; x_wconf 86' lang='lat' dir='ltr'><strong>tiosa</strong></span> <span class='ocrx_word' id='word_1_847' title='bbox 2417 4878 2669 4940; x_wconf 83' lang='lat' dir='ltr'><strong>materia,</strong></span> <span class='ocrx_word' id='word_1_848' title='bbox 2703 4895 2811 4932; x_wconf 91' lang='lat' dir='ltr'><strong>non</strong></span> <span class='ocrx_word' id='word_1_849' title='bbox 2842 4879 3005 4933; x_wconf 88' lang='lat' dir='ltr'><strong>modo</strong></span> <span class='ocrx_word' id='word_1_850' title='bbox 3030 4875 3093 4933; x_wconf 62' lang='grc' dir='ltr'><strong>ιιι</strong></span> <span class='ocrx_word' id='word_1_851' title='bbox 3122 4895 3313 4934; x_wconf 83' lang='lat' dir='ltr'><strong>earum</strong></span> <span class='ocrx_word' id='word_1_852' title='bbox 3358 4881 3572 4935; x_wconf 90' lang='lat' dir='ltr'><strong>urbium</strong></span> <span class='ocrx_word' id='word_1_853' title='bbox 3609 4881 3701 4936; x_wconf 91' lang='lat' dir='ltr'><strong>ubi</strong></span> <span class='ocrx_word' id='word_1_854' title='bbox 3732 4875 3864 4937; x_wconf 79' lang='lat' dir='ltr'><strong>erat</strong></span> 
     </span>
    </p>
   </div>
   <div class='ocr_carea' id='block_1_110' title="bbox 2244 4946 3867 5022">
    <p class='ocr_par' dir='ltr' id='par_1_110' title="bbox 2244 4946 3867 5022">
     <span class='ocr_line' id='line_1_110' title="bbox 2244 4946 3867 5022; baseline 0.004 -21"><span class='ocrx_word' id='word_1_855' title='bbox 2244 4946 2465 5022; x_wconf 83' lang='lat' dir='ltr'><strong>imperii</strong></span> <span class='ocrx_word' id='word_1_856' title='bbox 2486 4948 2670 5022; x_wconf 79' lang='lat' dir='ltr'><strong>sedes,</strong></span> <span class='ocrx_word' id='word_1_857' title='bbox 2705 4949 2932 5019; x_wconf 87' lang='lat' dir='ltr'><strong>privatis</strong></span> <span class='ocrx_word' id='word_1_858' title='bbox 2959 4965 3023 5005; x_wconf 89' lang='lat' dir='ltr'><strong>ac</strong></span> <span class='ocrx_word' id='word_1_859' title='bbox 3048 4951 3287 5020; x_wconf 84' lang='lat' dir='ltr'><strong>publicis</strong></span> <span class='ocrx_word' id='word_1_860' title='bbox 3329 4951 3539 5006; x_wconf 84' lang='lat' dir='ltr'><strong>aedibus</strong></span> <span class='ocrx_word' id='word_1_861' title='bbox 3570 4952 3729 5022; x_wconf 87' lang='lat' dir='ltr'><strong>erigi.</strong></span> <span class='ocrx_word' id='word_1_862' title='bbox 3762 4968 3867 5008; x_wconf 82' lang='lat' dir='ltr'><strong>ve-</strong></span> 
     </span>
    </p>
   </div>
   <div class='ocr_carea' id='block_1_111' title="bbox 2246 5020 3865 5089">
    <p class='ocr_par' dir='ltr' id='par_1_111' title="bbox 2246 5020 3865 5089">
     <span class='ocr_line' id='line_1_111' title="bbox 2246 5020 3865 5089; baseline 0.006 -17"><span class='ocrx_word' id='word_1_863' title='bbox 2246 5034 2364 5072; x_wconf 92' lang='lat' dir='ltr'><strong>rum</strong></span> <span class='ocrx_word' id='word_1_864' title='bbox 2398 5020 2561 5075; x_wconf 89' lang='lat' dir='ltr'><strong>etiam</strong></span> <span class='ocrx_word' id='word_1_865' title='bbox 2593 5021 2660 5073; x_wconf 90' lang='lat' dir='ltr'><strong>ad</strong></span> <span class='ocrx_word' id='word_1_866' title='bbox 2686 5022 3010 5076; x_wconf 90' lang='lat' dir='ltr'><strong>remotiores</strong></span> <span class='ocrx_word' id='word_1_867' title='bbox 3041 5023 3352 5089; x_wconf 84' lang='lat' dir='ltr'><strong>provincias</strong></span> <span class='ocrx_word' id='word_1_868' title='bbox 3382 5024 3521 5078; x_wconf 88' lang='lat' dir='ltr'><strong>mitti</strong></span> <span class='ocrx_word' id='word_1_869' title='bbox 3556 5020 3865 5081; x_wconf 83' lang='lat' dir='ltr'><strong>consuesse</strong></span> 
     </span>
    </p>
   </div>
   <div class='ocr_carea' id='block_1_112' title="bbox 2243 5092 3865 5159">
    <p class='ocr_par' dir='ltr' id='par_1_112' title="bbox 2243 5092 3865 5159">
     <span class='ocr_line' id='line_1_112' title="bbox 2243 5092 3865 5159; baseline 0.004 -15"><span class='ocrx_word' id='word_1_870' title='bbox 2243 5104 2317 5144; x_wconf 82' lang='lat' dir='ltr'><strong>ex</strong></span> <span class='ocrx_word' id='word_1_871' title='bbox 2350 5093 2533 5145; x_wconf 86' lang='lat' dir='ltr'><strong>multis</strong></span> <span class='ocrx_word' id='word_1_872' title='bbox 2560 5100 2804 5145; x_wconf 82' lang='lat' dir='ltr'><strong>veterum</strong></span> <span class='ocrx_word' id='word_1_873' title='bbox 2826 5092 3187 5147; x_wconf 87' lang='lat' dir='ltr'><strong>monumentis</strong></span> <span class='ocrx_word' id='word_1_874' title='bbox 3217 5095 3472 5159; x_wconf 77' lang='lat' dir='ltr'><strong>colligere</strong></span> <span class='ocrx_word' id='word_1_875' title='bbox 3501 5103 3605 5148; x_wconf 91' lang='lat' dir='ltr'><strong>est.</strong></span> <span class='ocrx_word' id='word_1_876' title='bbox 3640 5094 3865 5150; x_wconf 79' lang='lat' dir='ltr'><strong>Videsis</strong></span> 
     </span>
    </p>
   </div>
   <div class='ocr_carea' id='block_1_113' title="bbox 2245 5160 3863 5233">
    <p class='ocr_par' dir='ltr' id='par_1_113' title="bbox 2245 5160 3863 5233">
     <span class='ocr_line' id='line_1_113' title="bbox 2245 5160 3863 5233; baseline 0.004 -18"><span class='ocrx_word' id='word_1_877' title='bbox 2245 5160 2447 5216; x_wconf 86' lang='lat' dir='ltr'><strong>Zosimi</strong></span> <span class='ocrx_word' id='word_1_878' title='bbox 2482 5163 2619 5216; x_wconf 88' lang='lat' dir='ltr'><strong>Hist.</strong></span> <span class='ocrx_word' id='word_1_879' title='bbox 2645 5163 2740 5216; x_wconf 90' lang='lat' dir='ltr'><strong>lib.</strong></span> <span class='ocrx_word' id='word_1_880' title='bbox 2771 5179 2841 5228; x_wconf 88' lang='lat' dir='ltr'><strong>tv,</strong></span> <span class='ocrx_word' id='word_1_881' title='bbox 2873 5162 3082 5218; x_wconf 86' lang='lat' dir='ltr'><strong>Libauii</strong></span> <span class='ocrx_word' id='word_1_882' title='bbox 3107 5167 3272 5232; x_wconf 86' lang='lat' dir='ltr'><strong>epist.</strong></span> <span class='ocrx_word' id='word_1_883' title='bbox 3297 5163 3424 5230; x_wconf 74' lang='lat' dir='ltr'><strong>8M,</strong></span> <span class='ocrx_word' id='word_1_884' title='bbox 3453 5166 3521 5218; x_wconf 89' lang='lat' dir='ltr'><strong>ad</strong></span> <span class='ocrx_word' id='word_1_885' title='bbox 3554 5164 3768 5233; x_wconf 63' lang='lat' dir='ltr'><strong>Seven,</strong></span> <span class='ocrx_word' id='word_1_886' title='bbox 3802 5178 3863 5222; x_wconf 85' lang='lat' dir='ltr'><strong>ct</strong></span> 
     </span>
    </p>
   </div>
   <div class='ocr_carea' id='block_1_114' title="bbox 2245 5234 3718 5304">
    <p class='ocr_par' dir='ltr' id='par_1_114' title="bbox 2245 5234 3718 5304">
     <span class='ocr_line' id='line_1_114' title="bbox 2245 5234 3718 5304; baseline 0.005 -19"><span class='ocrx_word' id='word_1_887' title='bbox 2245 5248 2367 5304; x_wconf 65' lang='lat' dir='ltr'><strong>qua:</strong></span> <span class='ocrx_word' id='word_1_888' title='bbox 2399 5250 2499 5289; x_wconf 90' lang='lat' dir='ltr'><strong>nos</strong></span> <span class='ocrx_word' id='word_1_889' title='bbox 2520 5234 2786 5299; x_wconf 88' lang='lat' dir='ltr'><strong>superiori</strong></span> <span class='ocrx_word' id='word_1_890' title='bbox 2822 5243 2967 5288; x_wconf 84' lang='lat' dir='ltr'><strong>tumo</strong></span> <span class='ocrx_word' id='word_1_891' title='bbox 2993 5250 3114 5304; x_wconf 86' lang='lat' dir='ltr'><strong>pag.</strong></span> <span class='ocrx_word' id='word_1_892' title='bbox 3144 5237 3285 5292; x_wconf 79' lang='grc'><strong>1095</strong></span> <span class='ocrx_word' id='word_1_893' title='bbox 3312 5236 3718 5292; x_wconf 86' lang='lat' dir='ltr'><strong>annotavitnus.</strong></span> 
     </span>
    </p>
   </div>
   <div class='ocr_carea' id='block_1_115' title="bbox 2326 5302 3685 5380">
    <p class='ocr_par' dir='ltr' id='par_1_115' title="bbox 2326 5302 3685 5380">
     <span class='ocr_line' id='line_1_115' title="bbox 2326 5302 3685 5380; baseline 0.008 -29"><span class='ocrx_word' id='word_1_894' title='bbox 2326 5302 2339 5380; x_wconf 61' lang='grc' dir='ltr'>ξ</span> <span class='ocrx_word' id='word_1_895' title='bbox 2371 5304 2513 5380; x_wconf 63' lang='grc' dir='ltr'><strong>ροό.</strong></span> <span class='ocrx_word' id='word_1_896' title='bbox 2547 5304 2686 5380; x_wconf 70' lang='lat' dir='ltr'><strong>Big.,</strong></span> <span class='ocrx_word' id='word_1_897' title='bbox 2719 5314 2767 5358; x_wconf 90' lang='lat' dir='ltr'><strong>et</strong></span> <span class='ocrx_word' id='word_1_898' title='bbox 2801 5304 3038 5359; x_wconf 86' lang='lat' dir='ltr'><strong>attollere</strong></span> <span class='ocrx_word' id='word_1_899' title='bbox 3067 5302 3121 5361; x_wconf 80' lang='lat' dir='ltr'><strong>in</strong></span> <span class='ocrx_word' id='word_1_900' title='bbox 3156 5308 3433 5380; x_wconf 87' lang='lat' dir='ltr'><strong>imaginem</strong></span> <span class='ocrx_word' id='word_1_901' title='bbox 3465 5304 3685 5362; x_wconf 80' lang='lat' dir='ltr'><strong>Christi.</strong></span> 
     </span>
    </p>
   </div>
   <div class='ocr_carea' id='block_1_116' title="bbox 2320 5375 3856 5446">
    <p class='ocr_par' dir='ltr' id='par_1_116' title="bbox 2320 5375 3856 5446">
     <span class='ocr_line' id='line_1_116' title="bbox 2320 5375 3856 5446; baseline 0.008 -22"><span class='ocrx_word' id='word_1_902' title='bbox 2320 5377 2334 5424; x_wconf 77' lang='grc' dir='ltr'><strong>ι</strong></span> <span class='ocrx_word' id='word_1_903' title='bbox 2368 5375 2495 5431; x_wconf 81' lang='lat' dir='ltr'><strong>Mss.</strong></span> <span class='ocrx_word' id='word_1_904' title='bbox 2528 5375 2658 5440; x_wconf 89' lang='lat' dir='ltr'><strong>duo,</strong></span> <span class='ocrx_word' id='word_1_905' title='bbox 2692 5386 2899 5431; x_wconf 65' lang='lat' dir='ltr'><strong>(eterna:</strong></span> <span class='ocrx_word' id='word_1_906' title='bbox 2921 5375 3538 5446; x_wconf 61' lang='lat' dir='ltr'><strong>possessionis&#39;consortio</strong></span> <span class='ocrx_word' id='word_1_907' title='bbox 3562 5395 3584 5435; x_wconf 89' lang='lat'><strong><em>:</em></strong></span> <span class='ocrx_word' id='word_1_908' title='bbox 3611 5378 3711 5437; x_wconf 89' lang='lat' dir='ltr'><strong>sed</strong></span> <span class='ocrx_word' id='word_1_909' title='bbox 3740 5380 3856 5437; x_wconf 85' lang='lat' dir='ltr'><strong>mi-</strong></span> 
     </span>
    </p>
   </div>
   <div class='ocr_carea' id='block_1_117' title="bbox 2248 5446 2692 5502">
    <p class='ocr_par' dir='ltr' id='par_1_117' title="bbox 2248 5446 2692 5502">
     <span class='ocr_line' id='line_1_117' title="bbox 2248 5446 2692 5502; baseline -0.005 -1"><span class='ocrx_word' id='word_1_910' title='bbox 2248 5464 2353 5502; x_wconf 90' lang='lat' dir='ltr'><strong>nus</strong></span> <span class='ocrx_word' id='word_1_911' title='bbox 2380 5446 2692 5501; x_wconf 75' lang='lat' dir='ltr'><strong>commode.</strong></span> 
     </span>
    </p>
   </div>
   <div class='ocr_carea' id='block_1_118' title="bbox 2317 5516 3863 5594">
    <p class='ocr_par' dir='ltr' id='par_1_118' title="bbox 2317 5516 3863 5594">
     <span class='ocr_line' id='line_1_118' title="bbox 2317 5516 3863 5594; baseline 0.006 -22"><span class='ocrx_word' id='word_1_912' title='bbox 2317 5516 2519 5594; x_wconf 65' lang='lat' dir='ltr'><strong>Hisne</strong></span> <span class='ocrx_word' id='word_1_913' title='bbox 2562 5516 2810 5594; x_wconf 82' lang='lat' dir='ltr'><strong>eamdem</strong></span> <span class='ocrx_word' id='word_1_914' title='bbox 2852 5519 3358 5594; x_wconf 73' lang='lat' dir='ltr'><strong>interpretationem</strong></span> <span class='ocrx_word' id='word_1_915' title='bbox 3408 5521 3576 5577; x_wconf 88' lang='lat' dir='ltr'><strong>habes</strong></span> <span class='ocrx_word' id='word_1_916' title='bbox 3621 5532 3774 5579; x_wconf 91' lang='lat' dir='ltr'><strong>tomo</strong></span> <span class='ocrx_word' id='word_1_917' title='bbox 3815 5541 3863 5594; x_wconf 83' lang='grc' dir='ltr'>ι,</span> 
     </span>
    </p>
   </div>
   <div class='ocr_carea' id='block_1_119' title="bbox 2246 5589 3851 5669">
    <p class='ocr_par' dir='ltr' id='par_1_119' title="bbox 2246 5589 3851 5669">
     <span class='ocr_line' id='line_1_119' title="bbox 2246 5589 3851 5669; baseline 0.003 -23"><span class='ocrx_word' id='word_1_918' title='bbox 2246 5591 2353 5669; x_wconf 85' lang='lat' dir='ltr'><strong>col_.</strong></span> <span class='ocrx_word' id='word_1_919' title='bbox 2372 5589 2510 5669; x_wconf 53' lang='lat'><strong>210,</strong></span> <span class='ocrx_word' id='word_1_920' title='bbox 2541 5604 2691 5669; x_wconf 77' lang='lat' dir='ltr'><strong>num.</strong></span> <span class='ocrx_word' id='word_1_921' title='bbox 2724 5590 2807 5657; x_wconf 81' lang='grc' dir='ltr'>ιι,</span> <span class='ocrx_word' id='word_1_922' title='bbox 2838 5598 2893 5669; x_wconf 79' lang='lat' dir='ltr'><strong>et</strong></span> <span class='ocrx_word' id='word_1_923' title='bbox 2909 5590 3084 5669; x_wconf 81' lang='lat' dir='ltr'><strong>fusius</strong></span> <span class='ocrx_word' id='word_1_924' title='bbox 3108 5594 3231 5669; x_wconf 48' lang='lat' dir='ltr'><strong>col.</strong></span> <span class='ocrx_word' id='word_1_925' title='bbox 3256 5595 3418 5669; x_wconf 70' lang='lat' dir='ltr'><strong>ipso,</strong></span> <span class='ocrx_word' id='word_1_926' title='bbox 3445 5609 3601 5669; x_wconf 74' lang='lat' dir='ltr'><strong>num.</strong></span> <span class='ocrx_word' id='word_1_927' title='bbox 3635 5596 3693 5651; x_wconf 80' lang='grc'><strong>4.</strong></span> <span class='ocrx_word' id='word_1_928' title='bbox 3826 5589 3851 5663; x_wconf 67' lang='grc' dir='ltr'><strong>.ξ</strong></span> 
     </span>
    </p>
   </div>
   <div class='ocr_carea' id='block_1_120' title="bbox 2245 5660 3863 5803">
    <p class='ocr_par' dir='ltr' id='par_1_120' title="bbox 2245 5660 3863 5803">
     <span class='ocr_line' id='line_1_120' title="bbox 2245 5660 3863 5735; baseline 0.006 -20"><span class='ocrx_word' id='word_1_929' title='bbox 2245 5724 2251 5735; x_wconf 29' lang='grc' dir='ltr'><strong><em>λ</em></strong></span> <span class='ocrx_word' id='word_1_930' title='bbox 2322 5660 2339 5698; x_wconf 71' lang='lat'>1</span> <span class='ocrx_word' id='word_1_931' title='bbox 2370 5662 2497 5717; x_wconf 82' lang='lat' dir='ltr'><strong>Mss.</strong></span> <span class='ocrx_word' id='word_1_932' title='bbox 2528 5660 2757 5730; x_wconf 83' lang='lat' dir='ltr'><strong>aliquot,</strong></span> <span class='ocrx_word' id='word_1_933' title='bbox 2797 5662 2889 5719; x_wconf 86' lang='lat' dir='ltr'><strong>sed</strong></span> <span class='ocrx_word' id='word_1_934' title='bbox 2917 5662 3069 5719; x_wconf 84' lang='lat' dir='ltr'><strong>etiam</strong></span> <span class='ocrx_word' id='word_1_935' title='bbox 3098 5660 3411 5734; x_wconf 80' lang='lat' dir='ltr'><strong>inﬁdelium,&quot;</strong></span> <span class='ocrx_word' id='word_1_936' title='bbox 3437 5664 3495 5718; x_wconf 83' lang='lat' dir='ltr'><strong>id</strong></span> <span class='ocrx_word' id='word_1_937' title='bbox 3534 5676 3645 5733; x_wconf 84' lang='lat' dir='ltr'><strong>est,</strong></span> <span class='ocrx_word' id='word_1_938' title='bbox 3675 5660 3863 5724; x_wconf 60' lang='lat' dir='ltr'><strong>eorum</strong></span> 
     </span>
     <span class='ocr_line' id='line_1_121' title="bbox 2245 5730 2659 5803; baseline 0 -16"><span class='ocrx_word' id='word_1_939' title='bbox 2245 5730 2332 5801; x_wconf 76' lang='lat' dir='ltr'><strong>qui</strong></span> <span class='ocrx_word' id='word_1_940' title='bbox 2363 5732 2489 5803; x_wconf 73' lang='lat' dir='ltr'><strong>{oris</strong></span> <span class='ocrx_word' id='word_1_941' title='bbox 2519 5738 2659 5789; x_wconf 81' lang='lat' dir='ltr'><strong>sunt.</strong></span> 
     </span>
    </p>
   </div>
   <div class='ocr_carea' id='block_1_121' title="bbox 2244 5730 2659 5801">
    <p class='ocr_par' dir='ltr' id='par_1_121' title="bbox 2244 5730 2659 5801">
     <span class='ocr_line' id='line_1_122' title="bbox 2244 5730 2659 5801; baseline 0.002 -14"><span class='ocrx_word' id='word_1_942' title='bbox 2244 5730 2332 5801; x_wconf 70' lang='lat' dir='ltr'><strong>qui</strong></span> <span class='ocrx_word' id='word_1_943' title='bbox 2363 5732 2489 5801; x_wconf 74' lang='lat' dir='ltr'><strong>{oris</strong></span> <span class='ocrx_word' id='word_1_944' title='bbox 2519 5738 2659 5789; x_wconf 86' lang='lat' dir='ltr'><strong>sunt.</strong></span> 
     </span>
    </p>
   </div>
  </div>
