4030 6188
187 261 250 318 97
1203 256 1294 315 DE
1333 252 1627 316 OFFlCllS
1664 255 2143 317 MINISTRORUM
2181 257 2311 316 LIB.
2350 257 2392 314 l.
3366 264 3439 322 98

184 374 368 430 haheat.
396 370 531 427 Laus
556 370 702 427 enim
734 368 970 439 Domini,
999 370 1090 427 ubi
1116 372 1315 429 munda
1346 373 1640 444 possessio,
1675 380 1726 428 et
1755 375 1804 436 Α
1832 373 1962 429 dum
2010 372 2366 444 cognoscitis,
2419 370 2512 442 qui
2563 370 2764 444 integri
2816 382 3070 443 corpore,
3125 373 3443 448 incorrupto

187 466 415 520 innocens
439 462 655 518 familia:
688 462 995 534 disciplina.

241 559 353 614 247.
382 558 451 614 De
476 566 500 595 ³
525 556 847 613 castimonia
879 566 1058 613 autem
1096 558 1225 629 quid
1257 559 1467 632 loquar,
1517 559 1735 630 quando

187 666 279 707 una
316 658 501 706 tantum
544 648 707 721 (οἱα.
753 650 847 715 26,
902 650 1018 705 Una
1054 651 1299 724 tantum),
1346 668 1450 708 nec
1498 653 1736 724 repetita

187 744 474 815 permittitur
497 742 732 814 copula?
759 743 827 799 Et
858 743 913 799 in
945 745 1062 814 ipso
1085 760 1219 815 ergo
1247 746 1505 817 conjugio
1533 746 1621 802 lex
1652 753 1737 801 est

184 852 275 892 non
300 837 482 892 iterare
501 834 835 906 coniugium,
866 850 968 891 nec
996 837 1249 892 secundae
1275 832 1528 909 conjugis
1552 837 1735 894 sortiri

182 928 604 998 coniunctionem.
638 926 792 994 Quod
831 927 1106 998 plerisque
1133 930 1328 983 mirum
1359 929 1598 994 videtur,
1640 945 1738 986 cur

179 1023 314 1077 etiam
336 1032 452 1076 ante
478 1021 803 1091 baptismum
836 1020 1016 1075 iterati
1046 1020 1282 1092 conjugii
1312 1021 1381 1076 ad
1412 1022 1734 1077 electionem

176 1112 384 1170 muneris
403 1122 457 1169 et
481 1111 845 1168 ordinationis
877 1114 1300 1183 przerogativam
1346 1113 1739 1183 impedimenta

177 1217 501 1279 generentur;
533 1222 657 1263 cum
697 1208 862 1262 etiam
886 1205 1082 1261 delicta
1124 1206 1322 1262 obesse
1353 1222 1461 1261 non
1501 1206 1737 1275 soleant,

175 1306 212 1360 si
249 1303 425 1360 lavacri
455 1302 681 1358 remissa
711 1301 915 1358 fuerint
957 1312 1327 1357 sacramento.
1377 1301 1486 1357 Sed
1534 1301 1740 1358 intelli-

174 1412 283 1467 gere
320 1396 573 1452 debemus
602 1395 726 1466 quia
773 1394 1043 1465 baptismo
1089 1393 1248 1464 culpa
1294 1393 1495 1448 dimitti
1532 1403 1735 1465 potest,

178 1491 247 1547 lex
270 1490 455 1547 aboleri
497 1506 605 1544 non
639 1497 840 1560 potest.
873 1487 929 1542 ln
974 1488 1231 1558 eonjngio
1274 1501 1380 1541 non
1413 1485 1597 1557 culpa,
1643 1487 1742 1542 sed

176 1586 248 1642 lex
276 1594 369 1641 est.
399 1584 551 1653 Quod
581 1585 756 1654 culpae
786 1593 870 1639 est
890 1582 1055 1653 igitur
1079 1582 1132 1636 in
1164 1581 1495 1652 baptismate
1526 1580 1744 1637 relaxa-

178 1689 251 1736 tur
278 1698 290 1735 :
315 1680 448 1751 quod
481 1679 620 1749 legis
648 1686 735 1735 est
772 1677 826 1732 in
876 1675 1129 1746 conjugio
1158 1692 1264 1729 non
1302 1676 1556 1730 solvitur.
1589 1676 1739 1743 Quo-

1839 465 2069 535 pudore,
2097 465 2263 520 alieni
2295 465 2458 520 etiam
2488 465 2559 521 ab
2586 466 2704 536 ipso
2734 466 3014 521 consortio
3034 467 3322 540 conjugali,
3355 484 3443 524 sa-

1836 560 1917 615 cri
1949 558 2243 614 ministerii
2272 559 2505 630 gratiam
2535 559 2822 628 recepistis
2844 560 2869 614 ‘l
2888 557 3043 628 Quod
3066 576 3131 616 eo
3159 577 3266 616 non
3300 577 3443 632 prte-

1842 652 1986 719 terii,
2011 654 2135 723 quia
2167 653 2220 707 in
2250 651 2529 723 plerisque
2554 651 2916 708 abditioribus
2964 654 3098 709 locis
3127 668 3250 710 cum
3282 654 3446 712 mini-

1836 748 2059 804 sterium
2081 757 2358 818 gererent,
2381 747 2473 803 vel
2495 748 2659 802 etiam
2681 747 3068 812 sacerdotium,
3085 747 3227 804 ﬁlios
3254 764 3447 805 susce-

1838 852 2035 912 perunt
2070 860 2085 897 :
2115 851 2169 896 et
2190 841 2242 895 id
2268 850 2540 912 tamquam
2562 856 2662 896 usu
2685 840 2858 897 veteri
2880 840 3202 910 defendunt,
3226 843 3445 914 quando

1839 950 1936 1006 per
1961 936 2244 990 intervalla
2277 935 2490 991 dierum
2515 934 2846 991 sacriﬁcium
2874 935 3254 1003 deferebatur;
3287 946 3342 993 et
3364 945 3447 994 ta-

1840 1042 1967 1082 men
2017 1026 2424 1083 castilicabatur
2465 1027 2629 1082 etiam
2680 1028 2913 1097 populus
2961 1042 3059 1098 per
3090 1027 3310 1084 biduum
3353 1038 3450 1087 aut

1842 1120 2079 1174 triduum
2111 1161 2124 1186 ,
2174 1128 2232 1174 ut
2284 1120 2350 1173 ad
2398 1118 2727 1175 sacriﬁcium
2789 1134 2958 1190 purus
3010 1121 3299 1179 accederet
3328 1165 3343 1189 ,
3387 1132 3450 1180 ut

1842 1212 1895 1266 in
1927 1212 2103 1267 veteri
2149 1210 2506 1266 Testamento
2550 1210 2782 1280 legimus
2809 1210 3009 1283 (Exod.
3053 1229 3172 1279 xm,
3217 1213 3345 1286 10);
3393 1224 3451 1273 et

1843 1303 2101 1359 lavabant
2132 1304 2456 1359 vestimenta
2494 1317 2613 1357 sua.
2662 1302 2718 1359 Si
2767 1303 2821 1357 in
2855 1304 3025 1374 figura
3074 1312 3222 1360 tanta
3253 1307 3448 1363 obser-

1843 1395 2044 1462 vantia,
2078 1405 2280 1465 quanta
2307 1394 2417 1466 67
2448 1395 2502 1449 in
2544 1394 2815 1451 veritate?
2849 1395 3027 1461 Disce,
3079 1397 3339 1454 sacerdos
3368 1404 3456 1453 at~

1844 1503 1949 1560 que
1975 1486 2162 1553 levita,
2194 1487 2324 1559 quid
2364 1487 2436 1541 sit
2465 1487 2650 1543 lavare
2678 1486 3004 1543 vestimenta
3037 1501 3149 1556 tua,
3194 1501 3254 1546 ut
3284 1506 3450 1548 mun—

1846 1581 1974 1637 dum
2024 1597 2225 1651 corpus
2267 1581 2615 1637 celebrandis
2661 1581 2922 1638 exhibeas
2974 1584 3351 1640 sacramentis.
3393 1585 3450 1643 Si

1848 1676 2078 1746 populus
2116 1677 2237 1731 sine
2276 1675 2560 1731 ablutione
2586 1674 3037 1731 vestimentorum
3073 1690 3297 1732 suorum
3321 1692 3454 1748 pro-

175 1774 313 1829 modo
338 1784 508 1828 autem
536 1781 720 1843 potest
743 1771 995 1825 hortator
1038 1782 1163 1825 esse
1194 1768 1478 1824 viduitatis
1505 1769 1599 1839 qui
1625 1768 2137 1868 ipseBbibebatur
2192 1767 2455 1823 accedere
2506 1767 2574 1823 ad
2631 1766 2866 1823 hostiam
2922 1783 3099 1833 suam,
3157 1777 3214 1824 tu
3266 1770 3452 1830 illotus

179 1865 401 1938 conjugia
417 1862 884 1936 frequentaverit?

234 1960 348 2017 ω.
374 1958 708 2017 lnoﬁ‘ensum
737 1963 916 2010 autem
940 1951 1306 2010 exhibendum
1348 1960 1404 2008 et
1434 1952 1748 2008 immacula-

182 2061 273 2109 tum
298 2052 669 2119 ministerium,
693 2048 726 2089 ι)
753 2063 856 2105 nec
894 2046 1005 2103 ullo
1035 2045 1307 2117 coniugali
1339 2044 1489 2101 coitu
1529 2045 1746 2101 violan-

241 2226 262 2251 ε
288 2215 391 2271 Cic.
422 2212 572 2270 Olﬁc.
610 2211 713 2266 lib.
737 2225 782 2276 t,
814 2204 1080 2277 pag.j368,
1115 2204 1259 2277 lin.8
1285 2221 1299 2258 :
1329 2204 1563 2277 Maxime
1582 2217 1751 2261 autem

181 2287 275 2343 lure
290 2296 399 2342 retas
420 2304 449 2341 α
465 2275 916 2344 ιίὺὶάὶηἰὺηε,ἑιο“.
938 2275 1019 2334 0b
1044 2276 1206 2333 verba
1240 2285 1419 2331 autem
1434 2275 1753 2333 Ambrosia-

182 2376 237 2414 na
265 2359 711 2427 iladeburgenses
733 2350 889 2406 Ccnt.
919 2366 990 2427 iv,
1015 2347 1237 2427 cap._10
1261 2390 1276 2414 ,
1319 2348 1606 2427 Ductorem
1658 2364 1754 2403 no-

184 2442 329 2486 strum
350 2419 763 2492 insimulatum,
791 2421 935 2493 quod
962 2419 1477 2493 secundasnnptias
1507 2420 1755 2493 videatur

183 2504 428 2557 damnare.
487 2500 597 2556 Sed
661 2491 752 2551 illa
809 2491 889 2548 vel
940 2492 1012 2547 de
1051 2491 1383 2558 quibuslibet
1433 2491 1754 2548 ehristianis

185 2573 301 2628 dicta
325 2578 673 2641 putaverunt.
706 2576 768 2641 et_
786 2566 867 2641 sic
889 2562 1133 2641 auctoris
1162 2572 1396 2617 mentem
1441 2578 1548 2617 non
1578 2564 1757 2630 pervi-

186 2643 296 2699 dere
320 2637 338 2697 Ξ
364 2645 441 2700 vel
461 2643 528 2698 de
556 2640 700 2697 solis
720 2637 938 2693 clericis
966 2642 1314 2703 acceperunt,
1340 2644 1397 2688 ut
1421 2649 1480 2687 re
1508 2649 1638 2688 vera
1663 2649 1754 2689 ac-

184 2715 396 2786 cipienda
441 2723 586 2773 sunt,
627 2708 899 2786 atque_ita
933 2720 1040 2760 non
1073 2707 1123 2758 in
1168 2720 1333 2786 unum
1379 2704 1753 2786 Ambrosium,

185 2776 263 2842 sed
297 2792 346 2841 in
375 2785 683 2842 Ecclesium
708 2776 1038 2835 ‘universam
1084 2776 1280 2831 recidit
1310 2790 1374 2831 ea
1421 2778 1755 2832 criminatio.

185 2858 432 2929 Siquidem
458 2855 718 2925 digamia:
745 2850 1193 2929 impedimentum
1224 2846 1290 2929 ad
1321 2863 1507 2929 sacros
1528 2848 1757 2929 ordines

183 2918 584 2998 antiquissimum
623 2935 710 2979 est
741 2918 1003 2998 omnium,
1046 2919 1314 2998 utpote_in
1351 2918 1757 2998 ipsis‘Apostoli

184 3001 239 3054 ad
277 2989 612 3056 Timotheum
661 3010 727 3049 ac
774 2994 952 3049 Titum
994 2990 1285 3061 praeceptis
1326 2989 1647 3061 stabilitnm.
1691 2994 1761 3044 At

182 3073 303 3129 enim
327 3073 513 3127 mirum
544 3068 815 3141 profecto
837 3060 1253 3141 videaturillnd
1288 3062 1357 3115 ita
1388 3060 1615 3141 intelligi
1650 3076 1759 3141 non

185 3151 364 3199 tantum
392 3145 459 3198 ab
484 3132 869 3201 he'terodoxis,
894 3135 990 3190 sed
1023 3132 1344 3204 quibusdam
1377 3134 1540 3187 etiam
1573 3134 1761 3187 catho-

185 3214 303 3283 licis,
332 3215 476 3285 quasi
508 3211 654 3268 nihil
682 3208 829 3285 aliud
870 3205 1040 3262 sacris
1084 3205 1346 3259 ministris
1380 3204 1758 3285 interdicittur,

186 3287 270 3341 nisi
289 3275 646 3357 plurimarum
673 3279 868 3336 eodem
897 3285 1398 3357 tempore-uirorum
1418 3290 1574 3357 usus.
1596 3275 1760 3357 Quasi

184 3347 305 3412 vero'
334 3360 383 3412 in
428 3352 684 3411 Ecclesia
722 3364 976 3419 umquam
1019 3347 1113 3419 vel
1143 3348 1277 3416 ipsis
1309 3347 1760 3419 laicispertnissa

187 3428 323 3485 luerit
350 3425 667 3498 huiusmodi
700 3417 1053 3498 polxgamia?
1085 3417 1191 3498 Sed
1220 3433 1326 3473 non
1358 3425 1446 3498 est
1469 3417 1764 3498 immoran—

187 3500 291 3555 dum
321 3502 370 3556 in
413 3488 477 3555 co
508 3488 717 3556 errore
749 3488 1052 3555 refutando,
1103 3491 1191 3560 qui
1223 3497 1329 3544 tota
1358 3488 1762 3543 Ecclesiasticm

191 3572 466 3626 traditionis
508 3570 663 3625 serie
703 3563 1056 3619 invictissime
1088 3560 1423 3630 proﬂigator.
1457 3561 1550 3614 Est
1581 3571 1760 3614 autem

187 3642 309 3697 aliud
338 3643 473 3713 quod
505 3642 769 3707 doctores
799 3636 1050 3713 antiquos
1085 3635 1159 3713 iu_
1187 3634 1475 3713 opiniones
1516 3633 1762 3687 diversas

188 3702 365 3777 scidit;
395 3704 691 3768 nimirutn'
720 3716 899 3761 utrum
933 3702 1039 3775 ’qni
1093 3705 1252 3758 aliam
1304 3702 1589 3777 coniugem
1634 3713 1764 3777 ante

190 3773 507 3853 baptismum,
548 3783 723 3837 aliam
748 3773 1203 3853 jaanaptizatus
1246 3773 1567 3853 accepisset,
1616 3774 1766 3853 diga-

188 3845 292 3911 ntia:
315 3860 423 3926 lege
448 3845 763 3911 teneretur.
790 3845 1152 3926 Afﬁrmatliic
1175 3856 1231 3926 et
1252 3846 1411 3926 epist.
1439 3846 1504 3899 ad
1531 3845 1762 3926 vercell.

192 3916 476 3983 Ambrosius
493 3942 509 3993 ;
524 3926 897 3994 Hieronymus
911 3918 1185 3994 ver_o‘lib.t
1208 3917 1260 3971 in
1274 3916 1450 3994 Jovin_.
1463 3964 1475 3981 ,
1490 3917 1657 3994 _epist.
1673 3916 1765 3981 83,

191 3996 248 4052 ad
274 3986 507 4063 Ocean,
522 4006 582 4054 et
610 3995 671 4049 in
702 3986 824 4063 cap.
852 3994 877 4047 l
907 3990 971 4063 ad
1001 3989 1181 4063 Titum
1211 3999 1390 4059 negat.
1417 3986 1655 4063 Primum
1685 4002 1770 4063 se-

190 4071 282 4125 cuti
293 4082 409 4125 sunt
424 4058 716 4125 ﬁdelissim
726 4058 788 4119 us
799 4064 918 4131 ejus
932 4061 1226 4131 discipulus
1240 4058 1569 4131 Atigustinus
1587 4058 1686 4131 _Iib.
1703 4058 1770 4131 de

192 4138 324 4196 Bono
356 4142 574 4210 conjug.
622 4151 744 4206 cap.
765 4127 868 4210 l8",
899 4149 1044 4189 num.
1067 4127 1133 4186 Ἦ
1159 4127 1482 4210 ;_lnno_c_.__l,
1514 4127 1770 4210 epist.__ad

192 4210 401 4279 Πηρὼ,
427 4201 549 4282 quae
585 4210 656 4282 in_
674 4201 864 4282 codice
890 4202 1438 4282 cat-_ortuniQuenellii
1466 4216 1594 4256 cura
1627 4201 1772 4255 edito

191 4273 481 4351 exhibetur;
530 4290 597 4339 et
634 4280 748 4334 Leo
776 4277 937 4351 etiam
980 4276 1034 4351 l_,
1084 4275 1293 4351 duabus
1337 4273 1500 4351 epist.
1546 4288 1771 4351 quarum

192 4354 342 4428 altera
366 4344 541 4428 estad
579 4353 770 4428 Anast.
799 4346 1051 4428 Tltessal.
1079 4346 1275 4428 episc.,
1303 4344 1475 4428 altera
1498 4345 1564 4397 ad
1600 4345 1770 4413 episc.

190 4422 450 4498 lletropol.
502 4440 610 4498 per
657 4422 835 4498 ιιιπη
856 4419 989 4498 Quae
1032 4417 1267 4498 quidem.
1303 4418 1493 4498 horum
1536 4430 1777 4498 summo:

194 4440 450 4498 Itetropot.
502 4440 610 4552 per
659 4440 803 4493 Illyr.
856 4440 989 4488 qua:
1035 4440 1253 4488 qutttettt
1303 4440 1493 4471 nurum
1536 4440 1776 4498 stultum:

194 4512 315 4569 rum,
349 4500 495 4569 ponti
520 4511 673 4569 tcum
732 4490 978 4547 deﬁnitio
1007 4491 1084 4569 _in
1141 4487 1402 4569 Ecclesia.
1446 4488 1776 4569 occidentali

197 4567 319 4636 apud
340 4556 530 4625 curares
557 4566 633 4639 (si
656 4578 821 4620 unum
846 4561 1202 4639 autalterum
1227 4556 1500 4639 excipias).
1520 4559 1777 4639 deinceps

196 4629 428 4696 obtinuit.
457 4629 608 4697 Sutit
649 4648 831 4691 antem
865 4633 963 4686 viri
997 4631 1195 4688 eruditi
1234 4631 1323 4700 qui
1362 4629 1501 4697 apud
1533 4632 1773 4686 orienta-

198 4708 286 4767 lem
317 4709 636 4783 [iicronymi
662 4705 1251 4783 valuisse__sente_ntiam
1282 4710 1586 4783 autument,
1628 4700 1779 4782 ducti

199 4772 542 4863 potissimum.
570 4775 1019 4863 annotationibus
1060 4774 1289 4857 Zonaras:
1335 4789 1399 4829 ac
1438 4772 1779 4863 Dalsat'nonis

197 4844 245 4909 in
262 4870 377 4911 can.
402 4856 469 4911 l7
508 4850 909 4923 apostolorum,
946 4863 1107 4923 quem
1141 4847 1320 4914 ipsum
1359 4844 1779 4923 aperte_l_liero-

196 4939 343 4997 nyrae
370 4922 561 4982 favere
599 4922 931 4997 existimant.
975 4922 1368 4997 Verumtamen
1392 4922 1533 4997 idem
1566 4922 1662 4997 ille.
1684 4929 1768 4997 ea:

197 4987 293 5054 loti
316 4998 526 5053 nullam
560 4992 798 5063 coniugii
829 5001 959 5063 ante
1004 4987 1621 5063 susceptum‘baptisma
1652 4987 1772 5040 initi

194 5062 310 5124 facit
335 5059 694 5125 mentionem.
726 5059 795 5118 Et
821 5071 878 5117 nt
903 5062 1096 5117 demus
1121 5059 1435 5115 eorumdem
1467 5068 1769 5123 auctorum,

196 5138 450 5209 quietiam
473 5152 586 5195 non
615 5135 685 5192 de
713 5134 987 5205 conjugio,
1011 5132 1105 5209 sed
1138 5133 1204 5209 de
1225 5130 1465 5209 peccatis
1487 5145 1777 5199 regenera-

198 5202 345 5267 tionis
382 5217 793 5282 sacramentum
818 5202 1280 5260 antecedentibus
1311 5202 1775 5282 loquttntur,_eam

196 5280 462 5353 Wipsis
505 5279 789 5353 tribuitur,
836 5285 1071 5353 mentem
1120 5272 1643 5353 esse;_tam_en_quid
1674 5272 1777 5341 ipsi

199 5343 446 5421 ientia'nt,
498 5367 610 5409 non
636 5343 782 5421 quid,
818 5345 1343 5421 universaorientis
1378 5343 1641 5405 Ecclesia,
1684 5356 1779 5397 eos

199 5426 373 5483 hilari
409 5416 831 5483 contendémns.
856 5418 989 5487 Quis
1017 5418 1159 5472 enim
1201 5416 1384 5487 credat
1422 5423 1779 5487 memoratum

200 5492 480 5554 Ductorem
515 5494 562 5551 si
596 5498 674 5549 tot
720 5484 1075 5547 auxiliaribus
1116 5488 1303 5557 coniis;
1333 5485 1527 5541 fuisset
1568 5484 1784 5539 succin-

199 5572 329 5637 an,
360 5568 507 5627 adeo
536 5564 725 5622 timide
753 5565 809 5619 in
857 5562 1041 5633 priore
1070 5559 1330 5637 adversus
1354 5557 1609 5637 Ruﬁnum
1640 5558 1785 5625 Apo-

200 5629 778 5712 ιοιὶἱηςρόηξυψιῐι,
807 5629 881 5689 ut'
907 5648 1031 5712 eum
1077 5631 1141 5712 ad
1185 5635 1457 5687 Uceautnn
1498 5629 1785 5683 adversam

204 5702 519 5767 sonu-tiam
544 5707 882 5765 Cainitarum
916 5702 1113 5758 haeresi
1148 5712 1353 5757 tantum
1392 5716 1500 5755 non
1531 5713 1788 5754 accense-

204 5786 301 5853 ηι,
323 5781 379 5843 in
413 5782 657 5854 allegato
699 5791 871 5848 opere
903 5776 1114 5830 animos
1141 5772 1430 5830 demittens
1461 5773 1533 5826 ita
1582 5769 1784 5827 scribe-

975 4904 1357 4973 Verunitamen
1391 4904 1533 4970 idem
1566 4915 1655 4970 ille
1684 4929 1775 4970 ca—
1801 4904 1854 4965 D

1851 1873 2035 1920 mente
2067 1864 2275 1934 pariter
2295 1872 2352 1919 et
2376 1877 2607 1934 corpore
2634 1861 2803 1918 audes
2836 1877 2935 1933 pro
2971 1863 3092 1920 aliis
3120 1865 3453 1937 supplicare,

1858 1967 1881 1995 θ
1906 1957 2075 2013 audes
2102 1956 2225 2011 aliis
2251 1955 2596 2012 ministrare?

1921 2051 2049 2106 249.
2077 2050 2195 2106 Non
2224 2049 2499 2107 mediocre
2540 2047 2780 2105 officium
2811 2048 3124 2119 levitarum,
3156 2051 3226 2109 de
3253 2052 3450 2125 quibus

1857 2220 1943 2265 rct
1976 2227 1988 2262 :
2016 2208 2125 2282 sed
2160 2208 2462 2278 interrogati
2507 2225 2539 2263 a
2558 2208 2809 2282 fratribus
2839 2209 2964 2276 quid
3002 2212 3147 2264 nobis
3173 2212 3457 2282 uideretur,

1856 2279 2245 2352 respondimus,
2277 2282 2413 2334 nulli
2444 2280 2845 2353 prwjudicantes
2867 2282 3011 2353 sequi
3035 2284 3173 2350 quod
3198 2284 3338 2353 velit,
3368 2279 3462 2341 nec

1856 2351 2068 2407 alterius
2092 2355 2354 2406 decretum
2381 2360 2561 2405 nostra
2592 2351 2845 2427 sententia
2879 2351 3243 2427 subvertentes.
3269 2351 3459 2427 Neque

1861 2439 1988 2479 vero
2015 2438 2137 2477 cum
2187 2437 2403 2494 omnem
2441 2420 2701 2475 mundum
2732 2423 2969 2494 plenum
2997 2437 3118 2478 esse
3148 2420 3463 2494 hujusmodi

1858 2493 2299 2550 ordinationibus
2344 2496 2495 2564 prius
2535 2501 2928 2564 asseverasset,
2959 2493 3047 2548 hic
3077 2493 3240 2550 verba
3270 2512 3370 2552 sua
3392 2499 3463 2555 ad

1858 2565 2175 2640 sacerdotes
2220 2563 2511 2640 nonnullos
2549 2563 2926 2640 restringeret.
2958 2564 3103 2640 Nihil
3143 2576 3325 2640 autem
3354 2570 3466 2640 agit

1861 2636 2189 2692 Franciscus
2238 2653 2266 2689 a
2319 2636 2591 2698 Messana,
2652 2638 2779 2690 dum
2827 2635 2932 2691 hoc
2980 2637 3252 2692 Ambrosii
3285 2635 3465 2698 atque

1863 2709 2176 2780 Hieronymi
2218 2707 2504 2780 dissidium
2557 2706 2948 2780 metaphysicis
2991 2708 3311 2778 quibusdam
3353 2706 3468 2766 dis-

1864 2779 2214 2852 tinctionibus
2251 2779 2451 2852 nititur
2489 2779 2821 2852 conciliare;
2878 2795 2984 2833 non
3022 2781 3178 2852 enim
3235 2780 3467 2852 argutiis

1862 2859 1971 2905 tam
2004 2850 2292 2905 manifesta
2343 2850 2550 2904 tollitur
2591 2848 2979 2915 discrepantia.
3010 2848 3283 2906 Caeterum
3302 2848 3464 2909 'baud

1863 2923 2020 2995 facile
2066 2922 2231 2975 alium
2266 2923 2337 2995 ‘in
2370 2920 2624 2995 Patribus
2662 2918 2955 2995 Ambrosio
2984 2922 3337 2995 vetustiorem
3371 2925 3467 2995 qui

1861 2993 1930 3049 de
1958 2994 2058 3048 hac
2080 2991 2315 3060 digamia
2345 2990 2652 3063 scripserit,
2684 2992 3017 3064 invenimus.
3048 2992 3180 3047 Nam
3210 3009 3317 3063 quo
3340 2990 3468 3064 jure

1863 3065 1930 3120 ad
1976 3065 2369 3120 Tertullianum
2414 3064 2760 3119 revocaverit
2801 3063 3109 3137 Spencazus
3143 3064 3280 3120 hanc
3317 3063 3467 3137 quae—

1864 3138 2119 3195 stionem.
2148 3151 2253 3190 non
2270 3137 2403 3208 satis
2428 3142 2661 3208 constat,
2685 3149 2807 3188 cum
2829 3135 3151 3208 econtrario
3170 3135 3464 3208 digamiam

1864 3223 1929 3262 ex
1958 3210 2154 3262 marito
2182 3216 2309 3261 ante
2339 3206 2667 3277 baptismum
2706 3216 3042 3261 contractam
3071 3206 3248 3264 viduis
3270 3211 3467 3266 obesse

1867 3279 2102 3334 noluerit
2130 3278 2272 3333 idem
2306 3276 2580 3349 ille’Pnter
2612 3276 2733 3332 Lib.
2760 3278 2827 3332 de
2848 3277 3187 3348 Monogamia
3215 3293 3335 3349 cap.
3370 3281 3461 3338 ll.

1937 3350 1965 3388 ιι
1988 3350 2382 3405 Ambrosianus
2414 3350 2499 3403 hic
2527 3348 2680 3404 locus
2716 3362 2816 3418 pro
2856 3349 3099 3404 clericali
3130 3348 3467 3409 continentia

1868 3431 1976 3476 tam
2011 3422 2190 3476 clarus
2220 3428 2271 3474 ta
2283 3435 2443 3491 mque
2469 3428 2693 3489 apertus
2714 3428 2905 3491 est,nt
2931 3418 3345 3478 Centuriatores
3374 3424 3471 3479 iis-

1866 3494 1990 3549 dem
2019 3492 2176 3547 Cent.
2207 3502 2262 3545 et
2288 3507 2409 3562 cap.
2452 3505 2615 3560 supra
2643 3491 2737 3547 cit.
2774 3490 2840 3545 ad
2868 3492 3056 3547 solitas
3097 3502 3245 3548 artes
3275 3494 3468 3550 confu-

1869 3580 1996 3635 gere
2033 3563 2206 3618 coacd
2239 3563 2460 3622 fuerint.
2493 3563 2547 3617 id
2586 3571 2688 3635 est,
2722 3572 2998 3635 auctorem
3043 3562 3219 3634 ipsum
3263 3563 3318 3618 in
3345 3564 3471 3621 falsi

1866 3631 2135 3706 dogmatis
2161 3635 2368 3689 crimen
2398 3649 2612 3689 vocare.
2640 3632 2803 3703 Atqui
2835 3631 2937 3706 hoc
2965 3631 3086 3688 loco
3115 3649 3222 3687 non
3256 3635 3471 3706 legisla-

1870 3703 2038 3763 tor'em
2089 3706 2199 3775 agit
2227 3716 2447 3761 sanctus
2490 3706 2713 3770 l‘rmsul,
2767 3705 2858 3774 qui
2900 3720 3097 3759 novmn
3141 3703 3470 3763 clericorum

1868 3778 2170 3835 cervicibus
2192 3776 2381 3846 iugum
2415 3778 2657 3845 imponat
2688 3792 2700 3828 :
2732 3775 2829 3830 sed
2861 3783 3094 3842 recepta:
3121 3783 3279 3846 atque
3306 3776 3471 3832 inoli-

1871 3860 1940 3906 tte
1993 3845 2373 3903 consuetudini
2429 3847 2634 3914 praebet
2677 3846 3074 3901 testimonium.
3127 3845 3282 3900 Enim
3336 3861 3471 3905 vero

1870 3936 2032 3992 quam
2064 3918 2387 3992 universalis
2420 3917 2521 3992 _illa
2547 3916 2709 3992 fuerit
2729 3931 3019 3992 quamque
3044 3915 3203 3992 _lirma
3236 3918 3327 3992 vel
3366 3919 3470 3977 hoc

1873 3985 2005 4048 satis
2036 3989 2258 4054 indicat,
2292 3986 2434 4057 quod
2467 4002 2572 4041 non
2596 3986 2698 4060 nisi
2727 3986 2779 4060 in
2808 3985 3150 4060 abditioribus
3177 3989 3328 4053 locis,
3360 4007 3470 4060 quo

1874 4064 2053 4119 solent
2095 4062 2226 4115 vitia
2271 4073 2516 4132 quaerere
2557 4057 2881 4127 perfugium,
2934 4057 3328 4132 invenirentur,
3375 4057 3471 4132 qui

1876 4134 2177 4190 institutum
2225 4130 2352 4186 illud
2384 4130 2589 4202 violare
2629 4130 3239 4202 attentarent.Acccdit
3278 4130 3474 4202 praete-

1876 4222 1968 4263 rea
2005 4205 2147 4275 quod
2181 4202 2269 4258 iSIi
2300 4217 2407 4258 non
2452 4201 2615 4275 ullam
2662 4202 2785 4256 novi
2816 4200 3035 4258 foederis
3063 4200 3470 4273 auctoritatem,

1878 4294 1986 4332 non
2025 4272 2353 4347 cujusquam
2397 4272 2953 4347 conciliigcanonem,
2996 4289 3102 4330 non
3151 4290 3306 4331 nsum
3337 4272 3474 4347 qua-

1879 4345 2126 4403 rumdam
2200 4347 2563 4402 Ecclesiarum
2631 4345 2685 4399 in
2744 4346 3114 4401 defensionem
3171 4345 3478 4405 aﬂ‘erebant

1881 4436 2032 4476 suam
2069 4441 2081 4476 :
2114 4418 2210 4473 sed
2242 4427 2449 4473 tantum
2480 4417 2681 4472 veteris
2717 4415 3054 4473 Testamenti
3095 4432 3323 4473 morem.
3354 4419 3473 4475 Hoc

1882 4502 2063 4546 autem
2131 4490 2585 4544 incontinentiam
2654 4487 2980 4545 clericorum
3041 4490 3472 4558 integumentum

1881 4563 2096 4634 egregie
2135 4560 2360 4634 discutit
2403 4569 2623 4634 sanctus
2653 4559 2872 4616 Doctor.
2899 4558 3102 4634 Confer
3143 4562 3305 4634 etiam
3351 4576 3478 4634 quae

1885 4632 2033 4689 idem
2069 4649 2233 4703 super
2265 4632 2370 4689 hoc
2413 4632 2532 4702 ipso
2561 4640 2884 4702 argumento
2925 4632 3170 4701 disputat
3214 4632 3375 4702 epist.
3402 4632 3475 4688 ad

1887 4705 2284 4761 Vcrcellenses.

1960 4789 1980 4817 ε
2002 4776 2147 4832 Edit.
2191 4791 2336 4830 cum.
2370 4789 2498 4831 mss.
2550 4774 2774 4843 aliquot,
2816 4774 2999 4829 laudes
3029 4790 3124 4841 pro
3167 4774 3289 4829 aliis
3316 4773 3479 4828 mini-

1886 4859 2070 4904 strare.
2100 4847 2291 4902 Melius
2337 4845 2543 4916 in,aliis
2572 4846 2818 4914 pluribus
2844 4846 3253 4916 petioribusqne
3274 4846 3484 4901 omitti-

1883 4931 1968 4975 tur
2006 4918 2339 4990 prtepositio.
2371 4916 2451 4990 _Et
2491 4925 2612 4990 pos_t
2654 4916 3018 4990 duosversus
3059 4916 3148 4971 ubi
3181 4927 3291 4973 vet.
3344 4917 3477 4990 edit.

1877 4985 2020 5048 cum'
2054 4985 2184 5044 mss.
2236 4985 2513 5057 omnibus,
2563 4985 2697 5041 Ecce
2740 4986 2876 5057 eligo
2921 4986 3123 5053 levitas,
3176 4997 3310 5054 etc.,
3364 4988 3485 5045 sola

1882 5063 2040 5118 Rom.
2090 5060 2247 5125 edit.,
2280 5056 2423 5112 Ecce
2458 5057 2553 5111 tuli
2596 5074 2688 5130 ego
2719 5056 2898 5113 levitas
2939 5058 2997 5112 in
3041 5060 3210 5114 medio
3253 5060 3483 5127 ﬁliorum

1884 5133 2054 5188 Israel
2086 5147 2104 5185 :
2130 5130 2507 5199 redemptiones
2537 5144 2719 5185 eorum
2745 5138 2919 5196 erunt,
2949 5140 2998 5185 et
3026 5141 3174 5184 erunt
3201 5130 3331 5185 mihi
3361 5131 3488 5185 levi-

1884 5217 1968 5262 tw.
2024 5202 2156 5257 Mihi
2188 5202 2326 5256 enim
2370 5217 2433 5257 ex
2458 5216 2557 5271 quo
2596 5199 2681 5254 die
2725 5200 2956 5269 percussi
2986 5202 3387 5271 primogenitum
3427 5202 3487 5258 in

1887 5288 2022 5331 terra
2050 5272 2295 5346 [Egyptﬁ
2319 5272 2641 5341 sanctiﬁcaei
2672 5288 2822 5326 omne
2847 5272 3244 5341 primogenitum
3265 5276 3319 5327 in
3342 5276 3486 5330 omni

1886 5347 2078 5404 Israel.
2113 5345 2403 5401 Nobiscum
2428 5356 2606 5399 autem
2634 5345 2766 5398 satis
2792 5346 3139 5399 consentiunt
3170 5346 3376 5414 pagina:
3398 5360 3483 5401 sa-

1885 5434 2018 5485 crm,
2044 5417 2149 5472 nisi
2176 5415 2317 5485 quod
2345 5415 2592 5470 ultimam
2610 5424 2819 5485 partem
2840 5428 2997 5481 quam
3028 5424 3366 5471 centractam
3387 5431 3488 5473 ex-

1888 5489 2038 5545 hibet
2067 5488 2413 5552 Ambrosius,
2452 5488 2559 5541 illae
2602 5485 2761 5555 paulo
2790 5485 2962 5541 fusius
2998 5485 3229 5541 dilatant
3268 5488 3319 5541 in
3367 5487 3489 5547 haec

1887 5561 2053 5617 verba
2086 5578 2099 5614 :
2135 5557 2269 5613 Mihi
2311 5560 2445 5612 enim
2493 5573 2645 5611 onme
2692 5556 3107 5629 primogenitum.
3156 5555 3224 5612 In
3270 5573 3371 5629 qua
3400 5558 3489 5617 die

1889 5634 2118 5707 percussi
2140 5646 2288 5707 omne
2313 5629 2710 5707 primogenitum
2736 5629 2801 5707 in_
2820 5637 2959 5707 terra
2976 5627 3224 5707 (Egypti,
3250 5627 3489 5707 structili.

1888 5697 1998 5759 cavi
2023 5703 2151 5758 mihi
2179 5697 2326 5756 omne
2358 5697 2760 5772 primogenitum
2782 5699 2838 5756 in
2864 5697 3058 5757 Israel.
