4030 6188
557 223 660 281 105

566 351 2378 378 unum

1895 217 2142 278 SANCTI
2182 218 2510 280 AMBROSII

3754 227 3850 288 IN

2379 356 2980 386 ——-——-——-

1669 450 2012 535 LIBER
2085 451 2733 538 SECUNDUS.

1908 611 2511 638 Μ

1113 679 1226 752 69
1263 679 1498 738 CAPUT
1540 679 1581 736 ι.

561 777 690 832 Vita:
712 775 1081 832 beatitudinem
1105 775 1303 845 acquiri
1344 775 1630 841 honestate,
1660 775 1852 844 quippe
1877 790 1979 844 qua
2001 772 2154 828 Chri-

619 875 819 925 stianus
848 869 1074 942 gloriam
1101 877 1148 922 et
1173 871 1374 939 favores
1397 867 1666 921 hominum
1688 883 1956 939 spernens,
1994 882 2153 936 opera

620 985 718 1023 sua
748 966 854 1021 Deo
879 967 978 1020 soli
1005 965 1210 1035 placere
1235 966 1292 1019 in
1313 966 1442 1019 votis
1466 965 1638 1019 habet.

544 1064 574 1127 ﬁ
620 1063 670 1116 l.
709 1058 1008 1130 Superiore
1038 1067 1064 1094 ι
1095 1057 1236 1113 libro
1277 1057 1344 1112 de
1375 1057 1573 1113 ot‘ﬂciis
1625 1058 2001 1124 tractavimus,
2033 1072 2154 1128 quae

541 1153 840 1212 convenire
873 1151 1146 1206 honestati
1180 1151 1670 1218 arbitraremur,in
1701 1167 1806 1222 qua
1831 1152 1996 1205 vitam
2027 1150 2155 1206 bea-

541 1256 653 1303 tam
685 1245 916 1320 positam
948 1259 1073 1300 esse
1116 1244 1244 1299 nulli
1301 1245 1734 1309 dubitaverunt,
1787 1260 1948 1316 quam
2007 1243 2156 1299 Scri-

545 1354 704 1414 ptura
729 1340 972 1413 appellat
1001 1338 1167 1394 vitam
1193 1348 1477 1394 :eternam.
1534 1339 1742 1394 Tantus
1769 1338 1914 1393 enim
1965 1339 2153 1407 splen-

543 1432 648 1491 dor
671 1433 700 1472 δ
729 1435 1052 1489 honestatus
1083 1441 1190 1497 est,
1219 1441 1276 1485 ut
1301 1433 1466 1486 vitam
1505 1433 1720 1487 beatam
1745 1431 1985 1487 efficiant
2007 1440 2156 1486 tran-

543 1528 792 1600 quillitas
828 1527 1186 1584 conscientiae
1211 1566 1226 1591 ,
1281 1534 1339 1582 et
1387 1526 1651 1583 securitas
1700 1526 2054 1582 innocentiae.
2083 1525 2156 1581 Et

542 1620 671 1678 ideo
694 1621 836 1676 sicut
863 1629 1088 1676 exortus
1116 1619 1196 1674 sol
1241 1620 1385 1674 luna:
1414 1619 1636 1690 globum
1663 1630 1718 1676 et
1749 1629 1948 1676 caetera
1970 1619 2156 1675 stella-

542 1729 664 1770 rum
712 1713 1001 1769 abscondit
1059 1712 1303 1781 lumina,
1339 1713 1411 1768 ita
1468 1712 1646 1784 fulgor
1701 1713 2028 1782 honestatis,
2061 1713 2154 1768 ubi

545 1823 682 1864 vero
711 1817 766 1863 et
786 1807 1104 1876 incorrupto
1130 1805 1312 1861 vibrat
1341 1806 1564 1874 decore,
1593 1816 1790 1863 caetera
1819 1823 1940 1878 quae
1963 1816 2156 1877 putan-

547 1909 634 1956 tur
685 1900 827 1954 bona
883 1897 1178 1953 secundum
1231 1899 1570 1969 voluptatem
1619 1898 1888 1969 corporis,
1923 1901 2032 1971 7o
2061 1907 2155 1954 aut

545 1994 846 2052 secundum
876 1993 1139 2050 sacculum
1167 1991 1316 2048 clara
1340 2003 1396 2048 et
1428 1993 1687 2058 illustria,
1723 1993 2039 2048 obumbrat.

2175 683 2232 744 Α
2254 682 2325 737 sit
2351 684 2510 740 beata
2539 703 2554 752 ;
2591 695 2649 742 ut
2695 704 2802 744 non
2838 688 3120 747 hominum
3151 693 3552 763 opinionibusd
3581 695 3850 753 atstiman-

2256 777 2386 832 dum
2437 781 2842 852 relinqueretur
2871 825 2886 849 ,
2936 785 3034 842 sed
3065 787 3250 844 divino
3297 789 3508 859 judicio
3553 791 3850 850 committe-

2259 881 2428 926 retur.

2901 969 3130 1028 CAPUT
3181 972 3244 1029 ll.

2267 1055 2441 1112 Varia:
2463 1059 2893 1131 philosophorum
2914 1064 2977 1117 de
2998 1064 3311 1122 beatitudine
3341 1068 3606 1137 Opiniones
3630 1087 3650 1128 :
3674 1089 3782 1128 eam
3801 1073 3849 1127 in

2332 1149 2428 1204 Dei
2456 1154 2751 1222 cognitione
2767 1172 2830 1209 ac
2859 1157 3108 1212 bonorum
3135 1176 3348 1227 operum
3390 1163 3562 1217 studio
3583 1167 3852 1220 consistere

2327 1244 2554 1312 primum
2589 1246 2832 1314 probatur
2865 1265 2928 1303 ea:
2968 1249 3254 1322 Evangelia
3278 1270 3296 1307 :
3327 1264 3435 1308 tum
3479 1272 3543 1310 ne
3571 1273 3602 1310 a
3637 1258 3852 1328 philoso-

2329 1336 2447 1405 phis
2464 1337 2700 1394 videatur
2717 1341 2812 1395 hoc
2863 1353 3148 1414 sumptum,
3171 1347 3538 1416 prapltetarum
3557 1350 3851 1406 testimoniis

2326 1429 2686 1497 conﬁrmatur.

2326 1520 2380 1574 4.
2434 1520 2620 1592 Itaque
2643 1525 2950 1597 philosomti
2976 1537 2997 1565 ε
3029 1528 3193 1585 vitam
3247 1530 3486 1601 beatam,
3517 1532 3609 1590 alii
3665 1535 3717 1590 in
3750 1551 3848 1590 non

2255 1612 2496 1670 dolendo
2550 1629 2867 1685 posuerunt,
2902 1631 2958 1676 ut
2990 1620 3359 1694 Hieronymus
3392 1641 3405 1678 :
3436 1625 3530 1681 alii
3575 1627 3627 1682 in
3673 1644 3847 1684 rerum

2254 1709 2504 1771 scientia,
2535 1723 2595 1765 ut
2635 1711 2892 1780 Herillus,
2924 1714 3015 1785 qui
3073 1717 3302 1773 audiens
3353 1719 3424 1774 ab
3468 1720 3767 1779 Aristotele
3801 1728 3853 1778 et

2256 1799 2636 1872 Theophrasto
2654 1806 2980 1862 mirabiliter
3008 1809 3282 1866 laudatam
3312 1827 3435 1869 esse
3465 1830 3650 1871 rerum
3681 1817 3848 1872 scicn-

2256 1892 2382 1949 tiam
2414 1937 2428 1959 ,
2481 1897 2654 1952 solam
2703 1915 2822 1954 eam
2855 1903 3008 1971 quasi
3063 1917 3338 1958 sumntum
3398 1906 3600 1962 bonum
3636 1908 3848 1979 posuit;

2254 2002 2375 2044 cmn
2402 1988 2481 2044 illi
2511 2006 2631 2045 eam
2677 1994 2831 2063 quasi
2862 1995 3083 2062 bonum,
3107 2013 3215 2052 non
3244 1999 3397 2067 quasi
3447 2001 3620 2055 solum
3657 2001 3848 2056 bonum

608 2091 666 2146 2.
702 2089 864 2147 Beata
894 2091 1075 2160 plane,
1127 2103 1249 2159 quae
1282 2103 1391 2143 non
1435 2087 1632 2142 alienis
1664 2087 1972 2142 aestimatur
1999 2085 2142 2156 judi-
2173 2082 2222 2144 B
2249 2081 2610 2139 laudaverint.
2634 2086 2740 2140 Alii
2761 2086 2779 2123 ί
2803 2088 3139 2158 voluptatem
3167 2091 3454 2157 dixerunt,
3479 2093 3848 2164 utEpicurus:

539 2183 664 2250 ciis,
712 2183 807 2238 sed
855 2182 1172 2239 domesticis
1205 2181 1508 2252 percipitur
1547 2181 1826 2246 sensibus,
1868 2192 2144 2250 tamquam

535 2279 620 2337 sui
643 2278 831 2350 judex.
862 2277 1053 2350 Neque
1075 2267 1222 2333 enim
1253 2275 1544 2345 portulares
1572 2274 1859 2344 opiniones
1881 2289 1980 2344 pro
2004 2289 2147 2328 mera

541 2373 678 2431 cede
703 2373 886 2443 aliqua
915 2371 1168 2443 requirit,
1205 2384 1381 2440 neque
1414 2385 1512 2438 pro
1539 2366 1808 2438 supplicio
1836 2377 2016 2438 pavet.
2042 2367 2148 2422 Ita-

537 2483 645 2540 que
668 2483 777 2539 quo
799 2466 979 2523 minus
1005 2465 1256 2537 sequitur
1283 2463 1536 2535 gloriam,
1560 2478 1628 2518 eo
1651 2463 1823 2532 magis
1844 2477 2010 2532 super
2024 2477 2143 2517 eam

539 2563 763 2620 eminet.
821 2561 956 2617 Nam
987 2561 1078 2631 qui
1123 2560 1357 2630 gloriam
1410 2559 1715 2628 requirunt,
1773 2558 1858 2613 Itis
1905 2573 1967 2612 ea
2003 2573 2149 2612 mer-

535 2670 628 2712 ces
651 2657 1030 2725 praesentium,
1063 2653 1253 2708 umbra
1305 2652 1614 2706 futurorum
1665 2660 1772 2716 est,
1803 2666 1926 2720 quae
1976 2653 2148 2721 impe-

535 2747 651 2803 diat
698 2748 863 2801 vitam
914 2755 1174 2802 :cternam
1203 2761 1218 2809 ;
1252 2748 1396 2814 quod
1442 2744 1492 2796 in
1541 2743 1840 2812 Evangelio
1880 2745 2145 2814 scriptum

532 2851 660 2898 est:
703 2842 864 2896 Amen
913 2839 1032 2894 dico
1069 2840 1244 2899 vobis,
1292 2846 1637 2908 perceperunt
1680 2839 1964 2892 mercedem
1999 2856 2147 2893 suant

535 2932 752 3006 (Matth.
796 2949 870 2999 vr,
902 2933 960 3002 2)
985 2947 1000 2998 ;
1029 2931 1099 2987 de
1139 2930 1224 2986 his
1255 2931 1464 2986 scilicet
1511 2931 1602 3001 qui
1636 2931 1784 2986 velut
1815 2941 1837 2970 ο
1881 2931 2007 2987 tuba
2057 2947 2148 2988 ca-

533 3025 1352 3097 nente,vulgareliberalitatem
1387 3039 1538 3078 suam
1573 3039 1737 3094 quam
1763 3023 1972 3080 faciunt
2000 3026 2145 3082 circa

541 3138 852 3194 pauperes,
902 3121 1161 3191 gestiunt.
1213 3118 1481 3175 Similiter
1525 3126 1583 3174 et
1629 3119 1697 3174 de
1747 3118 1956 3188 jejunio
2003 3120 2146 3190 quod

535 3216 923 3275 ostentationis
948 3229 1112 3271 causa
1138 3215 1372 3270 faciunt:
1399 3213 1628 3281 Habent,
1645 3213 1840 3286 inquit,
1861 3215 2146 3270 mercedem

539 3327 709 3365 suam.

610 3405 666 3460 3.
696 3401 1010 3459 Honestatis
1038 3400 1203 3472 igitur
1229 3409 1315 3457 est
1343 3399 1430 3455 vel
1479 3399 1909 3455 misericordiam
1942 3399 2142 3466 facere,

2248 2176 2364 2240 alii,
2399 2185 2457 2232 ut
2476 2177 2748 2248 Callipho,
2773 2192 2827 2234 et
2853 2190 2978 2249 post
3005 2197 3129 2238 eum
3165 2183 3457 2250 Diodorus,
3488 2185 3559 2240 ita
3590 2186 3849 2258 interpre-

2249 2269 2349 2324 tati
2373 2281 2518 2336 sunt,
2546 2279 2605 2326 ut
2631 2272 2769 2329 alter
2797 2273 2863 2328 ad
2887 2275 3240 2344 voluptatem,
3271 2278 3410 2333 alter
3435 2279 3504 2335 ad
3531 2280 3845 2337 vacuitatem

2248 2361 2479 2430 doloris,
2530 2367 2866 2421 consortium
2923 2367 3230 2424 honestatis
3268 2371 3669 2443 adjungerent,
3711 2375 3844 2445 quod

2249 2454 2369 2510 sine
2421 2471 2483 2511 ea
2533 2472 2639 2512 non
2689 2457 2862 2528 possit
2907 2475 3030 2516 esse
3071 2461 3227 2518 beata
3257 2464 3387 2519 vita.
3426 2465 3610 2522 Zenon
3641 2468 3848 2524 Stoicus

2249 2549 2426 2603 Solum
2461 2559 2515 2605 et
2542 2567 2817 2607 summum
2842 2552 3044 2609 bonum
3087 2556 3233 2627 quod
3274 2557 3560 2615 honestum
3584 2571 3701 2618 est:
3727 2564 3846 2619 Ari-

2249 2645 2478 2699 stoteles
2510 2655 2690 2701 autern
2724 2647 2808 2702 vel
2843 2648 3255 2721 Theophrastus
3277 2660 3334 2708 et
3357 2654 3544 2709 caeteri
3578 2655 3842 2727 peripate—

2252 2737 2343 2793 tici
2375 2737 2428 2792 in
2459 2738 2662 2796 virtute
2690 2741 2932 2809 quidem,
2964 2742 3068 2800 hoc
3099 2753 3184 2800 est
3213 2746 3500 2804 honestate
3521 2749 3688 2806 vitam
3734 2751 3845 2806 bea-

2251 2841 2358 2885 tam
2417 2846 2558 2899 esse,
2605 2833 2701 2888 sed
2754 2836 3019 2906 compleri
3072 2837 3191 2908 ejus
3247 2838 3639 2898 beatitudinem
3689 2845 3844 2900 etiam

2252 2933 2277 2970 ις
2317 2925 2568 2993 corporis
2595 2935 2759 2997 atque
2783 2929 3026 2984 externis
3049 2929 3205 2986 bonis
3231 2944 3606 2990 asseruerunt.

2321 3014 2373 3071 5.
2399 3016 2686 3089 Scriptura
2727 3029 2907 3077 autem
2953 3021 3133 3077 divina
3159 3023 3324 3080 vitam
3367 3036 3628 3083 aueruam
3679 3029 3729 3085 in
3757 3045 3845 3086 co-

2249 3111 2494 3181 gnitione
2525 3115 2704 3182 posuit
2734 3114 3052 3183 divinitatis,
3087 3125 3140 3172 et
3169 3117 3344 3174 fructu
3392 3119 3550 3176 bona:
3579 3123 3847 3194 operatio-

2251 3203 2356 3258 nis.
2383 3203 2626 3276 Denique
2647 3205 2932 3276 utriusque
2963 3209 3284 3267 assertionis
3304 3212 3694 3283 Evangelicum
3726 3232 3845 3284 sup-

2252 3299 2386 3368 petit
2417 3301 2813 3357 testintonium.
2843 3301 2976 3357 Nam
3017 3312 3075 3359 et
3127 3303 3196 3360 de
3223 3305 3447 3361 scientia
3478 3308 3548 3363 ita
3581 3309 3722 3366 dixit
3747 3311 3846 3365 Do-

2251 3391 2430 3447 minus
2455 3391 2615 3448 Jesus
2648 3411 2660 3447 :
2694 3393 2822 3450 Hatc
2868 3404 2944 3450 est
2968 3405 3136 3452 autent
3159 3398 3263 3452 vita
3290 3409 3503 3467 (eterna,
3556 3413 3613 3456 ut
3663 3419 3847 3475 cogno-

538 3497 644 3569 71
677 3495 762 3550 vel
788 3494 1054 3564 jejunium
1103 3491 1320 3547 deferre
1341 3491 1394 3546 in
1425 3491 1790 3556 abscondito;
1827 3499 1884 3544 ut
1934 3504 2143 3544 tnerce-
2172 3474 2216 3538 C
2247 3496 2393 3541 scant
2439 3496 2486 3540 te
2520 3487 2690 3542 solum
2734 3505 2909 3542 verum
2946 3489 3145 3553 Deum,
3183 3502 3231 3546 et
3269 3509 3417 3562 quem
3447 3495 3634 3549 misisti
3674 3493 3845 3550 Iesum

537 3590 661 3645 dem
691 3587 930 3644 videaris
951 3602 979 3639 a
1007 3586 1126 3640 solo
1156 3585 1271 3640 Deo
1304 3593 1397 3638 tuo
1443 3598 1713 3653 quierere,
1747 3598 1854 3637 non
1885 3583 2048 3637 etiam
2075 3581 2142 3636 ab

535 3685 866 3743 hominibus.
902 3683 1034 3739 Nam
1084 3682 1174 3754 qui
1212 3681 1280 3738 ab
1336 3680 1649 3735 hominibus
1705 3679 1924 3751 qnzrrit,
1979 3677 2144 3732 habet

535 3777 845 3835 mercedem
901 3789 1102 3830 suam:
1155 3773 1247 3844 qui
1302 3782 1540 3828 autema
1571 3772 1705 3837 Deo,
1758 3771 1920 3826 habet
1973 3771 2140 3824 vitam

535 3880 796 3928 aeternam
841 3886 854 3923 :
903 3883 1068 3940 quam
1110 3875 1371 3937 praestare
1420 3880 1526 3920 non
1573 3874 1754 3935 potest
1794 3864 1898 3918 nisi
1950 3872 2142 3920 auctor

534 3963 882 4029 aeternitatis,
930 3961 1073 4017 sicut
1101 3959 1230 4015 illud
1278 3967 1362 4013 est
1393 3975 1406 4011 :
1438 3958 1629 4022 Amen,
1678 3957 1794 4011 dico
1843 3956 1954 4020 tibi,
1991 3957 2144 4012 hodie

534 4074 730 4114 mecum
757 4056 858 4111 eris
875 4055 928 4109 in
948 4054 1193 4125 paradiso
1220 4051 1377 4122 (Luc.
1406 4067 1567 4116 xxttt,
1591 4051 1706 4119 45).
1740 4047 1897 4106 Unde
1917 4064 2141 4120 expres-

530 4152 950 4221 siusScriptura
1008 4148 1172 4202 vitam
1225 4155 1486 4200 aeternam
1514 4144 1806 4214 appellavit
1835 4158 1956 4199 eam
2015 4159 2137 4213 qua:

603 4289 764 4345 ﬂCic.
804 4285 992 4349 0ftic.,
1025 4283 1118 4336 lib.
1144 4297 1204 4346 tt,
1236 4295 1290 4350 p.
1323 4279 1451 4341 5T5,
1482 4278 1576 4331 lin.
1618 4278 1691 4334 45
1723 4296 1738 4332 :
1783 4277 2129 4344 Quemadmo-

528 4365 654 4420 dum
679 4359 858 4430 ofﬁcia
885 4357 1196 4430 ducerentur
1232 4351 1296 4405 ab
1316 4351 1650 4405 honestate...
1683 4351 2003 4418 explicatam
2052 4367 2132 4404 ar-

527 4437 691 4491 bitror
714 4427 847 4486 libro
872 4427 1155 4504 superior}-
1194 4495 1205 4504 .
1338 4493 1350 4504 ,
1505 4501 1511 4504 _
1694 4491 1738 4504 ,,

602 4506 630 4545 b
658 4504 874 4561 Ultimze
905 4491 1036 4555 edit.
1085 4495 1284 4559 Paris.,
1330 4493 1586 4547 honestati
1628 4491 2126 4548 arbitrabamur.....

531 4579 755 4652 positam
781 4588 894 4628 esse
916 4570 1125 4652 minime
1147 4564 1530 4652 dubitabamus.

2249 3579 2515 3636 Christum
2533 3580 2868 3653 (Joan.xvn,
2894 3581 2976 3654 '5).
3017 3583 3086 3638 Et
3111 3583 3180 3640 de
3217 3587 3476 3656 operibus
3504 3587 3575 3642 ita
3625 3603 3845 3659 respon-

2249 3675 2371 3730 dit:
2403 3675 2584 3730 Omnis
2604 3677 2691 3746 qui
2728 3677 2995 3744 reliquerit
3031 3678 3262 3746 domum,
3308 3681 3387 3734 vel
3419 3683 3628 3750 fratres,
3657 3689 3747 3735 aut
3768 3698 3846 3737 so-

2250 3784 2412 3834 rores,
2446 3778 2536 3822 aut
2568 3779 2788 3840 patrem,
2819 3779 2908 3823 aut
2945 3778 3178 3835 matrem,
3201 3779 3538 3839 autuxorem,
3570 3785 3662 3828 aut
3690 3774 3841 3843 ﬁlios,

2249 3872 2337 3916 aut
2359 3879 2517 3933 agros
2543 3873 2753 3934 propter
2782 3879 2962 3917 nomen
3001 3880 3191 3932 meum,
3229 3866 3524 3936 centuplum
3546 3867 3785 3938 accipiet,
3800 3877 3846 3921 et

2250 3957 2408 4010 vitam
2434 3965 2678 4010 aeternam
2708 3955 2991 4026 possidebit
3021 3955 3237 4028 (Matth.
3263 3973 3372 4022 xtx,
3403 3957 3523 4029 29).

2324 4048 2376 4103 6.
2410 4048 2516 4105 Sed
2570 4064 2637 4104 ne
2678 4048 2974 4104 aestimetur
3032 4049 3135 4104 hoc
3190 4065 3385 4106 recens
3415 4066 3558 4118 esse,
3615 4062 3673 4109 ct
3703 4056 3844 4124 prius

2248 4151 2536 4198 tractatum
2559 4157 2585 4195 a
2611 4141 2970 4211 philosophis,
3021 4157 3187 4212 quam
3241 4142 3293 4196 in
3327 4143 3622 4214 Evangelio
3653 4145 3845 4218 praedi-

2314 4275 2332 4314 τ
2349 4276 2707 4354 _l"olt_tpta_t_em_
2731 4277 2870 4354 hanc
2898 4293 3002 4331 non
3030 4287 3136 4333 tam
3165 4293 3489 4354 corpoream
3531 4300 3699 4354 quam
3739 4287 3844 4354 Spi-

2240 4349 2452 4428 ritalem
2483 4347 2710 4428 intelligi
2739 4347 2965 4428 debere,
2990 4359 3115 4428 s‘u_nt
3135 4349 3227 4420 qui
3248 4347 3618 4428 contendant:
3651 4347 3845 4428 qna'de

2241 4436 2301 4476 re
2329 4419 2461 4474 satis
2488 4419 2724 4474 diximus
2753 4419 2818 4472 ad
2847 4434 2971 4489 cap.
3007 4421 3105 4485 15,
3139 4419 3286 4476 num.
3315 4425 3405 4479 50.

2314 4501 2337 4538 s
2370 4491 2515 4570 Edit.
2549 4507 2612 4570 ac
2645 4491 2800 4570 pauci
2841 4495 3276 4570 utss.,__corporis
3305 4495 3667 4570 uoluptatibus
3701 4512 3846 4570 atque

2236 4563 2460 4644 eafternis
2489 4562 2790 4644 bonis_:_alii
2816 4564 3340 4644 nonnulli,.corporis
3365 4562 3589 4644 egregiis
3610 4562 3846 4644 uolupta-

603 4661 625 4690 c
658 4647 806 4703 Edit.
832 4653 888 4699 et
912 4641 1128 4713 quidam
1161 4653 1318 4702 mss.,
1348 4637 1470 4690 tuba
1487 4635 1740 4699 canendo,-
1764 4635 1880 4698 alii,
1897 4634 2016 4687 tuba
2043 4649 2126 4687 ca-
2161 4656 2211 4716 Β
2239 4636 2395 4716 tibus,
2413 4645 2520 4716 etc.
2545 4634 2654 4716 Sed
2670 4633 3252 4716 Thuan_.,duo'Vatié.,
3279 4633 3772 4716 totidemLaudun.
3793 4652 3847 4699 et

531 4731 825 4850 negtgdit"
849 4781 1155 4841 testimanda
1179 4780 1575 4849 relinqueretur;
1600 4790 1755 4842 mss.,
1771 4775 2134 4830 aestimandum

526 4864 900 4925 relinqueret"?
920 4873 938 4912 -‘
956 4854 1169 4931 5"99'02
1196 4854 1489 4931 998°".“m'
1684 4918 1696 4929 .
1745 4919 1757 4931 .
1840 4918 1872 4931 ..
2026 4919 2037 4930 .

604 4946 627 4972 σε
657 4919 790 5002 Qum
817 4931 889 4985 de
927 4919 1100 5002 variis
1121 4919 1569 5002 philosophorum
1611 4919 1960 5002 Opinionihus
1991 4919 2133 5002 circa

528 4991 833 5063 natuFalem
862 4991 1250 5055 beatitudinem
1275 4993 1364 5048 hic
1393 4991 1723 5063 referuntur,
1755 5005 1814 5045 ea
1845 4991 2135 5063 desumpta

528 5061 654 5135 sunt
684 5091 714 5130 a
744 5074 1036 5131 Cicerone,
1070 5082 1178 5144 non
1208 5064 1425 5144 quidem
1446 5080 1521 5144 _e_x
1556 5062 1912 5144 _0lliciorum,
1931 5061 2039 5143 sed
2067 5078 2134 5144 ex

527 5151 649 5206 aliis
700 5141 949 5216 ejusdem
978 5136 1394 5216 philosophicis
1446 5135 1622 5216 libris,
1654 5143 1779 5216 puta
1831 5148 1896 5216 ex
1931 5135 1997 5216 iis
2039 5135 2130 5216 (lui

527 5203 823 5288 supersunt
848 5203 1091 5288 Academ.
1121 5203 1302 5288 quiest.
1334 5222 1365 5288 e
1394 5207 1634 5276 quinque
1659 5203 1812 5288 libris
1836 5203 2012 5257 lib.de
2037 5203 2133 5257 Fi-

529 5278 678 5345 nibus
711 5291 829 5342 bon.
855 5296 902 5340 et
920 5283 1044 5338 mal.
1075 5278 1142 5336 ac
1169 5279 1516 5357 potissimum
1540 5291 1569 5330 e
1600 5278 1811 5357 quinto,
1841 5289 1940 5357 nec
1966 5289 2071 5328 non
2101 5290 2131 5330 e

527 5361 686 5417 libris
713 5357 936 5413 totidem
987 5353 1442 5427 Tuscul.quaz_st.,
1471 5356 1526 5402 et
1577 5353 1815 5427 maxime
1869 5353 2032 5427 etiam
2061 5361 2126 5426 ex

527 5433 721 5488 ultimo
754 5447 767 5483 :
796 5429 884 5483 ubi
930 5434 1132 5498 tantam
1183 5420 1538 5498 locutionum,
1567 5419 1852 5498 doctrinae,
1883 5425 2046 5498 atque
2073 5419 2126 5498 in

528 5503 712 5560 multis
739 5500 909 5570 ipsius
930 5493 1562 5570 ordinisconsensiouem
1579 5503 1698 5543 eum
1716 5489 1796 5570 eis
1818 5503 1936 5570 qua:
1961 5489 2131 5570 hocet

527 5559 801 5646 proximis
819 5571 1034 5646 duobus
1052 5566 1320 5646 capitibus
1361 5561 1677 5646 traduntur,
1691 5559 1976 5646 advertere
1999 5567 2125 5646 est;

530 5628 591 5701 iit
615 5660 722 5699 non
764 5644 836 5698 sit
859 5641 1082 5697 dubium
1113 5628 1242 5708 quin
1275 5649 1342 5690 eo
1377 5632 1684 5702 respexerit
1729 5639 1952 5684 sanctus
1996 5628 2129 5682 Am-

530 5715 767 5777 brosius.

2241 4708 2330 4783 alii
2370 4708 2608 4783 aliquot,
2654 4706 2915 4783 corporis,
2953 4717 3106 4774 atque
3131 4711 3355 4783 externis
3399 4712 3563 4767 bonis.
3607 4713 3842 4783 Optime,

2242 4779 2509 4843 siquidem
2559 4793 2664 4832 vox
2698 4779 2942 4850 corporis
2978 4779 3226 4850 congruit
3264 4797 3384 4836 cum
3439 4779 3686 4848 bonis;u't
3709 4785 3844 4842 intra

2241 4850 2448 4904 clarius
2480 4849 2823 4922 exprimitur.
2857 4850 2939 4922 Et,
2972 4849 3095 4919 post
3120 4851 3257 4906 duos
3311 4868 3502 4910 versus
3561 4854 3648 4910 ubi
3686 4857 3841 4922 edit.,

2241 4923 2395 4975 vitam
2438 4921 2639 4974 beatam
2691 4921 2748 4973 in
2791 4921 3309 5001 cogni_t_i_ot_te;unus_
3337 4941 3466 4990 ms.,
3516 4926 3571 4980 in
3625 4921 3845 5001 conjun-

2239 4994 2423 5064 ctione,
2479 4999 2586 5046 etc.
2618 5007 2632 5057 ;
2662 5006 2852 5064 omnes
2899 4992 2989 5046 alii
3033 4993 3221 5064 legunt
3260 4995 3418 5050 vitam
3447 4992 3838 5062 teternamfetc.

2238 5061 2534 5137 idque_i_ta
2569 5062 2868 5137 legendum
2894 5079 3018 5118 esse
3068 5061 3352 5120 declarant
3399 5083 3522 5137 qua:
3582 5061 3845 5125 continuo

2238 5133 2722 5209 postadducuntur
2753 5134 3049 5209 Scriptura:
3081 5133 3554 5202 testiinonia,'tum
3588 5141 3734 5209 quod
3767 5143 3844 5195 in—

2237 5205 2313 5259 fra
2341 5205 2562 5279 dicitur,
2589 5203 2755 5279 Habet
2786 5222 2905 5279 ergo
2949 5207 3104 5259 vitam
3129 5217 3376 5279 cateruam
3405 5209 3555 5279 ﬁdes.
3581 5203 3756 5266 Porro
3778 5230 3843 5267 ex

2238 5287 2347 5350 tota
2371 5276 2513 5332 serie
2538 5276 2698 5330 facile
2738 5275 3012 5350 intelligas
3053 5292 3157 5332 non
3189 5277 3279 5334 hic
3305 5275 3486 5350 agi'de
3514 5281 3607 5336 illa
3637 5291 3841 5338 :rtcrna

2239 5349 2368 5424 vita,
2398 5365 2516 5424 quae
2544 5349 2999 5424 resurrectionem
3033 5357 3298 5424 secutura
3325 5349 3408 5424 est
3439 5393 3454 5416 ,
3480 5353 3574 5407 sed
3596 5370 3720 5424 quae
3750 5370 3844 5424 per

2239 5418 2379 5472 hanc
2415 5417 2576 5472 etiam
2602 5417 2738 5470 lucis
2765 5433 2994 5495 usuram
3018 5419 3231 5489 ajustis
3254 5420 3488 5495 vivitur;
3516 5437 3581 5478 ac
3611 5417 3843 5495 proinde

2239 5491 2404 5544 vitam
2435 5499 2696 5561 aeternam
2735 5488 2995 5561 appellari
3027 5504 3146 5561 eam
3195 5508 3314 5561 qua:
3350 5495 3422 5548 sit
3464 5488 3641 5560 beata,
3673 5507 3733 5551 ut
3756 5514 3842 5550 sn-

2239 5576 2334 5631 pra
2374 5559 2476 5616 sub
2524 5558 2685 5612 tinem
2717 5559 2922 5638 caput
2950 5558 3282 5633 declaratur,
3342 5558 3741 5638 proptereaque
3790 5570 3841 5623 in

2237 5629 2403 5688 sensu
2429 5646 2536 5686 non
2563 5643 2775 5684 errasse
2793 5629 3083 5687 editiones.
