4010 6186
191 153 278 210 105
1252 162 1341 219 DE
1378 159 1664 219 OFFICIIS
1701 155 2176 220 MINISTRORUM
2215 164 2346 222 LIB.
2388 166 2451 222 11.

3399 172 3504 229 106

198 280 350 325 catum
385 271 747 340 (anteriores
799 275 947 330 enim
995 275 1289 347 Evangelio
1336 278 1644 348 philosophi
1673 320 1687 344 ,
1742 277 1794 332 id
1824 276 1880 336 Α
1905 279 1986 332 vel
2012 281 2278 343 externis,
2310 293 2485 349 neque
2513 281 2793 335 minuatur
2818 280 3092 337 adversis:
3124 280 3366 352 nihilque
3397 293 3504 338 tam

205 370 287 427 est,
321 362 658 420 Aristoteles
701 376 762 420 et
808 367 1238 439 Theophrastus,
1270 372 1354 425 vel
1398 372 1581 427 Zenon
1637 381 1801 442 atque

211 455 576 528 Hieronymus,
614 461 715 516 sed
768 462 1106 531 posteriores
1145 465 1468 535 prophetis),
1512 466 1618 538 72
1659 469 1803 521 acci-

214 550 339 620 piant
364 565 526 619 quam
554 553 726 624 longe
772 565 1067 624 antequam
1113 557 1560 630 philosophorum
1600 575 1799 616 nomen

215 645 491 711 audiretur,
518 661 622 716 per
653 664 718 702 os
751 650 925 704 sancti
955 650 1128 706 David
1179 663 1471 724 utrumque
1499 664 1688 725 aperte
1721 657 1801 710 vi-

215 731 386 789 deatur
411 751 766 806 expressum.
800 739 1076 810 Scriptum
1105 752 1190 797 est
1217 744 1365 798 enim
1393 763 1405 797 :
1429 744 1622 800 Beatus
1652 763 1801 818 quem

217 835 262 877 tu
299 828 573 894 erudieris,
627 829 887 898 Domine;
943 842 992 886 et
1037 834 1100 888 de
1156 835 1264 905 lege
1295 845 1382 890 tua
1406 837 1642 892 docueris
1688 856 1803 894 eum

214 917 371 990 (Psal.
397 937 555 989 xcm,
583 921 699 993 12).
729 923 1006 981 Habemus
1024 937 1078 981 et
1104 927 1232 982 alibi
1258 945 1271 982 :
1296 929 1488 985 Beatus
1518 933 1596 986 vir
1625 935 1713 1003 qui
1736 936 1822 1004 ti-_

208 1025 293 1068 met
321 1013 631 1082 Dominum,
661 1018 712 1070 in
745 1020 1004 1074 mandatis
1029 1022 1141 1091 ejus
1181 1024 1349 1094 cupiet
1367 1025 1519 1080 nimis
1543 1025 1664 1096 (Ps.
1691 1043 1801 1094 (ιιι,

210 1105 275 1177 1).
302 1109 600 1165 Docuimus
631 1110 699 1165 de
723 1111 1059 1183 cognitione,
1083 1116 1237 1186 cujus
1268 1120 1550 1186 praemium
1590 1123 1807 1177 mterni-

205 1200 591 1256 tatisfructum
616 1219 739 1259 esse
781 1207 1126 1274 memoravit,
1177 1209 1444 1280 adjiciens
1485 1213 1760 1284 Propheta
1786 1259 1802 1284 ,

206 1299 229 1326 ³
253 1294 375 1360 quia
407 1293 464 1346 in
494 1294 661 1348 domo
693 1294 855 1366 hujus
885 1297 1127 1355 timentis
1156 1301 1468 1368 Dominum,
1493 1305 1578 1360 vel
1607 1307 1806 1362 eruditi

203 1386 251 1440 in
279 1386 447 1458 Lege,
478 1397 534 1443 et
585 1391 859 1459 cupientis
905 1393 958 1446 in
988 1394 1259 1450 mandatis
1287 1397 1486 1452 divinis
1512 1417 1524 1453 :
1556 1399 1736 1454 Gloria
1761 1410 1807 1455 et

205 1479 413 1546 divitiae,
449 1490 500 1535 et
511 1483 724 1554 justitia
749 1485 860 1555 ejus
887 1497 1054 1541 manet
1081 1489 1136 1541 in
1165 1491 1412 1544 sarculum
1435 1495 1615 1547 swculi
1639 1494 1802 1564 (Ibid.

203 1569 278 1644 3).
309 1573 388 1628 De
415 1575 678 1644 operibus
701 1592 918 1648 quoque
970 1580 1024 1635 in
1055 1582 1248 1638 eodem
1281 1585 1493 1654 psalmo
1521 1587 1808 1657 subiunxit

1903 369 2145 434 beatum,
2197 373 2299 426 nisi
2347 371 2492 441 quod
2521 387 2551 426 a
2580 381 2807 442 peccato
2851 375 3090 428 alienum
3124 374 3212 439 sit,
3248 375 3354 446 73
3395 376 3511 445 ple-

1905 477 2030 516 num
2065 463 2414 528 innocentiae,
2448 464 2713 533 repletum
2740 466 2933 535 gratia:
2969 465 3084 519 Dei.
3117 463 3393 534 Scriptum
3425 477 3507 521 est

1903 556 2047 610 enim
2082 575 2095 610 :
2121 555 2312 610 Beatus
2340 560 2415 611 vir
2439 559 2526 627 qui
2557 574 2660 611 non
2696 557 2821 611 abiit
2868 558 2923 610 in
2951 557 3168 611 consilio
3203 558 3504 626 impiorum,

1903 656 1951 701 et
1979 647 2034 700 in
2069 649 2152 701 via
2178 659 2503 718 peccatorum
2529 665 2633 703 non
2663 650 2819 716 stetit,
2849 660 2896 703 et
2917 651 2969 703 in
2991 649 3236 703 cathedra
3262 650 3505 720 pestilen-

1905 739 1989 792 tia:
2029 756 2133 793 non
2170 741 2335 795 sedit:
2368 741 2459 795 sed
2486 742 2540 795 in
2567 743 2678 812 lege
2718 741 2932 796 Domini
2967 742 3067 811 fuit
3106 741 3343 796 voluntas
3393 746 3506 814 ejus

1907 827 2028 899 (Ps.
2055 845 2095 895 ι,
2122 831 2177 895 1,
2209 831 2288 901 2).
2329 829 2398 884 Et
2425 831 2553 886 alibi
2584 851 2596 884 :
2622 831 2770 888 Beati
2815 833 3132 886 immaculati
3179 833 3234 886 in
3266 833 3367 900 via,
3419 850 3506 903 qui

1904 922 2172 976 ambulant
2199 923 2252 975 in
2282 923 2394 995 lege
2419 922 2632 979 Domini
2661 923 2781 997 (Ps.
2814 941 3006 991 cxvm,
3033 925 3110 992 1).

1979 1016 2032 1070 9.
2076 1015 2388 1072 lnnocentia
2430 1018 2595 1087 igitur
2636 1029 2689 1074 et
2734 1020 2962 1075 scientia
3011 1021 3230 1078 beatum
3278 1022 3510 1078 faciunt.

1907 1109 2072 1165 Bonae
2103 1127 2317 1183 quoque
2358 1113 2689 1182 operationis
2719 1115 3030 1171 mercedem
3063 1132 3184 1172 esse
3214 1117 3510 1174 beatitudi-

1907 1220 2031 1258 nem
2062 1205 2189 1259 vita:
2214 1215 2434 1261 aeterna:
2455 1208 2707 1276 superius
2732 1208 3068 1264 advertimus
3093 1209 3411 1280 (Sup.,cap.
3428 1209 3509 1280 2).

1908 1297 2097 1352 Restat
2124 1299 2286 1369 igitur
2313 1309 2372 1354 ut
2399 1309 2585 1372 spreto
2622 1303 2921 1369 patrocinio
2952 1303 3264 1372 voluptatis,
3295 1315 3387 1358 aut
3417 1303 3514 1359 do-

1909 1391 2038 1447 loris
2067 1402 2214 1447 metu
2244 1393 2496 1463 (quorum
2526 1395 2758 1448 alterum
2791 1396 2946 1464 quasi
2978 1395 3262 1450 infractum
3290 1405 3345 1450 et
3372 1397 3512 1450 rnol-

1910 1483 2131 1540 liculum
2155 1527 2171 1550 ,
2211 1485 2445 1541 alterum
2480 1487 2632 1555 quasi
2663 1487 2928 1542 eviratum
2959 1498 3014 1543 et
3057 1488 3328 1543 inﬁrmum
3361 1486 3388 1524 ἀ
3418 1488 3514 1544 de-

1912 1576 2124 1646 spuit),
2159 1577 2213 1631 in
2274 1578 2406 1647 ipsis
2464 1578 2744 1633 doloribus
2803 1580 2964 1634 vitam
3000 1581 3212 1635 beatam
3270 1581 3516 1636 eminere

202 1665 320 1718 vitm
356 1676 582 1722 aeternae
603 1679 897 1738 suppetere
922 1674 1203 1740 praemium
1223 1676 1529 1744 virojusto.
1565 1680 1808 1750 Denique

1921 1668 2270 1725 demonstret.
2310 1671 2465 1738 Quod
2503 1671 2663 1727 facile
2702 1673 2890 1728 doceri
2936 1684 3134 1743 potest,
3167 1689 3290 1729 cum
3323 1675 3519 1745 legeri-

204 1759 275 1812 ait
307 1777 323 1812 :
355 1759 551 1815 Beatus
602 1762 679 1816 vir
705 1765 793 1833 qui
840 1765 1110 1820 miseretur
1152 1779 1200 1822 et
1230 1773 1542 1838 commodat,
1571 1773 1810 1843 disponet

205 1869 465 1910 sermones
495 1872 621 1910 suos
648 1857 700 1908 in
720 1860 972 1930 judicio;
997 1862 1116 1929 quia
1155 1863 1210 1916 in
1255 1866 1504 1920 saeculum
1536 1884 1638 1921 non
1669 1886 1809 1922 com-

207 1949 507 2005 movebitur.
539 1948 609 2004 In
644 1955 892 2006 memoria
909 1967 1103 2010 aeterna
1127 1959 1224 2012 erit
1241 1963 1421 2031 justus
1450 1960 1640 2030 (lbid.,
1669 1962 1808 2033 5,6).

209 2039 270 2096 Et
296 2043 439 2096 infra
473 2041 788 2115 :Dispersit,
816 2047 958 2100 dedit
990 2050 1319 2119 pauperibus,
1328 2053 1536 2124 justitia
1565 2058 1677 2126 ejus
1702 2073 1813 2110 ma-

212 2143 291 2186 net
317 2134 371 2186 in
389 2145 640 2188 aeternum
663 2134 854 2208 (Ibid.,
884 2138 964 2209 9).

281 2227 332 2279 7.
367 2226 544 2281 liabet
568 2243 703 2298 ergo
732 2231 898 2285 vitam
945 2241 1204 2290 aeternam
1251 2236 1408 2302 fides,
1439 2242 1565 2310 quia
1615 2241 1812 2298 funda-

1913 1776 2033 1816 mus
2062 1780 2074 1815 :
2106 1760 2256 1815 Beati
2287 1764 2429 1829 estis,
2462 1781 2576 1816 cum
2605 1765 2746 1818 vobis
2777 1766 3101 1834 maledicent,
3135 1777 3181 1820 et
3213 1783 3519 1837 persequen-

1916 1860 2019 1918 tur,
2051 1861 2097 1906 et
2123 1853 2294 1906 dicent
2323 1870 2474 1909 omne
2500 1857 2697 1910 malum
2728 1857 2977 1912 adversus
3009 1875 3097 1912 vos
3128 1871 3338 1928 propter
3357 1861 3516 1931 justi-

1915 1941 2059 2000 tiam.
2117 1943 2348 2002 Gaudete
2401 1958 2446 2001 et
2500 1952 2783 2017 exsultate,
2828 1953 3074 2020 quoniant
3119 1969 3306 2006 merces
3344 1963 3516 2008 vestra

1917 2040 2126 2111 c0piosa
2151 2051 2224 2094 est
2249 2041 2303 2094 in
2327 2042 2471 2095 caelo.
2512 2043 2605 2096 Sic
2631 2044 2767 2096 enim
2794 2045 3043 2112 persecuti
3062 2055 3183 2098 sunt
3223 2055 3268 2100 et
3298 2046 3520 2116 prophe-

1917 2142 2018 2199 tas,
2048 2135 2136 2203 qui
2177 2145 2322 2188 erant
2351 2144 2470 2189 ante
2513 2152 2602 2189 vos
2631 2136 2847 2206 (Matth.
2882 2153 2934 2203 v,
2984 2139 3072 2205 11,
3107 2139 3216 2208 12).
3250 2139 3319 2194 Et
3350 2140 3479 2194 alibi
3508 2158 3517 2165 '

1921 2224 2023 2290 Qui
2062 2227 2168 2279 vult
2207 2230 2378 2280 venire
2412 2237 2524 2296 post
2567 2243 2667 2292 me,
2698 2238 2720 2264 ε
2749 2229 2899 2281 tollat
2927 2245 3129 2283 crucem
3159 2247 3329 2299 suam,
3359 2242 3407 2285 et
3435 2249 3518 2286 se-

215 2328 454 2373 menlum
485 2330 568 2375 est
599 2320 799 2376 bonum
836 2339 849 2378 :
885 2324 1093 2380 habent
1121 2338 1176 2382 et.
1215 2329 1356 2384 bona
1387 2330 1555 2398 facta,
1577 2333 1702 2402 quia
1730 2335 1809 2390 vir

1921 2329 2110 2388 quatur
2132 2335 2212 2372 me
2234 2317 2448 2390 (Matth.
2479 2335 2596 2384 xvr,
2628 2319 2741 2386 24).

209 2413 385 2481 justus
411 2421 466 2468 et
487 2412 652 2468 dictis
680 2424 737 2470 et
779 2416 944 2472 rebus
974 2419 1254 2487 probatur.
1287 2422 1420 2477 Nam
1477 2424 1523 2478 si
1551 2427 1817 2482 exercita-

217 2513 303 2557 tus
339 2506 411 2559 sit
454 2506 510 2560 in
566 2509 936 2577 sermonibus,
981 2521 1036 2566 et
1066 2512 1375 2570 desidiosus
1429 2516 1484 2570 in
1532 2519 1813 2588 operibus,

2536 2411 2764 2467 CAPUT
2803 2412 2894 2466 IV.

1921 2501 2073 2558 Idem
2117 2512 2499 2575 argumentum,
2532 2505 2728 2558 scilicet
2765 2503 2916 2560 rebus
2956 2508 3178 2560 externis
3219 2522 3321 2562 non
3364 2510 3527 2565 minui

216 2597 564 2666 prudentiam
620 2613 775 2654 suam
802 2601 831 2640 ι)
881 2602 1042 2658 factis
1089 2605 1334 2661 refellit:
1381 2617 1437 2664 et
1473 2611 1694 2680 gravius
1735 2620 1820 2668 est

217 2688 356 2744 scire
383 2689 518 2759 quid
548 2689 742 2760 facias,
775 2708 877 2749 nec
904 2694 1102 2751 fecisse
1123 2698 1266 2767 quod
1289 2697 1596 2756 faciendum
1619 2717 1819 2774 cogno-

215 2783 380 2837 veris.
413 2782 620 2838 Contra
645 2801 860 2857 quoque
889 2797 1171 2846 strenuum
1198 2808 1322 2849 esse
1350 2795 1404 2848 in
1430 2797 1709 2864 operibus,
1743 2798 1820 2852 af-

216 2875 360 2930 fectu
386 2876 640 2944 inﬁdum,
664 2879 734 2933 ita
764 2889 851 2935 est
894 2896 958 2936 ac
983 2883 1033 2937 si
1064 2885 1262 2940 vitioso
1317 2885 1670 2944 fundamento
1701 2891 1822 2960 pul-

1991 2613 2153 2667 neque
2189 2598 2369 2668 augeri
2415 2597 2785 2652 beatitudinem
2804 2640 2818 2664 ,
2848 2608 3072 2654 veterum
3101 2601 3346 2670 exemplis
3371 2603 3526 2657 illus-

1993 2698 2181 2743 tratur.

1997 2782 2085 2838 10.
2129 2784 2226 2838 Est
2253 2798 2386 2854 ergo
2414 2783 2698 2840 beatitudo
2720 2795 2775 2841 et
2801 2786 2854 2840 in
2882 2785 3182 2850 doloribus,
3208 2801 3346 2856 quos
3369 2787 3528 2856 plena

1923 2875 2205 2929 suavitatis
2236 2877 2410 2931 virtus
2440 2879 2752 2947 comprimit
2777 2887 2830 2934 et
2869 2889 3108 2946 coercet,
3147 2879 3261 2948 ipsa
3293 2879 3396 2933 sibi
3427 2878 3528 2934 do-

217 2970 345 3026 cbra
375 2971 680 3026 culminum
710 2973 849 3029 velis
879 2975 1100 3032 elevare
1155 2979 1362 3049 fastigia
1398 2997 1411 3033 :
1444 2996 1552 3051 quo
1574 2983 1698 3052 plus
1728 2999 1809 3039 ex-

1926 2966 2167 3022 mesticis
2210 2968 2402 3037 opibus
2444 2970 2757 3036 abundans,
2803 2968 2821 3007 ί
2864 2971 2952 3025 vel
2998 2971 3065 3025 ad
3113 2973 3528 3038 conscientiam,

215 3063 507 3129 struxeris,
531 3064 653 3133 plus
691 3068 932 3132 corruit;
967 3069 1092 3138 quia
1132 3070 1253 3126 sine
1299 3074 1641 3130 munimento
1698 3076 1809 3132 fidei

1928 3061 2012 3115 vel
2053 3060 2118 3114 ad
2160 3062 2408 3132 gratiam.
2440 3061 2628 3133 Neque
2657 3063 2801 3118 enim
2836 3078 3028 3133 parum
3071 3066 3263 3118 beatus
3294 3036 3531 3134 Moyses,

215 3152 354 3208 bona
408 3168 579 3224 opera
635 3170 744 3210 non
795 3167 1026 3227 possunt
1080 3175 1322 3217 manere.
1365 3161 1535 3219 Inﬁda
1580 3166 1743 3220 statio
1767 3166 1825 3222 in
1928 3173 2050 3213 cum
2085 3157 2466 3230 Egyptiorum
2498 3159 2732 3213 vallatus
2767 3157 3006 3228 populis,
3039 3166 3094 3213 et
3128 3159 3264 3212 mari
3293 3159 3532 3225 clausus,

218 3257 376 3314 portu
408 3260 604 3301 navem
658 3247 922 3316 perforat,
955 3258 1009 3304 et
1058 3265 1348 3308 arenosum
1380 3255 1553 3309 solum
1593 3257 1703 3312 cito
1730 3272 1824 3314 ce-
1929 3265 2026 3320 per
2065 3249 2260 3305 ﬂuctus
2296 3250 2397 3304 sibi
2439 3258 2494 3304 et
2525 3249 2724 3320 populo
2766 3259 2979 3318 patrum
3027 3248 3338 3319 pedestrem
3390 3249 3530 3303 viam

219 3337 345 3406 dit,
399 3353 503 3394 nec
553 3348 741 3408 potest
794 3341 1066 3411 impositae
1122 3343 1500 3400 acditicationis
1555 3348 1829 3405 sustinere
1929 3341 2031 3411 piis
2057 3343 2266 3398 meritis
2295 3340 2592 3396 invenisset
2632 3340 2828 3411 (Exod.
2869 3356 2981 3407 xrv,
3012 3341 3123 3410 15).
3171 3341 3400 3408 Quando
3436 3357 3536 3396 an-

219 3444 410 3485 onera.
436 3430 512 3485 lbi
543 3446 676 3502 ergo
715 3433 996 3502 plenitudo
1022 3435 1252 3504 praemii,
1287 3436 1380 3492 ubi
1412 3438 1675 3494 virtutum
1708 3456 1825 3510 per-
1932 3444 2040 3491 tem
2079 3435 2289 3501 fortior,
2323 3450 2482 3506 quam
2525 3445 2651 3490 tunc
2683 3450 2805 3489 cum
2841 3435 3102 3490 extremis
3131 3439 3533 3493 circumventus

220 3521 411 3589 fectio,
441 3532 498 3580 et
521 3525 774 3594 qutedam
796 3524 850 3580 in
874 3525 1034 3581 factis
1062 3535 1226 3598 atque
1242 3527 1408 3585 dictis
1433 3531 1717 3601 aqualitas
1739 3546 1828 3588 so-
1931 3528 2187 3597 periculis
2207 3543 2314 3584 non
2337 3529 2662 3599 desperabat
2681 3528 2936 3595 salutem,
2953 3528 3048 3584 sed
3072 3528 3318 3600 exigebat
3340 3531 3532 3584 trium-

221 3615 503 3673 brietatis.
1931 3618 2135 3690 phum?

877 3713 1106 3771 CAPUT
1143 3716 1236 3772 ΙΙΙ.
2005 3714 2094 3767 11.
2133 3713 2274 3780 Quid
2322 3715 2503 3768 Aaron
2529 3713 2786 3783 ,quando
2828 3727 2887 3768 se
2933 3712 3235 3768 beatiorem
3278 3711 3533 3780 credidit,

225 3798 398 3857 Petita
456 3819 485 3857 e
526 3801 820 3872 Scripturis
885 3805 1221 3861 beatitudinis
1283 3809 1513 3880 deﬁnitio
1587 3813 1832 3882 expendi-
1930 3821 2090 3877 quam
2119 3813 2248 3862 tunc
2279 3807 2494 3875 quando
2525 3805 2736 3860 medius
2766 3805 2917 3860 stetit
2946 3806 3091 3859 inter
3115 3806 3271 3859 vivos
3295 3820 3359 3860 ac
3388 3821 3536 3861 mor—

297 3904 401 3961 tur,
427 3895 912 3968 demonstraturque
949 3899 1083 3953 nihil
1118 3901 1221 3971 ipsi
1262 3902 1341 3956 uel
1389 3914 1600 3974 propter
1624 3916 1809 3962 externi

1933 3907 2078 3962 tuos,
2106 3906 2164 3953 et
2199 3896 2414 3967 obiectu
2442 3897 2526 3951 sui
2558 3897 2750 3950 statuit
2776 3908 3005 3950 mortem
3025 3936 3040 3960 ,
3075 3911 3144 3950 ne
3173 3896 3238 3950 ad
3281 3897 3531 3954 vivorum

298 3985 431 4041 bona
450 3987 718 4055 accedere,
751 3989 830 4043 vel
858 3989 1100 4045 decedere
1145 4001 1353 4064 prapter
1379 3996 1722 4052 incommoda.
1933 3992 2191 4046 transiret
2237 3990 2451 4060 agmina
2480 4004 2509 4042 a
2547 3989 2902 4044 cadaveribus
2943 3997 3282 4044 mortuorum
3331 3989 3531 4052 (Num.

305 4078 357 4133 8.
391 4079 459 4133 Et
485 4080 750 4147 quoniam
796 4081 911 4135 sola
966 4098 1148 4138 rerum
1179 4084 1408 4140 scientia
1455 4089 1682 4158 explosa
1725 4101 1809 4146 est

1935 4099 2053 4149 xvi,
2083 4081 2212 4151 48)?
2233 4081 2374 4150 Quid
2401 4081 2470 4137 de
2499 4096 2668 4151 puero
2699 4081 2920 4136 Daniele
2948 4081 3162 4152 loquar,
3194 4082 3283 4152 qui
3313 4089 3420 4136 tam
3449 4097 3538 4137 sa—

225 4169 319 4223 vel
349 4173 496 4240 quasi
520 4172 702 4226 inanis
723 4173 1022 4228 secundum
1045 4175 1414 4246 Philosophia:
1435 4179 1835 4250 disputationes
1935 4176 2090 4243 piens
2123 4182 2262 4238 erat.
2296 4182 2354 4227 ιιι
2393 4173 2534 4228 inter
2574 4173 2763 4228 leones
2796 4173 2940 4228 fame
2977 4182 3350 4244 exasperatos,
3386 4175 3533 4229 nulla

222 4263 560 4332 superﬂuas,
594 4263 682 4318 vel
711 4265 868 4334 quasi
897 4265 1279 4337 semiperfecta
1309 4271 1619 4337 sententia;
1653 4274 1835 4329 consi-
1932 4265 2174 4321 bestialis
2203 4265 2430 4321 saevitiae
2462 4265 2749 4322 formidine
2771 4265 3144 4336 frangeretur:
3173 4267 3245 4319 ita
3273 4267 3481 4321 alienus
3503 4283 3532 4320 a

224 4354 488 4412 deremus
515 4372 682 4427 quam
714 4359 942 4414 enodem
969 4359 1038 4415 de
1065 4376 1132 4416 eo
1151 4361 1332 4417 divina
1356 4365 1622 4433 scriptura
1647 4367 1809 4422 absol

1935 4367 2104 4428 metu,
2136 4368 2193 4414 ut
2219 4367 2403 4429 posset
2427 4358 2660 4428 epulari,
2689 4374 2788 4414 nec
2809 4369 3112 4425 vereretur,
3137 4375 3204 4414 ne
3228 4359 3296 4414 ad
3319 4368 3532 4429 pastum

223 4458 322 4504 vat
349 4452 705 4520 sententiam,
737 4452 806 4508 de
851 4469 958 4524 quo
989 4465 1011 4493 ο
1044 4463 1151 4509 tam
1184 4456 1510 4527 multiplices
1551 4469 1606 4514 et
1653 4460 1802 4529 impli

1940 4450 2188 4519 exemplo
2218 4448 2305 4503 sui
2337 4448 2478 4504 feras
2510 4459 2833 4518 provocaret
2865 4448 3028 4522 (Dan.
3062 4449 3214 4519 xxv)?

222 4553 383 4596 calas
411 4552 581 4614 atque
629 4544 886 4600 confusas
914 4546 1158 4603 videmus
1185 4563 1309 4604 esse
1355 4551 1686 4619 quaestiones
1711 4552 1838 4606 Phi-
2014 4542 2099 4597 η·
2141 4541 2241 4597 Εει
2283 4556 2413 4611 ergo
2449 4550 2504 4596 θι
2550 4545 2605 4596 in
2641 4542 2830 4597 ἀοιοτθ
2857 4542 3053 4608 Viri-IIS,
3087 4557 3206 4612 qua:
3235 4541 3340 4597 Sibi
3378 4541 3538 4597 bona!

224 4633 524 4704 Iosephiae.
574 4635 725 4691 Nihil
773 4639 919 4693 etaim
969 4639 1175 4695 bonum
1227 4640 1506 4711 scriptura
1556 4643 1658 4698 nisi
1696 4643 1841 4714 quod
1943 4635 2262 4690 suavitatem
2289 4633 2543 4689 exhibeat
2568 4634 2945 4700 conscientiae;
2975 4643 3030 4689 et
3058 4633 3180 4690 ideo
3207 4635 3403 4689 indicio
3431 4646 3538 4704 est,

226 4727 532 4784 honesturn
574 4733 793 4797 asserit,
825 4731 1194 4801 virtutemque
1220 4733 1272 4786 in
1305 4733 1454 4788 omni
1485 4749 1669 4790 rerum
1697 4745 1841 4792 statu
1943 4727 2087 4797 (ιυοί1
2135 4742 2242 4781 ιὶοῐι
2287 4726 2494 4780 "lin
2533 4723 2691 4778 ἀοιοτ
2731 4726 2948 4780 “mltis
2991 4727 3347 4796 νοῙυΡιθῑεηιο
3388 4727 3540 4783 δίουι

226 4819 453 4875 beatam
479 4821 716 4890 judicat,
745 4837 866 4892 quae
895 4838 1075 4893 neque
1096 4833 1359 4892 augeatur
1381 4824 1538 4879 bonis
1567 4829 1836 4896 corporis,
1944 4833 2074 4889 ergo
2101 4818 2246 4872 nulla
2277 4817 2455 4871 virtuti
2481 4814 2733 4870 decessio
2759 4815 3114 4872 beatitudinis
3142 4833 3239 4888 per
3273 4818 3540 4886 dolorem,

312 4944 342 4972 ⁸
372 4936 445 5008 Ita
474 4953 607 4992 mss.
639 4938 815 4993 multo
837 4936 1016 5007 plures
1047 4939 1424 5008 potioresque:
1449 4939 1536 4994 alii
1561 4950 1738 4996 autem
1767 4952 1851 4997 at—
1953 4935 2273 4998 Adeundum
2319 4932 2424 5008 h9_c
2467 4927 2609 4982 idem
2655 4937 2820 4997 caput
2866 4931 3005 5008 ξῖειέῐ
3034 4931 3142 5008 (13³9
3191 4931 3437 5008 Prom“?
3458 4947 3546 4988 εθ-

227 5007 663 5082 que_edit.,qute
690 5011 790 5063 sint
821 5001 873 5063 in
902 5001 1122 5064 domo'...
1150 5001 1353 5077 Gloria,
1378 5011 1564 5081 inquit,
1583 5021 1630 5066 et
1660 5013 1852 5070 divitia:
1953 5010 2280 5082 quentiaﬁx.
2299 5001 2492 5082 (1"“305
2514 5015 2621 5082 ιιρξι
2644 5014 2849 5082 Parim,
2879 5002 3015 5058 ίυείδ
3063 5002 3149 5056 his
3175 5018 3296 5071 «ιυω
3321 5002 3546 5058 uadum

224 5070 287 5131 iis
308 5078 486 5152 ‘domo
514 5070 652 5152 ejus,
687 5091 796 5136 etc.
1341 5070 1350 5077 ’
1550 5070 1562 5077 ’
1954 5070 2049 5152 ιύιή
2069 5080 2146 5152 ab
2165 5070 2472 5152 Ambrosio,
2495 5070 2657 5138 adjici
2680 5078 2874 5152 potest.

307 5147 342 5186 δ
373 5142 616 5205 Ειιὶι.ἐο
642 5167 775 5204 mss.
819 5152 1047 5220 aliquot,
1083 5152 1237 5223 factis
1264 5150 1486 5223 repellit.
2027 5151 2054 5188 ά
2106 5148 2252 5203 Edit.
2300 5156 2587 5239 cumruno
2634 5143 2924 5196 autaltero
2953 5157 3084 5196 mss.
3108 5183 3125 5210 ,
3154 5142 3547 5239 ἀςδριέξμςέἐῗ

315 5219 574 5239 -..μη-η
816 5222 826 5233 .
899 5221 944 5239 ._
985 5222 1044 5239 η.
1153 5223 1164 5239 .
1227 5238 1244 5239 η
1342 5233 1352 5239 .
1475 5224 1487 5239 .
1631 5238 1636 5239 ,
1800 5228 1810 5239 .
1979 5225 1990 5239 .
2339 5231 2351 5239 ,
2397 5228 2421 5239 λ
2455 5230 2487 5239 ,,
2538 5225 2646 5239 MM,
2699 5227 3201 5239 MMMMMAMA
3261 5230 3286 5239 Α

314 5230 342 5258 ε
366 5219 583 5276 Tullius
624 5223 678 5276 in
707 5221 859 5276 libris
887 5213 955 5276 de
985 5213 1106 5277 Fin'.
1151 5223 1278 5276 bon.
1305 5213 1358 5276 et
1383 5224 1510 5276 mal.
1545 5238 1646 5280 nec
1667 5241 1774 5281 non
1799 5228 1850 5282 in
1957 5225 2297 5298 demonstrem
2332 5231 2351 5298 .-
2396 5213 2488 5267 alii
2530 5225 2894 5298 Amss._‘magno
2921 5229 3147 5298 numero
3173 5227 3235 5295 et.
3257 5230 3548 5298 consensu.

228 5289 470 5346 Tuscul.
497 5303 694 5360 quaest.
732 5302 840 5346 tam
895 5295 1096 5349 multas
1126 5294 1410 5362 opiniones
1461 5295 1601 5348 circa
1636 5307 1854 5352 natura-
1961 5294 2280 5364 despuit..._..
2311 5287 2648 5364 demonstrat.
2669 5283 2782 5364 Nnon
2803 5284 3171 5364 incommode,
3193 5285 3238 5338 si
3261 5287 3423 5339 modo
3447 5287 3550 5343 ista

229 5360 357 5416 lem
378 5353 552 5443 .huju's
577 5365 699 5417 vita:
732 5364 1120 5418 beatitudinem
1149 5353 1270 5445 esse
1306 5366 1570 5445 agnoscit,
1593 5374 1652 5419 ut
1672 5369 1863 5423 confu-
1965 5353 2074 5421 duo
2131 5361 2300 5445 verba
2350 5354 2557 5412 referas
2583 5354 2652 5408 ad
2699 5353 3036 5424 Scripturam
3067 5355 3136 5410 de
3186 5370 3292 5425 qua
3320 5372 3552 5413 numero

230 5432 422 5514 s‘ionis
450 5434 686 5514 vitanda:
727 5449 889 5488 causa
919 5445 1146 5514 cogatur
1189 5434 1312 5488 illas
1342 5434 1652 5514 adﬁcertum
1677 5456 1868 5508 quem-
1966 5432 2255 5514 supet‘th‘i-
2407 5507 2418 5514 Α
2486 5513 2524 5514 η
2620 5497 2633 5514 ,
2670 5512 2707 5514 η
2758 5505 2790 5514 Α

233 5501 374 5556 dam
401 5504 650 5559 ordinem
684 5513 849 5574 atque
881 5495 1056 5575 capivta
1088 5521 1368 5561 revocare.
1403 5505 1636 5562 Sanctus
1683 5495 1866 5565 autem
2035 5495 2069 5543 ’θ
2102 5504 2276 5570 Εάίῑο,
2299 5507 2420 5575 Ροδι
2447 5513 2546 5564 ηδε»
2581 5497 2792 5568 abneget
2819 5497 3178 5568 semetipsum.
3209 5495 3378 5564 ιθααιὶ
3404 5512 3555 5567 "mu

232 5575 588 5651 Augustinus
638 5576 738 5651 lib.
769 5574 978 5651 surde
1004 5575 1120 5632 Civ.
1157 5577 1276 5651 Dei,
1305 5590 1427 5651 cap.
1471 5579 1526 5643 1,
1571 5579 1873 5636 aVarrone
1974 5585 2089 5651 post
2108 5592 2210 5651 me,
2235 5574 2402 5628 tollat.
2636 5637 2647 5651 .
2731 5639 2741 5651 ⁸
2895 5646 2904 5651 _
2987 5640 3014 5651 ν,

232 5637 527 5715 ρτοῖὶίιιιω
548 5646 744 5702 scribit
773 5647 991 5701 easdem
1018 5663 1188 5717 usque
1213 5637 1281 5701 ad
1307 5637 1416 5703 Ἣξὸ
1437 5637 1600 5719 posse
1624 5651 1873 5720 perduci.
1976 5637 1988 5651 ⁷
2051 5646 2071 5686 ί
2112 5637 2237 5702 Mss.
2273 5640 2539 5707 nonnulli,
2570 5637 2647 5693 vel
2674 5639 2741 5694 ad
2763 5640 3145 5709 constantiam,.

703 5738 982 5803 rumor.
1026 5739 1200 5804 XVI.
3104 5733 3140 5792 ι
