4030 6188
471 206 569 262 107

1838 195 2087 259 SANCTI
2125 196 2450 258 AMBROSII

3675 207 3780 262 103

466 321 539 374 ita
572 319 733 373 etiam
765 318 910 374 nulla
940 317 1182 372 accessio
1209 331 1306 386 per
1331 316 1667 385 voluptatem
1716 317 1963 383 corporis
1984 325 2076 370 aut
2102 313 2158 374 Δ
2180 320 2299 386 quia
2327 318 2560 372 esurialis
2598 318 2612 387 (
2646 313 2809 383 Ibid,
2844 315 2914 369 24
2944 326 2990 370 et
3016 317 3146 389 seq.)
3171 315 3184 371 !
3219 317 3282 373 Et
3312 317 3417 374 illis
3445 319 3536 390 qui
3569 319 3777 388 rident,

471 411 883 468 commodorum
914 410 1164 480 gratiam.
1201 409 1275 463 De
1305 411 1500 479 quibus
1532 409 1756 477 pulchre
1782 409 2077 478 Apostolus

470 507 546 560 ait
572 523 584 558 :
616 505 744 570 Qua:
774 505 899 556 nti/ti
932 503 1076 556 lucra
1107 505 1345 572 fuerunt,
1391 503 1499 555 Istuc
1529 503 1657 555 duxi
1688 512 1894 574 prop:er
1917 500 2073 555 Chri-

468 605 602 649 stum
645 595 948 648 detrimenta
987 609 1092 648 esse
1135 592 1304 664 (Phil.
1360 609 1446 655 In,
1485 596 1540 656 7,
1583 592 1660 662 8).
1715 594 1782 648 Et
1823 592 2070 647 addidit:

471 685 694 754 Propter
725 701 874 753 quem
913 685 1086 738 omnia
1122 686 1315 738 damno
1353 685 1509 751 duxi,
1547 694 1595 740 et
1625 687 1823 739 a'stirno
1866 696 1919 738 ut
1947 695 2074 738 ster-

466 795 605 841 cora,
642 788 695 832 ut
726 775 991 831 Christum
1019 777 1348 847 lucrifaciam
1371 777 1561 849 (Hebr.
1591 793 1666 841 ιι,
1692 776 1806 846 ἓϐ).

547 873 629 926 13.
676 870 923 939 Denique
957 869 1171 941 Moyses
1206 870 1464 926 datnntmt
1504 886 1661 924 suum
1692 870 1921 925 credidit
1952 869 2075 924 the-

467 978 659 1017 sauros
687 977 810 1017 esse
841 961 1246 1032 Egyptiarnm,
1292 971 1345 1016 et
1386 962 1740 1030 opprobrium
1779 959 2074 1015 Dominicae

469 1057 650 1112 crucis
699 1055 978 1126 praetulit:
1015 1071 1115 1109 nec
1144 1065 1270 1110 tunc
1309 1055 1462 1110 dives
1492 1072 1614 1110 cum
1646 1055 1948 1109 abundaret
1983 1070 2076 1124 pe-

468 1151 650 1212 cunia,
686 1165 785 1204 nec
822 1157 1009 1218 postea
1040 1164 1247 1219 pauper
1275 1164 1396 1203 cum
1429 1157 1615 1218 egeret
1643 1148 1938 1212 alimento;
1973 1145 2078 1202 nisi

466 1248 608 1301 forte
639 1253 767 1299 tunc
803 1243 966 1298 alicui
1005 1243 1184 1298 minus
1221 1243 1411 1298 beatus
1442 1241 1552 1314 74
1579 1241 1855 1296 videretur
1884 1241 2072 1303 fuisse,

465 1353 588 1394 cum
637 1338 689 1392 in
726 1337 946 1391 deserto
985 1335 1296 1404 quotidiana
1345 1335 1599 1388 alimonia
1641 1333 1746 1387 sibi
1789 1344 1841 1388 et
1878 1332 2078 1401 populo

465 1446 566 1486 suo
614 1428 852 1484 deforet.
900 1426 1008 1482 Sed
1055 1426 1196 1496 quod
1244 1425 1439 1479 summi
1490 1423 1702 1478 boniac
1731 1423 2078 1478 beatitudinis

470 1537 634 1578 nemo
664 1534 863 1588 negare
893 1517 1116 1581 audeat,
1157 1532 1354 1571 manna
1387 1517 1460 1582 ei,
1496 1516 1600 1571 hoc
1632 1526 1736 1582 est,
1771 1514 1924 1585 panis
1964 1515 2078 1570 An-

464 1615 713 1685 gelornm
737 1611 1152 1665 ministrabatur
1183 1625 1213 1664 e
1249 1609 1426 1664 ccelo:
1453 1610 1636 1663 carnis
1657 1623 1876 1678 qucque
1900 1608 2079 1678 quoti-

2179 412 2302 480 quia
2342 411 2624 478 lugebunt.
2667 410 2759 464 Sic
2798 426 2928 479 ergo
2960 426 3065 464 non
3098 412 3271 466 solum
3305 412 3638 469 adminiculo
3670 430 3781 470 non

2178 510 2304 556 sunt
2328 501 2395 556 ad
2423 501 2585 556 vitam
2617 501 2833 556 beatam
2859 499 2888 538 ι’
2915 503 3194 571 corporis,
3235 513 3328 558 attt
3358 514 3584 560 externa
3614 503 3777 575 bona,

2177 591 2271 646 sed
2299 593 2461 646 etiam
2501 592 2786 661 dispendio
2817 601 2960 647 sunt.

2252 685 2337 737 17.
2381 685 2509 738 Inde
2537 685 2680 738 enim
2716 683 2906 753 beatus
2935 683 3187 740 Nabutbe
3225 685 3387 742 etiam
3419 701 3542 742 cum
3573 686 3783 758 lapida-

2178 789 2329 831 retur
2354 795 2381 829 a
2411 777 2578 832 divite
2605 777 2706 846 (Ill
2740 778 2871 849 Reg.
2904 795 3013 845 XXI,
3052 777 3178 848 15),
3214 781 3336 850 quia
3380 795 3583 849 panper
3613 793 3668 837 et
3702 782 3784 836 in-

2178 871 2370 925 ﬁrmus
2405 872 2668 926 adversus
2703 887 2836 941 opes
2873 873 3068 942 regias,
3101 875 3216 928 solo
3247 881 3366 930 erat
3395 873 3585 931 affectu
3615 885 3670 932 et
3697 893 3786 933 re-

2178 963 2376 1034 ligione
2429 965 2614 1028 dives,
2669 975 2724 1018 ιιι
2775 966 3000 1033 pecunia
3052 966 3218 1036 regali
3267 978 3374 1022 non
3420 979 3788 1024 cotntnutaret

2181 1067 2420 1126 paterna:
2449 1059 2622 1112 vineae
2658 1058 3030 1113 luereditatem
3060 1075 3073 1111 :
3105 1073 3279 1130 coque
3323 1060 3625 1130 perfectus,
3659 1061 3787 1132 quia

2179 1152 2442 1222 sanguine
2481 1152 2700 1222 proprio
2727 1151 3049 1207 defenderet
3071 1153 3192 1223 jura
3227 1153 3491 1222 majorum
3532 1167 3783 1209 suorum.

2181 1245 2308 1300 Inde
2353 1261 2566 1316 quoque
2611 1247 2778 1300 miser
2822 1245 3006 1301 Achab
3044 1245 3208 1301 etiam
3252 1262 3350 1301 suo
3397 1247 3624 1316 judicio.
3659 1249 3785 1315 quia

2180 1351 2472 1407 pauperem
2508 1338 2686 1393 necari
2717 1337 2915 1392 fecerat
2938 1355 2951 1400 ;
2978 1347 3037 1392 ut
3059 1338 3177 1407 ejus
3212 1337 3516 1408 possideret
3543 1342 3782 1394 vineam.

2254 1429 2340 1484 18.
2382 1428 2600 1484 Certum
2644 1441 2726 1484 est
2771 1430 2945 1484 solum
2993 1440 3050 1485 et
3093 1445 3365 1485 summum
3411 1430 3615 1486 bonum
3667 1446 3791 1487 esse

2182 1522 2456 1584 virtutem,
2490 1535 2718 1592 eamque
2757 1521 3034 1578 abundare
3066 1523 3236 1577 solam
3283 1521 3351 1578 ad
3393 1522 3518 1578 vitte
3552 1524 3788 1580 fructum

2180 1613 2352 1668 beata:
2377 1631 2389 1666 :
2419 1628 2520 1667 nec
2548 1615 2788 1668 externis
2814 1624 2907 1668 aut
2933 1615 3182 1684 corporis
3206 1613 3362 1670 bonis
3385 1657 3400 1680 .
3448 1615 3546 1671 sed
3583 1615 3789 1671 virtute

468 1707 630 1764 diana
665 1705 842 1774 pluvia
882 1704 1048 1757 totius
1082 1703 1252 1772 plebis
1295 1703 1476 1772 epulis
1505 1701 1846 1758 redundabat
1876 1700 2072 1773 (Exod.
2107 1697 2158 1761 B
2182 1706 2297 1759 sols
2338 1707 2502 1759 vitam
2536 1707 2778 1775 pnestari
2808 1707 3043 1771 beatam,
3089 1721 3186 1775 per
3226 1721 3389 1777 quam
3430 1709 3536 1763 vita
3583 1717 3790 1766 aeterna

466 1815 584 1866 xvr,
619 1798 685 1852 15
723 1806 769 1850 et
810 1795 971 1865 seq.).

541 1891 628 1944 lt.
673 1887 806 1944 Elia:
841 1901 1058 1956 quoque
1101 1893 1293 1942 sancto
1323 1886 1478 1954 panis
1507 1885 1576 1940 ad
1616 1886 1820 1940 victum
1858 1885 2070 1951 deerat,

465 1985 512 2038 si
542 1989 881 2054 quuzreretur
915 1979 932 2050 (
961 1979 1023 2032 ιιι
1057 1978 1184 2049 Reg.
1220 1994 1352 2041 xvu,
1382 1977 1456 2046 6)
1483 1995 1498 2030 :
1531 1978 1625 2032 sed
1654 1993 1760 2032 non
1789 1977 2075 2032 videbatur

465 2074 678 2137 deesse,
709 2074 834 2140 quia
869 2088 976 2126 non
1012 2071 1377 2140 quaerebatur.
1411 2069 1599 2138 Itaque
1639 2069 1838 2124 diurno
1875 2085 2072 2124 corvo-

465 2180 585 2218 rum
611 2163 876 2232 obsequio
904 2178 1060 2217 mane
1086 2163 1261 2230 panis,
1294 2177 1424 2216 caro
1453 2161 1518 2216 ad
1548 2177 1832 2231 vesperam
1865 2162 2075 2218 defere-

465 2257 644 2312 batur.
676 2255 949 2326 Numquid
979 2254 1104 2309 ideo
1129 2255 1308 2308 minus
1331 2254 1542 2318 beatus,
1573 2255 1696 2325 quia
1727 2269 1931 2323 pauper
1956 2264 2074 2309 erat

463 2350 606 2405 sibi?
634 2349 869 2403 Minimo.
909 2347 1079 2402 Immo
1109 2362 1175 2402 eo
1213 2347 1383 2415 magis
1415 2347 1628 2412 beatus,
1657 2348 1780 2416 quia
1812 2357 1932 2402 erat
1961 2347 2076 2402 Deo

460 2443 636 2498 dives.
675 2443 807 2495 Aliis
833 2442 976 2495 enim
1011 2456 1174 2510 quam
1200 2441 1306 2494 sibi
1335 2440 1556 2493 divitem
1589 2454 1711 2493 esse
1748 2448 1990 2507 prmstat,
2017 2450 2074 2493 ut

462 2539 564 2592 iste
594 2545 736 2600 erat,
765 2535 857 2605 qui
898 2543 1146 2603 tempore
1173 2533 1332 2586 famis
1373 2533 1556 2586 cibum
1584 2546 1616 2583 a
1642 2531 1799 2586 vidua
1832 2533 2068 2598 petebat,

467 2630 761 2699 largiturus
807 2636 865 2681 ttt
915 2627 1107 2697 hydria
1151 2625 1342 2679 farinae
1390 2639 1486 2690 per
1532 2624 1827 2680 triennium
1873 2633 1927 2678 et
1970 2639 2067 2679 sex

465 2735 684 2776 menses
733 2734 838 2772 n0n
884 2719 1168 2782 deficeret,
1215 2725 1270 2769 et
1310 2714 1658 2783 quotidianus
1686 2729 1817 2769 usus
1843 2716 1948 2770 olei
1979 2731 2073 2770 vas

462 2812 644 2867 viduae
667 2811 813 2879 inopi
837 2808 1117 2863 sufliceret
1142 2822 1204 2861 ac
1234 2806 1570 2860 ministraret
1597 2805 1784 2879 (Mitt,
1819 2806 1931 2876 14).
1962 2808 2074 2862 Me-

465 2907 573 2961 rito
604 2905 674 2960 ibi
705 2902 921 2958 volebat
951 2901 1144 2956 Petrus
1166 2914 1311 2962 esse.
1333 2898 1426 2953 ubi
1455 2899 1586 2953 istos
1611 2899 1828 2954 videbat
1854 2898 2068 2971 (Matth.

470 2997 707 3069 xvu,4).
737 2995 998 3051 Meritoin
1031 3004 1218 3048 monte
1248 2993 1605 3048 cumChristo
1625 2994 1681 3048 in
1705 2993 1874 3064 gloria
1906 3009 2072 3063 appa-

2174 1798 2498 1868 aequiritnr.
2549 1799 2668 1853 Vita
2720 1800 2865 1854 enim
2921 1800 3074 1853 beata
3129 1799 3338 1853 fructus
3388 1799 3785 1870 praesentium:

2173 1891 2284 1944 vita
2312 1900 2491 1944 autem
2516 1900 2722 1944 aeterna
2751 1905 2876 1960 spes
2905 1890 3212 1944 futurorum
3242 1898 3346 1944 est.

2242 1982 2349 2054 75
2373 1983 2452 2037 l9.
2475 1982 2611 2038 Sunt
2634 1991 2814 2037 tamen
2843 1985 2934 2053 qui
2967 1985 3022 2036 in
3049 1983 3150 2037 hoc
3163 1995 3400 2052 corpore
3416 1992 3521 2038 tam
3540 1981 3782 2051 infirmo,

2172 2081 2280 2127 tam
2322 2073 2540 2143 fragili,
2581 2073 2972 2142 impossibiletn
3006 2074 3170 2126 vitam
3206 2073 3425 2128 beatam
3454 2081 3684 2143 putent,
3731 2075 3783 2129 in

2173 2181 2280 2235 quo
2304 2179 2528 2220 necesse
2550 2174 2633 2219 est
2656 2175 2676 2202 °
2701 2166 2856 2234 angi,
2883 2164 3092 2229 dolere,
3113 2164 3426 2234 deplorare,
3450 2179 3783 2236 a‘grescere:

2169 2259 2322 2328 quasi
2355 2272 2486 2312 vero
2516 2273 2617 2327 ego
2649 2259 2704 2311 in
2732 2259 2984 2327 corporis
3013 2259 3384 2313 exsultatione
3413 2259 3588 2312 dicam
3616 2259 3779 2314 vitam

2171 2351 2383 2406 beatam
2414 2353 2718 2404 consistere
2739 2391 2754 2412 ,
2795 2358 2850 2404 et
2894 2365 3006 2404 non
3038 2350 3090 2403 in
3127 2349 3416 2405 altitudine
3451 2351 3742 2419 sapientia:
3768 2393 3782 2418 ,

2172 2445 2438 2500 suavitate
2459 2444 2806 2498 conscientiae
2826 2483 2841 2506 ,
2864 2443 3081 2497 virtutis
3104 2443 3461 2498 sublimitate.
3489 2439 3606 2498 Non
3635 2445 3780 2498 enim

2172 2538 2225 2592 in
2259 2539 2506 2607 pa~sione
2530 2552 2650 2592 esse
2668 2578 2682 2599 ,
2711 2535 2808 2591 sed
2837 2537 3100 2590 victorem
3123 2549 3242 2590 esse
3271 2536 3538 2604 passionis
3566 2535 3781 2591 beatum

2175 2642 2292 2696 est,
2325 2647 2425 2686 nec
2457 2630 2632 2699 frangi
2663 2630 2984 2700 temporalis
3015 2626 3043 2665 ἀ
3075 2637 3224 2682 motu
3253 2628 3479 2682 doloris.

2245 2725 2338 2781 20.
2372 2725 2516 2778 Pone
2544 2723 2798 2777 accidere
2838 2723 2954 2776 hate
2979 2736 3101 2790 quae
3130 2722 3312 2792 gravia
3343 2720 3412 2774 ad
3437 2722 3546 2774 vim
3577 2720 3784 2776 doloris

2176 2816 2445 2879 feruntur,
2467 2815 2807 2880 caecitatem,
2839 2815 3130 2879 exsilium,
3165 2812 3362 2868 fam-em
3383 2856 3397 2879 ,
3443 2819 3692 2882 stuprum
3725 2813 3786 2867 li-

2177 2910 2288 2973 liae,
2317 2907 2666 2964 amissionem
2693 2909 3014 2963 liberorum.
3039 2908 3169 2973 Quis
3195 2915 3353 2976 neget
3375 2906 3590 2960 beatum
3614 2905 3782 2966 Isaac,

2175 3001 2265 3069 qui
2311 3015 2418 3055 non
2447 3000 2662 3054 videbat
2701 3003 2754 3054 in
2785 3008 3070 3054 senectute
3094 3035 3109 3065 ,
3148 3010 3202 3052 et
3251 2998 3618 3052 beatitudines
3672 2998 3785 3052 suis

471 3099 702 3146 ruerqu
718 3107 731 3153 ;
748 3089 871 3158 (ιυῖτι
888 3088 1070 3156 “ipse
1091 3099 1292 3155 ρευιιθτ
1308 3086 1721 3152 fac-“$69.01!!!!
1736 3085 1885 3141 dives
1900 3095 2067 3140 esse!"
2097 3069 2149 3134 (ἶ
2175 3093 2646 3150 benedictionibus
2667 3091 3145 3162 conferebat(Geu.
3161 3092 3326 3156 mm
3343 3100 3393 3143 et
3407 3089 3540 3159 seq.)
3554 3089 3784 3144 ‘PAnnon

548 3185 632 3238 15.
674 3182 892 3237 Nullum
943 3195 1074 3249 ergo
1132 3178 1522 3232 adminiculum
1575 3187 1832 3248 praastant
1869 3177 2074 3232 divitia

470 3275 537 3329 ad
562 3275 724 3328 vitam
758 3273 994 3326 beatam.
1022 3269 1175 3336 Quod
1207 3270 1488 3325 evidenter
1521 3271 1782 3325 Dominus
1807 3271 1858 3324 in
1888 3270 2073 3324 Evan-

471 3369 614 3438 gelio
653 3364 1043 3421 demonstravit
1088 3363 1318 3418 dicens:
1361 3373 1386 3398 ιι
1422 3361 1568 3416 Beati
1615 3379 1904 3432 pauperes,
1947 3379 2078 3430 quo-

472 3462 614 3515 niam
643 3468 866 3513 vestrum
891 3466 964 3511 est
993 3474 1211 3527 regnum
1242 3455 1351 3510 Dei.
1388 3454 1534 3508 Beati
1563 3457 1651 3522 qui
1681 3473 1813 3510 nunc
1843 3457 2076 3510 esuriant

473 3564 521 3608 et
547 3554 750 3615 sitiunt,
772 3551 891 3620 quia
919 3549 1310 3602 saturabuntur.
1335 3545 1481 3601 Beati
1506 3549 1591 3616 qui
1615 3563 1748 3600 nunc
1774 3549 1931 3618 ﬂetis,
1954 3548 2076 3617 quia

481 3645 711 3701 ridebitis
753 3643 934 3715 (Luc.
971 3659 1046 3708 vt,
1079 3642 1149 3695 90
1187 3653 1232 3696 et
1260 3640 1410 3710 δρψ),
1457 3641 1639 3709 Itaque
1681 3651 2077 3711 paupertatem,

473 3739 695 3802 famem,
720 3737 992 3802 dolorem,
1016 3753 1134 3802 qtae
1166 3743 1424 3805 putantur
1455 3735 1614 3799 mala,
1643 3750 1748 3788 non
1778 3735 1952 3789 solum
1978 3736 2079 3790 ili-

475 3831 788 3899 pcdimento
816 3844 924 3884 non
949 3842 1070 3884 esse
1099 3826 1164 3882 ad
1195 3829 1360 3881 vitam
1388 3827 1625 3891 beatam,
1655 3827 1753 3882 sed
1783 3828 1945 3882 etiam
1985 3828 2080 3882 ad-

475 3921 720 3992 iumento
750 3920 1165 3978 evidentissima
1197 3921 1602 3987 pronuntiatum
1631 3927 1734 3974 est.

712 4075 716 4078 _
1110 4012 1339 4070 CAPUT
1381 4013 1446 4068 γ.

484 4109 613 4178 Qua:
650 4118 895 4178 putantur
933 4108 1088 4173 bona,
1126 4108 1424 4176 plerumque
1462 4108 1824 4176 impedimento
1868 4126 1974 4163 esse
2013 4111 2080 4163 ad

552 4203 754 4255 beatam
777 4201 932 4253 vitam
957 4217 974 4252 :
997 4209 1042 4252 et
1064 4214 1178 4267 qum
1201 4199 1362 4262 mala,
1383 4201 1649 4253 materiam
1671 4217 1779 4254 esse
1801 4203 2042 4255 virtutum
2062 4217 2080 4255 :

553 4294 690 4361 quod
720 4292 1051 4346 beatitudinis
1075 4309 1136 4344 ac
1161 4291 1278 4345 aliis
1304 4293 1550 4359 exeruplis
1577 4295 1932 4360 con/irritatur.

555 4385 644 4440 16.
688 4383 797 4440 Sed
824 4392 880 4439 et
911 4383 998 4438 illa
1030 4398 1151 4451 quae
1175 4383 1426 4437 videntur
1453 4383 1616 4446 bona,
1645 4384 1885 4451 divitias,
1916 4385 2084 4442 satie-

2179 3188 2374 3245 beatus
2389 3185 2560 3242 Jacob
2581 3186 2673 3256 qui
2708 3183 2969 3254 profugus
3003 3184 3172 3252 patria
3195 3182 3378 3241 domo,
3405 3179 3785 3235 mercenarius

2181 3291 2366 3353 pastor
2407 3280 2660 3334 exsilium
2690 3277 2983 3342 sustinuit,
3019 3278 3143 3330 tiliae
3176 3275 3490 3344 pudicitiam
3525 3274 3790 3344 ingemuit

2179 3389 2299 3429 esse
2317 3383 2658 3436 temeratam,
2680 3371 2873 3426 famem
2897 3370 3120 3442 pertulit
3137 3369 3290 3441 (Gen.
3317 3368 3542 3432 anni,
3559 3378 3612 3420 et
3628 3367 3788 3438 seq.)?

2179 3467 2294 3521 Non
2315 3481 2448 3533 ergo
2471 3465 2612 3518 beati
2633 3479 2864 3534 quorum
2889 3463 2992 3517 lit-le
3009 3463 3152 3516 Deus
3165 3458 3362 3529 accipit
3382 3460 3780 3521 testimonium,
3863 3477 3872 3484 ε

2180 3574 2303 3612 cum
2331 3558 2529 3611 dicitur
2559 3573 2572 3609 :
2599 3555 2745 3610 Deus
2765 3556 3046 3618 Altrabant,
3081 3553 3220 3607 Deus
3241 3552 3419 3617 Isaac,
3451 3551 3590 3606 Deus
3618 3547 3786 3606 Iacob

2181 3649 2334 3722 (Gen.
2372 3665 2557 3706 xxxw.
2595 3651 2620 3703 1
2651 3661 2699 3702 et
2720 3646 2880 3718 seq.)?
2909 3647 3104 3701 Misera
3147 3655 3231 3700 est
3252 3646 3508 3710 servitus,
3540 3645 3641 3700 sed
3673 3659 3777 3699 non

2183 3747 2347 3797 miser
2375 3741 2610 3808 Joseph;
2647 3742 2813 3795 immo
2841 3740 2998 3806 plane
3039 3739 3260 3801 beatus,
3290 3752 3413 3792 cum
3446 3737 3688 3792 domina:
3717 3737 3783 3792 li-

2182 3835 2396 3889 bidines
2422 3835 2472 3887 in
2503 3834 2763 3888 servitute
2792 3830 2999 3900 positum
3038 3837 3324 3885 coerceret
3358 3828 3510 3899 (Gen.
3547 3839 3730 3890 nm.
3753 3827 3786 3883 8

2181 3935 2230 3979 et
2257 3923 2532 3995 seq.)Quid
2545 3925 2612 3978 de
2628 3940 2684 3978 sa
2695 3934 2816 3978 octo
2827 3922 3002 3976 David
3021 3923 3227 3992 loquar,
3252 3923 3341 3990 qui
3363 3921 3528 3976 trium
3546 3921 3784 3977 ﬁliorum

2183 4017 2485 4087 deploravit
2509 4026 2532 4054 ε
2566 4017 2775 4071 obitum
2801 4014 2871 4084 (li
2895 4015 3021 4085 Reg.
3053 4029 3176 4078 xm,
3207 4015 3284 4082 3),
3312 4023 3366 4069 et
3395 4013 3545 4084 quod
3573 4015 3654 4068 bis
3684 4016 3784 4071 du-

2183 4115 2319 4178 rius,
2355 4112 2618 4167 incestum
2650 4110 2777 4164 filiae
2797 4109 2861 4179 (ll
2887 4109 3014 4179 Reg.
3043 4124 3193 4174 xvu-t,
3217 4109 3345 4179 53)?
3367 4109 3653 4175 Quomodo
3679 4126 3784 4164 non

2183 4205 2418 4265 beatus,
2459 4203 2526 4258 de
2553 4204 2711 4270 cujus
2749 4203 3138 4255 sttceessionne
3181 4200 3539 4255 beatitudinis
3591 4212 3786 4257 auctor

2183 4304 2404 4350 exortus
2432 4303 2541 4354 cst,
2572 4293 2660 4359 qui
2699 4291 2963 4360 plurimos
2999 4287 3128 4343 iecit
3183 4290 3413 4344 beatos?
3446 4289 3597 4345 Beati
3639 4294 3784 4347 enim

2184 4387 2274 4456 qui
2296 4403 2397 4439 non
2414 4384 2648 4438 uiderunt
2671 4393 2718 4436 et
2733 4380 3261 4452 credideruntanu.
3282 4395 3373 4446 xx,
3399 4382 3517 4453 29).
3542 4381 3790 4441 Fuerunt

479 4486 672 4543 tatem,
697 4475 939 4530 lmtitiam
965 4485 1244 4544 expertem
1266 4474 1492 4540 doloris,
1512 4475 1840 4532 detrimento
1865 4493 1988 4534 esse
2008 4477 2075 4532 ad
2102 4457 2158 4519 Ῑ)
2184 4481 2351 4551 etipsi
2368 4481 2418 4533 in
2435 4492 2598 4534 sensu
2624 4477 2974 4538 infirmitatis,
3001 4476 3096 4531 sed
3124 4477 3444 4531 evaluerunt
3462 4477 3530 4532 de
3558 4478 3790 4532 infirmi-

474 4571 707 4626 fructum
758 4568 1128 4630 beatitudinis,
1179 4567 1458 4622 Dominico
1499 4568 1828 4624 declaratum
1874 4571 2080 4639 judicio

476 4663 672 4733 liquet,
706 4678 828 4718 cum
865 4660 1108 4715 dicitur:
1145 4659 1229 4713 Vw
1261 4659 1398 4714 vobis
1441 4659 1699 4724 diuitibus,
1733 4663 1858 4730 quia
1887 4663 2086 4717 habetis

478 4753 876 4810 consolationem
922 4752 1176 4808 vestram!
1227 4751 1320 4806 Va:
1365 4753 1508 4807 vobis.
1547 4754 1658 4823 quid
1679 4757 1896 4808 δαίωναή
1934 4757 2076 4823 estis,

549 5011 575 5038 ι
629 5002 757 5057 Μςε,
808 5001 1039 5078 aliquot,
1095 4997 1244 5078 Beati
1292 5003 1752 5078 pattperesspiritu
1781 5023 1793 5068 ;
1825 5010 2079 5078 sequenti

475 5081 846 5144 autemivcrsu
881 5071 1011 5126 edit.
1051 5073 1205 5136 solae,
1236 5080 1285 5123 et
1313 5073 1500 5144 sitiunt
1521 5076 1804 5144 justitiam.

549 5143 576 5180 ιθ
634 5143 758 5196 Mss.
820 5155 1075 5211 quatuor,
1118 5143 1349 5211 corporis
1390 5143 1698 5212 voluptates,
1745 5158 2077 5206 παρεξίοιεν-ηπ

478 5214 648 5278 bona;
692 5213 886 5289 mrbus
938 5214 1068 5275 alii,
1119 5214 1356 5283 corporis
1397 5224 1486 5267 aut
1533 5227 1744 5273 externa
1789 5220 1960 5289 bona;
1995 5225 2077 5278 uti

480 5299 664 5352 supra.
694 5285 782 5336 71.

553 5365 582 5425 αῖ·
606 5354 864 5408 Nonnulli
888 5369 1046 5419 mss.,
1073 5355 1196 5422 angi
1221 5355 1421 5419 dolore,
1453 5357 1747 5425 deplorare.

550 5423 576 5462 (³
607 5425 775 5498 Paris.
807 5427 1054 5498 quapiam
1081 5426 1239 5483 edit.
1265 5438 1400 5480 metu
1424 5423 1648 5492 doloris;
1677 5431 1795 5484 alim
1819 5446 1880 5485 ac
1909 5448 2066 5498 mss,

477 5508 620 5551 motu
649 5496 864 5549 doloris.
897 5494 1169 5550 Continuo
1197 5508 1375 5550 autem
1423 5499 1510 5550 ubi
1542 5515 1732 5554 omnes
1763 5501 1894 5556 edit.
1942 5494 2065 5558 cum

477 5569 696 5623 duobus
732 5569 958 5620 omnino
980 5581 1137 5630 mss.,
1170 5576 1472 5622 metuente»:
1502 5569 1772 5630 accidere;
1807 5586 1935 5626 mss.
1963 5574 2065 5628 ali-

477 5649 629 5706 quol.
670 5653 829 5700 potius
856 5638 1107 5696 accidere,
1163 5654 1443 5701 perierant
1478 5657 1492 5704 ;
1522 5639 1613 5694 alii
1643 5639 1928 5706 noonulli,
1977 5655 2067 5698 nec

477 5723 638 5779 paenw
660 5708 888 5760 accidere
909 5709 1035 5761 liceo.
1067 5708 1254 5762 Melius
1275 5710 1521 5778 quidem;
1556 5709 1658 5766 sed
1698 5711 1939 5768 omnium
1971 5730 2064 5785 op~

2190 4584 2298 4629 tate
2342 4573 2530 4627 fortes.
2595 4570 2733 4638 Quid
2765 4569 3092 4623 laboriosius
3120 4579 3306 4624 autem
3331 4577 3524 4624 sancto
3559 4569 3666 4625 Job
3696 4573 3785 4627 vel

2193 4667 2212 4706 ί
2235 4669 2292 4724 in
2317 4666 2509 4722 domus
2541 4665 2814 4727 incendio,
2831 4663 2914 4718 vel
2946 4662 3179 4716 ﬁliorum
3203 4662 3392 4718 decem
3425 4663 3645 4718 interitu
3668 4679 3787 4720 mo.

2188 4771 2512 4826 meutaneo,
2559 4757 2837 4813 doloribus
2897 4755 3214 4825 corporeis?
3265 4755 3534 4826 Numquid
3603 4758 3788 4814 minus

2184 5010 2310 5064 time
2340 5009 2551 5065 Tltuan.
2582 5017 2635 5063 et
2667 5006 2755 5060 alii
2808 5005 2965 5073 longe
3022 5001 3282 5072 plurimi:
3317 4999 3463 5056 Pone
3505 5003 3784 5069 accidere,

2185 5080 2244 5135 id
2295 5092 2410 5138 est.
2462 5079 2567 5141 l'ac,
2619 5088 2769 5141 esto,
2818 5076 2959 5143 tinge
3012 5092 3024 5127 :
3095 5089 3219 5144 quae
3266 5073 3433 5128 verba
3487 5074 3786 5130 rhetorica:

2179 5151 2525 5206 ςιιιιοιιςείοηὶ
2554 5149 2879 5203 inserviunt.

2257 5233 2279 5257 θ
2329 5221 2400 5274 Ita
2435 5236 2564 5275 mss.
2611 5234 2823 5273 summo
2851 5229 3154 5278 consensu;
3185 5212 3318 5268 edit.
3348 5228 3482 5269 vero
3511 5215 3780 5280 subdunt,

2179 5293 2442 5345 interitum
2489 5293 2700 5344 Ammon
2749 5297 2796 5341 et
2844 5284 3070 5339 Absalon
3115 5295 3271 5354 atque
3308 5286 3559 5354 infantuli
3613 5302 3678 5340 ea;
3723 5302 3787 5343 ea

2176 5379 2290 5431 qua:
2318 5365 2416 5432 fuit
2437 5362 2578 5416 Uria:
2608 5361 2835 5432 nati...._.
2867 5357 2991 5432 ﬁlia:
3017 5354 3260 5432 Thamar.

2253 5433 2272 5471 ί
2318 5425 2455 5486 Μές.
2491 5431 2768 5489 nonnulli,
2803 5429 2853 5479 in
2898 5427 3170 5479 domorunt
3212 5425 3452 5480 incendio
3476 5443 3494 5480 :
3525 5425 3620 5480 sed
3653 5443 3780 5482 cum

2173 5504 2375 5558 nullam
2405 5505 2524 5556 .lobi
2557 5503 2774 5553 domum
2830 5497 3082 5551 incendio
3111 5507 3492 5566 consumptam
3523 5497 3572 5550 in
3604 5500 3787 5555 δειρῆς

2172 5573 2380 5644 paginis
2413 5571 2772 5643 reperiamus,
2820 5584 2922 5644 non
2974 5570 3235 5644 deerunt_
3259 5567 3398 5621 forte
3428 5569 3518 5634 qtti
3550 5583 3784 5644 suspecg

2173 5639 2282 5700 iam
2303 5639 2534 5698 habeant
2558 5653 2842 5707 utramque
2865 5639 3464 5707 lectionennAtIamen
3489 5650 3644 5694 recte
3664 5639 3780 5697 dici

2170 5722 2349 5787 potest
2386 5713 2568 5769 domus
2603 5706 2920 5777 incendium,
2950 5723 3048 5780 pro
3081 5706 3238 5765 clade
3290 5706 3433 5764 illius
3481 5721 3545 5764 ac
3595 5710 3783 5768 ruina.
