4010 6186
232 205 323 262 W9

1301 209 1387 266 DE
1425 206 1721 268 OFFlCllS
1759 202 2234 268 MINIS‘I'RORUM
2279 209 2408 269 LlB.
2451 212 2516 268 ll.

3460 214 3565 275 HO

235 323 435 390 beatus,
463 337 637 395 quam
657 325 709 382 si
745 326 841 381 illa
876 341 987 381 non
1014 325 1359 398 pertulisset,
1402 326 1455 380 in
1490 326 1685 397 quibus
1724 342 1837 383 ma-
1866 330 1911 391 Α
1941 327 2097 399 guine
2122 343 2234 380 meo
2266 322 2443 399 (Psal.
2478 342 2636 393 xxix,
2664 326 2754 398 l0)
2787 343 2802 393 ;
2831 324 2885 383 id
2917 335 3023 395 est,
3056 329 3145 398 qui
3167 328 3392 399 iustitiae
3423 347 3561 388 mete

240 418 312 489 gis
335 417 598 487 probatus
620 427 713 473 est
743 416 877 491 (Job
908 435 951 483 ι,
990 420 1052 474 Η
1081 434 1220 491 seq.;
1255 433 1313 483 ιι,
1342 418 1374 472 7
1394 418 1567 488 seq)?

301 512 390 567 Si.
423 513 555 568 Esto
580 521 779 569 tamen
820 515 993 569 fuisse
1025 514 1077 567 in
1116 513 1226 569 illis
1254 512 1454 584 aliquid
1494 513 1807 569 acerbitatis
1829 553 1845 579 ,

243 619 392 676 quem
438 608 614 662 virtus
648 606 825 661 animi
881 622 989 661 non
1031 605 1318 661 abscondit
1349 604 1613 661 dolorem.
1663 605 1848 675 Neque

243 703 379 758 enim
425 709 453 738 ι
494 701 842 771 profundum
892 714 1049 756 mare
1100 702 1447 772 negaverim,
1489 700 1613 772 quia
1647 699 1846 754 vadosa

242 805 358 849 sunt
384 794 569 849 littora
597 810 614 861 ;
651 810 834 867 neque
863 795 1065 852 omium
1107 795 1347 850 lucidum
1371 837 1385 861 ,
1418 792 1543 866 quia
1569 793 1844 851 interdum

235 889 508 944 obtexitur
528 889 812 945 nubibus:
857 902 1036 960 neque
1105 895 1308 945 terram
1353 888 1640 944 fecundam
1669 931 1682 953 ,
1720 888 1847 959 quia

234 981 503 1051 aliquibus
527 981 671 1036 locis
692 981 879 1051 jejuna
901 979 931 1020 ι’
954 982 1142 1050 glarea
1174 993 1258 1038 est
1280 998 1294 1033 :
1316 990 1410 1036 aut
1430 980 1581 1035 luctas
1609 986 1843 1051 segetes,

232 1074 356 1143 quia
385 1073 762 1129 intermixtam
785 1075 967 1128 solent
987 1073 1191 1129 habere
1217 1075 1460 1129 sterilem
1488 1086 1734 1127 avenam.
1762 1071 1848 1128 Si-

232 1156 435 1219 militer
462 1174 591 1234 puta
614 1172 637 1205 ε
665 1164 839 1220 beate
866 1178 1105 1220 messem
1127 1164 1483 1221 Conscientiae
1511 1163 1843 1233 interpellari

231 1258 415 1329 aliquo
455 1257 662 1315 acerbo
707 1258 940 1313 doloris.
971 1257 1161 1314 Nonne
1190 1258 1360 1313 totius
1400 1258 1690 1330 manipulis
1720 1257 1845 1312 vitae

230 1349 440 1416 beata,
476 1351 523 1405 si
551 1349 685 1421 quid
725 1349 867 1406 forte
895 1350 1093 1405 accidit
1131 1351 1349 1406 adversi
1380 1360 1543 1421 atque
1584 1350 1848 1405 amaritu-

230 1442 403 1509 dinis,
435 1452 718 1514 tamquam
746 1443 951 1498 sterilis
987 1457 1158 1499 avena
1189 1444 1564 1508 absconditur,
1594 1456 1684 1498 aut
1711 1450 1848 1496 tam-

228 1550 390 1607 quam
415 1536 533 1591 lolii
574 1536 885 1591 amaritudo
915 1537 1175 1591 frumenti
1209 1536 1478 1592 suavitate
1513 1532 1845 1592 obducitur?

227 1624 380 1685 ‘Sed
399 1629 514 1699 iam
534 1627 607 1682 ad
641 1628 917 1698 proposita
948 1640 1263 1698 pergamus.

768 1721 896 1793 τε.
935 1719 1167 1777 CAPUT
1210 1719 1303 1777 rt.

224 1811 307 1869 De
328 1814 450 1868 utili
476 1830 583 1868 non
610 1822 906 1883 questqu
926 1813 1044 1880 illo,
1072 1813 1164 1868 sed
1190 1815 1340 1884 justo
1370 1816 1418 1868 et
1448 1813 1684 1878 honesto,
1710 1815 1847 1883 quod

292 1909 455 1964 etiam
483 1906 695 1962 damnis
730 1908 979 1978 quaeritur
1009 1921 1027 1961 :
1052 1923 1114 1961 ac
1138 1906 1391 1961 dividitur
1426 1907 1481 1961 in
1509 1908 1636 1961 utile
1665 1922 1849 1978 corpo-

293 2016 445 2055 reum
466 2011 516 2055 ct
552 2002 795 2073 pietatis.

292 2096 391 2148 22.
434 2094 739 2163 Superiore
779 2094 921 2148 libro
951 2094 1025 2148 ita
1055 2102 1079 2131 °
1110 2093 1442 2148 divisionem
1486 2091 1749 2159 fecimus,
1790 2102 1850 2148 ut

225 2187 406 2257 primo
432 2186 556 2241 loco
578 2195 728 2241 esset
755 2186 1046 2241 honestum
1079 2200 1143 2240 ac
1164 2185 1456 2252 decorum,
1486 2201 1515 2239 a
1542 2200 1651 2255 quo
1671 2182 1851 2241 ollicia

224 2278 587 2344 ducerentur,
615 2278 858 2335 secundo
880 2279 1001 2333 loco
1029 2277 1161 2348 quid
1185 2277 1340 2331 utile.
1388 2277 1455 2332 Et
1496 2277 1852 2348 quemadmo-

226 2370 357 2428 dum
382 2372 436 2426 iu
470 2372 651 2442 primo
671 2370 913 2426 diximus
941 2371 1066 2440 quia
1100 2370 1244 2424 inter
1267 2367 1556 2424 honestum
1598 2376 1652 2424 et
1692 2369 1856 2425 deco-

222 2479 344 2519 rum
364 2475 453 2520 est
478 2463 731 2535 quedam
751 2462 1057 2526 distinctio,
1084 2476 1205 2533 que
1232 2463 1371 2533 magi
1386 2481 1401 2511 ς
1427 2461 1662 2533 intelligi
1688 2476 1850 2532 quam

230 2556 493 2625 explicari
524 2557 703 2625 possit
728 2570 742 2609 :
766 2556 845 2610 sic
874 2562 1069 2609 etcum
1097 2554 1229 2610 utile
1252 2565 1570 2620 tractamus,
1599 2554 1852 2612 conside-

230 2647 461 2703 randum
492 2648 718 2702 videtur
745 2646 877 2717 quid
919 2647 1132 2701 utilius.

295 2742 391 2795 εδδ
421 2738 443 2777 ί
470 2740 787 2796 Utilitatem
818 2747 1004 2795 autem
1050 2754 1159 2794 non
1204 2740 1506 2810 pecuniarii
1549 2741 1682 2796 lucri
1713 2743 1856 2796 testi-

237 2833 485 2887 matione
514 2831 893 2892 subducimus.
922 2830 1021 2886 sed
1050 2832 1409 2902 acquisitione
1441 2834 1686 2901 pietatis;
1718 2835 1861 2891 sicut

237 2919 539 2992 Apostolus
561 2923 637 2976 ait
671 2938 687 2976 :
719 2920 900 2975 Pietas
927 2930 1101 2975 autem
1133 2923 1201 2975 ad
1226 2925 1399 2977 omnia
1431 2925 1575 2978 utilis
1600 2934 1677 2979 est
1699 2967 1713 2992 ,
1747 2943 1859 2996 pro-

235 3016 539 3069 missionem
563 3013 763 3069 habens
787 3016 909 3068 vine
936 3016 1204 3084 prementis
1226 3025 1272 3068 et
1298 3015 1492 3085 futurae
1518 3016 1537 3088 (
1562 3018 1580 3072 l
1614 3016 1753 3071 Tim.
1774 3034 1826 3073 tv
1843 3062 1857 3085 ,

1953 419 2275 490 profectus?
2303 418 2455 476 Unde
2477 430 2535 476 et
2564 420 2646 476 illi
2678 435 2691 474 :
2724 421 3012 492 Alligemus
3029 423 3256 494 justum,
3285 425 3407 495 quia
3435 426 3560 480 iuu-

1950 512 2056 567 tilis
2081 522 2156 566 est
2178 514 2324 566 nobis
2355 511 2505 568 Esai.
2535 530 2616 581 tu,
2652 510 2777 583 10),
2817 512 2832 550 ί
2864 514 2916 569 id
2942 525 3046 579 eSI,
3078 515 3313 585 injustas
3337 518 3428 589 qui
3459 534 3560 575 nos

1949 606 2128 676 arguit
2152 649 2169 673 ,
2200 607 2553 674 condemnat,
2582 606 2833 676 corripit.
2873 606 3027 663 Licet
3060 607 3163 662 hoc
3191 610 3365 678 possit
3394 610 3557 665 etiam

1947 698 2014 754 ad
2042 701 2322 755 avaritiam
2364 700 2436 756 ho
2460 700 2645 755 niuum
2681 700 2969 772 impiorum
2997 700 3261 768 derivari,
3285 719 3407 772 qua:
3437 719 3559 773 per-

1948 791 2092 848 fidia:
2140 793 2316 849 vicina
2361 804 2477 859 est;
2510 793 2653 849 sicut
2710 793 2765 849 in
2816 791 2951 850 Judzt
3000 795 3283 864 proditore
3306 794 3560 863 legimus,

1947 886 2038 957 qui
2068 887 2313 941 avaritiae
2341 887 2525 942 studio
2563 888 2618 942 et
2647 888 2888 958 pecunia:
2928 888 3261 958 cupiditate,
3312 889 3561 959 laqueum

1949 974 2273 1047 proditionis
2298 978 2531 1033 incurrit
2558 988 2723 1050 atque
2748 978 2960 1033 incidit.

2016 1067 2108 1123 25.
2154 1070 2230 1123 De
2276 1070 2377 1124 hac
2407 1070 2572 1141 igitur
2603 1070 2949 1125 tractandum
2994 1076 3080 1127 est
3107 1071 3392 1137 utilitate,
3440 1086 3563 1140 quae

1946 1161 2017 1217 sit
2043 1163 2203 1232 plena
2236 1163 2561 1230 boneSIatis,
2602 1165 2744 1219 sicut
2768 1164 2902 1233 ipsis
2927 1164 3110 1220 verbis
3140 1165 3393 1221 deﬁnivit
3422 1164 3564 1236 Apo-

1948 1254 2122 1308 stolus
2148 1252 2341 1310 dicens
2374 1271 2389 1307 :
2421 1253 2537 1309 Hoc
2569 1266 2738 1310 autem
2771 1257 2842 1310 ad
2884 1258 3152 1312 utilitatem
3175 1270 3393 1313 vestram
3420 1258 3559 1325 dico,

1947 1358 2049 1400 non
2072 1355 2128 1400 ut
2151 1346 2385 1417 laqueum
2409 1348 2641 1421 injiciam
2669 1349 2830 1415 vobis,
2860 1349 2952 1404 sed
2968 1351 3035 1404 ad
3056 1351 3113 1405 id
3132 1350 3274 1423 quod
3286 1351 3561 1406 honestum

1948 1448 2023 1493 est
2054 1438 2097 1508 (l
2129 1437 2251 1493 Cor.
2304 1456 2399 1505 vtI,
2435 1440 2551 1511 55).
2584 1441 2783 1513 Liquet
2821 1442 2984 1511 igitur
3034 1442 3048 1493 i
3099 1444 3243 1513 quod
3270 1445 3559 1499 honestum

1947 1537 2053 1596 est,
2096 1530 2225 1586 utile
2278 1546 2439 1598 esse;
2488 1541 2543 1587 et
2591 1531 2738 1604 quod
2769 1533 2936 1597 utile,
2974 1530 3264 1590 honestum
3292 1554 3305 1591 :
3331 1546 3385 1590 et
3417 1538 3561 1605 quod

1947 1620 2085 1677 utile
2104 1622 2350 1691 justum;
2385 1632 2440 1679 et
2462 1620 2607 1695 quod
2628 1624 2861 1694 justum,
2892 1627 3046 1682 utile.
3079 1624 3263 1699 Neque
3293 1629 3436 1684 enim
3466 1626 3567 1683 mi-

1878 1724 1928 1786 B
1956 1714 2007 1766 hi
2032 1713 2096 1767 ad
2127 1724 2460 1771 mercatores
2490 1712 2634 1771 lucri
2675 1715 2929 1789 Cupidine
2958 1732 3175 1784 avarus,
3207 1719 3302 1775 sed
3323 1720 3389 1775 ad
3424 1720 3565 1776 lllios

1949 1820 2131 1891 sermo
2156 1820 2259 1874 σει,
2291 1818 2347 1864 et
2386 1823 2568 1866 sermo
2598 1808 2666 1866 de
2687 1808 2914 1879 Ofﬁciis,
2937 1827 3056 1882 qua:
3080 1814 3235 1867 vobis
3255 1827 3395 1885 quos
3425 1812 3564 1883 elegi

1949 1897 2004 1952 ln
2027 1898 2389 1955 ministerium
2422 1898 2659 1966 Domini,
2686 1903 2963 1959 inculcare
2987 1905 3162 1975 gestio
3190 1914 3354 1977 atque
3383 1904 3560 1961 infun-

1952 1990 2122 2055 dere;
2154 2000 2213 2046 ιιι
2238 2008 2301 2049 ea
2324 2008 2447 2064 qua:
2466 1996 2741 2052 mentibus
2770 2011 2834 2051 ac
2863 1997 3105 2051 moribus
3136 2000 3336 2053 vestris
3366 2014 3468 2055 usu
3488 2010 3570 2054 at-

1952 2099 2057 2155 que
2080 2084 2423 2143 institutione
2439 2088 2634 2144 inclita
2647 2097 2807 2159 atque
2821 2088 2929 2161 77
2951 2090 3214 2161 impressa
3232 2098 3381 2161 sunt,
3400 2097 3563 2149 etiam

1951 2194 2210 2234 sermone
2232 2196 2296 2235 ac
2324 2182 2611 2251 disciplina
2634 2186 2970 2254 aperiantur.

2024 2266 2115 2326 26.
2142 2268 2328 2342 itaque
2359 2272 2428 2328 de
2447 2270 2680 2329 utilitate
2706 2272 2979 2342 dicturus,
3010 2285 3133 2331 utar
3159 2276 3253 2331 illo
3288 2278 3564 2333 versiculo

1956 2362 2281 2434 prophetico
2328 2382 2343 2418 :
2384 2360 2603 2419 Declina
2631 2381 2721 2419 cor
2755 2378 2923 2420 meum
2960 2367 3014 2421 in
3045 2369 3333 2423 testimonio
3371 2379 3479 2437 tua,
3518 2381 3564 2424 et

1956 2470 2058 2508 non
2086 2455 2139 2508 in
2167 2455 2436 2509 avaritiam
2464 2453 2668 2527 (Psal.,
2706 2455 2831 2523 118,
2863 2456 2986 2527 56);
3020 2472 3088 2514 ne
3121 2459 3369 2514 utilitatis
3396 2474 3566 2513 sonus

1955 2548 2161 2603 excitet
2181 2548 2426 2617 pecunia!
2448 2546 2823 2617 cupiditatem.
2856 2549 3099 2621 Denique
3126 2548 3293 2619 aliqui
3321 2548 3521 2607 habent
3549 2569 3563 2606 :

1954 2638 2175 2695 Declina
2206 2657 2295 2695 cor
2323 2658 2489 2695 meum
2513 2641 2566 2696 in
2599 2642 2895 2697 testimonia
2926 2652 3035 2711 tua,
3069 2652 3119 2699 cl
3146 2660 3248 2698 non
3266 2645 3335 2698 ad
3366 2644 3565 2699 utilita-

1960 2740 2097 2797 tem;
2130 2730 2233 2788 hoc
2259 2739 2364 2799 est,
2393 2730 2539 2786 illam
2570 2742 2875 2803 quaestuum
2909 2734 3175 2791 nundinas
3203 2745 3563 2806 aucupantem

1957 2826 2273 2892 utilitatem,
2299 2827 2447 2881 illam
2468 2842 2567 2881 usu
2597 2827 2878 2884 hominum
2903 2829 2971 2885 ad
2998 2832 3249 2900 pecunia!
3270 2830 3446 2887 studia
3478 2832 3562 2887 iu-

1958 2913 2153 2971 llexam
2197 2931 2261 2972 ac
2288 2916 2612 2975 derivatam.
2657 2910 2831 2989 Vulgo
2859 2920 3002 2976 enim
3044 2920 3147 2978 hoc
3174 2920 3348 2978 solum
3379 2922 3569 2979 dicunt

1958 3009 2115 3077 utile,
2144 3009 2289 3081 quod
2313 3022 2681 3083 qumstuosum
2709 3029 2722 3065 :
2757 3026 2857 3068 nos
2882 3020 3062 3071 autem
3090 3014 3157 3070 de
3179 3028 3242 3070 ea
3272 3024 3566 3071 tractamus

233 3106 311 3176 8).
325 3106 519 3176 itaque
535 3107 591 3160 in
612 3105 1137 3175 scripturisdivinis.
1157 3105 1851 3177 sidiligenterqumramus,
1881 3098 1927 3163 ρ
1959 3103 2211 3173 utilitate,
2252 3120 2373 3175 qua:
2403 3104 2619 3161 damnis
2645 3108 2944 3175 qttmritur;
2980 3118 3035 3163 ut
3067 3104 3346 3165 Christum
3384 3108 3566 3166 lucre-

232 3214 379 3271 βενε
430 3201 741 3255 invenimus
784 3199 929 3270 quod
976 3199 1264 3255 honestum
1306 3208 1410 3265 est,
1454 3200 1583 3256 utile
1620 3203 1846 3257 vocari:

238 3292 431 3348 Omnia
472 3292 599 3346 mihi
627 3293 782 3347 licent
810 3334 824 3358 ,
856 3292 951 3347 sed
978 3307 1080 3346 non
1111 3290 1284 3347 omnia
1306 3293 1455 3346 utilia
1481 3305 1601 3349 sunt
1626 3295 1667 3367 (1
1700 3294 1846 3364 Con,

233 3399 309 3449 vi,
338 3385 454 3454 li).
483 3385 661 3455 Supra
699 3384 773 3441 de
811 3385 961 3439 vltiis
1002 3383 1345 3454 loquebatur.
1379 3383 1492 3440 Hoc
1520 3400 1649 3456 ergo
1676 3387 1806 3443 dicit
1832 3404 1845 3441 :

234 3477 387 3533 Licet
414 3488 669 3548 peccare,
700 3477 797 3533 sed
826 3494 930 3530 non
958 3475 1142 3532 decet.
1173 3476 1231 3532 ln
1262 3485 1529 3545 putestate
1558 3488 1685 3533 sunt
1716 3494 1843 3549 pec-

236 3584 377 3639 cata,
400 3573 496 3628 sed
523 3588 632 3627 non
656 3585 783 3627 sunt
806 3573 1054 3627 honesta.
1082 3571 1373 3627 Luxuriari
1398 3570 1841 3641 promptum,sed

222 3676 346 3717 «non
362 3667 595 3732 justum.
624 3660 745 3716 Non
772 3661 919 3717 enim
962 3661 1072 3715 Deo
1097 3675 1222 3717 esea
1242 3704 1257 3728 ,
1291 3659 1386 3716 sed
1430 3662 1604 3717 ventri
1632 3663 1844 3733 colligi-

242 3762 349 3809 ιστ.

305 3845 401 3900 86.
430 3845 577 3914 Ergo
600 3844 729 3913 quia
756 3842 902 3913 quod
932 3843 1082 3910 utile,
1104 3842 1159 3897 id
1186 3844 1351 3898 etiam
1372 3843 1574 3913 justum
1602 3862 1614 3898 :
1638 3844 1845 3914 justum

240 3948 319 3994 est
334 3944 396 3992 ut
416 3947 445 3984 ε
462 3935 1001 3991 servianrustristo
1014 3936 1104 4005 qui
1134 3950 1233 3989 nos
1255 3936 1520 4001 redemit;
1547 3935 1670 3990 ideo
1686 3936 1847 4005 justi,

241 4031 331 4101 qui
351 4046 452 4101 pro
472 4029 595 4100 ejus
621 4028 841 4084 nomine
865 4030 1027 4083 morti
1051 4042 1113 4083 se
1132 4028 1452 4084 obtulerunt
1483 4048 1496 4081 :
1542 4028 1725 4099 injnsti
1757 4030 1848 4099 qui

243 4123 676 4190 declinaverunt,
700 4120 729 4160 ι’
758 4123 831 4178 de
855 4123 1057 4192 quibus
1079 4122 1245 4177 dicit:
1273 4122 1401 4187 Qui:
1425 4122 1629 4177 utilitas
1654 4122 1708 4175 in
1721 4138 1841 4177 san-

316 4240 342 4277 ‘
395 4234 473 4293 Ex
518 4234 803 4295 Ciceronis
858 4238 953 4291 lib.
990 4250 1025 4291 v
1055 4237 1120 4291 de
1150 4228 1271 4290 Fin.
1306 4236 1437 4291 bon.
1482 4244 1531 4288 et
1579 4236 1703 4289 mal.
1736 4238 1838 4291 sub

1952 3206 2116 3264 ntur,
2177 3198 2333 3269 cujus
2391 3207 2632 3269 qutcstus
2689 3208 2771 3255 est
2822 3200 2995 3271 pietas
3049 3210 3172 3258 enm
3236 3198 3561 3259 sufficientia

1948 3288 1993 3360 (l
2014 3288 2154 3344 Tim.
2180 3304 2253 3356 vt,
2281 3290 2360 3363 6).
2383 3291 2605 3363 Magnus
2632 3293 2878 3364 profecto
2908 3303 3170 3364 quaestus,
3204 3290 3228 3333 ¹ι
3254 3311 3362 3366 quo
3391 3297 3563 3367 pieta-

1949 3391 2057 3436 tem
2085 3385 2445 3452 acquirimus,
2477 3398 2600 3454 qua:
2630 3384 2773 3454 apud
2804 3384 2975 3440 Deum
3005 3384 3158 3443 dives
3188 3398 3294 3453 est,
3329 3402 3436 3444 non
3463 3404 3559 3444 ca-

1949 3474 2102 3530 ducis
2132 3474 2502 3540 facultatibus.
2528 3472 2626 3533 sed
2656 3480 2975 3535 muneribus
3002 3482 3222 3536 aeternis
3248 3498 3260 3535 :
3288 3483 3339 3536 in
3364 3476 3562 3552 quibus

1949 3584 2055 3624 non
2100 3573 2329 3627 tentatio
2377 3571 2606 3637 lubrica,
2636 3572 2735 3628 sed
2781 3582 3044 3631 constans
3081 3580 3135 3630 et
3186 3582 3444 3645 perpetua
3488 3574 3563 3631 sit

1951 3660 2147 3731 gratia.

2022 3756 2114 3809 '27.
2146 3750 2244 3809 Est
2270 3754 2435 3825 igitur
2463 3754 2668 3809 utilitas
2697 3754 2801 3809 alia
2831 3756 3133 3825 corporalis
3159 3797 3173 3821 ,
3229 3755 3329 3810 alia
3383 3757 3555 3826 pieta-

1955 3848 2057 3909 tis,
2118 3844 2261 3899 sicut
2311 3844 2494 3900 divisit
2545 3844 2842 3915 Apostolus
2876 3864 2889 3901 :
2924 3845 3220 3916 Corporalis
3249 3846 3383 3901 enim
3410 3858 3554 3903 exero

1955 3943 2130 3997 citatio
2158 3942 2226 3993 ad
2252 3939 2531 4005 modicum,
2584 3938 2779 4007 inquit,
2824 3941 2967 3995 utilis
2996 3951 3069 3996 est
3114 3958 3131 3996 :
3175 3944 3339 4013 pictas
3383 3956 3553 3998 autem

1954 4032 2025 4087 ad
2052 4032 2226 4086 omnia
2266 4030 2408 4084 utilis
2449 4039 2524 4085 est
2563 4027 2607 4101 (l
2638 4028 2771 4084 Tim.
2814 4042 2888 4098 tv,
2929 4026 3008 4103 8).
3065 4031 3203 4101 Quid
3233 4044 3411 4090 autem
3443 4042 3552 4091 tam

1954 4122 2269 4191 honestum,
2283 4137 2443 4194 quam
2468 4123 2785 4194 integritas?
2805 4124 2945 4193 Quid
2964 4135 3071 4180 tam
3093 4128 3375 4196 decorum,
3392 4142 3550 4198 quam

2023 4250 2045 4275 εδ
2091 4237 2222 4294 Ibid.
2263 4237 2499 4320 Quinque
2542 4238 2702 4320 igitur
2744 4241 3028 4320 rationibus
3080 4246 3362 4317 propositis
3388 4248 3554 4320 ofﬁcii

245 4310 437 4375 luem,
471 4309 562 4365 ubi
586 4311 703 4365 iure
726 4309 999 4364 habentur
1030 4324 1045 4361 τ
1074 4307 1141 4361 At
1165 4309 1303 4362 enim
1329 4320 1431 4379 qua
1455 4308 1507 4360 in
1532 4309 1635 4361 vita
1652 4314 1729 4362 est
1752 4308 1852 4363 ali-
1878 4309 1930 4370 D
1958 4310 2293 4379 persequendi
2322 4326 2538 4379 quorum
2560 4307 2679 4363 dum
2702 4311 2771 4363 ad
2793 4311 2970 4376 decus,
3006 4307 3112 4367 etc.

245 4382 371 4450 quid
399 4381 543 4442 mali,
575 4398 633 4434 ea
671 4381 818 4434 beata
847 4395 1086 4433 essenon
1125 4389 1308 4450 potest.
1340 4378 1422 4431 Nc
1458 4395 1601 4449 seges
1642 4380 1852 4445 quidem

245 4449 409 4523 igitur
465 4453 621 4521 spicis
673 4453 917 4505 uberibus
972 4459 1021 4504 et
1075 4449 1289 4513 crebris,
1318 4450 1852 4523 sigapenamguspiatn

246 4519 441 4577 videris
470 4519 501 4575 ξ
525 4538 618 4576 nec
645 4532 943 4575 mercatura
989 4529 1305 4589 quaestuosa,
1338 4520 1382 4574 si
1413 4519 1467 4572 in
1494 4520 1735 4573 maximis
1766 4522 1851 4574 lu-

246 4593 350 4647 cris
379 4606 571 4663 parum
601 4592 802 4662 aliquid
830 4591 1009 4645 damni
1037 4592 1376 4645 contraxerit.
1420 4590 1501 4645 An
1544 4592 1641 4644 hoc
1667 4606 1854 4661 usque-

243 4680 456 4747 quaque
652 4666 707 4718 in
727 4664 857 4731 vita,
881 4672 929 4717 et
970 4678 1077 4717 non
1105 4677 1172 4717 επ
1202 4663 1432 4717 maxima
1466 4673 1615 4733 parte
1656 4664 1722 4717 de
1750 4674 1856 4718 tota

235 4734 555 4808 judicqltis?
580 4745 687 4791 etc.

316 4804 348 4844 ιι
396 4802 612 4873 Glarea,
668 4816 812 4859 terra
846 4815 931 4859 est
977 4819 1228 4867 arenosa,
1262 4803 1593 4874 minutisque
1644 4802 1855 4873 scrupis

244 4882 307 4931 et
347 4876 574 4931 calculis
628 4874 835 4933 referta
867 4893 881 4928 :
911 4875 981 4930 de
1032 4890 1139 4943 qua
1199 4874 1349 4945 Virg.
1422 4875 1516 4930 lib.
1567 4886 1605 4929 tt
1652 4874 1853 4945 Georg.

244 4961 417 5001 versu
465 4946 620 5001 212:

244 4961 417 5002 701811
465 4961 575 5001 211
606 4966 620 5002 :

439 5058 545 5125 ﬁco
559 5060 727 5125 jejuna
748 5060 951 5125 quidem
972 5061 1141 5125 clivosi
1161 5058 1330 5121 glarea
1353 5062 1482 5110 ruris

440 5112 534 5171 Vix
559 5112 781 5173 btitniles'
800 5123 976 5185 apibus
997 5123 1152 5171 casias
1162 5112 1432 5185 Foretuque
1456 5123 1722 5174 ministrat.

327 5236 353 5269 ε
387 5226 509 5284 Sic.-
539 5228 673 5285 edit.
702 5240 918 5291 omnes,
950 5240 1015 5283 ac
1043 5222 1287 5295 plerique
1337 5242 1504 5293 mss.;
1548 5228 1639 5282 alii
1680 5239 1857 5281 tamen

252 5299 463 5370 aliquot
505 5302 700 5369 partim
734 5343 749 5362 ,
780 5300 984 5370 beatam
1014 5298 1410 5370 conscientiam,
1462 5301 1658 5366 partim
1701 5298 1863 5370 beam;

252 5367 367 5426 esse
425 5367 778 5425 conscientitc.
835 5368 941 5426 Ubi
982 5384 1116 5424 vero
1167 5368 1372 5424 credent
1422 5371 1551 5424 edit.
1589 5385 1652 5422 ac
1706 5367 1864 5437 pauci

254 5457 421 5507 mss.,
460 5443 645 5495 acerbo
669 5438 850 5497 dolore
881 5457 896 5494 :
932 5440 1028 5494 alii
1047 5441 1233 5511 plures
1260 5441 1465 5511 legunt,
1497 5455 1709 5511 acervo,
1739 5455 1862 5511 par-

249 5514 377 5577 tim,
406 5506 613 5567 beatum
635 5513 1026 5579 conscientiam,
1048 5506 1279 5578 partim,
1310 5506 1473 5564 beatte'
1489 5526 1599 5565 esse
1620 5506 1817 5563 doloris
1849 5526 1862 5561 :

248 5582 601 5639 “Iamdiu!
646 5586 782 5640 vero
808 5581 1029 5638 Thuau.
1079 5591 1135 5649 et
1165 5583 1378 5649 reliqui,
1430 5583 1617 5634 acerbo
1645 5580 1862 5649 doloris.

326 5650 361 5690 ‘
402 5654 522 5709 Cic.
550 5653 647 5709 lib.
678 5662 738 5723 tt,
768 5668 891 5726 pag.
920 5651 1055 5717 374,
1089 5648 1183 5705 lin.
1214 5646 1334 5706 ωε
1362 5650 1469 5707 Sed
1483 5653 1599 5722 jam
1626 5646 1697 5705 ad
1715 5646 1868 5703 insti-

256 5724 375 5778 (ita
397 5730 699 5795 pergamus.

2034 4383 2051 4419 ι
2103 4380 2280 4455 Ibid,
2319 4394 2437 4455 pag.
2480 4380 2603 4444 575,
2642 4382 2736 4434 lin.
2765 4382 2799 4436 4
2831 4399 2850 4436 :
2891 4383 3046 4451 Quod
3072 4385 3201 4439 utile
3224 4389 3546 4455 appellatur;

1953 4454 2005 4507 in
2032 4467 2134 4521 quo
2178 4454 2326 4504 uerbo
2355 4451 2503 4521 lapsa
2526 4455 2864 4518 consuetudo,
2897 4465 3002 4509 etc.

2028 4519 2057 4598 8:
2103 4522 2373 4598 Alluditttt‘
2401 4519 2538 4598 aditi
2571 4524 2711 4598 quod
2758 4524 2980 4598 ibidem,
3013 4541 3134 4598 pag.
3170 4527 3298 4593 576,
3330 4530 3426 4583 lin.
3453 4531 3540 4591 48.

1954 4594 2154 4671 dicitur
2182 4611 2195 4647 :
2228 4590 2393 4659 Atque
2418 4592 2572 4671 etiam
2601 4595 2877 4665 subjiciunt
2903 4590 3210 4653 sc'hottt'ines
3230 4590 3446 4671 imperio
3469 4590 3549 4654 al-

1956 4666 2117 4734 terius
2153 4672 2201 4715 et
2228 4664 2486 4734 potestati,
2529 4673 2637 4734 etc.

2026 4732 2053 4771 ιι
2080 4732 2250 4798 Edit.,
2290 4735 2355 4785 de
2376 4734 2560 4801 quibus
2599 4733 2858 4790 dicitur...
2873 4776 2909 4792 ..
2931 4740 3056 4791 dum
3079 4739 3333 4795 descendo
3356 4742 3410 4795 in
3431 4758 3548 4796 cor-

2026 4807 2266 4854 ntionem.
2292 4802 2349 4854 id
2385 4812 2478 4854 est.
2503 4804 2641 4854 quis.
2669 4815 2775 4854 etc-

1956 4812 2266 4877 ruplionem,
2292 4812 2348 4856 id
2385 4812 2478 4875 est.
2503 4812 2641 4871 quis,
2669 4815 2775 4861 etc.

2034 4873 2050 4911 ί
2095 4872 2203 4929 Sex
2233 4887 2389 4952 mss,
2422 4871 2481 4952 id
2526 4884 2600 4927 est
2630 4875 2836 4952 injustis
2869 4896 2898 4952 εξ
2934 4879 3021 4935 cui
3068 4878 3285 4936 lectioni
3331 4884 3548 4952 conjec-

1960 4956 2094 5001 tura:
2141 4959 2257 4998 suae
2307 4943 2575 4995 calculum
2606 4947 2807 5013 adjecit
2853 4950 2933 5002 vir
2972 4964 3077 5004 non
3117 4953 3364 5007 inductus
3400 4943 3547 5009 {alii

1961 5028 2141 5094 tamen
2162 5013 2233 5068 28
2257 5022 2314 5067 et
2342 5027 2535 5094 omnes
2560 5015 2716 5094 edit.,
2764 5017 2819 5069 id
2840 5031 2934 5082 est,
2968 5022 3219 5094 injustas.
3261 5025 3431 5090 Magis
3455 5042 3551 5094 ap-

1961 5088 2169 5158 posite:
2201 5099 2326 5158 Anon
2356 5085 2501 5138 enim
2543 5084 2611 5158 ad
2658 5101 2869 5155 vocem,
2916 5084 3061 5145 nobis
3088 5109 3099 5141 :
3130 5093 3225 5147 sed
3246 5095 3313 5149 ad
3348 5084 3553 5151 inutilis

1960 5155 2258 5234 referenda
2278 5161 2362 5209 est
2403 5170 2542 5218 vox,
2585 5155 2813 5234 injustas
2843 5177 2856 5212 :
2881 5174 3003 5213 cum
3039 5161 3094 5234 id
3139 5174 3261 5234 agat
3303 5165 3404 5220 hoc
3433 5169 3555 5222 luco

1961 5235 2180 5301 sanctus
2227 5227 2445 5301 Doctor,
2496 5233 2552 5280 ut
2598 5227 2676 5301 et
2712 5228 2841 5301 utile
2892 5246 2989 5298 pro
3030 5227 3220 5301 justO',
3272 5244 3328 5291 et
3365 5248 3554 5293 cttulra

1963 5298 2153 5354 inutile
2193 5312 2291 5365 pro
2315 5296 2513 5366 illjllsio
2542 5300 2681 5351 sumi
2708 5296 3072 5357 demonstret.

2040 5371 2054 5420 l
2114 5368 2189 5444 ita
2219 5383 2348 5444 mss.
2383 5382 2595 5444 otnues,
2622 5368 2832 5444 duobus
2854 5375 3120 5439 exceptis,
3166 5375 3217 5429 in
3248 5378 3442 5444 quibus
3471 5388 3557 5435 est

1967 5440 2165 5511 aliquid
2197 5439 2533 5493 confusionis
2566 5458 2577 5491 :
2606 5442 2736 5495 edit.
2768 5457 2915 5504 vero,
2966 5445 3100 5512 quod
3148 5439 3419 5501 honestum
3454 5461 3553 5514 est,

1967 5514 2094 5565 utile
2132 5521 2177 5564 et
2208 5514 2413 5592 justum
2444 5526 2553 5592 esse
2579 5526 2597 5564 :
2620 5522 2667 5564 et
2696 5514 2835 5592 quod
2879 5514 3022 5592 utile,
3068 5516 3343 5571 honestum
3371 5529 3419 5572 ct
3437 5524 3559 5592 jus-

1970 5592 2077 5657 lunt
2104 5580 2370 5657 :Met'qttod
2384 5582 2608 5652 justum,
2655 5580 2783 5657 ttch
2816 5584 3177 5657 el_h0ttcslttm.

2043 5649 2070 5689 Β
2097 5648 2355 5731 ςῑυίςιι-ιιτ
2385 5648 2455 5731 ἰιΙρ
2505 5666 2639 5731 pag.
2682 5650 2821 5719 ⁸575,
2853 5655 2948 5708 lin.
3004 5656 3113 5713 i8:
3151 5657 3284 5715 Deos
3326 5661 3561 5731 placatos

1971 5722 2134 5788 pictas
2161 5721 2358 5793 efﬁciat
2389 5721 2441 5775 cl
2456 5721 2725 5790 sanctitas,
2758 5733 2863 5778 etc.
