4010 6186
479 187 586 244 ιιι
1837 168 2083 231 SANCTI

2228 171 2445 232 BROSll
3675 188 3698 242 t
3715 189 3778 244 ιε

483 305 900 361 immaculatum
939 311 1155 355 servare
1201 308 1423 364 corpus,
1470 301 1525 348 et
1563 292 1884 348 inviolatum
1923 301 2085 362 atque
2111 292 2162 351 Α
2190 302 2505 350 constanter
2531 295 2843 366 loqueretur
2864 276 3313 368 (Gen.,.xxxm,8
3339 307 3388 354 et
3411 299 3575 370 seq.);
3599 299 3773 356 homi-

487 399 873 454 intaminatum
921 389 1218 462 pudorem?
1257 386 1398 454 Quid
1439 387 1604 442 etiam
1650 395 1756 441 tam
1804 386 2084 451 decorum,
2194 401 2290 441 nes
2319 395 2498 442 tamen
2537 388 2728 443 humili
2759 397 2815 444 et
2855 398 3008 460 grata
3041 393 3412 461 appellatione
3459 393 3608 448 affari
3639 396 3776 451 sole-

490 507 656 560 quam
689 499 744 544 ut
781 487 936 540 vidua
968 497 1101 537 uxor
1130 479 1387 536 defuncto
1417 480 1635 549 conjugi
1679 479 1840 533 ﬁdem
1871 477 2086 533 servet?
2192 479 2310 534 bat!
2345 483 2538 538 Merito
2568 485 2869 539 mstimatus
2896 494 2980 540 est
3003 500 3166 556 supra
3198 486 3470 554 homines,
3499 497 3559 543 ut
3582 497 3638 544 ct
3660 490 3777 544 vul-

490 581 632 648 Quid
666 582 824 635 etiam
867 577 967 629 hoc
990 573 1192 638 utilius,
1219 586 1327 642 quo
1359 586 1584 642 regnum
1609 570 1830 624 cteleste
1847 567 2086 637 acquiri-
2194 581 2306 628 tum
2354 574 2472 644 ejus
2503 591 2612 631 non
2642 586 2870 647 possent
2896 579 3182 635 intendere
3206 579 3388 650 (Gen.,
3417 597 3610 648 xxxrv,
3635 582 3704 637 29
3733 592 3778 638 et

494 673 776 729 tur?Sunt
817 669 959 724 enim
1009 667 1096 734 qui
1124 683 1177 720 se
1223 673 1579 719 castravcrunt
1624 673 1834 734 propter
1877 677 2088 732 regnum
2193 667 2352 736 seq.),
2404 678 2454 722 et
2505 670 2839 738 sepulturam
2887 670 3006 741 ejus
3053 687 3158 728 non
3189 684 3462 743 repertam
3494 674 3780 731 crederent

493 767 736 822 majorum
771 762 1010 834 (Malm,
1047 776 1165 826 χιχ,
1204 758 1320 830 η),
2198 758 2403 830 (Deut,
2433 777 2624 829 xxxiv,
2657 764 2744 834 6);
2783 763 2908 833 quia
2933 764 3011 818 sic
3039 765 3142 820 sibi
3173 765 3338 821 totius
3367 767 3543 836 plebis
3577 775 3782 825 mentes

1105 853 1336 909 CAPUT
1369 851 1482 908 Vll.
2194 851 2534 919 devinxerat,
2571 863 2629 907 ut
2678 855 2799 923 plus
2838 870 2961 911 eum
2996 871 3093 926 pro
3138 859 3558 912 mansuetudine
3595 858 3783 930 dilige-

497 955 784 1011 Utilitatem
809 951 943 1006 idem
969 966 1078 1005 esse
1097 966 1159 1002 ac
1186 949 1537 1012 honestatem;
1565 945 1697 999 nihil
1718 955 1889 1000 autem
1911 943 2092 998 utilius
2195 951 2336 1008 rent,
2370 960 2531 1015 quam
2570 960 2669 1015 pro
2701 945 2858 1000 factis
2888 945 3295 1004 admirarentur
3333 947 3378 1021 (1
3419 949 3547 1022 Reg.
3598 966 3653 1016 x,
3695 950 3780 1017 12,

565 1049 857 1111 dilectione,
900 1061 1014 1116 quw
1062 1041 1478 1105 mansuetudine,
1524 1038 1852 1105 affabilitate,
1897 1036 2087 1104 benefi-

565 1143 754 1208 centia,
771 1140 972 1211 iustitia
999 1138 1218 1206 aliisque
1234 1135 1509 1188 virtutibus
1537 1141 1900 1200 comparatur;
1917 1145 2091 1199 quem-

565 1234 844 1290 admodum
888 1247 952 1287 ea:
995 1229 1194 1300 Moysis
1249 1238 1400 1297 atque
1438 1225 1657 1280 Davidis
1691 1223 1909 1278 historia
1937 1222 2093 1276 datur

565 1332 782 1400 intelligi
813 1345 830 1382 :
860 1338 1116 1396 postremo
1158 1333 1205 1378 et
1251 1340 1278 1377 e
1317 1323 1593 1377 dilectione
1635 1321 1793 1390 fidem
1838 1317 2002 1383 nasci,
2047 1324 2094 1370 et

567 1440 746 1478 rursus
772 1438 798 1475 e
825 1421 928 1490 fide
957 1418 1308 1472 dilectionem.

563 1515 657 1572 28.
693 1516 788 1570 Est
816 1515 978 1584 igitur
1008 1527 1114 1566 non
1147 1511 1324 1566 solum
1354 1508 1630 1563 familiare
1672 1504 2092 1562 contubernium

495 1607 796 1664 honestatis
841 1615 895 1660 et
938 1603 1209 1666 utilitatis,
1253 1600 1350 1656 sed
1380 1600 1572 1655 eadem
1614 1613 1830 1670 quoque
1860 1596 2092 1661 utilitas,

2197 1049 2243 1092 el
2269 1038 2438 1108 alibi).

2266 1131 2356 1186 32.
2381 1131 2520 1198 Quid
2553 1132 2670 1204 ejus
2702 1134 2947 1190 imitator
2983 1146 3207 1192 sanctus
3238 1137 3427 1206 David,
3470 1139 3677 1194 electus
3722 1154 3787 1196 ex

2197 1225 2451 1279 omnibus
2482 1225 2549 1280 ad
2591 1227 2805 1297 plebem
2838 1228 3156 1299 regendam,
3185 1246 3350 1301 quam
3380 1231 3530 1287 mitis
3555 1241 3613 1287 et
3640 1231 3788 1287 blan-

2197 1315 2322 1384 dus,
2368 1318 2589 1374 humilis
2631 1321 2845 1392 spiritu,
2879 1323 3100 1379 sedulus
3135 1326 3324 1390 corde,
3355 1325 3529 1383 facilis
3559 1327 3786 1383 affectu!

2198 1407 2341 1464 Ante
2385 1427 2613 1483 regnum
2645 1428 2706 1470 se
2742 1429 2841 1484 pro
2885 1417 3140 1472 omnibus
3185 1417 3450 1474 offerebat
3483 1436 3497 1472 :
3529 1435 3625 1474 rex
3668 1434 3791 1474 cum

2199 1504 2453 1559 omnibus
2475 1507 2726 1576 mquabat
2749 1521 2902 1562 suam
2921 1509 3199 1575 militiam,
3219 1518 3276 1567 et
3299 1511 3636 1581 partiebatur
3655 1513 3795 1568 labo-

2199 1612 2312 1651 rem
2340 1615 2352 1650 :
2380 1597 2538 1653 fortis
2561 1599 2612 1652 in
2639 1600 2851 1671 przelio,
2877 1611 3192 1657 mansuetus
3223 1603 3276 1657 in
3301 1604 3552 1673 imperio,
3582 1605 3794 1673 patiens

494 1717 618 1774 qua:
645 1702 922 1754 honestas.
947 1697 1072 1751 ldco
1095 1705 1148 1750 et
1171 1695 1263 1750 ille
1289 1696 1380 1764 qui
1405 1709 1631 1763 regnum
1657 1693 1920 1748 caelorum
1946 1689 2098 1744 vole-
2127 1681 2174 1742 B
2204 1687 2257 1742 in
2286 1688 2558 1755 convicio,
2592 1690 2734 1746 ferre
2763 1693 2935 1759 magis
2966 1705 3251 1764 promptus
3283 1711 3444 1766 quam
3475 1694 3685 1753 referre
3715 1699 3796 1752 iu-

493 1796 585 1850 bat
613 1793 862 1848 omnibus
893 1789 1130 1859 aperire,
1158 1802 1267 1842 non
1295 1787 1441 1856 quod
1473 1786 1574 1840 sibi
1618 1785 1751 1838 utile
1791 1780 2094 1852 qumrebat,

493 1887 594 1943 sed
626 1883 767 1955 quod
799 1882 1074 1938 omnibus.
1101 1880 1256 1936 Unde
1286 1879 1421 1933 ordo
1447 1877 1665 1949 quidam
1699 1877 1858 1931 nobis
1887 1885 1942 1930 et
1969 1889 2097 1945 gra-

492 1979 594 2035 dus
621 1977 906 2033 faciendus
925 1984 1030 2040 est,
1049 1974 1213 2028 etiam
1228 1972 1296 2027 ab
1317 1972 1400 2027 his
1419 1972 1632 2026 usitatis
1646 1977 1702 2023 et
1717 1966 2100 2024 communibus

493 2073 562 2128 ad
586 2089 647 2127 ea
669 2086 788 2142 qua:
809 2078 936 2125 sunt
963 2067 1374 2139 prtecellentia;
1405 2073 1467 2120 ut
1487 2081 1554 2121 ex
1580 2064 1823 2134 pluribus
1850 2060 2099 2116 utilitatis

497 2166 818 2237 colligamus
847 2163 1172 2233 profectum.

565 2261 658 2316 29.
689 2261 768 2314 Ac
797 2256 1028 2326 primum
1054 2254 1367 2309 noverimus
1399 2249 1535 2306 nihil
1568 2258 1674 2304 tam
1701 2248 1862 2312 utile,
1889 2258 1912 2284 α
1938 2261 2098 2317 quam

499 2353 653 2424 diligi
680 2371 692 2407 :
721 2351 856 2406 nihil
883 2360 988 2404 tam
1021 2347 1234 2412 inutile,
1267 2359 1430 2416 quam
1454 2358 1561 2397 non
1592 2341 1792 2405 amari;
1826 2354 1948 2394 nam
1973 2336 2101 2392 odio

502 2447 694 2502 haberi
741 2443 960 2499 exitiale
991 2456 1054 2495 ac
1087 2439 1246 2494 nimis
1277 2437 1509 2508 capitale
1536 2436 1793 2490 arbitror.
1827 2432 2012 2500 Itaque
2049 2429 2100 2484 id

499 2555 744 2612 agamus,
768 2546 828 2593 ut
850 2536 997 2592 omni
1027 2533 1318 2590 sedulitate
1345 2529 1796 2586 commendemus
1822 2526 2101 2582 existima-

503 2633 709 2687 tionem
733 2629 1159 2698 Opiuionemque
1189 2631 1454 2687 nostram,
1475 2635 1538 2675 ac
1567 2620 1803 2689 primum
1824 2615 1850 2654 ι’
1878 2614 2100 2687 placidi-

506 2734 618 2780 tate
648 2723 844 2778 mentis
879 2731 933 2776 et
971 2718 1137 2773 animi
1165 2715 1501 2785 benignitate
1541 2711 1832 2766 inﬂuamus
1865 2709 1918 2762 in
1942 2707 2104 2762 affec-

509 2829 620 2872 tnm
645 2815 950 2870 hominum.
974 2810 1263 2880 Papularis
1294 2807 1440 2862 enim
1468 2813 1523 2861 et
1552 2814 1704 2875 grata
1735 2811 1820 2858 est
1850 2801 2106 2856 erunibus

505 2912 746 2974 bonitas,
781 2907 1026 2976 nihilque
1056 2901 1202 2974 quod
1232 2913 1340 2956 tam
1373 2899 1534 2954 facile
1567 2897 1826 2953 illabatur
1855 2891 2107 2948 humanis

509 3004 784 3059 sensibus.
819 3000 893 3053 Ea
936 3000 981 3052 si
1025 2993 1444 3052 mansuetudine
1473 3006 1686 3047 morum
1719 3005 1783 3044 ac
1821 2987 2105 3050 facilitate,

2197 1781 2391 1851 jurias.
2423 1781 2550 1839 ldeo
2585 1795 2691 1838 tam
2721 1786 2921 1841 cbarus
2948 1797 3070 1843 erat
3097 1789 3372 1856 omnibus,
3398 1801 3456 1845 ut
3480 1791 3698 1862 juvenis
3732 1793 3798 1848 ad

2201 1893 2425 1948 regnum
2455 1880 2617 1935 etiam
2647 1881 2851 1937 invitus
2875 1892 3175 1952 peteretur,
3201 1885 3464 1942 resistens
3490 1895 3795 1957 cogeretur,

2201 1985 2370 2026 senex
2408 1987 2477 2026 ne
2519 1974 2704 2042 praelia
2744 1975 3036 2031 interesset
3073 1992 3102 2030 a
3149 1978 3262 2032 suis
3303 1988 3624 2046 rogaretur;
3658 1977 3798 2049 quod

2204 2064 2432 2120 mallent
2457 2081 2648 2122 omnes
2679 2082 2778 2137 pro
2808 2068 2926 2138 ipso
2966 2069 3286 2139 periclitari,
3319 2085 3479 2140 quam
3523 2071 3675 2126 illum
3704 2084 3800 2141 pro

2203 2157 2478 2212 omnibus.

2275 2249 2368 2303 55.
2415 2249 2494 2304 Ita
2525 2250 2628 2304 sibi
2670 2251 2842 2321 gratis
2881 2251 3078 2307 officiis
3115 2253 3328 2323 plebem
3363 2253 3700 2324 obligaverat
3739 2252 3801 2324 (ll

2205 2339 2360 2410 Reg.,
2393 2357 2452 2406 ιι,
2486 2341 2542 2407 9.,
2575 2351 2623 2396 et
2653 2343 2810 2413 seq.),
2846 2344 3102 2412 primum,
3130 2356 3190 2400 ut
3219 2347 3272 2400 in
3301 2345 3591 2402 discordiis
3627 2345 3804 2418 populi

2206 2432 2457 2486 exsulare
2487 2433 2540 2486 in
2572 2433 2790 2487 Hebrou
2826 2436 3032 2500 mallet,
3061 2451 3222 2505 quam
3255 2438 3306 2492 in
3345 2438 3690 2494 Hierusalem
3723 2453 3804 2493 re-

2205 2537 2376 2591 gnare
2405 2540 2417 2576 :
2456 2523 2676 2590 deinde,
2713 2533 2771 2578 ut
2809 2527 2973 2579 etiam
3017 2525 3070 2580 in
3102 2528 3260 2583 hoste
3290 2528 3520 2598 positam
3551 2530 3804 2586 virtutem

2205 2614 2456 2684 diligeret
2477 2633 2490 2668 :
2513 2617 2784 2684 justitiam
2808 2619 2974 2673 etiam
3007 2620 3090 2693 his
3116 2621 3208 2690 qui
3236 2636 3390 2676 arma
3421 2632 3617 2678 contra
3645 2639 3706 2678 se
3727 2631 3806 2676 tu-

2209 2706 2383 2761 lerant
2425 2723 2579 2776 teque
2621 2724 2685 2762 ac
2732 2709 2844 2763 suis
2875 2711 3239 2780 prmstandam
3273 2720 3488 2782 putaret
3523 2731 3537 2768 :
3572 2713 3808 2784 denique

2213 2797 2279 2867 (ll
2316 2798 2470 2869 lteg.,
2501 2814 2580 2865 tn,
2614 2800 2684 2855 ’52
2729 2810 2776 2854 et
2804 2802 2936 2872 seq.)
2967 2801 3331 2858 fortissimum
3358 2805 3609 2860 adversa:
3643 2805 3808 2876 partis

2211 2901 2670 2962 propugnatorem
2713 2894 2900 2949 Abuer
2927 2893 3121 2951 ducem
3171 2904 3230 2952 et
3261 2898 3581 2954 inferentem
3628 2896 3811 2969 praelia

2214 2983 2442 3038 miratus
2471 2994 2576 3051 est,
2608 2994 2662 3040 et
2691 2994 2938 3041 orantem
2972 2986 3123 3055 pacis
3152 2988 3384 3058 gratiam
3415 3004 3524 3044 non
3554 3003 3815 3059 asperna-

511 3105 624 3150 tum
658 3093 1030 3148 moderatione
1059 3087 1368 3159 praecepti,c
1395 3083 1788 3140 etalfabilitate
1815 3075 2105 3141 sermonis,
2138 3063 2182 3125 C
2216 3078 2625 3143 tus,honoravit
2647 3079 2900 3135 convivio
2927 3098 2938 3133 :
2973 3081 3360 3151 interemptum
3386 3080 3605 3138 insidiis
3643 3080 3815 3136 doluit

509 3189 801 3243 verborum
846 3185 1076 3248 honore,
1111 3179 1340 3250 patienti
1372 3191 1589 3248 quoque
1618 3186 1934 3230 sermonum
1966 3169 2107 3234 vice,

514 3282 906 3350 modestiaeque
936 3276 1227 3346 adjuvetur
1255 3271 1448 3343 gratia,
1482 3266 1806 3324 incredibile
1848 3270 2113 3334 quantum

513 3375 767 3448 procedit
805 3372 872 3426 ad
900 3369 1175 3425 cumulum
1207 3363 1541 3421 dilectionis.

588 3469 719 3540 78.
753 3465 842 3520 50.
872 3460 900 3499 ἀ
933 3461 1186 3532 Legimus
1216 3459 1362 3514 enim
1397 3472 1502 3511 non
1549 3455 1724 3510 solum
1757 3452 1810 3506 in
1861 3448 2112 3519 privatis;

521 3563 620 3619 sed
649 3563 812 3617 etiam
846 3559 902 3612 in
935 3556 1068 3625 ipsis
1098 3553 1340 3624 regibus,
1383 3557 1646 3620 quantum
1679 3545 1911 3600 facilitas
1959 3542 2119 3595 blan-

517 3658 602 3711 dae
636 3664 659 3690 θ
691 3647 1025 3707 affabilitatis
1058 3644 1371 3716 profecerit,
1395 3653 1485 3695 aut
1509 3639 1765 3709 superbia
1797 3635 2122 3691 verborum-

525 3762 631 3819 que
672 3743 913 3800 obfucrit
953 3748 1169 3802 tumor;
1206 3745 1265 3790 ut
1306 3749 1470 3803 regna
1510 3732 1624 3802 ipsa
1655 3729 2028 3794 labefactaret,
2070 3733 2124 3780 et

526 3816 853 3909 potestatem
882 3834 1144 3889 solveret.
1167 3828 1287 3882 Jam
1317 3825 1504 3896 siquis
1534 3821 1550 3859 ί
1582 3821 1835 3885 consilio,
1868 3833 1992 3884 usu,
2023 3816 2126 3870 mi-

528 3929 774 3993 nisterio,
804 3925 996 3980 officiis
1024 3920 1349 3992 popularem
1379 3913 1810 3986 comprehendat
1849 3911 2074 3982 gratiam
2109 3925 2123 3963 :

528 4031 622 4076 aut
647 4021 693 4076 si
723 4020 845 4090 quis
876 4016 1178 4089 periculum
1209 4027 1367 4069 suum
1404 4024 1504 4082 pro
1533 4008 1782 4063 universa
1813 4004 1970 4071 plebe
1997 4002 2130 4058 olfe-

531 4125 614 4170 rat
639 4133 654 4181 ;
679 4130 786 4169 non
817 4121 903 4167 est
931 4111 1152 4165 dubium
1176 4107 1320 4177 quod
1345 4114 1554 4159 tantum
1582 4100 1871 4157 charitatis
1910 4114 1938 4152 a
1969 4098 2132 4166 plebe

533 4209 587 4260 in
613 4221 738 4261 eum
774 4201 1115 4262 retundatur,
1146 4207 1208 4250 ut
1237 4195 1469 4266 populus
1509 4193 1739 4247 salutem
1773 4190 1892 4260 ejus
1924 4199 1978 4244 et
2009 4203 2134 4258 gra-

539 4300 670 4350 tiam
697 4293 802 4348 sibi
834 4291 1110 4361 praeferat.

609 4389 698 4443 3|.
728 4386 973 4452 Quantas
1004 4382 1219 4453 Moyses
1246 4395 1276 4433 a
1305 4376 1502 4447 populo
1534 4376 1713 4431 illatas
1745 4385 1769 4422 ε
1801 4373 2131 4429 absorbebat

2215 3179 2269 3224 et
2308 3169 2480 3237 flevit,
2526 3181 2847 3240 prosecutus
2891 3172 3178 3242 exsequias
3207 3173 3550 3240 honestavit;
3581 3181 3812 3228 mortem

2219 3265 2381 3329 ultus,
2415 3265 2771 3320 conscientia:
2807 3265 2969 3320 fidem
3005 3266 3291 3336 praestitit,
3315 3282 3474 3337 quam
3517 3266 3635 3323 filio
3675 3268 3814 3322 inter

2218 3355 2566 3423 hatrcditaria
2585 3357 2709 3428 jura
2742 3357 3104 3429 transcripsit,
3130 3357 3303 3428 magis
3324 3360 3616 3426 sollicitus,
3644 3374 3712 3413 ne
3735 3358 3816 3412 in-

2221 3449 2468 3503 nocentis
2517 3459 2750 3504 mortem
2806 3450 3035 3506 inultam
3085 3451 3442 3522 relinqueret,
3491 3466 3660 3522 quam
3708 3463 3815 3520 quo

2221 3556 2374 3597 suam
2405 3552 2634 3597 mortem
2663 3541 2897 3599 doleret.

2293 3632 2384 3688 54.
2416 3633 2532 3688 Νοιι
2575 3634 2852 3690 mediocre
2899 3634 3064 3704 istud,
3106 3636 3412 3704 praesertim
3462 3637 3517 3692 in
3547 3651 3699 3708 rege,
3741 3634 3821 3690 sic

2223 3725 2377 3781 obire
2402 3727 2726 3783 humilitatis
2752 3729 2955 3794 munia,
2993 3737 3052 3784 ut
3077 3745 3422 3786 communem
3453 3746 3512 3786 se
3536 3730 3822 3787 exhiberet

2225 3820 2391 3876 etiam
2431 3821 2654 3888 infimis,
2699 3823 2880 3878 alieno
2912 3823 3156 3892 pericqu
3185 3825 3369 3880 cibum
3402 3841 3509 3881 non
3547 3837 3817 3896 quaerere,

2229 3923 2414 3984 potum
2445 3930 2703 3971 recusare
2733 3915 2802 3989 (ll
2828 3916 2957 3990 Reg.
2992 3933 3151 3982 xxnt,
3179 3918 3248 3971 t3
3273 3927 3319 3971 et
3346 3917 3503 3989 seq.),
3537 3926 3825 3988 peccatum

2228 4006 2412 4072 fateri,
2445 4023 2616 4076 seque
2647 4009 2822 4077 ipsum
2867 4024 2964 4078 pro
3008 4011 3206 4080 populo
3235 4009 3434 4066 offerre
3462 4011 3653 4076 morti,
3685 4018 3745 4064 ut
3773 4009 3825 4061 in

2231 4113 2291 4155 se
2317 4101 2502 4155 divina
2531 4100 2835 4173 indignatio
2865 4112 3300 4171 converteretur,
3333 4118 3455 4158 cum
3486 4102 3708 4159 ferienti
3735 4116 3830 4154 an-

2232 4191 2356 4262 gelo
2380 4192 2618 4249 oll‘erens
2640 4209 2699 4248 se
2725 4194 2937 4251 diceret
2968 4211 2982 4250 :
3017 4194 3151 4250 Ecce
3180 4212 3314 4259 sunt,
3340 4212 3433 4268 ego
3464 4195 3692 4266 peccavi,
3725 4191 3831 4265 79

2233 4292 2282 4336 et
2312 4299 2406 4354 ego
2433 4294 2610 4354 pastor
2642 4285 2833 4338 malum
2863 4286 2982 4354 feci,
3014 4295 3061 4340 et
3089 4287 3182 4342 iste
3211 4302 3335 4358 grex
3362 4287 3487 4356 quid
3517 4285 3680 4356 fecit?
3711 4282 3836 4337 Fiat

2237 4392 2421 4430 manus
2449 4388 2538 4432 tua
2566 4378 2620 4430 in
2652 4394 2752 4432 me.

537 4439 901 4536 contumelias
933 4439 1132 4544 (Exod.
1166 4439 1342 4535 xxxii,
1380 4439 1439 4524 ll
1471 4478 1518 4523 et
1549 4468 1682 4538 seq.)
1718 4485 1731 4518 :
1765 4475 1823 4522 et
1865 4481 1989 4521 cum
2022 4466 2130 4520 Do.
2161 4439 2215 4499 D
2313 4469 2401 4524 55.
2427 4469 2562 4524 Nam
2595 4469 2724 4541 quid
2751 4470 2855 4525 alia
2885 4470 3089 4540 dicam,
3118 4472 3263 4544 quod
3295 4472 3477 4529 dolum
3519 4468 3839 4528 meditanti-

542 4573 723 4628 minus
756 4570 809 4624 in
843 4567 1144 4622 insolentes
1184 4562 1461 4618 vindicare
1484 4561 1680 4625 vellet;
1725 4575 1784 4614 se
1813 4568 1991 4613 tamen
2034 4573 2134 4628 pro

543 4664 744 4735 papulo
783 4659 1050 4715 offerebat
1077 4658 1413 4726 frequenter,
1447 4663 1506 4707 ut
1547 4652 1909 4722 indignationi
1937 4651 2138 4707 divinae

541 4758 757 4826 plebem
787 4750 1146 4808 subduceret!
1181 4747 1206 4785 ιι
1239 4748 1410 4816 Quam
1445 4745 1564 4800 miti
1595 4759 1850 4800 sermone
1893 4755 2014 4812 post
2056 4744 2141 4798 in.

535 4850 710 4918 jurias
731 4844 1039 4916 appellabat
1057 4841 1335 4912 populum,
1351 4839 1740 4893 consolabatur
1761 4838 1812 4892 in
1834 4836 2136 4902 laboribus,

544 4944 811 4998 delinibat
859 4938 1117 5000 oraculis,
1163 4935 1378 4990 fovebat
1417 4933 1674 5003 Operibus
1715 4950 1728 4986 :
1774 4941 1828 4986 et
1865 4947 1988 4986 cum
2030 4932 2140 4987 Deo

617 5067 642 5095 α
662 5058 773 5111 (lic.
799 5056 892 5110 lib.
911 5070 947 5108 ll
965 5096 979 5120 ,
1011 5068 1130 5122 pag.
1149 5049 1477 5116 577,'lin.2:
1508 5051 1700 5122 Rerum
1719 5061 1887 5104 autem
1910 5052 2138 5104 omnium

545 5146 634 5184 nec
647 5130 821 5194 aptius
837 5135 911 5180 est
923 5121 1203 5195 quidquam
1220 5125 1288 5175 ad
1302 5139 1424 5195 apes
1447 5121 1662 5195 tuendas
1684 5139 1831 5190 quam
1849 5123 2134 5192 diligi,etc.

616 5200 641 5237 ι’
675 5193 843 5263 Edit.,
875 5193 943 5250 ac
968 5197 1217 5259 facilitate
1255 5194 1449 5256 animi,
1486 5193 1841 5246 moderatione
1871 5195 2133 5262 prwcepti,

542 5272 590 5323 el
641 5269 947 5334 affabilitate
1001 5266 1272 5326 sermonis,
1327 5265 1694 5334 verborumque
1757 5264 1971 5315 honore.
2019 5263 2135 5334 llic.

546 5340 640 5392 lib.
670 5333 725 5398 tt.
755 5355 873 5408 pag.
906 5337 1032 5396 578.
1063 5339 1160 5391 liti.
1192 5335 1264 5388 24
1297 5333 1451 5408 :rSed
1478 5344 1552 5386 est
1573 5334 1716 5408 alius
1735 5334 1943 5402 quidam
1965 5333 2138 5386 aditus

543 5412 612 5462 ad
639 5405 1041 5474 multitudinem,
1071 5419 1124 5461 ut
1151 5409 1203 5460 in
1246 5407 1598 5459 universorum
1630 5405 1829 5457 animos
1874 5414 2135 5471 tamquam

543 5493 780 5546 inﬂuere,
816 5493 921 5534 etc.

598 5484 780 5550 fluere,
816 5493 921 5534 etc.

617 5564 638 5590 ο
673 5553 788 5606 Cic.
817 5552 984 5613 lih.tt,
1021 5547 1287 5618 pag.380,
1323 5545 1552 5618 lin.~48:
1582 5543 1889 5618 Sedtamen
1918 5545 2137 5615 difﬁcile

545 5624 684 5674 dictu
723 5634 796 5674 est
831 5617 1143 5689 quantopere
1178 5617 1416 5689 conetliet
1460 5617 1657 5689 animos
1685 5617 1947 5689 hominum
1970 5657 1983 5678 ,
2007 5628 2129 5689 ietc.

613 5691 637 5730 ά
667 5692 800 5755 Ibid.
843 5685 957 5744 'liu.
1006 5685 1077 5744 £9
1105 5687 1671 5756 :.1Exstantl_epistolm
1707 5696 1757 5741 et
1781 5685 2017 5758 Philippi
2068 5688 2137 5742 ad

2240 4559 2340 4616 bus
2365 4575 2428 4615 os
2457 4577 2613 4616 suum
2645 4577 2752 4616 non
2797 4563 3104 4633 aperiebat,
3147 4573 3224 4631 et,
3277 4573 3548 4633 tamquam
3582 4577 3694 4618 non
3744 4575 3841 4615 au-

2242 4653 2420 4720 dieus,
2453 4656 2661 4710 nullum
2700 4672 3010 4712 sermonem
3045 4656 3392 4713 referendum
3427 4656 3659 4728 putabat
3692 4668 3841 4710 :non

2243 4747 2610 4816 respondebat
2655 4749 2920 4803 conviciis
2957 4767 2970 4802 :
3017 4764 3140 4804 cum
3165 4749 3268 4804 sibi
3299 4749 3682 4820 derogaretur,
3714 4760 3845 4802 ora-

2245 4842 2382 4896 bat:
2425 4858 2549 4897 cum
2606 4844 3045 4910 malediceretur,
3095 4843 3490 4901 benedicebat?
3535 4841 3846 4898 Ambulans

2250 4935 2303 4989 in
2331 4935 2704 5005 simplicitate,
2752 4945 2807 4991 et
2857 4936 3221 5007 superborum
3259 4935 3273 4974 ί
3311 4935 3568 5007 fugitans,
3604 4941 3847 4989 sectator

2243 5048 2672 5122 Alexandrum...
2700 5048 2885 5122 quibus
2915 5051 3228 5122 praecipiunt
3264 5060 3320 5104 ut
3360 5050 3594 5105 oratione
3628 5047 3851 5118 benigna

2242 5121 2593 5173 multitudinis
2619 5121 2841 5184 animos,
2875 5121 2982 5175 etc.

2318 5203 2339 5229 ι’
2376 5191 2698 5264 [totiiLedih
2725 5192 2861 5254 sola,
2894 5191 3222 5257 alfabilitatis
3255 5191 3532 5264 profuerit.
3564 5189 3640 5246 Et
3683 5187 3847 5255 infra,

2241 5261 2494 5333 apOpnlo
2517 5261 2616 5314 Dei
2642 5262 2840 5325 illatas,
2871 5273 2977 5333 etc.

2319 5333 2336 5370 ῖ
2363 5332 2592 5399 Quidam
2618 5347 2775 5396 mss.,
2802 5331 3008 5386 consilii
3045 5349 3169 5386 usus
3201 5333 3512 5388 ministerio.

2318 5412 2342 5449 8
2369 5403 2620 5456 Nonnulli
2648 5417 2803 5461 mss.,
2827 5403 3119 5456 absoluebat
3137 5407 3495 5458 contumelias.

2316 5471 2344 5508 ¹ι
2371 5472 2483 5528 Ult.
2513 5472 2644 5526 edit.
2679 5472 2879 5535 l’aris.,
2908 5489 3064 5542 quam
3096 5475 3235 5527 mitis
3260 5477 3312 5527 in
3340 5489 3603 5538 sermone,

2324 5544 2336 5580 ί
2378 5543 2521 5598 Edit.
2574 5558 2637 5596 ac
2675 5557 2805 5595 mss.
2860 5539 2988 5605 duo.
3033 5545 3264 5613 fugitans
3306 5546 3673 5614 arrogantiam
3718 5561 3736 5598 :
3765 5539 3857 5597 alii

2241 5616 2404 5689 paulo
2457 5615 2663 5684 plures,
2705 5615 3055 5689 conventicula
3083 5617 3285 5684 fugiens
3315 5633 3333 5670 :
3365 5616 3561 5689 reliqui
3614 5617 3859 5669 maxime

2240 5684 2470 5744 iiumero
2498 5693 2552 5739 et
2574 5684 2900 5741 auctoritate
2923 5699 3101 5755 neque
3133 5687 3488 5757 arrogantiam
3517 5694 3862 5757 agnoscunt,
