4010 6186
251 248 346 304 113
1363 264 1452 321 DE
1492 263 1782 324 OFFICIIS
1822 267 2302 329 MlNlSTRORUM
2344 274 2474 330 LIB.
2519 277 2584 332 ll.
3528 289 3632 343 114

255 366 841 446 immaculatorum,
904 383 999 452 qui
1049 383 1285 438 cinerem
1339 382 1604 438 miscebat
1651 385 1932 439 alimentis

2089 390 2349 445 charitas.
2381 392 2591 448 Bonum
2623 405 2705 450 cst
2735 410 2867 466 ergo
2910 399 3277 454 testimonium
3322 403 3522 459 habere
3565 405 3634 459 de

267 478 402 529 suis,
453 481 596 521 cum
658 482 915 539 peccata
974 475 1187 565 propria
1259 474 1589 543 deploraret,
1633 483 1689 530 et
1741 484 1931 545 potum
2035 483 2390 554 plurimorum
2437 488 2750 544 dilectione.
2786 490 2927 546 Hinc
2972 493 3214 547 nascitur
3241 495 3353 565 80
3396 495 3551 564 lides,
3578 508 3636 552 ut

279 571 433 612 suum
461 565 858 631 temperabat
889 564 1298 637 ﬁetibus(Psal.
1328 582 1530 632 xxxvrt,
1568 568 1654 632 14,
1682 579 1730 622 et
1755 569 1926 637 alibi).
2035 579 2376 633 committere
2422 595 2484 634 se
2537 591 2626 635 tuo
2687 583 2904 637 amictui
2956 601 3062 638 non
3117 564 3410 640 vereantur
3469 593 3630 644 etiam

290 651 486 707 Merito
512 653 605 709 sic
637 658 944 726 expetitus
976 669 1057 712 est
1086 660 1427 714 abuniversu
1455 660 1678 729 populo,
1697 669 1755 714 ut
1778 663 1936 716 veni-

306 756 425 802 rent
446 747 514 801 ad
545 764 681 803 eum
717 765 924 807 omnes
957 753 1132 807 tribus
1155 753 1318 808 lsrael
1346 754 1592 808 dicentes
1621 773 1635 808 :
1670 753 1805 809 Ecce
1842 771 1935 808 nos

319 856 425 894 ossa
449 851 535 893 tua
560 851 612 895 et
651 858 787 896 caro
813 850 910 898 tua
930 861 1108 898 sumus
1141 861 1160 898 :
1187 845 1295 899 lteri
1322 857 1368 899 et
1399 845 1780 900 nudiustertius
1821 863 1938 900 cum

328 943 444 987 esset
474 933 611 988 Saul
638 977 655 1000 ,
706 945 758 988 et
801 947 1050 1006 regnaret
1079 955 1233 1008 super
1259 955 1384 1004 nos;
1415 950 1468 992 tu
1516 957 1632 993 eras
1684 942 1771 1008 qui
1816 958 1937 1010 pro-

331 1026 539 1080 ducebas
567 1037 614 1080 et
656 1028 951 1084 inducebas
989 1029 1177 1084 Israel.
1219 1029 1289 1083 Et
1334 1032 1466 1085 dixit
1498 1033 1590 1085 tibi
1634 1031 1888 1086 Dominus
1919 1050 1937 1087 :

336 1117 407 1171 Tu
437 1135 615 1188 pasces
663 1122 923 1190 populum
977 1138 1146 1175 meum
1195 1123 1262 1195 (ll
1291 1123 1420 1195 Reg.
1453 1139 1506 1192 v,
1540 1125 1565 1179 1
1613 1133 1659 1178 et
1684 1124 1840 1195 seq.).
1873 1124 1939 1180 Et

333 1214 454 1283 quid
478 1215 632 1282 plura
655 1214 728 1270 de
758 1229 828 1270 eo
856 1215 1059 1282 dicam,
1096 1217 1162 1272 de
1187 1233 1297 1288 quo
1330 1217 1643 1288 hujusmodi
1684 1219 1778 1274 Dei
1814 1208 1940 1287 pro-

334 1303 494 1358 cessit
530 1307 840 1372 sententia,
865 1316 927 1361 ut
953 1306 1023 1362 de
1055 1323 1120 1362 eo
1143 1309 1354 1363 diceret
1381 1327 1394 1361 :
1429 1309 1611 1365 inveni
1653 1309 1824 1363 David
1854 1326 1940 1364 se-

333 1397 566 1452 cundant
599 1413 696 1452 cor
728 1415 911 1454 meum
938 1399 1115 1471 (Psal.
1138 1417 1409 1466 Lxxxvur,
1436 1402 1496 1456 2|
1527 1401 1582 1471 )?
1631 1401 1764 1467 Quis
1793 1401 1938 1457 enim

332 1491 388 1545 in
410 1489 717 1547 sanctitate
733 1492 918 1548 cordis
948 1503 1002 1549 et
1038 1494 1246 1563 justitia
1277 1496 1422 1550 sicut
1463 1493 1568 1549 iste
1604 1493 1938 1561 ambulavit,

336 1593 393 1638 ut
411 1584 671 1653 impleret
696 1585 1034 1640 voluntatem
1066 1586 1159 1640 Dei
1187 1604 1202 1639 :
1239 1595 1461 1657 propter
1493 1601 1653 1656 quem
1691 1595 1743 1640 et
1768 1585 1942 1641 deliu-

333 1677 627 1746 quentibus
652 1680 886 1746 posteris
934 1679 1054 1746 ejus
1088 1678 1249 1732 venia
1296 1677 1446 1742 data,
1497 1686 1552 1731 et
1582 1679 1940 1749 prmrogativa

332 1782 417 1827 est
446 1782 729 1827 reservata
755 1773 1070 1827 litercdibus
1097 1772 1191 1844 (Ill
1210 1773 1338 1842 Reg.
1367 1789 1444 1836 χι,
1472 1773 1560 1835 12,
1593 1772 1719 1842 l5)?

402 1865 494 1920 56.
529 1864 665 1932 Quis
695 1865 862 1935 igitur
911 1881 1019 1919 non
1049 1865 1310 1935 diligeret
1348 1880 1496 1928 eum,
1523 1880 1683 1934 quem
1721 1863 1941 1919 videbat

335 1957 407 2013 ita
441 1959 670 2012 charum
699 1958 925 2022 amicis;
952 1967 1012 2012 ut
1039 1959 1164 2027 quia
1198 1960 1313 2028 ipse
1339 1958 1553 2012 sincere
1581 1957 1787 2010 amicos
1820 1955 1942 2010 dili-

335 2051 518 2120 gebat,
543 2065 704 2120 azque
728 2049 879 2120 diligi
903 2065 965 2104 se
995 2065 1025 2104 a
1052 2051 1165 2104 suis
1191 2052 1385 2104 amicis
1411 2050 1812 2105 arbitraretur?
1840 2051 1942 2104 De-

339 2143 502 2212 nique
525 2152 786 2211 parentes
807 2157 934 2198 eum
979 2141 1104 2196 ﬁliis
1147 2142 1282 2208 suis,
1315 2143 1410 2196 ﬁlii
1438 2141 1806 2212 praeferebant
1847 2157 1945 2211 pa-

340 2237 612 2292 rentibus.
647 2235 803 2291 Unde
830 2237 1076 2306 graviter
1111 2237 1423 2306 indignatus
1464 2235 1616 2302 Saul,
1658 2243 1946 2306 percutere

341 2330 618 2386 Jonathan
660 2329 830 2384 ﬁlium
869 2330 1023 2384 basta
1056 2329 1258 2394 voluit;
1305 2329 1429 2400 quia
1458 2329 1628 2398 pluris
1649 2328 1792 2398 apud
1820 2343 1944 2383 eum

341 2424 526 2480 valere
565 2423 738 2478 David
793 2423 1092 2478 amicitiam
1141 2423 1444 2493 judicabat,
1487 2438 1649 2492 quam
1697 2422 1786 2477 vel
1829 2422 1946 2494 pie-

349 2525 533 2580 tatem,
588 2515 675 2570 vel
709 2517 1096 2570 auctoritatem
1152 2523 1434 2585 paternam
1467 2514 1684 2586 (IRrg.
1733 2530 1835 2579 xx,
1877 2516 1948 2571 30

344 2617 394 2661 et
414 2607 574 2678 seq.).

415 2702 507 2755 37.
556 2700 776 2756 Etenim
815 2700 881 2755 ad
929 2701 1260 2756 incentivum
1309 2700 1593 2756 charitatis
1639 2701 1946 2754 communis

345 2795 640 2865 plurimum
667 2797 909 2865 proﬁcit,
941 2797 985 2850 si
1019 2797 1139 2864 quis
1174 2796 1347 2849 vicem
1381 2794 1690 2848 amantibus
1731 2793 1947 2863 reddat,

345 2904 447 2944 nec
472 2890 652 2944 minus
691 2889 984 2944 redamare
1014 2904 1076 2944 se
1103 2889 1314 2958 probet,
1350 2903 1510 2956 quam
1545 2888 1662 2957 ipse
1694 2899 1906 2942 amatur
1931 2927 1947 2952 ,

342 2981 507 3052 idque
533 2982 794 3038 amicitiae
827 2981 1008 3036 ﬁdelis
1033 2989 1060 3017 ει
1085 2989 1264 3050 pateat
1307 2979 1595 3048 exemplis.
1630 2979 1770 3044 Quid
1805 2978 1950 3034 enim

344 3089 453 3133 tam
493 3078 787 3149 populare,
831 3093 994 3148 quam
1026 3078 1232 3148 gratia?
1256 3077 1393 3144 Quid
1447 3085 1556 3130 tam
1605 3076 1828 3129 insitum
1858 3089 1952 3128 ua-

344 3183 506 3238 turze,
536 3187 700 3243 quam
731 3182 791 3226 ut
831 3172 1142 3243 diligentem
1177 3171 1413 3241 diligas?
1440 3170 1580 3238 Quid
1631 3180 1736 3224 tam
1787 3169 1950 3224 inoli-

345 3275 459 3320 tum
497 3275 660 3334 atque
692 3265 1021 3333 impressum
1066 3263 1349 3318 allectibus
1393 3263 1669 3328 humanis,
1701 3277 1862 3332 quam
1897 3271 1958 3317 ut

342 3375 470 3414 eum
508 3373 696 3413 amare
728 3357 958 3413 inducas
1004 3359 1057 3413 in
1092 3359 1360 3422 animum,
1395 3373 1421 3408 a
1447 3372 1554 3426 quo
1583 3367 1634 3411 te
1662 3357 1835 3410 amari
1859 3371 1955 3410 ve-

346 3452 450 3508 lis?
500 3452 695 3507 Merito
745 3453 966 3522 sapiens
994 3451 1128 3505 dicit
1161 3469 1174 3504 :
1204 3449 1379 3504 Perde
1421 3451 1696 3516 pecuniam
1746 3459 1957 3519 propter

347 3547 564 3616 fratrem
604 3556 653 3599 et
703 3547 926 3599 amicum
958 3543 1152 3614 (Eccli.
1179 3561 1334 3611 xxrx,
1366 3544 1480 3615 l3).
1511 3545 1575 3598 Et
1620 3544 1786 3597 alibi:
1814 3544 1960 3597 Ami-

348 3657 466 3694 cum
492 3642 730 3695 salutare
765 3656 870 3694 non
898 3639 1212 3705 erubescam,
1239 3648 1282 3691 et
1313 3655 1342 3690 a
1366 3639 1502 3706 facie
1542 3638 1688 3691 illius
1735 3655 1839 3690 non
1877 3653 1959 3691 me

346 3733 663 3788 abscondam
690 3730 885 3802 (Eccli.
904 3747 1040 3796 xxtt,
1063 3730 1179 3801 3i).
1207 3729 1488 3800 Siquidem
1510 3731 1637 3783 vitae
1659 3740 1714 3784 et
1733 3730 1960 3784 immor-

348 3824 577 3878 talitatis
605 3823 1076 3878 medicamentum
1107 3823 1159 3876 in
1191 3823 1366 3876 amico
1390 3836 1512 3875 esse
1539 3821 1961 3876 Ecclesiasticus

348 3930 532 3971 sermo
560 3926 796 3972 testatur
823 3915 1021 3987 (Eccli.
1044 3932 1119 3982 vl,
1151 3914 1244 3987 16)
1280 3934 1292 3967 :
1325 3923 1380 3970 et
1404 3930 1674 3968 summum
1724 3915 1778 3968 in
1825 3915 1958 3969 cha-

353 4009 514 4064 ritate
541 4009 860 4079 praesidium
909 4024 1075 4064 nemo
1119 4009 1488 4075 dubitaverit,
1517 4022 1640 4060 cum
1670 4007 1966 4075 Apostolus

356 4100 498 4157 dicat
532 4119 546 4154 :
575 4102 768 4155 Omnia
797 4100 999 4166 suﬂ'ert,
1036 4102 1209 4153 omnia
1234 4101 1416 4163 credit,
1444 4100 1618 4153 omnia
1635 4109 1832 4166 sperat,
1854 4115 1965 4152 om-

2035 668 2220 730 alieui,
2256 686 2416 738 quem
2445 671 2692 740 pluribus
2723 673 2950 728 charum
2985 675 3338 731 adverteriut.
3371 678 3635 734 Similiter

2037 760 2198 814 etiam
2229 777 2324 830 per
2351 762 2511 817 ﬁdem
2536 764 2602 817 ad
2629 766 2953 822 charitatem
2972 771 3315 838 pervenitur;
3336 782 3392 824 ut
3422 770 3518 842 qui
3548 772 3640 826 uni

2039 862 2131 905 aut
2158 852 2370 906 duobus
2394 858 2707 923 prtestiterit
2732 859 2914 925 ﬁdem,
2943 868 3218 931 tamquam
3251 861 3433 916 inﬂuat
3459 864 3638 918 inani-

2041 959 2160 999 mos
2194 947 2594 1012 universorum,
2620 960 2674 1004 et
2697 953 2936 1004 omnium
2966 956 3214 1021 acquirat
3242 955 3496 1024 gratiam.

2630 1042 2860 1099 CAPUT
2905 1045 3036 1099 \‘lll.

2045 1128 2197 1183 Nihil
2246 1130 2315 1182 ad
2364 1133 2744 1188 conciliandam
2800 1139 3022 1206 gratiam
3074 1138 3239 1208 magis
3274 1140 3443 1192 ualere
3485 1156 3640 1208 quam

2115 1225 2334 1277 consilia
2360 1241 2378 1278 :
2406 1227 2495 1278 sed
2520 1227 2592 1279 eis
2623 1228 2882 1297 conﬁdere
2907 1247 3057 1298 posse
3098 1232 3372 1296 neminem,
3404 1233 3502 1285 nisi
3517 1234 3642 1299 jus-

2116 1317 2228 1370 titia
2257 1317 2492 1370 nitantur
2519 1335 2578 1372 ac
2607 1321 2882 1390 prudentia
2905 1338 2924 1375 :
2951 1332 3204 1390 quantum
3232 1332 3401 1376 autem
3428 1323 3506 1375 ha:
3526 1324 3644 1377 duae

2114 1411 2326 1463 virtutes
2352 1411 2607 1465 eluxerint
2633 1413 2684 1465 in
2719 1411 3020 1479 Salomone,
3045 1429 3107 1466 ex
3136 1414 3299 1483 ipsius
3317 1413 3643 1468 celeberrimo

2107 1503 2314 1572 judicio
2341 1503 2514 1573 palam
2541 1503 2656 1572 fieri
2664 1544 2678 1558 .

2115 1594 2205 1648 10.
2240 1593 2357 1647 Duo
2406 1594 2570 1664 igitur
2618 1594 2734 1648 haec
2781 1594 2847 1648 ad
2889 1596 3422 1650 commendationem
3472 1599 3643 1651 nostri

2045 1687 2336 1758 plurimum
2371 1699 2686 1757 operantur,
2713 1685 2738 1723 ά
2773 1689 3010 1744 charitas
3050 1700 3104 1744 et
3138 1689 3305 1752 ﬁdes;
3337 1696 3393 1744 et
3422 1688 3643 1743 tertium

1967 1770 2016 1830 B
2045 1779 2169 1846 hoc,
2202 1782 2245 1834 si
2276 1780 2477 1835 habeas
2506 1781 2646 1850 quod
2674 1783 2723 1835 in
2757 1791 2810 1836 te
2841 1781 3206 1836 admiratione
3233 1781 3454 1850 dignum
3483 1781 3646 1852 pleri-

2043 1888 2148 1942 que
2176 1873 2516 1940 existiment,
2547 1881 2600 1928 et
2625 1873 2748 1943 jure
2772 1872 3153 1927 honorandum
3186 1881 3400 1942 putent.

2118 1986 2208 2040 41.
2238 1986 2305 2041 Et
2343 1987 2465 2055 quia
2517 1987 2876 2041 consiliorum
2928 2003 3058 2043 usus
3101 1987 3340 2043 maxime
3389 1987 3682 2069 conciliat,

2046 2077 2313 2143 homines,
2353 2077 2475 2132 ideo
2505 2088 2526 2113 ε’
2561 2079 2848 2148 prudentia
2879 2088 2934 2133 et
2972 2080 3187 2150 justitia
3235 2079 3288 2134 in
3323 2095 3651 2150 unoquoque

2045 2171 2413 2235 desideratur,
2439 2179 2493 2224 et
2516 2186 2578 2226 ea
2603 2179 2993 2239 exSpectantur
3012 2188 3040 2225 a
3072 2171 3346 2240 pluribus;
3377 2182 3435 2226 ut
3463 2174 3517 2226 in
3541 2187 3650 2242 quo

2047 2281 2108 2320 ca
2135 2266 2264 2330 sint,
2297 2266 2375 2319 illi
2413 2264 2694 2320 deferatur
2725 2266 2883 2332 ﬁdes,
2914 2267 3056 2336 quod
3088 2268 3261 2337 possit
3292 2268 3425 2322 utile
3471 2268 3649 2322 cousi-

2049 2359 2178 2414 lium
2199 2359 2436 2413 aclidele
2465 2358 2793 2413 desideranti
2824 2360 2977 2414 dare.
3004 2361 3134 2426 Quis
3156 2365 3299 2414 enirn
3330 2362 3379 2415 ei
3412 2375 3470 2416 se
3500 2376 3650 2415 com-

2051 2453 2251 2518 mittat,
2279 2467 2440 2521 quem
2467 2468 2573 2505 non
2592 2461 2744 2522 putet
2793 2452 2917 2522 plus
2954 2467 3169 2522 sapere,
3200 2468 3362 2522 quam
3405 2453 3521 2521 ipse
3564 2468 3650 2507 sa-

2049 2549 2163 2618 piat
2187 2546 2279 2617 qui
2305 2547 2501 2616 quaerit
2527 2546 2854 2601 consilium?
2889 2546 3125 2601 Necesse
3146 2556 3228 2600 est
3256 2547 3416 2615 igitur
3443 2555 3652 2616 utprae-

2051 2642 2282 2696 stantior
2293 2641 2360 2694 sit
2378 2656 2408 2693 a
2432 2656 2540 2711 quo
2553 2640 2841 2696 consilium
2859 2641 3244 2710 petitur,quam
3260 2640 3349 2695 ille
3360 2641 3544 2710 estqui
3560 2655 3653 2710 pe-

2054 2733 2135 2787 tit.
2163 2733 2298 2801 Quid
2312 2734 2455 2788 enim
2471 2734 2728 2789 consulas
2748 2735 3046 2800 hominem,
3061 2749 3220 2803 quem
3238 2749 3344 2788 non
3365 2732 3652 2787 arbitreris

2055 2840 2217 2898 posse
2253 2827 2449 2882 melius
2481 2827 2685 2898 aliquid
2719 2827 2986 2898 reperire,
3015 2842 3177 2898 quam
3202 2827 3321 2896 ipse
3351 2825 3650 2895 intelligis?

2125 2941 2218 2997 «l2.
2248 2942 2403 3009 Quod
2442 2943 2486 2996 si
2516 2957 2640 2998 eum
2670 2943 2944 2997 inveneris
2973 2943 3063 3012 qui
3094 2939 3382 2995 vivacitate
3430 2939 3653 3010 ingenii,

2057 3036 2256 3091 mentis
2295 3037 2483 3106 vigore
2514 3048 2676 3106 atque
2707 3036 3032 3091 auctoritate
3075 3043 3322 3104 praestet,
3351 3042 3406 3088 et
3432 3032 3658 3087 accedat

1980 3147 2026 3210 ρ
2057 3144 2123 3184 eo
2144 3138 2203 3182 ut
2231 3128 2485 3197 exemplo
2509 3137 2566 3182 et
2592 3144 2694 3182 usu
2725 3129 2968 3195 paratior
3003 3127 3096 3192 sit,
3144 3125 3432 3195 praesentia
3477 3125 3659 3179 solvat

2058 3222 2318 3292 pericula.
2368 3223 2666 3292 prospiciat
2709 3222 2911 3288 futura,
2960 3221 3247 3276 denuntiet
3291 3219 3655 3282 imminentia,

2056 3325 2435 3386 argumentum
2481 3316 2762 3386 expediat,
2796 3313 3101 3370 remedium
3135 3312 3273 3367 ferat
3303 3313 3354 3366 in
3387 3323 3655 3380 tempore,

2059 3418 2278 3478 paratus
2329 3408 2400 3462 sit
2431 3424 2536 3462 non
2569 3408 2746 3462 solum
2777 3408 2844 3461 ad
2889 3404 3307 3470 consulendum,
3351 3403 3448 3458 sed
3493 3403 3659 3456 etiam

2058 3501 2124 3556 ad
2165 3501 2630 3568 subveniendum;
2669 3501 2796 3556 huic
2845 3502 2917 3556 ita
2963 3499 3099 3554 ﬁdes
3127 3498 3382 3564 habetur,
3412 3505 3472 3550 ut
3514 3495 3662 3550 dicat

2060 3594 2153 3661 qui
2196 3594 2484 3648 consilium
2519 3594 2698 3663 petit:
2731 3592 2800 3646 Et
2831 3595 2876 3648 si
2905 3592 3045 3645 mala
3089 3591 3216 3644 mihi
3264 3588 3522 3643 evenerint
3568 3602 3660 3656 per

2062 3685 2233 3750 illum,
2255 3686 2485 3739 sustineo
2516 3685 2706 3756 (Eccli.
2738 3701 2872 3750 xxn,
2904 3682 3017 3754 3i).

2135 3799 2224 3853 45.
2250 3799 2570 3868 llujusmodi
2600 3800 2766 3868 igitur
2789 3799 2910 3852 viro
2936 3797 3170 3851 Salutem
3199 3800 3438 3847 nostram
3468 3799 3523 3846 et
3549 3791 3665 3846 exi-

2064 3890 2437 3944 stimationem
2467 3889 2878 3951 committimus,
2903 3887 2992 3956 qui
3018 3886 3187 3951 sit,ut
3209 3898 3371 3952 supra
3401 3883 3662 3947 diximus,

2062 3982 2242 4051 justus
2289 3989 2346 4034 et
2388 3979 2646 4049 prudens.
2681 3979 2833 4033 Facit
2875 3979 3020 4032 enim
3058 3975 3076 4012 ί
3104 3975 3314 4046 justitia
3339 4015 3352 4038 ,
3382 3984 3443 4028 ut
3484 3974 3667 4029 nullus

2067 4074 2138 4128 sit
2176 4072 2382 4126 fraudis
2413 4079 2592 4126 metus
2627 4089 2638 4124 :
2672 4070 2802 4126 facit
2848 4070 3010 4125 etiam
3051 4067 3362 4139 prudentia,
3409 4076 3470 4122 ut
3519 4066 3664 4121 nulla

3703 2047 3738 2056 /

357 4196 444 4248 nia
488 4195 735 4259 sustinet,
785 4195 1014 4249 Charitas
1053 4210 1332 4265 numquam
1379 4194 1518 4247 cadit
1551 4192 1595 4264 (ι
1623 4190 1744 4247 Cor.
1778 4207 1898 4260 xm,
1931 4194 1964 4246 7

356 4298 406 4342 et
428 4298 582 4342 βείω.

428 4288 582 4357 δέῃ’),
2069 4288 2232 4335 quam
2284 4288 2538 4333 pl'uucttll
2583 4288 2994 4326 Uttlllllllutlltua,
3053 4288 3110 4314 us
3156 4288 3454 4314 accurluuul
3511 4288 3668 4344 uauu:

424 4382 519 4438 ~38.
551 4382 681 4436 Ideo
710 4381 882 4435 David
901 4396 1008 4435 non
1039 4380 1260 4446 cecidit,
1286 4380 1409 4450 quia
1440 4378 1637 4433 charus
1670 4377 1769 4432 fuit
1792 4377 1968 4431 omni-
2071 4356 2221 4426 νυιεῑ
2272 4356 2484 4450 Ιοίιυᾼδτ·
2513 4364 2537 4399 ⁸
2567 4354 2836 4409 cancrum
2886 4352 3192 4424 sapientum
3238 4349 3578 4412 deﬁnitione:
3612 4348 3668 4450 ί¹ξ

355 4473 480 4536 bus,
514 4483 569 4528 et
609 4472 760 4543 diligi
793 4487 824 4526 a
857 4472 1122 4541 subjectis
1155 4446 1319 4541 quam
1361 4471 1539 4525 timeri
1575 4469 1786 4523 maluit.
1813 4467 1841 4506 δ
1871 4468 1966 4523 Ti-
1990 4529 2038 4543 ἢ
2072 4462 2183 4543 (1υο
2213 4463 2317 4543 “Vna
2355 4448 2530 4543 Ῠξτίυθ
2570 4455 2674 4512 es"
2700 4453 3035 4543 θοηθυπιηξί
3085 4451 3320 4543 θίξδίθξίθν
3355 4455 3456 4543 Ῑξθθ
3488 4446 3671 4540 pote?‘

356 4580 477 4619 mor
531 4565 678 4620 enim
738 4562 1058 4632 temporalis
1114 4563 1394 4617 tutaminis
1443 4569 1626 4616 servat
1680 4560 1954 4627 excubias,

2078 4542 2191 4596 sine
2230 4541 2438 4610 justitia
2488 4555 2612 4595 esse
2644 4540 2949 4609 prudentia.
2983 4536 3140 4605 Quod
3169 4533 3334 4590 etiam
3378 4533 3432 4586 in
3464 4529 3669 4584 nostris

2076 4636 2423 4701 invenimus;
2451 4633 2589 4689 dicit
2638 4634 2783 4689 enim
2838 4631 3005 4687 David
3041 4649 3055 4685 :
3091 4629 3272 4684 Justus
3311 4626 3580 4681 miseretur
3625 4632 3674 4677 et

2077 4730 2275 4798 fenerat
2309 4725 2484 4798 (Psal.
2518 4742 2711 4791 xxxvr,
2739 4725 2853 4796 2i).
2879 4724 3018 4792 Quid
3062 4723 3275 4778 feneret
3307 4719 3514 4790 justus,
3543 4713 3676 4770 alibi

2074 4817 2212 4871 dicit
2239 4833 2254 4870 :
2294 4814 2572 4870 Iucundus
2602 4819 2679 4870 uir
2699 4817 2787 4886 qui
2813 4817 3084 4870 miseretur
3112 4825 3160 4869 et
3192 4818 3412 4884 fenerat,
3443 4810 3681 4877 disponet

2078 4923 2338 4963 sermones
2365 4923 2486 4961 suos
2515 4908 2568 4960 in
2583 4908 2789 4979 judicio
2821 4906 2999 4977 (Psal.
3034 4922 3151 4973 cxr,
3176 4904 3255 4977 5).
3302 4943 3318 4972 η

2068 4167 2142 4222 sit
2167 4167 2378 4223 erroris
2403 4167 2664 4236 suspicio.
2698 4165 3014 4235 Promptius
3045 4173 3223 4219 tamen
3253 4177 3351 4218 nos
3374 4163 3522 4232 justo
3546 4161 3666 4216 viro
3742 4187 3756 4288 Ι

2072 4279 2229 4288 -..η-..ι
2284 4261 2536 4288 -ι-..ιιιιηοέ
2585 4263 2968 4288 ΛΑΜ-κιαιΣ-ηηο
3052 4271 3108 4288 ηρ
3157 4257 3454 4288 οηηηηΑηινι
3509 4270 3664 4288 unum

2069 4279 2232 4335 quam
2284 4261 2538 4333 prudenti
2583 4263 2994 4326 committimus,
3052 4271 3110 4314 ut
3156 4257 3454 4314 secundum
3509 4257 3746 4351 usum

357 4659 536 4713 nescit
563 4658 945 4711 diuturnitatis
975 4656 1298 4711 custodiam.
1328 4654 1516 4723 Itaque
1547 4651 1637 4707 ubi
1683 4653 1844 4708 timor
1871 4653 1968 4708 de-

358 4754 607 4818 cesserit,
639 4751 868 4806 audacia
895 4751 1140 4820 obrepit;
1166 4751 1421 4820 quoniam
1451 4747 1614 4802 ﬁdem
1663 4762 1772 4800 non
1805 4749 1967 4801 timor

349 4840 525 4913 ’cogit,
560 4843 656 4898 sed
679 4842 912 4897 allectus
942 4843 1182 4897 exhibet.

433 4936 520 4992 59.
566 4936 751 4992 Prima
797 4952 934 5007 ergo
973 4935 1043 4991 ad
1074 4932 1616 4991 commendationem
1670 4929 1846 4987 nostri
1883 4939 1970 4987 est

361 5112 539 5167 neque
589 5094 951 5167 conuenticula
988 5109 1012 5167 4:
1047 5092 1159 5167 sed
1195 5107 1297 5148 nec
1340 5091 1438 5146 ulli
1485 5090 1709 5147 omnino
1746 5089 1975 5146 verbum

364 5165 587 5231 exstitit,
613 5165 761 5237 quod
784 5166 836 5220 in
868 5165 1034 5220 editis
1062 5165 1258 5234 legitur
1289 5174 1434 5237 post,
1465 5172 1709 5237 sectator.

442 5250 466 5276 ⁸
497 5234 938 5302 Μεςζιιοηηυιιί,
988 5237 1150 5306 faciat
1198 5235 1482 5306 exemplis;
1531 5234 1752 5304 quidam
1807 5249 1982 5289 exem-

371 5314 614 5438 plzmdic.
648 5381 748 5435 lib.
782 5395 842 5444 ll,
875 5393 997 5448 pag.
1025 5378 1153 5444 577,
1177 5377 1273 5432 lin.
1307 5377 1342 5431 8
1373 5395 1387 5430 :
1423 5375 1600 5431 Malus
1643 5377 1781 5432 enim
1812 5386 1987 5430 custos

378 5454 741 5507 diuturnitatis
772 5460 958 5508 metus.
993 5460 1102 5503 etc.

453 5536 474 5563 ε
506 5523 669 5586 lbid.,
700 5537 825 5592 pag.
855 5521 983 5583 378,
1031 5521 1129 5574 lin.
1159 5520 1225 5574 15
1257 5539 1269 5573 :
1302 5517 1515 5574 Certum
1565 5519 1858 5592 igiturboc
1896 5517 1986 5578 sit,

380 5597 537 5664 idque
554 5604 603 5648 et
629 5589 856 5666 primum
879 5603 927 5645 et
949 5592 1171 5645 mata-inte
1208 5593 1559 5647 necessarium
1602 5589 1988 5660 familiaritates

390 5666 574 5719 habere
600 5665 762 5732 ﬁdus,
788 5672 932 5717 etc...

461 5735 486 5772 δ
521 5729 688 5802 lbid.,
714 5749 837 5805 pag.
874 5733 1002 5803 576',
1044 5733 1144 5788 lin.
1185 5733 1296 5790 58:
1332 5733 1682 5802 Quacumque
1709 5732 1868 5802 igitur
1903 5729 1996 5784 ho-

2084 5089 2270 5152 mines,
2295 5095 2401 5143 etc.
2432 5083 2564 5140 ltem
2599 5100 2718 5154 pag.
2763 5085 2890 5150 578,
2922 5083 3020 5139 lin.
3048 5083 3112 5139 21
3144 5102 3160 5138 :
3192 5083 3414 5140 Summa
3440 5080 3600 5152 igitur
3644 5090 3696 5134 et

2086 5165 2314 5230 perfecta
2341 5159 2509 5229 gloria
2538 5167 2761 5230 constat,
2791 5165 2900 5230 etc.

2165 5223 2191 5267 έ
2214 5223 2374 5293 Ιῢὶάῖ,
2400 5244 2523 5299 pag.
2550 5229 2675 5292 578,
2706 5228 2799 5282 lin.
2829 5229 2937 5283 ὄις
2965 5225 3131 5281 Fides
3153 5235 3324 5282 autem
3345 5234 3400 5278 ut
3425 5223 3698 5291 habeatur,

2089 5300 2479 5375 άυιξθμυεὺμε
2510 5300 2650 5375 είβρί
2685 5307 2872 5375 notes?»
2906 5309 3016 5353 οιεο
3424 5369 3436 5375 -
3544 5365 3608 5375 ..

2174 5365 2864 5436 flbid.,Iin.'1;'i9:'.lustis
2911 5379 3090 5423 autem
3140 5379 3187 5424 et
3236 5369 3355 5438 ﬁdis
3415 5365 3708 5438 hominibus

2091 5443 2148 5498 id
2168 5455 2266 5511 est,
2297 5444 2516 5498 bonis...
2547 5443 2754 5497 Harum
2784 5443 2944 5513 igitur
2971 5442 3200 5496 duarum
3229 5437 3297 5494 ad
3337 5439 3491 5510 ﬁdem
3514 5437 3708 5508 facien-

2095 5515 2215 5568 dam
2245 5516 2445 5579 justitia
2470 5518 2587 5586 plus
2624 5515 2799 5586 pollet,
2833 5520 2937 5566 etc.

2175 5596 2198 5633 8
2233 5586 2392 5650 lbid.,
2413 5582 2505 5639 lin.
2542 5582 2658 5640 46':
2689 5582 2796 5638 Sed
2822 5600 2884 5638 ne
2909 5583 3034 5653 quis
3076 5586 3142 5638 sit
3171 5583 3456 5637 admiratus
3477 5593 3581 5653 cur_
3596 5591 3716 5653 cum

2100 5659 2234 5711 inter
2282 5645 2457 5712 omnes
2506 5655 2840 5727 philosophos
2890 5645 3191 5712 conﬂauit
3226 5657 3312 5728 qui
3361 5669 3518 5709 unam
3561 5645 3720 5701 habe-

2100 5738 2197 5794 ret,
2230 5739 2340 5783 etc.
