4030 6188
413 237 518 293 H5

1783 227 2030 295 SANCTI
2067 228 2393 296 “133051!

3612 220 3715 276 ΗΒ

480 350 573 406 it.
607 350 785 431 Ipsum
815 347 946 403 illud
978 346 1161 405 nobile
1194 344 1505 403 Salomonis
1532 344 1794 423 judicium
1824 358 2007 411 nonne
2035 344 2082 408 Α
2111 359 2205 400 cor
2232 343 2475 417 prudens
2498 341 2687 399 audire
2707 350 2761 398 et
2779 339 3028 410 judicare
3046 352 3166 431 cum
3181 335 3390 409 justitia
3408 333 3609 409 (lbid.,
3630 336 3710 406 9).

410 444 698 515 sapientiae
724 442 942 521 plenum
984 453 1047 493 ac
1076 438 1304 509 justitite
1335 436 1451 493 est?
1478 436 1670 507 Itaque
1700 445 2010 508 spectemus

412 535 547 590 illud
584 536 628 588 si
654 534 724 587 ita
758 540 861 585 est.
890 530 1044 597 Dum,
1096 530 1271 600 inquit
1314 528 1580 583 mulieres
1622 529 1674 582 in
1716 535 2011 600 conspectu

407 628 553 697 regis
577 624 885 683 Salomonis
910 632 1201 690 steterunt,
1232 620 1437 685 etdixit
1464 636 1565 676 una
1591 621 1656 674 ad
1690 636 1811 676 eum
1835 639 1847 675 :
1871 618 2010 675 Audi

411 736 522 786 me,
555 716 798 773 domine.
836 715 950 787 Ego
980 726 1033 770 et
1070 716 1179 789 81
1212 714 1327 771 haec
1376 712 1575 768 mulier
1603 712 1658 769 in
1702 728 1808 769 uno
1860 711 2013 769 habi-

410 821 591 867 tantes
617 809 893 876 cubiculo,
918 818 1047 865 ante
1067 808 1211 875 diem
1242 806 1456 863 tertium
1488 816 1643 878 partu
1684 804 1853 871 edito,
1897 805 2012 861 sin-

409 906 571 979 gulos
618 903 763 960 illius
815 904 1178 973 suscepimus,
1228 909 1283 957 et
1330 914 1581 956 erramus
1624 913 1754 964 una,
1805 897 2012 954 arbiter

410 997 594 1053 nullus
646 996 817 1060 domi,
851 1009 950 1050 nec
1001 994 1108 1051 ulla
1161 992 1270 1049 alia
1314 990 1595 1047 nobiscum
1648 988 1869 1051 femina,
1906 987 2010 1042 nisi

408 1104 511 1155 nos
552 1088 682 1142 solm
713 1104 726 1141 :
760 1097 814 1142 et
846 1094 1095 1141 mortuus
1138 1092 1224 1151 est
1252 1083 1400 1141 ﬁlius
1428 1082 1546 1157 ejus
1592 1082 1693 1139 hac
1738 1088 1921 1145 nocte,
1955 1089 2013 1135 ut

409 1181 741 1237 obdormivit
785 1195 952 1251 super
982 1195 1104 1235 eum
1131 1196 1145 1235 :
1176 1188 1233 1233 et
1258 1176 1496 1239 surrexit
1521 1174 1697 1237 media
1728 1182 1910 1239 nocte,
1958 1180 2015 1228 et

403 1274 616 1347 accepit
639 1274 808 1341 filium
836 1288 1015 1329 meum
1045 1272 1115 1327 de
1140 1271 1264 1341 sinu
1292 1286 1441 1335 meo,
1487 1278 1543 1325 et
1567 1266 1862 1326 collocavit
1886 1281 2010 1322 eum

409 1368 463 1421 in
510 1370 720 1438 gremio
750 1380 872 1433 suo,
906 1374 961 1422 et
1003 1364 1173 1421 lilium
1220 1378 1376 1420 suum
1406 1371 1678 1423 mortuum
1730 1359 1910 1431 posuit
1957 1359 2008 1413 in

412 1461 535 1515 sinu
580 1475 721 1515 meo.
758 1458 828 1513 Et
866 1456 1085 1514 surrexi
1114 1472 1296 1521 mane,
1319 1465 1375 1509 ut
1405 1456 1664 1513 laetarem
1698 1451 2006 1533 parvulum,

409 1563 465 1615 et
497 1552 678 1607 inveni
726 1559 1020 1609 mortuum.
1076 1550 1142 1607 Et
1173 1547 1517 1613 consideravi
1551 1548 1700 1603 illum
1730 1544 1971 1609 diluculo
1993 1584 2008 1610 ,

409 1656 599 1701 etnon
644 1643 931 1700 eratfilius
978 1658 1152 1707 meus.
1189 1643 1253 1701 Et
1299 1639 1581 1712 reSpondit
1624 1641 1834 1695 altera:
1866 1638 2006 1707 Non,

2732 431 2957 488 CAPUT
2997 429 3089 486 IX.

2118 530 2363 601 Quamuis
2389 528 2672 585 indiuidua:
2712 529 2813 583 sint
2835 528 3044 602 justitia
3064 536 3218 597 atque
3243 523 3545 597 prudentia,
3576 523 3718 595 uulgi

2186 632 2355 677 tamen
2397 619 2688 675 cardinales
2733 620 2945 677 uirtutes
2990 616 3357 689 distinguentis
3379 614 3592 686 ingenio
3617 631 3718 675 ser-

2184 712 2421 769 viendum
2445 727 2574 767 esse.

2186 804 2274 863 t8.
2304 804 2493 874 Liquet
2543 804 2704 875 igitur
2733 803 2896 860 etiam
2940 802 3237 865 secundum
3271 801 3602 872 scripturam
3630 800 3718 857 di-

2115 897 2295 951 vinam
2319 937 2335 961 ,
2385 910 2505 966 quae
2551 896 2826 967 antiquior
2867 905 2973 964 est,
3008 893 3334 964 sapientiam
3367 892 3485 949 sine
3509 891 3721 962 justitia

2115 1002 2239 1045 esse
2286 1002 2397 1044 non
2441 1004 2644 1058 posse;
2675 990 2795 1059 quia
2824 988 2917 1047 ubi
2962 1004 3065 1047 una
3101 1002 3289 1049 eorum
3331 986 3619 1053 virtutum,
3646 985 3720 1043 ibi

2116 1092 2347 1154 utraque
2372 1092 2476 1138 est.
2518 1083 2709 1139 Daniel
2742 1097 2958 1154 quoque
2981 1084 3093 1155 82
3119 1097 3280 1153 quam
3310 1082 3594 1152 sapienter
3612 1081 3722 1143 alta

2114 1173 2545 1247 interrogatione
2572 1175 2932 1233 fraudulenta:
2964 1175 3335 1235 accusationis
3358 1174 3725 1245 deprehendit

2113 1269 2456 1329 mendacium
2479 1312 2494 1335 .
2540 1280 2600 1327 ut
2639 1269 3099 1327 calumniatorum
3147 1267 3251 1329 sibi
3284 1268 3574 1337 responsio
3612 1282 3723 1325 non

2114 1362 2468 1423 conveniret!
2496 1361 2807 1419 Prudentius
2834 1361 3001 1433 igitur
3025 1359 3131 1421 fuit
3161 1359 3310 1421 vocis
3336 1374 3450 1417 sum
3476 1359 3727 1417 testimo-

2115 1455 2206 1509 nio
2234 1469 2363 1512 reos
2394 1454 2628 1526 prodere
2658 1473 2671 1509 :
2700 1455 2932 1525 justitite
2953 1468 3194 1525 quoque.
3226 1461 3491 1513 nocentes
3514 1453 3727 1523 suppli-

2113 1547 2200 1604 cio
2246 1548 2412 1615 dare,
2460 1548 2811 1607 innocentem
2860 1547 3168 1605 subducere
3207 1544 3374 1619 (Dan.
3417 1561 3545 1614 xm,
3579 1544 3651 1605 '54
3677 1555 3727 1604 et

2113 1640 2271 1712 seq.).

408 1737 507 1799 sed
540 1736 685 1807 ﬁlius
714 1750 866 1801 meus
892 1744 998 1801 est,
1022 1735 1113 1806 qui
1142 1734 1311 1797 vivit:
1348 1734 1490 1788 illius
1516 1741 1694 1789 autem
1742 1740 1882 1797 tuus,
1915 1731 2008 1801 qui
2038 1731 2086 1797 B
2186 1732 2276 1789 49.
2311 1732 2405 1787 Est
2438 1746 2570 1802 ergo
2610 1730 2951 1793 individuum
2989 1730 3274 1802 sapientiae
3304 1739 3468 1802 atque
3494 1730 3725 1801 iustitia:

406 1839 656 1885 mortuus
683 1837 768 1891 est.
796 1827 889 1903 (lll
918 1826 1049 1899 Reg.
1076 1844 1155 1896 tu,
1183 1826 1250 1891 16
1276 1838 1323 1885 et
1345 1827 1499 1897 δαίμ).

481 1920 570 1991 45.
622 1919 688 1973 Ει
736 1919 852 1974 inec
903 1927 1017 1974 erat
1059 1920 1370 1984 contentio,
1401 1934 1526 1975 cum
1572 1926 1805 1989 utraque
1840 1917 2014 1973 lilium

411 2012 513 2067 sibi
569 2011 909 2068 vindicarent
968 2011 1317 2081 superstitem
1388 2027 1403 2065 :
1455 2009 1767 2065 defunctum
1834 2017 2015 2065 autem

407 2120 567 2160 suum
592 2116 874 2175 negarent.
899 2103 1053 2158 Tunc
1082 2119 1177 2158 rex
1197 2102 1358 2173 jussit
1381 2101 1563 2157 aﬂerri
1590 2101 1935 2166 machaeram,
1962 2109 2018 2158 et

410 2195 673 2250 infantem
718 2194 923 2261 dividi,
966 2209 1030 2249 ac
1078 2195 1320 2265 singulas
1371 2205 1553 2265 partes
1592 2193 1709 2249 dari
1741 2191 1965 2263 singulis
2000 2210 2013 2245 :

412 2291 693 2346 dimidiam
744 2291 834 2345 uni
857 2330 869 2352 ,
904 2298 957 2344 et
986 2289 1266 2345 dimidiam
1299 2289 1478 2343 alteri.
1518 2288 1870 2343 Exclamabat
1900 2303 2019 2341 mu-

413 2384 513 2438 lier
542 2399 662 2455 qua:
695 2398 824 2438 vero
863 2391 980 2438 erat
1010 2382 1207 2438 aﬂ'ectu
1240 2385 1443 2457 percita
1471 2400 1483 2435 :
1512 2380 1886 2452 Nequaquam,
1919 2380 2019 2434 do-

414 2480 581 2543 mine,
611 2476 873 2532 infantem
915 2477 1166 2532 dividas:
1215 2477 1375 2532 detur
1403 2478 1582 2548 potius
1615 2475 1713 2543 illi,
1747 2484 1799 2529 et
1831 2475 2014 2541 vivat,

413 2581 469 2627 et
502 2588 608 2625 non
643 2570 941 2626 interflcias
970 2585 1117 2625 eum.
1148 2571 1218 2624 At
1244 2569 1333 2623 illa
1365 2556 1647 2636 respondit
1671 2568 1837 2621 altera
1869 2566 2017 2621 :Ne-

412 2678 519 2732 que
559 2676 736 2726 meus,
783 2676 959 2731 neque
991 2660 1150 2729 hujus
1181 2662 1254 2716 sit
1283 2660 1485 2722 infans,
1518 2658 1747 2713 dividite
1775 2673 1918 2713 eum.
1952 2658 2019 2713 Et

414 2755 605 2811 statuit
640 2769 736 2809 rex
787 2744 904 2806 dari
953 2752 1211 2808 infantem
1263 2752 1312 2806 ei
1364 2751 1575 2805 mulieri
1613 2766 1733 2822 quae
1764 2751 2014 2806 dixerat:

415 2848 599 2905 Nolite
649 2845 960 2902 interficere
1003 2861 1152 2912 eum,
1203 2844 1296 2900 sed
1341 2844 1462 2899 date
1494 2860 1616 2898 eum
1658 2843 1735 2898 illi
1767 2844 2015 2909 mulieri;

415 2940 540 3010 quia
569 2947 714 2994 mota
741 2946 889 3004 sunt,
920 2936 1124 3007 inquit,
1154 2937 1367 2992 viscera
1398 2936 1515 3006 ejus
1540 2936 1595 2990 in
1621 2936 1734 2991 tilio
1760 2951 1883 2991 suo.

489 3030 580 3086 L6.
612 3029 800 3101 itaque
830 3044 938 3083 non
968 3030 1247 3085 immerito
1271 3030 1572 3086 aestimatus
1601 3038 1685 3084 est
1708 3029 2021 3087 intellectus

2119 1825 2566 1881 conturbernium
2604 1842 2618 1880 :
2661 1824 2689 1865 ι’
2719 1826 2816 1880 sed
2845 1824 2987 1896 vulgi
3020 1839 3123 1881 usu
3148 1824 3410 1880 dividitur
3437 1840 3544 1881 una
3574 1840 3727 1894 qutu-

2119 1916 2242 1983 dam
2296 1918 2472 1973 forma
2521 1917 2822 1986 virtutum,
2866 1928 2926 1972 ut
2954 1915 3317 1986 temperantia
3350 1917 3425 1975 sit
3455 1916 3510 1972 in
3542 1916 3730 1987 despi-

2120 2009 2329 2071 ciendis
2369 2010 2741 2081 Voluptatibus
2785 2027 2799 2065 :
2839 2007 3103 2067 fortitudo
3132 2016 3408 2078 spectetur
3443 2007 3498 2067 iu
3526 2007 3730 2067 labori-

2119 2103 2222 2161 bus
2262 2112 2317 2161 et
2369 2103 2668 2173 periculis:
2714 2102 3002 2174 prudentia
3048 2102 3100 2165 in
3143 2100 3358 2159 delectu
3404 2101 3679 2163 bonorum
3705 2143 3721 2169 ,

2120 2197 2299 2259 sciens
2327 2196 2613 2257 commoda
2643 2204 2699 2253 et
2724 2196 2951 2252 adversa
2979 2194 3312 2265 distinguere
3336 2193 3581 2262 :justitia
3604 2208 3727 2265 quas

2121 2290 2192 2345 sit
2240 2288 2380 2348 bona
2427 2299 2613 2347 custos
2636 2289 2778 2359 juris
2816 2289 3004 2356 alieni,
3033 2298 3088 2343 et
3113 2287 3309 2345 vindex
3341 2289 3723 2358 proprietatis,

2122 2403 2278 2445 suum
2322 2387 2525 2458 cuique
2571 2401 2925 2445 conservans.
2961 2385 3047 2443 Sit
3081 2400 3210 2455 ergo
3237 2383 3395 2443 nobis
3418 2385 3728 2445 communis

2119 2480 2393 2550 opinionis
2439 2479 2614 2550 gratia
2645 2479 3052 2549 quadripartita
3082 2481 3199 2535 haec
3231 2479 3371 2535 facta
3401 2475 3628 2543 divisio,
3668 2484 3731 2532 ut

2119 2571 2190 2625 ab
2218 2570 2304 2624 illa
2337 2570 2523 2624 subtili
2568 2569 2944 2639 disputatione
2975 2567 3371 2639 philosophicas
3416 2568 3727 2638 sapientiae,

2126 2672 2147 2700 ο
2179 2677 2299 2731 qum
2327 2659 2582 2719 limandus
2615 2660 2861 2717 veritatis
2905 2675 3073 2717 causa
3113 2659 3272 2729 quasi
3304 2674 3371 2721 ex
3402 2658 3568 2730 adyto
3596 2674 3727 2730 quo-

2120 2749 2245 2809 dam
2274 2752 2505 2817 eruitur,
2538 2751 2887 2809 retrahentes
2915 2750 3134 2822 pedem,
3169 2749 3446 2810 forensem
3478 2765 3636 2807 usum
3663 2766 3729 2811 ac

2123 2843 2439 2914 popularem
2486 2858 2715 2900 sensum
2766 2858 3083 2911 sequamur.
3117 2842 3231 2909 Hac
3258 2844 3418 2913 igitur
3458 2841 3731 2901 divisione

2120 2944 2355 3002 servata,
2378 2947 2719 2993 revertamur
2737 2934 2803 2990 ad
2834 2934 3192 3005 propositum.

2354 3016 2357 3017 ν
2754 3026 2986 3085 CAPUT
3029 3026 3096 3083 Χ.

419 3122 516 3177 Dei
554 3125 609 3175 in
644 3136 709 3176 eo
754 3136 917 3187 esse;
948 3129 975 3159 ι
1004 3122 1261 3191 quoniam
1293 3136 1416 3191 qua:
1459 3121 1671 3176 occulta
1717 3131 1844 3176 sunt
1869 3122 2019 3177 Deo?
2047 3120 2092 3190 C
2126 3121 2357 3185 Salutem
2386 3122 2513 3189 iusti
2538 3122 2634 3177 viri
2654 3137 2808 3185 quam
2833 3120 3105 3191 prudentis
3134 3120 3356 3179 coasilio
3382 3120 3551 3195 magis
3578 3137 3723 3181 cout-

417 3213 559 3280 Quid
587 3224 772 3267 autem
804 3212 1070 3268 occultius
1098 3212 1438 3268 irim-nomint
1470 3213 1739 3269 viscerum
1770 3216 2015 3268 testimo-

416 3310 535 3375 nio,
559 3307 612 3363 in
636 3323 759 3374 qua:
790 3308 1054 3376 Sapientis
1086 3307 1394 3363 intellectus
1424 3307 1568 3361 velut
1596 3306 1816 3376 quidam
1847 3309 2021 3376 pietu—

419 3404 489 3455 tis
531 3398 818 3454 descendit
855 3399 1094 3464 arbiter,
1126 3409 1185 3455 et
1231 3400 1379 3453 velut
1430 3399 1719 3469 quamdam
1767 3400 2021 3469 genitalis

418 3492 523 3545 alvi
552 3505 744 3544 vocem
781 3491 922 3545 eruit
947 3505 962 3555 ;
986 3490 1112 3557 quia
1146 3496 1422 3543 maternus
1450 3488 1622 3558 patuit
1651 3488 1895 3555 al‘eetus,
1929 3492 2021 3558 qui

417 3586 643 3654 eligeret
676 3583 852 3637 litium
881 3598 1043 3638 suum
1070 3582 1159 3637 vel
1185 3581 1328 3652 apud
1358 3583 1597 3638 alienam
1628 3583 1833 3648 vivere,
1856 3598 2019 3654 quam

415 3677 471 3731 in
503 3687 800 3745 conspectu
832 3676 1025 3730 matris
1057 3676 1264 3731 necari.

488 3768 581 3835 47.
610 3766 906 3837 Sapientia:
936 3765 1103 3837 igitur
1129 3765 1230 3831 fuit
1253 3765 1488 3823 latentes
1518 3764 1855 3837 distinguere
1885 3781 2019 3825 coui-

420 3860 700 3926 scientias,
724 3875 789 3919 ex
815 3858 1045 3925 occultis
1072 3874 1266 3919 eruere
1294 3859 1612 3925 veritatem;
1644 3868 1699 3921 et
1726 3858 2025 3930 velutqua-

416 3951 542 4013 dam
572 3951 866 4019 machaera,
901 3953 971 4011 ita
1002 3952 1229 4021 spiritus
1262 3952 1443 4023 gladio
1470 3964 1765 4022 penetrare
1793 3968 1904 4011 non
1934 3970 2023 4009 so-

417 4045 531 4101 lum
564 4045 725 4113 metri,
752 4045 847 4105 sed
872 4044 1044 4111 etiam
1069 4046 1264 4103 animat
1289 4047 1565 4111 etmcntis
1586 4047 1796 4109 viscera
1828 4066 1845 4103 ηε
1862 4048 2025 4117 justi-

421 4137 511 4192 tiae
553 4152 786 4207 quoque.
830 4145 896 4201 ω
941 4152 1061 4207 quas
1107 4152 1268 4195 suum
1306 4147 1617 4204 necaverat,
1646 4138 1887 4201 alienam
1912 4154 2022 4197 non

418 4227 679 4295 tolleret;
720 4226 823 4291 sed
854 4242 981 4293 vero
1026 4238 1200 4287 mater
1230 4228 1505 4299 reciperet
1550 4244 1730 4295 suum,
1778 4232 2026 4301 Denique

421 4321 586 4387 etiam
636 4319 920 4390 Scriptura
944 4317 1058 4377 hoc
1088 4320 1455 4389 pronuntiavit
1493 4337 1507 4373 :
1541 4321 1769 4391 Audiuit,
1798 4323 1981 4394 inquit
2002 4366 2021 4391 ο

420 4412 588 4481 armis
624 4410 793 4477 Israel
829 4411 929 4471 hoc
947 4410 1242 4483 judicium,
1274 4412 1410 4484 quod
1427 4413 1688 4486 judicavit
1712 4430 1809 4481 res;
1834 4432 1855 4481 ;
1885 4426 1930 4471 et
1952 4417 2024 4481 ti-

2194 3215 2327 3271 mitti
2377 3231 2395 3268 :
2447 3230 2561 3268 eum
2602 3224 2775 3268 autem
2815 3214 2903 3285 qui
2919 3214 3182 3285 justitiam
3208 3229 3273 3269 ac
3317 3213 3644 3279 prudentiam
3673 3215 3728 3272 in

2193 3325 2247 3363 se
2274 3307 2627 3375 coniunxerit,
2655 3308 2720 3361 ab
2750 3307 2987 3362 omnibus
3015 3307 3185 3379 expeti
3224 3307 3388 3363 solere
3414 3321 3432 3360 :
3462 3306 3621 3377 hujus
3654 3310 3731 3367 rei

2192 3402 2487 3473 exemplum
2513 3402 2674 3472 fuisse
2701 3410 2809 3458 tum
2840 3399 3194 3466 Salomonem,
3227 3401 3291 3457 de
3321 3415 3420 3469 qua
3459 3399 3613 3457 verba
3641 3418 3729 3463 re-

2188 3493 2329 3573 gitur
2359 3491 2514 3548 Salue
2552 3504 2919 3562 exponuntur;
2964 3501 3073 3549 tum
3098 3489 3406 3563 Josephum,
3442 3501 3491 3546 et
3536 3490 3731 3551 Danie-

2196 3586 2317 3641 lem.

2195 3674 2285 3732 50.
2327 3674 2763 3735 Prudentissimo
2799 3674 2996 3745 cuique
3042 3689 3260 3733 causam
3299 3685 3542 3733 nostram
3571 3690 3726 3732 com~

2124 3769 2390 3825 mittimus
2414 3810 2427 3833 ,
2453 3779 2508 3824 et
2534 3768 2603 3825 ab
2630 3783 2697 3824 eo
2734 3769 3017 3825 consilium
3049 3769 3351 3840 promptius
3372 3783 3535 3843 quam
3565 3782 3599 3823 a
3623 3784 3732 3825 ca:-

2125 3863 2258 3918 teris
2295 3863 2587 3933 poscimus.
2642 3862 2879 3920 Praestat
2926 3871 3106 3921 tamen
3139 3861 3302 3919 ﬁdele
3327 3858 3354 3898 ἀ
3386 3862 3518 3932 justi
3547 3864 3734 3925 consi-

2126 3956 2259 4011 lium
2309 3955 2450 4021 viri,
2480 3964 2535 4011 et
2560 3954 2949 4024 sapientissimi
2996 3954 3214 4025 ingenio
3245 3953 3562 4025 frequenter
3587 3969 3729 4026 pra:-

2126 4047 2414 4120 ponderat.
2449 4057 2473 4084 θ
2508 4046 2670 4102 Utilia
2700 4048 2837 4102 enim
2869 4047 3085 4103 vulnera
3123 4047 3296 4111 amici,
3321 4062 3476 4117 quant
3504 4046 3733 4117 aliorum

2127 4141 2306 4199 oscula
2342 4138 2527 4212 (Prov.
2556 4154 2734 4206 xxvu,
2763 4139 2838 4211 6).
2880 4137 2898 4176 ί
2926 4137 3133 4201 Deinde
3163 4139 3284 4208 quia
3308 4136 3731 4208 justijudicium
3800 4184 3812 4193 .

2126 4243 2245 4297 est,
2295 4230 2558 4300 sapientis
2607 4241 2788 4284 autem
2822 4237 3198 4297 argumentum
3234 4246 3248 4283 :
3294 4229 3344 4281 iu
3378 4229 3471 4282 illo
3498 4246 3730 4291 censura

2127 4322 2557 4393 disceptationis,
2589 4321 2644 4377 in
2676 4320 2778 4378 hoc
2802 4320 3073 4379 calliditas
3102 4319 3462 4379 inventionis.

2197 4419 2290 4477 51.
2320 4417 2473 4489 Quod
2502 4417 2546 4473 si
2576 4426 2871 4489 utrumque
2899 4427 3219 4482 connectas,
3246 4416 3354 4473 erit
3380 4432 3576 4488 magna
3599 4433 3731 4479 con-

416 4512 656 4567 iuuerunt
698 4520 729 4575 ᾳ
757 4504 890 4572 [acie
914 4504 1071 4578 regis,
1099 4520 1160 4569 eo
1184 4504 1322 4576 quod
1343 4506 1631 4565 intellectus
1656 4504 1754 4569 Dei
1778 4506 1829 4569 iu
1850 4522 1916 4565 .eo
1939 4524 2020 4563 es-
2050 4507 2106 4569 D
2129 4511 2376 4571 siliorum
2423 4510 2738 4579 salubritas,
2770 4525 2892 4584 quae
2923 4509 2989 4567 ab
3030 4510 3298 4567 universis
3325 4519 3607 4579 Spectatur
3630 4512 3734 4569 ad-

413 4609 517 4665 εει,
546 4608 603 4668 ut
620 4600 815 4669 faceret
828 4598 1092 4671 justitiam
1126 4596 1217 4669 (Ill
1245 4596 1378 4669 Reg.
1412 4613 1470 4663 tu
1492 4639 1508 4663 ,
1538 4598 1658 4671 28),.
1691 4598 1938 4668 Denique
1969 4609 2022 4663 et

415 4689 537 4762 ipse
562 4691 823 4755 Salomon
848 4690 919 4763 ita
946 4690 1197 4762 peposcit
1212 4691 1563 4761 sapientiam,
1589 4698 1644 4759 ut
1669 4690 1895 4755 daretur
1913 4692 2018 4753 sibi

422 4846 461 4927 με
488 4847 515 4927 ξ
542 4846 743 4927 0n_t_nes
774 4845 928 4927 edit._
950 4859 1014 4900 ac
1054 4846 1212 4927 pauci
1258 4862 1416 4927 mss.,
1445 4847 1499 4905 in
1538 4863 1638 4927 quo
1663 4847 1864 4927 occulta
1889 4858 2013 4903 sunt

418 4916 551 4987 Dei;
584 4919 672 4971 alii
717 4932 811 4970 sex
842 4916 1207 4986 autseptem,
1228 4918 1473 4983 quoniam
1500 4916 1623 4987 qua:
1661 4918 1865 4972 occulta
1891 4929 2011 4972 sunt

411 4986 530 5049 Dei,
548 4989 820 5057 manifesta
832 4990 1185 5059 factasuntei.
1208 4988 1407 5044 Caeteri
1428 4986 1615 5046 ferme.
1637 4992 1880 5059 quoniam
1898 5005 2013 5059 qua:

404 5060 611 5141 statim
648 5066 777 5139 sua!
808 5060 932 5141 μορ,
967 5062 1304 5141 ηῳεῃιι,ξει1
1349 5075 1470 5141 quin
1501 5064 2006 5141 νειὺμιηριριιιωιι.

413 5132 705 5201 omittatur
745 5132 796 5183 in
827 5132 1253 5201 antiquissimis,
1277 5133 1376 5201 qui
1405 5132 1736 5198 sapientiam
1780 5133 2013 5191 interru-

405 5201 640 5275 gatiouis
687 5200 856 5275 fututa
884 5200 1237 5275 “adferendam
1287 5200 1390 5269 non
1427 5216 1783 5275 perspersum,
1814 5203 1883 5275 de
1909 5218 2011 5257 suo

413 5273 640 5401 guis‘que
667 5273 810 5341 quod
837 5273 1020 5327 sensui
1047 5273 1623 5343 necessariutlttiﬁw
1649 5285 1752 5340 ρει,
1786 5274 2012 5337 addide-

446 5358 519 5399 un
548 5381 561 5395 .

398 5357 561 5407 aunt.

480 5410 507 5487 ξ’
538 5410 672 5487 ὀἰβ-
696 5410 810 5477 tiih-
844 5428 921 5487 tu.
954 5428 1092 5487 me
1124 5414 1265 5482 .578.
1302 5414 1395 5477 litt.
1422 5414 1537 5477 ειη
1570 5413 1919 5487 ﬂuctuarem
1948 5425 2009 5481 ut

409 5483 611 5555 uulgus,
642 5484 714 5536 ita
743 5499 843 5555 nos
864 5483 1108 5538 hoc—loco
1136 5486 1416 5555 loquimur,
1434 5496 1495 5555 ut
1523 5486 1656 5547 alias
1676 5488 1858 5549 fortes,
1892 5496 1998 5541 etc.

464 5550 515 5599 ια’
534 5554 707 5625 Raris.
744 5553 893 5619 ,edit.
948 5550 1243 5625 antiquum,
1267 5571 1388 5625 qua:
1408 5550 1744 5621 dimittenda:
1764 5555 2001 5619 ueritatis

2129 4603 2418 4677 miratione
2461 4601 2744 4675 sapientia:
2791 4611 2847 4657 et
2890 4616 3079 4659 amore
3123 4600 3389 4672 iustitiae;
3432 4610 3492 4659 ut
3535 4618 3729 4661 omnes

2128 4707 2378 4779 quterant
2420 4695 2610 4755 audire
2634 4696 2967 4769 sapientiam
2994 4695 3113 4768 ejus
3143 4696 3267 4765 viri,
3302 4697 3355 4752 in
3386 4710 3493 4769 quo
3523 4698 3728 4755 utrius—

2121 4861 2204 4905 tur
2230 4853 2450 4924 duarum
2471 4853 2540 4906 ad
2560 4852 2719 4922 ﬁdem
2742 4852 3036 4923 faciendam
3048 4853 3259 4924 justitia
3276 4853 3392 4922 plus
3409 4853 3587 4924 pollet,
3611 4864 3724 4912 etc.

2194 4934 2217 4994 ἐ
2253 4923 2397 4977 Edit.
2429 4938 2552 4978 cum
2582 4939 2716 4978 mss.
2745 4926 3020 4991 pauculis,
3048 4923 3283 4981 Utiliora
3311 4924 3584 4994 (Atncrb.,
3622 4929 3726 4981 nti-

2120 4993 2217 5063 lia)
2248 4995 2383 5048 enim
2413 4996 2625 5050 uulnera
2653 4996 2827 5060 amici,
2859 5013 3012 5065 quam
3037 4993 3325 5050 alienarunt
3365 4998 3560 5050 oscula.
3593 4996 3721 5053 Mss.

2121 5079 2251 5137 vero
2294 5065 2474 5122 multo
2515 5067 2705 5137 plures
2754 5081 2819 5121 ac
2852 5069 3201 5133 vetustiores,
3238 5066 3402 5123 Utilia
3430 5107 3446 5122 .
3477 5107 3490 5120 .
3525 5108 3539 5121 .
3569 5085 3727 5137 quant

2118 5135 2576 5208 aliorunt__a_scula.
2614 5136 2769 5192 Hunc
2804 5138 3134 5208 versiculum
3158 5178 3173 5200 .
3204 5140 3295 5206 qui
3327 5138 3558 5194 habetur
3578 5135 3729 5208 apud

2118 5207 2265 5262 solos
2297 5205 2440 5262 LXX
2461 5210 2657 5264 crebro
2685 5209 2841 5263 citari
2865 5209 2936 5263 ab
2963 5205 3258 5264 Ambrosio
3285 5209 3539 5264 advertas
3566 5205 3718 5276 licet,

2116 5291 2335 5345 semper
2361 5288 2540 5333 autem
2568 5280 2715 5333 illum
2746 5279 2815 5332 ita
2841 5280 3120 5346 exprimit,
3147 5290 3205 5334 ιιι
3227 5296 3323 5347 pro
3349 5281 3564 5334 utiliora
3581 5296 3719 5337 mss.

2113 5350 2450 5421 probatiores
2491 5351 2791 5405 exhibeant
2817 5351 2991 5412 utilia,
3018 5350 3113 5404 ubi
3142 5351 3493 5421 subiutellige
3515 5352 3716 5406 adver-

2108 5418 2255 5474 bium
2311 5421 2507 5489 magis,
2542 5431 2597 5473 at
2631 5436 2758 5475 vero
2788 5436 2885 5489 pro
2929 5421 3161 5475 aliorum
3202 5418 3598 5489 asculafquod
3632 5422 3723 5479 hic

2107 5491 2384 5557 scribitur,
2415 5505 2685 5551 nusquam
2734 5507 2841 5545 non
2892 5491 3156 5555 invenias,
3205 5492 3501 5549 voluntaria
3531 5495 3723 5550 oscula

2103 5559 2320 5641 mimici.
2352 5572 2407 5619 ut
2434 5560 2600 5625 ιεΧ.
2624 5560 2883 5641 nimirum
2908 5564 3397 5641 immensi-an
3413 5565 3644 5641 ἐχθροῦ.

2184 5629 2203 5669 τ
2237 5632 2351 5687 [lue
2395 5646 2566 5700 usque
2607 5645 2728 5700 cap.
2759 5633 2812 5697 9,
2841 5635 2894 5687 in
2926 5644 3038 5689 vet.
3065 5629 3200 5688 edit.
3229 5629 3672 5703 protendeuatur
3696 5655 3716 5693 ε

385 5622 731 5748 Ἥεᾚᾳη
765 5632 898 5699 satus
928 5622 1097 5691 recte.
1152 5622 1175 5623 ⁷⁷
1228 5622 1235 5623 ⁷
1286 5622 1294 5625 ν
1420 5696 1431 5709 υ
1905 5696 1917 5710 .
1959 5698 1971 5710 ⁸

574 5707 640 5750 tc.
670 5694 763 5748 ιιι).
810 5709 872 5761 ιι,
903 5690 1061 5750 σιιιε.
1091 5712 1212 5771 pag.
1243 5698 1372 5764 578,
1398 5696 1492 5755 Im.
1517 5696 1582 5761 41
1625 5713 1638 5750 :
1675 5692 1875 5757 Harum
1897 5712 1999 5776 igt-

2184 5629 2203 5669 (
2237 5622 2351 5687 [lue
2395 5646 2566 5700 usque
2588 5622 2728 5700 'cap.
2759 5633 2812 5697 9,
2841 5635 2894 5687 in
2926 5644 3038 5689 vet.
3065 5622 3200 5688 edit.
3229 5622 3705 5703 protendeliatur:

2133 5715 2263 5769 item
2300 5711 2479 5760 autem
2509 5709 2686 5768 recte,
2714 5703 2899 5777 quivis
2931 5705 3196 5765 lectorum
3222 5704 3384 5769 facile
3411 5703 3705 5781 iudicabit.
