4030 6188
433 172 567 242 H9

1759 178 2005 238 SANCTI
2042 181 2371 242 AMBROSII

3625 192 3732 249 120

429 299 499 355 ad
548 301 858 357 nocendum
901 307 1176 371 paratum;
1207 297 1328 369 quis
1358 311 1467 354 non
1495 311 1620 355 eum
1655 296 1807 354 omni
1852 297 2033 354 studio
2056 298 2114 363 Α
2140 309 2248 366 tus,
2279 301 2370 372 qui
2400 300 2537 357 nihil
2557 309 2706 358 vetet
2749 302 3096 372 benefacere,
3150 305 3439 377 benignus,
3492 306 3732 378 stabilis,

436 393 715 451 dechnet?

511 486 600 542 6i.
627 486 757 552 Quis
779 497 910 539 vero
928 484 1177 554 quamvis
1196 484 1517 540 instructum
1540 482 1608 538 ad
1627 484 1839 539 consilii
1853 499 2034 554 opem,

434 577 645 635 difﬁcili
676 585 853 631 tamen
881 590 1128 642 accessu,
1161 578 1402 645 ambiat;
1428 576 1480 632 in
1512 591 1620 648 quo
1647 576 1890 644 sitillud,
1919 586 2039 632 tan-

433 686 594 740 quam
648 669 695 723 si
743 667 868 738 quis
911 683 1068 739 aquae
1108 666 1314 724 fontem
1360 668 1690 739 prmludat?
1716 668 1854 736 Quid
1893 669 2039 725 enim

432 762 658 832 prodest
703 759 908 816 habere
953 760 1278 829 sapientiam
1301 802 1316 827 ,
1350 761 1395 816 si
1427 760 1711 816 consilium
1749 761 1952 830 neges?
1983 760 2041 817 Si

433 854 754 911 consulendi
798 853 1132 909 intercludas
1157 854 1402 924 copiam,
1431 852 1673 909 clausisti
1703 852 1908 908 fontem
1934 869 1949 918 ;
1984 861 2043 908 ut

436 964 537 1005 nec
562 949 685 1003 aliis
714 946 927 1014 inﬂuat,
958 961 1058 1003 nec
1082 946 1178 1001 tibi
1203 945 1397 1017 prosit.

509 1042 600 1097 62.
635 1041 868 1096 Pulchre
893 1048 1073 1094 autem
1103 1049 1161 1094 et
1187 1040 1254 1094 de
1286 1039 1380 1093 illo
1408 1038 1692 1105 convenit,
1718 1036 1809 1108 qui
1837 1036 2042 1094 habens

434 1134 814 1205 prudentiam,
845 1142 871 1169 ιι
914 1131 1275 1187 commaculat
1308 1146 1426 1186 eam
1459 1129 1714 1185 vitiorum
1746 1129 2001 1185 sordibus
2022 1170 2040 1198 ,

434 1242 503 1282 eo
534 1226 676 1298 quod
708 1240 863 1296 aquae
893 1226 1095 1279 exitum
1133 1224 1490 1279 contaminet.
1532 1220 1562 1260 ιι
1589 1222 1899 1292 Degeneres
1926 1221 2044 1276 ani-

440 1333 562 1373 mos
611 1318 720 1372 vita
750 1317 945 1387 arguit.
977 1314 1264 1383 Quomodo
1294 1314 1438 1369 enim
1467 1329 1588 1368 eum
1617 1322 1771 1384 potes
1795 1311 2045 1380 judicare

436 1410 669 1465 consilio
700 1409 1075 1479 superiorem,
1099 1422 1260 1477 quem
1297 1406 1481 1461 videas
1521 1405 1837 1461 inferiorem
1881 1405 2047 1459 mori-

438 1504 539 1558 bus
563 1503 587 1556 ?
612 1502 789 1570 Supra
822 1515 909 1555 me
932 1499 1098 1554 debet
1122 1513 1265 1560 esse,
1296 1498 1382 1552 cui
1410 1513 1496 1552 me
1519 1497 1858 1553 committere
1887 1510 2040 1566 paro.

438 1592 523 1649 An
570 1607 703 1648 vero
750 1590 1005 1647 idoneum
1051 1604 1174 1645 eum
1206 1589 1430 1659 putabo,
1465 1588 1557 1658 qui
1592 1587 1724 1642 mihi
1749 1588 1842 1643 det
1867 1587 2047 1643 consi-

2145 408 2396 461 securus,
2454 408 2673 450 omnem
2720 394 2926 451 habens
2975 398 3260 464 virtutem,
3305 399 3487 453 omnia
3512 402 3731 470 prospi-

2146 484 2298 541 ciens
2322 486 2479 559 (Sap.
2507 502 2581 542 vu
2601 528 2615 553 ,
2641 487 2713 542 22
2735 496 2783 542 et
2810 487 2967 558 seq.).
3008 498 3034 536 ε
3068 490 3136 545 Et
3160 489 3338 546 intra:
3370 490 3732 549 Sobrietatem

2141 576 2323 646 docet,
2351 588 2407 633 et
2431 577 2700 648 justitiam
2728 589 2787 635 et
2827 581 3082 637 virtutem
3115 581 3272 653 (Sap.
3293 599 3413 648 vni,
3443 583 3525 652 7).

2738 670 2967 728 CAPUT
3017 670 3160 727 XIV.

2147 758 2487 816 Prudentiam
2517 778 2634 816 cum
2656 761 2895 816 omnibus
2944 763 3217 818 virtutibus
3246 769 3582 839 conjunctam
3604 782 3735 836 esse,

2378 855 2601 908 maxime
2643 869 2762 908 vero
2801 870 2917 908 cum
2947 871 3101 921 opum
3132 856 3493 925 despicientia.

2213 946 2305 1001 66.
2376 945 2565 1001 Omnia
2623 945 2651 984 ιι
2700 948 2860 1015 igitur
2913 959 3174 1015 Operatur
3227 950 3562 1020 prudentia,
3612 967 3739 1008 cum

2144 1039 2396 1095 omnibus
2422 1039 2581 1095 bonis
2628 1038 2789 1095 habet
2853 1041 3210 1096 consortium.
3269 1042 3404 1098 Nam
3461 1045 3738 1113 quomodo

2144 1140 2326 1205 potest
2373 1134 2504 1188 utile
2529 1134 2815 1189 consilium
2857 1134 3009 1200 dare,
3038 1136 3142 1191 nisi
3173 1135 3189 1173 ί
3225 1135 3419 1193 habeat
3442 1137 3735 1208 justitiam,

2146 1233 2205 1279 ut
2232 1225 2420 1279 induat
2443 1226 2822 1291 constantiam,
2852 1227 2866 1276 l
2908 1235 3138 1283 mortem
3162 1243 3266 1282 non
3288 1228 3561 1291 formidet,
3586 1231 3740 1286 nullo

2149 1326 2379 1383 terrore,
2408 1318 2559 1372 nullo
2589 1327 2875 1373 revocetur
2913 1328 3084 1385 metu,
3139 1318 3285 1373 nulla
3331 1317 3652 1377 adulatione
3706 1337 3737 1377 a

2146 1425 2282 1465 vero
2336 1408 2731 1465 deﬂectendum
2773 1419 2965 1480 putet:
3008 1411 3259 1466 exsilium
3314 1426 3423 1466 non
3480 1410 3740 1484 refugiat,

2148 1515 2271 1573 qua:
2317 1503 2531 1557 noverit
2577 1501 2811 1572 sapienti
2840 1502 3070 1572 patriam
3101 1502 3359 1557 mundum
3382 1518 3506 1559 esse
3534 1520 3549 1557 :
3580 1519 3742 1575 eges-

2151 1605 2317 1651 tatem
2359 1612 2466 1650 non
2496 1597 2706 1662 timeat,
2752 1612 2870 1664 quae
2896 1597 3030 1651 nihil
3072 1596 3265 1653 deesse
3296 1598 3526 1666 sapienti
3569 1598 3740 1666 sciat,

439 1688 569 1743 lium
593 1729 609 1753 ,
645 1686 787 1757 quod
837 1700 941 1740 tton
989 1685 1083 1739 del
1111 1683 1218 1738 sibi
1254 1702 1268 1737 :
1310 1692 1366 1737 et
1397 1682 1527 1737 mihi
1554 1696 1676 1736 eum
1705 1695 1901 1737 vacare
1930 1696 2049 1737 Cl'e-
2079 1690 2126 1750 B
2151 1692 2236 1745 cui
2266 1699 2410 1745 totus
2463 1691 2695 1745 mundus
2746 1691 3057 1746 divitiarum
3082 1692 3204 1747 est?
3231 1690 3372 1760 Quid
3414 1691 3561 1747 enim
3605 1708 3742 1762 prte-

440 1780 596 1846 dam,
629 1780 719 1851 qui
756 1778 858 1833 sibi
907 1793 1014 1832 non
1045 1785 1199 1832 vacet
1232 1793 1245 1831 :
1289 1776 1443 1845 cujus
1469 1776 1709 1829 animum
1740 1776 2049 1845 voluptates

444 1888 733 1949 occupent,
767 1888 790 1917 ε
819 1876 988 1933 libido
1032 1877 1307 1944 devincat,
1342 1877 1567 1931 avaritia
1598 1876 1872 1947 subjuget,
1897 1880 2050 1947 cupi-

442 1971 584 2025 ditas
616 1972 918 2042 perturbet,
949 1970 1155 2038 quatiat
1186 1970 1409 2024 metus?
1438 1968 1721 2037 Quomodo
1757 1968 1846 2024 hic
1869 1968 2051 2025 consi-

444 2063 502 2118 lii
534 2065 709 2130 locus,
739 2063 829 2118 ubi
861 2062 1043 2117 nullus
1072 2062 1279 2132 quieti?

522 2156 611 2211 65.
643 2156 1012 2212 Admirandus
1047 2154 1178 2209 mihi
1208 2164 1265 2210 et
1291 2155 1672 2226 suspiciendus
1700 2154 2051 2212 consiliarius

290 2224 313 2381 Χ
447 2249 643 2322 (Esai.
689 2267 780 2314 ιιι,
834 2249 941 2321 5),
972 2264 1133 2320 quem
1176 2250 1444 2319 pr0pitius
1487 2249 1749 2304 Dominus
1798 2249 2052 2304 Patribus

447 2343 594 2381 diu“!
680 2342 922 2381 nﬁ'uncnc
967 2341 1195 2381 nlicntlil
1269 2341 1439 2381 "nisi:
1480 2342 1718 2381 imilnlnr
1743 2340 1903 2381 (Iahn!
1930 2355 2052 2381 acea

447 2343 629 2408 dedit,
680 2342 922 2397 offensus
966 2341 1216 2397 abstulit.
1266 2341 1439 2412 Hujus
1480 2342 1718 2396 imitator
1743 2340 1905 2397 debet
1930 2355 2052 2396 esse

447 2436 543 2508 qui
572 2445 748 2506 potest
781 2434 1071 2490 consilium
1104 2433 1254 2499 dare,
1289 2442 1345 2488 et
1372 2434 1606 2488 alienam
1638 2447 1666 2485 a
1696 2432 1843 2486 vitiis
1870 2441 2053 2486 custo-

448 2530 565 2585 dire
615 2527 998 2599 prudentiam,
1027 2526 1283 2595 quoniam
1315 2524 1453 2579 nihil
1500 2525 1841 2593 inquinatum
1886 2521 1941 2575 in
1989 2521 2053 2575 ilo

446 2623 553 2676 lam
582 2620 834 2676 incurrit.

938 2711 1051 2782 35
1101 2706 1337 2763 CAPUT
1390 2706 1527 2762 xui.

451 2806 730 2862 Declarala
754 2806 941 2861 divinis
969 2806 1274 2860 testimoniis
1318 2805 1592 2875 sapientia:
1639 2801 2051 2874 pulchritudine,

523 2899 592 2952 ad
613 2898 937 2970 probandam
978 2901 1090 2970 ejus
1140 2913 1256 2952 cum
1284 2896 1560 2952 virtutibus
1605 2896 1726 2949 aliis
1761 2895 2055 2950 societatem

528 2995 714 3048 transit
764 2994 953 3048 oratio.

2152 1783 2352 1837 celsius
2375 1782 2464 1837 illo
2477 1782 2615 1847 viro,
2636 1783 2874 1850 quiauro
2897 1783 3106 1838 moveri
3130 1784 3355 1849 nesciat,
3371 1792 3744 1853 contemptum

2155 1872 2354 1928 habeat
2382 1874 2757 1944 pecuniarum,
2784 1882 2840 1928 ct
2865 1876 3013 1930 velut
3044 1891 3111 1929 ex
3140 1889 3266 1930 arce
3288 1873 3520 1945 quadam
3566 1876 3749 1945 deSpi-

2152 1967 2262 2022 ciat
2289 1966 2569 2021 hominum
2597 1966 2969 2037 cupiditates?
2999 1967 3154 2035 Quod
3202 1968 3297 2045 qui
3335 1968 3543 2035 fecerit,
3608 1970 3750 2024 hunc

2154 2056 2408 2112 homines
2438 2073 2602 2128 supra
2642 2056 2918 2114 hominem
2949 2072 3071 2114 esse
3102 2059 3468 2114 arbitrantur:
3498 2058 3631 2125 Quis
3648 2070 3745 2125 est,

2157 2150 2353 2220 inquit,
2397 2149 2501 2217 hic,
2547 2159 2597 2205 et
2650 2150 2975 2206 laudabimus
3018 2152 3180 2206 eum?
3225 2151 3374 2207 Fecit
3415 2153 3554 2207 enim
3590 2154 3750 2207 mira-

2157 2241 2281 2296 bilia
2318 2244 2373 2296 in
2408 2243 2520 2297 vita
2559 2259 2656 2298 sua
2701 2241 2908 2315 (Eccli.
2952 2259 3108 2309 χχιι,
3143 2242 3243 2315 9).
3280 2242 3570 2309 Quomodo
3599 2246 3748 2300 enim

2156 2350 2262 2390 non
2293 2334 2667 2402 admirandus,
2692 2337 2783 2407 qui
2809 2336 3024 2391 divitias
3056 2339 3288 2407 spernit,
3308 2338 3422 2409 86
3463 2353 3598 2409 quas
3636 2340 3751 2409 ple—

2155 2431 2309 2501 rique
2338 2432 2499 2486 saluti
2532 2432 2767 2501 propriae
2815 2432 3219 2502 praetulerunt?

2228 2521 2318 2579 67.
2350 2521 2373 2561 κ
2404 2523 2572 2579 Decet
2601 2524 2764 2594 igitur
2786 2538 2975 2579 omnes
2997 2539 3222 2580 censura
3249 2525 3596 2596 frugalitatis,
3621 2539 3751 2581 con-

2156 2616 2405 2673 tinentia:
2444 2616 2763 2685 auctoritas,
2804 2626 2861 2673 et
2925 2621 3163 2676 maxime
3213 2635 3338 2675 eum
3389 2619 3486 2687 qui
3538 2619 3755 2677 honore

2157 2720 2399 2780 praestet,
2425 2725 2493 2765 ne
2517 2710 2963 2780 praeminentem
2984 2712 3158 2767 virum
3179 2711 3417 2768 thesauri
3436 2714 3757 2782 possideant

2157 2801 2263 2867 sui,
2316 2811 2371 2857 et
2425 2804 2672 2872 pecuniis
2715 2804 2940 2871 serviat,
2987 2805 3076 2873 qui
3122 2813 3317 2875 praeest
3373 2805 3581 2861 liberis.
3618 2806 3756 2862 lllud

2158 2894 2329 2964 magis
2373 2894 2553 2961 decet,
2583 2904 2644 2950 ut
2668 2911 2829 2967 supra
2860 2896 3176 2953 thesaurum
3206 2898 3277 2952 sit
3300 2899 3506 2966 animo,
3528 2907 3587 2953 et
3612 2897 3757 2955 infra

2159 2987 2393 3041 amicum
2442 2987 2728 3058 obsequio.
2757 2988 3042 3045 Humilitas
3086 2991 3232 3045 enim
3276 2991 3507 3060 gratiam
3565 2999 3754 3062 auget.

530 3086 618 3142 64.
662 3086 795 3153 Quis
840 3085 1007 3155 igitur
1033 3080 1059 3121 ἀ
1110 3092 1366 3154 tanquam
1412 3082 1562 3138 vultu
1625 3080 1862 3151 speciem
1914 3094 2055 3149 prte-
2079 3075 2125 3139 C
2162 3078 2287 3133 llxec
2319 3079 2475 3149 plena
2509 3079 2683 3134 laudis
2710 3090 2765 3135 et
2792 3080 2949 3151 digna
2979 3082 3239 3152 primario
3287 3083 3428 3150 viro,
3467 3100 3577 3139 non
3605 3099 3752 3140 com-

459 3178 600 3233 fcrat
658 3176 1096 3247 pulchritudinis,
1150 3183 1205 3230 et
1249 3175 1505 3230 helluiuis
1547 3172 1942 3244 posterioribus
1992 3185 2057 3226 ac

2160 3185 2378 3226 munem
2424 3186 2547 3225 cum
2597 3171 2776 3242 Tyriis
2824 3175 3279 3242 negotiatoribus
3339 3183 3397 3230 et
3446 3173 3756 3234 Galaaditis

463 3268 656 3324 ferinis
688 3268 956 3339 unguibus
988 3267 1179 3323 formae
1206 3267 1504 3336 superioris
1554 3264 1882 3320 dehonestet
1934 3278 2059 3333 gra-
2159 3265 2557 3320 mercatoribus
2604 3265 2804 3321 habere
2856 3270 3031 3336 turpis
3074 3268 3210 3323 lucri
3267 3267 3607 3337 cupidinem,
3656 3284 3758 3326 nec

461 3363 631 3426 tiam;
679 3376 800 3417 cum
854 3371 960 3415 tam
995 3370 1018 3397 °
1053 3359 1395 3415 admirabilis
1453 3367 1509 3413 et
1560 3358 1823 3428 praeclara
1884 3356 2057 3411 forma

460 3454 720 3507 virtutum
761 3455 851 3520 sit,
906 3463 959 3508 et
1003 3452 1312 3523 specialiter
1358 3449 1710 3521 pulchritudo
1753 3449 2055 3519 sapientitc,

459 3545 602 3599 sicut
632 3545 805 3599 series
821 3545 1117 3613 Scripturae
1137 3544 1373 3598 indicat?
1400 3544 1495 3597 Est
1526 3541 1669 3597 enim
1703 3542 1819 3596 haec
1845 3542 2056 3612 specio-

461 3635 574 3689 sior
603 3635 739 3703 sole,
773 3643 828 3690 et
871 3649 1038 3705 super
1067 3649 1284 3690 omnem
1328 3630 1606 3690 stellarum
1640 3634 2052 3704 dispositionem

460 3728 568 3782 luci
624 3736 937 3799 comparata
984 3726 1003 3765 τ
1049 3727 1325 3782 invenitur
1380 3727 1548 3797 prior.
1600 3725 1802 3781 Lucem
1853 3727 2053 3781 etenim

462 3818 605 3874 hanc
660 3820 889 3889 suscipit
935 3835 1062 3883 nox,
1114 3819 1437 3889 sapientiam
1486 3829 1667 3873 autem
1733 3832 1840 3872 non
1889 3817 2057 3873 vincit

463 3911 668 3965 malitia
698 3912 716 3980 (
747 3910 877 3980 Sap.
914 3927 1006 3975 vn,
1034 3910 1106 3964 29
1137 3910 1178 3981 ).

537 4003 626 4060 65.
681 4003 922 4058 Diximus
952 4005 1020 4059 de
1050 4005 1167 4071 ejus
1196 4004 1620 4074 pulchritudine,
1656 4013 1710 4059 et
1759 4004 2059 4076 Scriptum

464 4098 783 4154 testimonio
806 4099 1279 4166 comprobavimus
1313 4116 1326 4150 :
1372 4107 1625 4169 superest
1663 4109 1720 4154 ut
1766 4102 2060 4155 doceamus

463 4191 757 4260 Scriptura:
786 4189 1111 4242 auctoritate
1156 4189 1362 4244 nullutn
1393 4191 1441 4243 ei
1485 4190 1902 4245 contubernium
1930 4206 2056 4247 cum

465 4285 612 4338 vitiis
659 4297 817 4349 esse,
876 4282 971 4337 sed
1022 4282 1293 4336 inviduam
1333 4297 1454 4336 cum
1504 4284 1718 4338 caeteris
1763 4285 2056 4341 virtutibus

459 4375 939 4444 conjunctionem:
992 4373 1151 4443 cujus
1205 4372 1429 4442 spiritus
1483 4382 1568 4428 est
1618 4374 1878 4442 disertus,
1933 4374 2054 4432 sine

462 4471 896 4542 inquinamento,
927 4476 1135 4535 certus,
1163 4476 1409 4535 sanctus,
1431 4483 1622 4524 amans
1650 4468 1877 4535 bonum,
1923 4486 2053 4527 acu-

533 4622 561 4649 ιι
589 4610 706 4667 Cic.
740 4611 835 4665 lib.
864 4626 901 4664 ιι
928 4608 1109 4673 Ol‘iic.,
1151 4610 1246 4665 lin.
1281 4610 1388 4665 15:
1446 4607 1587 4664 Nam
1637 4619 1683 4664 et
1726 4611 2011 4677 voluptates
2038 4651 2053 4677 ,

465 4683 813 4739 blandissima:
842 4681 1092 4739 dominre.
1123 4690 1229 4736 etc.

531 4754 560 4793 δ
590 4754 933 4809 Translatum
964 4768 1032 4807 ex
1060 4753 1150 4807 illo
1180 4752 1328 4823 Virg.
1364 4751 1583 4808 rEneid.
1616 4766 1667 4806 tv
1703 4768 1715 4804 :

618 4845 916 4908 Degeneres
938 4845 1124 4893 animos
1146 4844 1291 4894 timor
1313 4845 1479 4906 arguit
1504 4881 1517 4892 .
1546 4881 1558 4893 .
1584 4881 1596 4893 .
1627 4878 1640 4891 .
1669 4877 1680 4890 .
1715 4881 1725 4891 .
1758 4880 1769 4891 .
1795 4880 1805 4890 .
1839 4879 1851 4892 .

536 4926 559 4984 ς
595 4915 739 4969 Edit.
775 4930 838 4969 ac
869 4915 1022 4984 pauci
1052 4929 1207 4978 mss.,
1237 4914 1397 4968 libido
1427 4914 1702 4969 devinciat.

534 4983 562 5022 ἀ
606 4986 731 5040 Era.
757 4995 811 5040 et
840 4983 955 5055 seq.
985 4985 1115 5055 edit.
1142 4994 1333 5039 tantam
1349 4987 1493 5039 vultu
1521 4985 1780 5053 speciem;
1826 4983 2051 5039 Amerb.

463 5065 642 5112 autem
672 5071 793 5111 cum
823 5070 951 5110 mss.
987 5054 1132 5111 ferre
1179 5057 1433 5112 omnibus
1454 5098 1467 5117 ,
1499 5066 1741 5125 tanquam
1770 5056 1909 5109 vultu
1940 5072 2057 5121 spe-

463 5129 609 5181 ciem.
640 5127 754 5181 Non
781 5126 1146 5182 incommode.
1170 5127 1371 5182 Confer
1390 5128 1533 5181 hunc
1557 5127 1733 5181 locum
1753 5142 1875 5181 cum
1900 5127 2056 5182 initio

468 5207 628 5252 tract.
664 5198 940 5251 lloratiani
968 5198 1035 5251 de
1067 5202 1195 5252 Arte
1221 5197 1376 5253 Poet.

536 5277 561 5305 θ
601 5268 713 5321 (lic.
750 5268 843 5323 lib.
879 5285 947 5335 li,
973 5268 1158 5334 (Μία,
1195 5284 1315 5337 pag.
1347 5267 1478 5336 579,
1525 5267 1623 5322 lin.
1655 5265 1761 5322 l9:
1798 5267 1927 5335 Quis
1955 5284 2055 5322 non

460 5338 742 5392 admiretur
771 5338 1093 5408 splendorem
1124 5339 1660 5407 pulchritudinemque
1687 5339 1909 5404 virtutis,
1942 5347 2052 5393 etc.

501 5480 510 5490 _
538 5408 555 5446 τ
587 5409 802 5490 Eri-sm.
834 5421 887 5465 et
918 5425 1033 5479 seq.
1064 5412 1194 5465 edit.
1224 5425 1344 5466 cum
1373 5426 1505 5468 mss.
1536 5409 1876 5481 quibusdam,
1905 5409 2049 5462 inve-

459 5481 600 5534 nitur
628 5481 823 5545 purior.

527 5561 552 5598 κ
590 5552 668 5624 Ita
701 5551 922 5624 Amerh.
953 5560 1007 5606 et
1027 5567 1156 5607 mss.
1187 5562 1415 5622 excepto
1444 5551 1587 5624 quod
1619 5548 1883 5624 nonnulli,
1916 5548 2050 5602 veri-

444 5620 605 5693 tatem
628 5622 833 5693 legunt.
868 5638 973 5693 non
1018 5624 1274 5686 virtutem.
1307 5620 1439 5679 Ctim
1462 5620 1645 5678 autem
1675 5622 1793 5693 eain
1827 5627 2048 5693 septen-

445 5692 574 5750 tiam
602 5689 731 5748 Era.
786 5703 843 5749 et
889 5690 1018 5750 Gill.
1072 5695 1470 5762 resecuisscnt,
1533 5693 1680 5748 illam
1708 5692 1842 5747 edit.
1876 5689 2039 5747 Rom.

2161 3369 2327 3409 omne
2368 3356 2568 3411 bonum
2599 3356 2779 3413 locare
2824 3358 2877 3411 in
2924 3360 3175 3427 pecunia,
3203 3369 3259 3414 et
3302 3368 3576 3430 tamquam
3607 3374 3756 3416 mer—

2166 3451 2388 3505 cenario
2436 3466 2663 3506 munere
2732 3450 3083 3519 quotidianos
3135 3467 3430 3509 numerare
3486 3462 3754 3523 quaestus,

2170 3541 2457 3598 1calculari
2482 3543 2824 3614 compendia.

2749 3635 2981 3693 CAPUT
3033 3637 3146 3693 XV.

2166 3728 2243 3784 De
2272 3730 2599 3784 liberalitate.
2647 3729 2971 3794 Quibusnam
3005 3731 3329 3801 potissimum
3358 3728 3709 3800 impertienda
3737 3745 3758 3784 :

2236 3832 2280 3876 et
2311 3838 2414 3893 qua
2460 3822 2658 3875 ratione
2678 3822 2826 3875 illan:
2857 3823 3104 3877 tenuioris
3133 3838 3315 3877 census
3341 3823 3575 3876 homines
3598 3838 3757 3894 opera

2236 3921 2284 3966 et
2310 3911 2540 3966 consiliis
2565 3921 2856 3966 exerceant.

2238 4006 2327 4060 68.
2381 4004 2533 4073 Quod
2563 4005 2708 4063 siab
2737 4004 2823 4059 his
2855 4004 3096 4060 sobrium
3130 4020 3323 4076 gerere
3366 4005 3609 4060 animum
3643 4004 3759 4060 latt-

2165 4095 2346 4153 dabile
2374 4108 2480 4165 est,
2504 4093 2707 4168 q‘hanto
2735 4098 2866 4152 illud
2899 4098 3246 4168 praestantius
3272 4099 3317 4153 si
3343 4106 3382 4134 ιιι
3400 4098 3757 4155 dilectionem

2165 4191 2524 4246 multitudinis
2566 4190 2892 4246 liberalitate
2940 4192 3216 4258 acquiras,
3269 4204 3446 4257 neque
3475 4192 3757 4259 superﬂua

2162 4286 2307 4340 circa
2338 4287 2700 4355 importunos,
2734 4297 2911 4353 neque
2939 4281 3187 4337 restricta
3227 4282 3372 4337 circa
3406 4281 3758 4354 indigentes!

2235 4378 2325 4434 69.
2375 4377 2615 4433 Plurima
2663 4384 2845 4430 autem
2873 4383 2902 4412 τι
2940 4390 3140 4446 genera
3198 4374 3551 4431 liberalitatis
3603 4389 3756 4447 sunt,

2166 4487 2273 4527 non
2302 4471 2478 4528 solum
2507 4470 2822 4542 quotidiana
2851 4478 3069 4540 sumptu
3114 4469 3422 4541 egentibus,
3452 4485 3565 4541 quo
3586 4471 3756 4528 vitam

2165 4612 2477 4668 restituerat
2524 4613 2603 4667 sic
2646 4611 3025 4667 immutatam:
3073 4610 3140 4665 Et
3192 4611 3359 4667 alibi:
3411 4611 3759 4669 Sobrietatcm

2165 4685 2300 4739 enim
2331 4697 2378 4737 et
2406 4683 2732 4749 prudentiam
2761 4689 2956 4748 edocet,
2975 4684 3237 4754 justitiam
3257 4694 3305 4737 et
3323 4684 3701 4754 fortitudinem.

2236 4754 2265 4792 ιι
2303 4754 2414 4809 Cic.
2442 4754 2533 4808 lib.
2562 4770 2598 4808 ιι
2629 4756 2812 4827 Qltic.,
2842 4753 3116 4825 pag.’579,
3144 4755 3238 4809 lin.
3268 4755 3340 4811 25
3372 4774 3387 4809 :
3445 4753 3635 4827 Itaque
3664 4757 3758 4811 illa

2167 4829 2265 4898 tria
2292 4827 2464 4898 omnia
2489 4825 2695 4898 iustitia
2720 4827 2948 4896 conﬁcit,
2976 4837 3084 4881 etc.

2244 4897 2259 4935 ί
2306 4897 2616 4969 Ειιειεηιηρι
2668 4911 2785 4964 seq.
2819 4899 2949 4952 edit.
3001 4912 3065 4951 ac
3117 4912 3249 4952 mss.
3305 4897 3531 4969 aliquot,
3570 4897 3761 4955 habent

2156 4971 2437 5042 justitiam,
2461 4967 3031 5042 induat‘constantiam.

2234 5053 2249 5091 ι
2300 5040 2458 5103 Ibid.,
2483 5039 2579 5092 lin.
2604 5038 2678 5092 22
2702 5054 2716 5091 :
2744 5038 2911 5095 Nemo
2960 5041 3098 5094 enim
3117 5043 3299 5113 justus
3319 5055 3429 5095 esse
3453 5046 3638 5110 potest,
3668 5042 3756 5113 qui

2160 5122 2395 5173 mortem,
2429 5123 2536 5166 CIC.

2233 5182 2257 5219 ι
2288 5182 2461 5237 Paris.
2487 5181 2694 5253 aliquot
2719 5180 2829 5236 edit
2859 5222 2873 5247 ,
2898 5180 3059 5237 Docet
3086 5182 3245 5253 igitur
3266 5198 3473 5249 omnes;
3503 5190 3560 5240 et
3590 5183 3755 5252 infra,

2159 5252 2190 5308 Ι
2195 5255 2306 5309 llud
2328 5254 2490 5322 magis
2521 5252 2689 5316 docet,
2715 5261 2823 5307 etc.

2238 5323 2253 5362 ¹
2297 5326 2497 5379 Omnes
2543 5322 2701 5383 ediL,
2730 5322 2984 5376 calculari
3023 5327 3328 5393 compendio
3357 5342 3377 5381 :
3404 5334 3594 5381 contra
3624 5341 3757 5385 vero

2159 5411 2317 5460 mss.,
2347 5393 2597 5449 calculari
2624 5395 2955 5462 compendia,
2979 5396 3150 5450 multo
3174 5397 3538 5452 commodius.

2227 5467 2267 5495 ’³³
2302 5467 2417 5521 Cic.
2452 5465 2547 5518 lib.
2578 5464 2790 5538 ιυίξῐὶςη
2815 5480 2939 5535 pag.
2965 5466 3091 5535 578,
3126 5468 3220 5522 lin.
3242 5468 3313 5523 26
3343 5486 3357 5520 :
3400 5466 3524 5535 Qui:
3547 5467 3759 5538 quidem

2155 5538 2500 5609 benevolentia
2522 5536 2781 5601 beneﬁciis
2807 5539 3011 5608 capitur
3040 5542 3283 5596 maxime.
3306 5541 3440 5596 Itctu
3474 5536 3595 5609 pag.
3623 5538 3754 5608 582,

2155 5611 2251 5665 lin.
2278 5625 2337 5685 tu:
2355 5607 2769 5685 _1Vonnumqt_tat_n
2793 5607 2962 5685 tamen
2982 5620 3061 5685 est
3084 5613 3429 5685 largiendum,
3461 5607 3570 5683 etc.

2225 5688 2253 5718 ἰ
2290 5674 2449 5748 Ibid.,
2494 5674 2788 5750 pag.l385,
2834 5680 2935 5737 lin.
2969 5681 3038 5737 l2
3071 5698 3085 5736 :
3127 5674 3193 5737 In
3239 5682 3335 5738 illo
3375 5674 3549 5738 autent
3568 5697 3753 5754 genere
