4030 6188
571 226 672 283 125

1965 223 2215 291 εΑΝοτι
2250 225 2579 287 AMBROSII

3758 238 3853 295 lii

566 350 769 407 talem;
803 351 860 397 nt
878 357 983 412 quo
1014 343 1263 412 pluribus
1291 341 1474 413 largiri
1507 342 1765 407 volueris,
1790 358 1857 399 eo
1874 339 2162 414 pauciores
2188 343 2239 411 Α
2267 344 2544 414 pauperis.
2576 344 2761 416 Neque
2791 361 2924 402 vero
2961 344 3077 403 ﬁeri
3105 355 3285 417 potest
3310 355 3368 403 ut
3400 362 3505 405 non
3532 359 3857 424 extorqueat

566 435 813 506 adjuvcs,
845 445 899 491 et
928 451 1075 504 saepe
1102 436 1197 492 tibi
1232 435 1374 491 desit
1413 437 1555 505 quod
1599 437 1723 492 aliis
1768 435 2161 492 conferendum

566 528 860 598 putaveris.
878 525 1104 583 Consilii
1131 529 1245 602 88
1265 537 1442 585 autem
1473 531 1765 601 operisque
1781 530 2026 594 collatio,
2055 545 2163 599 quo

565 620 621 673 in
642 619 825 688 plures
856 618 1197 687 diffunditur,
1217 636 1285 676 eo
1330 622 1721 677 redundantior
1759 630 1962 691 manet,
2007 632 2062 679 et
2107 622 2161 678 in

562 723 719 763 suum
776 709 978 766 fontem
1028 712 1282 767 recurrit.
1334 713 1391 768 ln
1446 730 1507 769 se
1554 715 1699 769 enim
1733 715 1917 771 reﬂuit
1945 716 2165 773 ubertas

565 800 868 870 prudentiae
900 820 913 857 :
967 811 1023 859 et
1048 820 1158 875 quo
1187 806 1437 876 pluribus
1463 806 1721 875 ﬂuxerit,
1762 823 1829 864 eo
1870 809 2167 865 exercitius

568 892 628 949 ﬁt
654 909 818 950 omne
845 895 989 966 quod
1018 906 1287 954 remanet.

1162 989 1343 1047 (ΖΔΡο
1353 990 1395 1045 Τ
1434 990 1578 1046 XVI.

574 1078 789 1134 Modum
835 1080 888 1136 in
927 1082 1236 1138 liberalitate
1276 1086 1603 1151 servandum,
1638 1103 1703 1142 ne
1747 1088 2093 1159 profundatur
2114 1091 2170 1146 in

641 1170 884 1242 indignos
934 1172 1074 1243 quod
1120 1175 1441 1246 dignioribus
1481 1177 1795 1245 debebatur;
1847 1196 1951 1233 non
2000 1188 2172 1236 tamen

643 1264 799 1319 nimis
846 1282 1004 1336 parce
1044 1283 1106 1321 ac
1147 1267 1327 1325 timide
1364 1271 1736 1326 ministrandas
1776 1274 2122 1345 elemosynas
2151 1291 2171 1330 :

646 1361 739 1414 sed
767 1363 1075 1417 imitandum
1097 1366 1302 1419 beatum
1326 1365 1546 1438 Ioseph,
1570 1368 1723 1437 cujus
1750 1368 2024 1438 prudentia
2052 1384 2174 1441 pro-

647 1453 916 1509 lixioribus
942 1456 1107 1510 verbis
1134 1457 1544 1515 commendatur.

648 1548 736 1603 76.
764 1548 966 1618 Liquet
998 1551 1167 1619 igitur
1206 1552 1408 1608 debere
1453 1569 1575 1609 esse
1606 1562 1634 1592 ι
1663 1554 2008 1610 liberalitatis
2058 1569 2176 1609 mo-

576 1640 732 1706 dum,
765 1656 833 1697 ne
863 1642 958 1696 iiut
988 1642 1197 1699 inutilis
1224 1644 1462 1715 largitas.
1498 1645 1781 1702 Sobrietas
1807 1646 2043 1702 tenenda
2065 1656 2174 1713 est,

2268 438 2501 505 amplius
2529 437 2914 508 importunitas
2949 439 3359 499 vociferantium
3393 459 3406 495 :
3437 443 3530 501 sed
3571 459 3679 500 non
3722 454 3854 501 sem-

2269 546 2364 600 per
2389 527 2416 566 ἀ
2449 530 2801 601 impudentiae
2830 533 2984 588 locus
3010 533 3103 588 sit.
3129 532 3413 590 Videudns
3441 547 3518 591 est
3551 535 3673 602 ille,
3695 540 3781 607 qui
3806 548 3855 596 te

2269 636 2377 677 non
2428 622 3004 695 videt:reqnirendus
3048 625 3174 691 ille,
3224 627 3317 695 qui
3363 628 3641 685 erubescit
3663 631 3851 688 videri.

2268 714 2363 770 llle
2389 716 2550 770 etiam
2579 717 2796 773 clausus
2825 720 2877 775 in
2908 733 3127 775 carcere
3145 727 3400 775 occurrat
3426 721 3555 789 tibi;
3586 721 3681 779 ille
3702 722 3854 781 allec-

2271 816 2355 863 tus
2401 809 2726 880 (egritudine
2776 820 3011 875 mentem
3058 820 3206 867 tuam
3255 826 3530 884 personet,
3577 815 3669 885 qui
3702 831 3856 873 aures

2269 913 2377 955 non
2411 909 2607 970 potest.

2344 993 2436 1049 78.
2476 993 2594 1061 Quo
2625 993 2747 1066 plus
2793 1003 2846 1049 te
2885 996 3103 1066 operari
3135 996 3335 1055 viderit
3375 997 3603 1068 populus
3627 1040 3644 1065 ,
3689 1000 3853 1066 magis

2272 1083 2483 1156 diliget.
2520 1087 2644 1143 Seio
2688 1086 2979 1158 plerosque
3005 1088 3354 1157 sacerdotes,
3384 1106 3492 1159 quo
3524 1090 3644 1161 plus
3675 1100 3858 1147 contu-

2274 1178 2473 1243 lerunt,
2505 1179 2623 1249 plus
2643 1179 2982 1247 abundasse;
3014 1182 3268 1251 quoniam
3302 1183 3638 1253 quicumque
3662 1183 3856 1240 bonum

2273 1273 2583 1341 operarium
2608 1273 2777 1339 videt,
2811 1283 2835 1313 ο
2865 1274 2965 1343 ipsi
2993 1273 3208 1330 confert
3238 1275 3380 1343 quod
3410 1275 3526 1347 89
3551 1274 3753 1332 illesuo
3785 1275 3859 1330 ol—

2278 1362 2399 1418 licio
2423 1363 2699 1433 dispenset
2723 1406 2738 1431 ,
2771 1380 3000 1420 securus
3036 1365 3181 1436 quod
3209 1366 3273 1421 ad
3302 1382 3595 1437 pauperem
3618 1382 3712 1423 sua
3745 1382 3859 1437 prr-

2272 1456 2453 1511 veniat
2489 1456 2872 1513 misericordia
2907 1476 2920 1511 :
2955 1472 3115 1512 nemo
3143 1457 3291 1519 enim
3334 1457 3483 1523 vult,
3518 1458 3620 1513 nisi
3647 1458 3855 1528 pauperi

2277 1546 2542 1617 prolicere
2573 1562 2726 1602 suam
2757 1546 2778 1586 ί
2814 1548 3186 1605 collationem.
3217 1547 3350 1604 Nam
3379 1550 3425 1603 si
3456 1564 3616 1619 quem
3642 1557 3734 1603 aut
3762 1549 3856 1607 im-

2279 1640 2617 1695 moderatum
2642 1649 2737 1696 aut
2775 1640 2936 1696 nimis
2962 1650 3209 1696 tenacem
3252 1641 3684 1710 dispensatorem
3715 1640 3858 1696 vide-

579 1734 815 1790 maximc
847 1736 1247 1805 sacerdotibus,
1280 1748 1338 1792 ut
1367 1754 1474 1792 non
1518 1753 1617 1809 pro
1642 1739 1920 1808 jactantia,
1954 1738 2050 1795 sed
2074 1754 2175 1809 pro
2205 1736 2253 1799 B
2282 1732 2390 1797 rit,
2435 1741 2722 1800 utrumque
2751 1734 3017 1805 despiciet
3046 1751 3060 1788 :
3091 1735 3137 1790 si
3162 1744 3255 1790 aut
3283 1734 3575 1806 superﬂuis
3602 1736 3859 1807 erogatio-

572 1828 783 1898 justitia
805 1828 1146 1898 dispensant.
1190 1831 1466 1902 Nusquam
1505 1831 1708 1904 enimﬁ
1740 1832 1916 1902 major
1943 1831 2177 1888 aviditas

579 1924 879 1993 petitionis.
932 1922 1171 1979 Veniunt
1196 1925 1382 1989 validi,
1435 1928 1659 1981 veniunt
1704 1926 1906 1981 nullam
1951 1940 2174 1981 causam

577 2018 685 2073 nisi
717 2017 944 2087 vagandi
975 2016 1263 2084 habentes,
1313 2030 1368 2076 et
1396 2023 1587 2075 volunt
1626 2021 1870 2076 subsidia
1905 2035 2179 2077 evacuare

575 2122 901 2179 pauperum,
948 2110 1234 2166 exinanire
1280 2122 1555 2182 sumptum
1594 2130 1607 2167 :
1645 2128 1747 2169 nec
1798 2113 1995 2183 exiguo
2043 2127 2177 2168 con-

577 2202 730 2264 tenti,
776 2203 982 2271 majora
1029 2214 1307 2272 quatrunt,
1354 2205 1561 2260 ambitu
1604 2205 1837 2261 vestium
1889 2214 2177 2274 captantes

578 2293 859 2362 petitionis
906 2293 1242 2363 suil'ragium,
1292 2304 1348 2351 et
1389 2298 1644 2352 natalium
1676 2298 2024 2354 simulatione
2055 2297 2176 2352 lici-

577 2395 752 2442 tantes
776 2388 1110 2443 incrementa
1140 2398 1471 2458 quaestuum.
1508 2389 1602 2445 llis
1621 2389 1665 2445 si
1688 2390 1811 2461 quis
1836 2389 1995 2446 facile
2022 2391 2175 2446 del'e-

573 2485 664 2533 rat
703 2478 885 2545 lidem,
918 2481 1026 2535 cito
1073 2481 1326 2539 exhaurit
1357 2496 1654 2551 pauperum
1686 2482 1957 2537 alimoniis
1992 2482 2175 2552 profit-

576 2582 695 2627 tura
740 2573 1084 2644 compendia.
1122 2575 1312 2630 Modus
1349 2575 1608 2646 largiendi
1653 2576 1819 2639 adsit,
1859 2585 1916 2630 ut
1956 2591 2056 2631 nec
2096 2574 2175 2632 illi

577 2669 766 2721 inanes
794 2669 1077 2735 recedant,
1108 2684 1285 2739 neque
1318 2669 1712 2725 transcribatur
1738 2670 1843 2725 vita
1875 2683 2171 2741 pauperum

578 2760 630 2814 in
668 2760 849 2828 spolia
874 2760 1361 2817 fraudulentorum.
1402 2762 1477 2817 Ea
1526 2777 1659 2832 ergo
1695 2776 1948 2821 mensura
1992 2762 2083 2828 sit,
2115 2770 2175 2818 ut

577 2868 753 2920 neque
783 2851 1097 2911 humanitas
1136 2854 1438 2919 deseratur,
1488 2869 1590 2911 nec
1624 2854 1952 2911 destituatur
1982 2867 2172 2911 neces-

581 2943 738 2998 sitas.

649 3036 738 3090 77.
791 3035 1040 3106 Plerique
1087 3038 1344 3093 simulant
1370 3038 1572 3095 debita.
1627 3037 1711 3095 Sit
1759 3038 1873 3096 veri
1919 3053 2168 3097 examen.

2274 1828 2434 1882 nibus
2467 1828 2697 1897 dissipet
2724 1829 2884 1885 alieni
2930 1828 3135 1885 fructus
3183 1828 3422 1895 laboris,
3474 1838 3573 1885 aut
3614 1830 3859 1889 recondat

2274 1921 2527 1976 sacculis.
2575 1920 2728 1977 Sicut
2773 1921 2936 1992 igitur
2973 1922 3163 1977 modus
3211 1921 3558 1979 liberalitatis
3608 1922 3858 1979 tenendus

2275 2023 2381 2079 est,
2418 2014 2491 2069 ita
2518 2015 2680 2071 ctiam
2708 2024 2734 2063 ε
2757 2016 2938 2071 calcar
2969 2015 3290 2086 plerumque
3317 2015 3681 2073 adhibendum
3722 2015 3858 2073 video

2276 2114 2385 2161 tur.
2419 2106 2609 2163 Modus
2638 2107 2796 2174 ideo,
2828 2104 2857 2145 ιι
2896 2116 2957 2162 ιιι
2994 2107 3139 2178 quod
3184 2106 3458 2165 benefacis
3486 2150 3503 2173 ,
3552 2109 3602 2164 id
3632 2106 3860 2179 quotidie

2276 2199 2455 2256 lacere
2483 2202 2688 2270 possis;
2720 2216 2785 2255 ne
2824 2202 3113 2257 subtrahas
3141 2202 3480 2265 necessitati.
3515 2203 3659 2274 quod
3694 2201 3857 2257 indul-

2272 2295 2412 2349 seris
2434 2292 2706 2350 eli‘usioni:
2738 2294 2919 2350 calcar
2950 2305 3256 2365 propterea,
3289 2295 3416 2366 quia
3456 2298 3651 2355 melius
3679 2310 3858 2367 opera-

2277 2395 2364 2451 tur
2392 2389 2614 2455 pecunia
2640 2387 2692 2441 in
2719 2387 2970 2457 pauperis
2992 2386 3114 2442 cibo
3129 2431 3144 2452 ,
3166 2403 3326 2457 quam
3349 2389 3400 2442 in
3430 2387 3614 2443 divitis
3630 2388 3852 2445 sacculo.

2274 2479 2418 2542 Cave
2446 2495 2514 2535 ne
2539 2484 2675 2539 intra
2704 2480 2913 2537 loculos
2937 2488 3061 2538 tuos
3087 2481 3334 2539 includas
3355 2482 3588 2539 salutem
3609 2485 3850 2552 inopum,

2273 2581 2328 2629 et
2373 2581 2625 2641 tanquam
2671 2573 2724 2627 in
2766 2574 2987 2627 tumulis
3038 2572 3269 2641 sepeliis
3328 2575 3495 2628 vitam
3543 2588 3849 2643 pauperum.

2348 2666 2435 2721 79.
2479 2666 2657 2722 Potuit
2694 2667 2898 2723 donare
2922 2666 3128 2737 Joseph
3170 2675 3312 2722 totas
3352 2665 3576 2739 Egypti
3605 2683 3767 2739 opes,
3803 2675 3854 2721 et

2273 2759 2554 2817 eli‘nndere
2598 2762 2884 2818 thesauros
2921 2761 3134 2831 regios;
3164 2761 3337 2817 noluit
3370 2772 3554 2818 tamen
3597 2762 3665 2817 de
3689 2761 3854 2817 alieno

2274 2851 2476 2908 eﬂ‘usus
2508 2851 2716 2908 videri:
2749 2852 2938 2907 maluit
2972 2852 3240 2908 frumenta
3273 2852 3512 2909 vendere
3532 2896 3549 2922 ,
3580 2868 3740 2924 quam
3765 2851 3856 2907 do-

2275 2961 2405 2999 nare
2427 2946 2828 3012 esurientibus;
2855 2946 2980 3016 quia
3006 2945 3055 3000 si
3091 2947 3275 3016 paucis
3303 2947 3589 3015 donasset,
3622 2946 3856 3018 plurimis

2277 3036 2556 3094 defuisset.
2581 3038 2709 3093 Eam
2734 3037 3115 3095 liberalitatem
3139 3038 3415 3109 probavit,
3442 3055 3555 3110 quo
3576 3039 3855 3096 abundaret

579 3127 785 3183 Exutos
815 3143 873 3183 se
905 3144 999 3199 per
1029 3129 1307 3184 latrocinia
1321 3130 1639 3204 deplorant;
1670 3139 1762 3185 aut
1792 3129 1982 3201 injuria
2014 3130 2173 3187 ﬁdem
2201 3124 2245 3187 C
2280 3128 2553 3184 omnibus.
2587 3127 2844 3184 Patefecit
2890 3130 3114 3197 horrea,
3145 3138 3203 3186 ut
3237 3145 3431 3186 omnes
3458 3141 3707 3187 emerent
3739 3129 3856 3184 sub-

577 3219 761 3287 l‘aciat,
789 3230 887 3277 aut
914 3222 1149 3292 cognitio
1186 3238 1452 3293 personaa,
1485 3239 1594 3294 quo
1635 3224 1956 3294 propensius
1980 3225 2176 3294 juven-

582 3323 690 3368 tur.
724 3324 746 3351 ο
774 3314 857 3369 Ab
897 3314 1141 3370 Ecclesia
1184 3316 1438 3386 relegatis
1468 3326 1719 3386 sumptus
1760 3316 2170 3385 impertiendos,

577 3405 624 3459 si
655 3406 796 3460 desit
833 3406 912 3460 eis
937 3406 1118 3462 alendi
1146 3408 1322 3477 copia.
1354 3406 1541 3477 itaque
1576 3408 1667 3477 qui
1709 3406 1928 3461 modum
1969 3416 2174 3472 servat,

575 3511 772 3551 avarus
804 3498 960 3563 nulli,
990 3499 1085 3553 sed
1120 3500 1301 3570 largus
1332 3500 1585 3556 omnibus
1619 3510 1701 3555 est
1734 3517 1747 3554 :
1773 3516 1880 3555 non
1906 3502 2050 3555 enim
2082 3514 2174 3555 so-

577 3591 657 3644 las
699 3606 858 3646 aures
907 3592 1151 3661 praebere
1191 3594 1452 3649 debemus
1506 3592 1793 3650 audiendis
1834 3596 2171 3664 precantium

577 3681 823 3747 vocibus,
852 3683 948 3738 sed
980 3686 1143 3739 etiam
1175 3685 1365 3739 oculos
1394 3684 1809 3746 considerandis
1832 3686 2172 3741 necessitati-

576 3775 698 3830 bus.
734 3776 861 3832 Plus
882 3778 1081 3833 clamat
1106 3776 1383 3849 operatori
1410 3779 1555 3834 bono
1575 3777 1851 3844 debilitas,
1883 3793 2046 3850 quam
2071 3794 2174 3834 vox

578 3934 637 4002 fit
648 3950 708 3988 ex
720 3950 776 4006 re
787 3936 1036 4005 familiari
1042 3979 1056 4002 ,
1061 3936 1089 4006 f
1088 3946 1254 3992 antem
1278 3937 1449 4005 ipsum
1463 3935 1788 4006 benignitatis
1799 3935 2169 4001 exhaurit,etc.

651 3953 708 3988 ex
720 3953 776 3987 re
787 3953 1254 4006 jannuariqontem
1278 3953 1449 4005 ipsum
1463 3953 1575 3990 nem
1615 3953 1788 3989 uuam
1799 3953 2169 4001 exnauru,ete.

651 4013 675 4040 “
716 4003 828 4061 Cic.
866 4007 958 4061 lib.
984 4023 1019 4062 ιι
1050 4008 1231 4077 Ullic.,
1260 4023 1378 4077 pag.
1413 4008 1539 4070 582,
1579 3953 1679 4062 fin.
1705 4006 1776 4061 7:
1830 4006 2172 4075 Quamobrem

577 4091 670 4128 nec
697 4077 767 4159 ita
794 4078 1084 4163 claudenda
1113 4091 1183 4133 est
1210 4095 1292 4133 res
1319 4081 1615 4150 familiaris,
1645 4087 1704 4132 ut
1747 4094 1857 4133 eam
1887 4079 2174 4150 benignitas
2199 4105 2252 4167 Β

578 4148 781 4234 aperire
809 4151 1240 4234 nonpossit,etc.
1276 4223 1288 4234 .
1322 4148 1327 4150 Ἴ
1469 4220 1479 4232 ⁸
1507 4220 1538 4234 η
1702 4216 1740 4234 “
1798 4220 1805 4230 ο
1839 4218 1851 4231 ⁸
1929 4220 1940 4232 _

647 4216 689 4290 δᾴ
718 4219 845 4272 Mss.
889 4216 1124 4290 aliquot,
1180 4223 1350 4290 major
1398 4220 1665 4290 aviditas.
1696 4216 1967 4273 Petilianis
2016 4236 2174 4274 causa

574 4288 789 4361 veniunt
838 4289 1016 4361 ualidi.
1061 4290 1126 4345 Et
1152 4288 1409 4345 coniinuo
1437 4301 1579 4360 post,
1622 4289 1714 4345 alii
1746 4291 1925 4361 pauci,
1954 4290 2054 4346 nisi
2081 4306 2172 4346 va-

579 4358 733 4411 candi
760 4358 1019 4414 habentes.

651 4439 673 4502 9
714 4429 803 4484 Sic
831 4432 961 4485 edit.
989 4445 1200 4502 omnes.
1235 4440 1288 4486 et
1336 4431 1509 4501 major
1548 4432 1833 4502 potiorque
1874 4447 1997 4501 pars
2038 4447 2169 4488 mss.

476 4508 481 4513 '
579 4498 761 4578 _Aliqni
788 4509 971 4578 tamen
996 4520 1008 4556 :
1032 4503 1104 4557 Ab
1134 4499 1366 4578 Ecclesia
1409 4498 1667 4578 relegatis.
1690 4498 1966 4578 Quaeritur
1992 4513 2174 4578 autem

577 4570 631 4624 iu
660 4574 826 4644 prima
854 4576 1110 4641 lectione,
1140 4572 1357 4644 quinam
1388 4570 1648 4638 snnt’illi,
1680 4576 1744 4627 ab
1771 4573 2001 4630 Ecclesia
2044 4577 2177 4631 rele-

579 4643 728 4717 gati?
758 4642 1060 4699 Voluerunt
1109 4642 1351 4699 nonnulli
1380 4660 1475 4700 eos
1503 4646 1605 4702 hoc
1636 4646 1756 4701 loco
1790 4646 2175 4717 intelligendos

577 4716 668 4783 qui
706 4724 927 4786 prepter
957 4718 1116 4772 (idem
1146 4718 1213 4771 ab
1259 4717 1525 4772 Ecclesiis
1572 4719 1687 4772 suis
1714 4712 2175 4773 exsulare'coacti

582 4796 787 4860 essent.
833 4786 937 4842 Sed
977 4803 1269 4858 numquam
1297 4798 1408 4860 tam
1450 4804 1610 4860 parce
1636 4803 1700 4844 ac
1737 4796 1972 4843 tenuiter
1999 4789 2068 4860 de
2092 4787 2176 4845 liis

580 4854 862 4932 locuturus
890 4870 1012 4932 erat
1037 4854 1255 4915 sanctus
1278 4854 1498 4932 Doctor.
1531 4859 1640 4915 Eos
1669 4875 1799 4932 ergo
1822 4859 2177 4932 intelligimus

583 4927 672 4996 qui
706 4930 773 5000 ab
809 4930 1070 4985 Ecclesiae
1094 4933 1266 4986 sacris
1296 4930 1624 5000 ptenitentim
1653 4927 1813 4986 causa
1846 4927 2058 4986 fuerant
2083 4944 2174 4985 se-

623 4998 798 5072 arati;
854 5001 1049 5069 quibus
1093 5003 1195 5058 etsi
1228 4998 1642 5058 Ecclesiasticas
1673 5003 2054 5072 eleemosynas
2082 5016 2178 5055 au-

604 5070 713 5124 erri
775 5075 1127 5129 consuevisse
1185 5083 1414 5129 testetur
1459 5074 1823 5144 Augustinus,
1886 5070 2065 5128 tamen
2119 5073 2175 5135 in

581 5151 823 5195 extrema
876 5146 1204 5200 necessitate
1247 5146 1539 5199 christiana
1576 5145 1869 5199 liberalitas
1917 5160 2023 5198 non
2078 5144 2174 5197 de-

580 5224 718 5265 erat.
755 5213 939 5269 Potest
967 5217 1129 5269 etiam
1165 5218 1233 5271 ita
1258 5216 1698 5284 cxplicari,ntab
1715 5216 1946 5271 Ecclesia
1976 5212 2178 5284 refera-

582 5289 668 5335 tur
711 5284 776 5336 ad
829 5287 1223 5361 iinpartiendus,
1276 5283 1499 5343 minime
1530 5303 1661 5342 vero
1712 5288 1779 5343 ad
1830 5287 2088 5361 relegatis,
2123 5283 2175 5339 id

586 5361 690 5417 est,
719 5358 1018 5412 exsulibus.

652 5419 679 5460 ά
719 5425 973 5500 Quaedam
998 5430 1132 5483 edit.
1166 5429 1365 5492 Paris.,
1393 5431 1754 5500 imprudentia:
1775 5431 1916 5484 locus
1944 5427 2029 5500 sit.

657 5496 835 5571 °_Non
886 5513 1015 5552 sine
1063 5502 1373 5571 properanti
1402 5496 1560 5557 oculo
1609 5499 2030 5571 transmittenda
2069 5504 2175 5571 est

585 5565 874 5641 laudabilis
921 5585 983 5624 ea
1021 5565 1380 5641 consuetudo,
1431 5587 1536 5639 qua
1591 5573 1750 5641 prisci
1786 5572 1859 5625 illi
1891 5567 2175 5629 christiani

584 5639 870 5716 pecuniam
908 5656 1060 5716 suam
1081 5639 1372 5716 teconomu
1400 5657 1496 5716 seu
1523 5639 2175 5716 dispensatoributlesia:

582 5711 639 5765 in
668 5723 858 5763 manus
889 5712 1198 5783 tradebant,
1229 5715 1296 5772 ab
1316 5715 1509 5773 eodem
1543 5711 1731 5793 postea
1767 5711 2006 5777 (idalium
2048 5725 2181 5787 Ρω-

2277 3221 2472 3276 sidium
2502 3220 2914 3276 frumentarium
2962 3218 3129 3292 (Gen.
3164 3236 3255 3276 xu
3279 3262 3293 3286 ,
3326 3220 3433 3289 56,
3467 3220 3573 3293 57)
3596 3263 3610 3288 ,
3651 3238 3715 3276 ne
3745 3234 3857 3292 gra-

2280 3317 2347 3370 tis
2377 3314 2726 3384 accipicndo,
2775 3315 2951 3369 cultus
2989 3322 3260 3369 terrarum
3303 3314 3703 3385 relinquerent;
3734 3329 3853 3384 quos

2280 3408 2423 3461 niam
2455 3407 2544 3474 qui
2572 3407 2754 3462 alieno
2783 3406 2974 3471 utitur,
3007 3421 3164 3463 suum
3206 3406 3448 3477 negligit.

2349 3499 2439 3555 80.
2482 3499 2665 3569 itaque
2691 3497 2924 3568 pritnum
2955 3499 3198 3553 omnium
3223 3498 3566 3553 coacervavit
3594 3497 3852 3569 pecunias,

2282 3592 2478 3649 deinde
2511 3593 2869 3649 instrumenta
2896 3600 3097 3648 caetera
3118 3632 3134 3659 ,
3157 3591 3225 3647 ad
3263 3602 3597 3662 postremum
3616 3592 3734 3663 jura
3762 3599 3859 3645 ter-

2283 3699 2461 3739 rarum
2491 3683 2602 3754 regi
2640 3683 2965 3755 acquisivit,
3016 3698 3124 3738 non
3154 3691 3215 3738 ut
3241 3697 3433 3738 omnes
3459 3691 3685 3740 exueret
3723 3694 3815 3739 suo
3840 3721 3853 3747 ,

2289 3776 2307 3815 ί
2328 3776 2424 3834 sed
2451 3776 2665 3831 fulciret
2688 3794 2701 3830 :
2728 3776 2742 3827 1
2789 3776 3062 3848 publicum
3094 3775 3355 3833 tributum
3368 3777 3858 3848 constitueret,qno

2280 3949 2468 4002 perum
2513 3933 2764 4005 gregibus
2816 3933 3267 4005 distribuendam.
3313 3932 3674 4005 Insignishac
3716 3931 3780 4005 de
3804 3942 3857 3984 re

2283 4005 2436 4062 locus
2462 4002 2547 4062 est
2574 4002 2633 4061 in
2662 4006 2801 4061 beati
2824 4004 3020 4060 Justiui
3065 4003 3327 4076 Apologia
3357 4002 3596 4061 scounda
3629 4002 3856 4076 proxime

2278 4089 2403 4149 ante
2451 4079 2636 4141 linem,
2681 4078 2839 4149 cujus
2874 4077 3036 4132 verba
3070 4074 3174 4129 non
3209 4074 3413 4149 pigebit
3443 4077 3532 4131 hic
3558 4074 3852 4144 subjicere:

2279 4146 2532 4203 Ceterum
2559 4150 2647 4218 qui
2676 4146 3036 4216 locupletiores
3065 4156 3203 4218 sunt,
3252 4148 3445 4217 inquit,
3482 4158 3527 4199 et
3555 4149 3750 4209 volunt,
3772 4157 3855 4215 pro

2277 4222 2491 4275 arbitrio
2538 4217 2747 4291 quisque
2797 4235 2889 4272 suo
2934 4217 3072 4291 quod
3111 4219 3274 4291 visum
3325 4226 3422 4291 est,
3475 4220 3858 4291 conferuntwt

2277 4292 2418 4372 quod
2441 4294 2511 4372 ita
2535 4286 2820 4372 colligitur,
2851 4286 3358 4372 (:pud‘prteposlitum
3381 4286 3662 4372 deppnitur
3685 4302 3702 4341 :
3723 4296 3860 4372 atque

2278 4355 2368 4417 ille
2398 4361 2517 4435 inde
2538 4355 2818 4435 cpitula_tur
2841 4355 3056 4435 pupillis
3078 4366 3124 4411 et
3145 4356 3331 4419 viduis,
3360 4369 3405 4411 et
3435 4355 3518 4411 his
3545 4359 3637 4428 qui
3668 4366 3858 4435 propter

2278 4433 2513 4488 morbum
2557 4429 2645 4485 aut
2668 4430 2901 4499 aliquam
2945 4429 3103 4485 aliam
3131 4444 3342 4499 causam
3396 4438 3562 4499 egent,
3611 4430 3790 4496 quique
3812 4429 3862 4478 in

2280 4505 2498 4559 uinculis
2521 4512 2660 4571 sunt,
2685 4512 2731 4556 et
2751 4498 2958 4575 peregre
2982 4498 3367 4575 aduenientibus
3398 4498 3716 4575 hospitibus;
3737 4506 3781 4551 et
3810 4501 3860 4549 ut

2279 4577 2580 4646 simpliciter
2611 4570 2800 4637 dicam,
2830 4570 3174 4642 indigentium
3214 4572 3256 4625 is
3288 4570 3515 4624 omnium
3537 4582 3744 4625 curator
3771 4575 3857 4649 est.

2357 4646 2372 4685 ί
2416 4645 2670 4702 Nonnulli
2706 4660 2861 4702 mss..
2893 4658 3040 4697 suam
3065 4643 3489 4697 consolationem.
3515 4640 3621 4697 Sed
3651 4650 3862 4695 omnino

2466 4657 2670 4701 onnullt
2706 4660 2861 4709 "158.,
2893 4658 3040 4697 suam
3065 4657 3489 4697 consotauonem.

2279 4732 2401 4774 cum
2432 4718 2554 4773 aliis
2575 4760 2589 4783 ,
2621 4726 2784 4788 atque
2815 4715 2946 4770 edit.
2986 4713 3303 4784 legendum,
3336 4729 3497 4788 suam
3513 4712 3856 4788 collationem,

2280 4790 2333 4844 id
2365 4801 2481 4857 εει,
2515 4783 3112 4859 suamfelcetuosynam
3135 4826 3172 4859 L
3206 4797 3367 4855 quam
3396 4784 3681 4840 Collectam
3717 4783 3863 4859 vocat

2279 4850 2597 4923 Apostolus.
2650 4858 2718 4914 Et
2762 4856 2902 4913 infra
2953 4850 3042 4911 ubi
3086 4850 3313 4911 editfac
3344 4871 3475 4910 mss.
3527 4870 3633 4909 non
3677 4850 3858 4922 pauci,

2281 4944 2561 5003 utrumque
2584 4930 2862 5003 despiciet;
2886 4926 3100 4987 Thuan.
3131 4936 3187 4984 et
3211 4925 3303 4989 alii
3326 4925 3530 4996 aliquot
3555 4923 3860 4998 prmfernnt,

2279 5002 2553 5071 utrumque
2579 5002 2837 5071 displicet.

2354 5085 2380 5123 ε
2419 5061 2604 5129 Codex
2631 5061 2842 5127 T'huan.
2872 5078 2929 5125 et
2956 5069 3048 5127 alii
3081 5083 3190 5126 non
3222 5082 3385 5139 parvo
3410 5080 3668 5130 numero,
3698 5061 3862 5119 calcar

2282 5146 2605 5217 plerumque.
2638 5142 2974 5198 Adltibeudus
3009 5141 3207 5195 videtur
3233 5141 3448 5203 modus,
3478 5147 3583 5225 etc.

2353 5237 2378 5275 h
2419 5238 2532 5292 t‘.ic.
2568 5237 2660 5291 lib.
2695 5250 2728 5288 ιι
2757 5232 2943 5300 Ollic.,
2989 5246 3120 5303 pag.
3145 5230 3274 5293 582,
3306 5231 3402 5286 lin.
3436 5231 3499 5285 ὃς
3532 5229 3669 5297 Quid
3700 5235 3863 5283 autem

2280 5318 2358 5366 est
2376 5310 2584 5364 stultius
2605 5349 2621 5375 ,
2653 5322 2810 5377 quant
2831 5306 2968 5375 quod
2993 5302 3215 5361 libenter
3243 5303 3427 5374 facias,
3461 5313 3564 5358 etc.

2359 5405 2375 5439 ί
2421 5402 2550 5456 Mss.
2576 5400 2811 5470 aliquot,
2840 5397 2930 5451 sed
2959 5395 3164 5467 {ulcirct
3183 5395 3447 5468 publicam
3467 5437 3482 5461 ,
3513 5393 3596 5448 vel
3629 5387 3864 5464 publico:

2280 5473 2528 5527 tributum
2543 5512 2556 5534 ,
2590 5480 2698 5523 etc.

2356 5563 2384 5616 i'
2421 5562 2532 5619 Sic.
2578 5561 2673 5614 lib.
2714 5574 2751 5614 ιι
2792 5558 2974 5624 Ollic.,
3024 5573 3145 5630 pag.
3197 5557 3331 5630 385,
3362 5556 3457 5630 lin.
3489 5558 3552 5612 ὃς
3584 5552 3769 5630 panda
3795 5555 3862 5630 est

2282 5618 2445 5705 opera
2484 5633 2723 5695 omnino,
2768 5632 2814 5686 si
2857 5618 3048 5705 possit,
3085 5618 3191 5685 ἔω.
3241 5618 3371 5705 item
3406 5627 3501 5705 lin.
3547 5625 3643 5705 t5_:
3685 5618 3863 5705 Danda

2285 5699 2439 5766 etiam
2462 5720 2619 5786 opera
2640 5712 2715 5760 est
2731 5743 2748 5771 ,
2779 5699 2935 5766 uel...
2960 5700 3205 5757 tributum
3231 5700 3300 5753 sit
3333 5699 3698 5777 conferendum
3722 5737 3736 5763 ,
3765 5699 3859 5751 etc.
