4030 6188
180 253 281 308 tes

1206 251 1292 307 DE
1332 249 1626 311 01⁷1⁵10118
1663 252 2141 315 UINIS’I'RORUM
2180 255 2310 311 LIB.
2352 255 2418 311 ll.

3354 257 3457 315 426

175 382 266 423 sua
312 365 476 421 tutius
520 363 728 429 habere
779 372 1023 435 possent.
1067 363 1222 434 Quod
1267 365 1344 436 ita
1390 363 1489 423 fuit
1533 376 1750 437 gratum
1782 368 1835 433 Α
1861 368 2106 425 veritatis
2148 368 2434 429 desaeuidit
2476 369 2657 427 cubile
2694 388 2708 423 :
2752 386 2822 425 an
2868 370 3153 427 cutisilium
3194 388 3301 440 quo
3351 380 3459 429 tum

177 461 408 519 omnibus
446 459 643 529 quibus
688 469 866 515 terras
894 458 1204 526 adetnerat;
1234 468 1291 514 ut
1330 474 1435 515 non
1478 458 1755 516 venditio-

180 567 291 607 nem
315 550 392 607 sui
427 549 607 621 juris,
645 548 745 606 sed
776 549 1209 621 redemptionem
1257 549 1449 607 salutis
1478 559 1756 621 putarent.

181 644 401 713 Denique
444 642 743 699 dixerunt:
788 641 1006 699 Sanasti
1046 657 1172 709 nos,
1201 642 1490 699 invenimus
1534 644 1757 715 gratiam

179 736 229 787 in
244 743 495 805 conspectu
508 732 722 790 Domini
747 735 913 789 nostri
947 732 1100 806 (Gen.
1126 749 1293 797 XLVII,
1324 732 1390 791 M
1412 744 1457 788 et
1479 750 1609 805 seq.,
1635 733 1750 805 25).

178 828 295 885 Nam
328 836 384 885 et
406 828 477 885 de
518 829 863 900 proprietate
892 829 1026 883 nihil
1058 830 1388 895 amiserant,
1419 828 1507 900 qui
1541 831 1632 900 jus
1659 844 1744 886 re-

175 933 440 993 ceperant:
473 932 530 979 et
559 921 630 977 de
669 921 904 977 utilitate
949 921 1083 977 nihil
1117 920 1501 990 perdiderant,
1538 922 1630 993 qui
1661 936 1753 978 ac-

173 1015 448 1085 quisierant
477 1015 924 1085 perpetuitatem.

226 1107 309 1163 8t.
332 1106 374 1161 0
391 1114 417 1143 ι
438 1107 614 1162 virum
638 1122 916 1178 maguum,
936 1107 1026 1177 qui
1044 1120 1154 1165 non
1175 1105 1441 1177 largitatis
1457 1106 1749 1179 superﬂuae

169 1199 503 1269 temporalem
527 1200 771 1268 captavit
784 1199 1043 1275 gloriam,
1062 1198 1156 1254 sed
1174 1208 1491 1271 perpetuam
1504 1215 1748 1256 commo-

168 1290 366 1347 ditatem
387 1292 685 1347 constituit
706 1291 1093 1367 providentiae!
1113 1290 1267 1347 Fecit
1288 1291 1433 1345 enim
1452 1298 1513 1346 ut
1528 1292 1747 1348 tributis

170 1384 332 1453 populi
360 1400 422 1440 se
442 1386 710 1454 juvarent
734 1385 871 1452 suis,
907 1399 1009 1441 nec
1042 1386 1094 1440 in
1125 1394 1375 1454 tempore
1401 1383 1746 1443 necessitatis

165 1476 319 1531 aliena
334 1476 581 1531 subsidia
602 1476 1000 1533 desiderarent.
1016 1475 1206 1531 Melius
1220 1475 1362 1532 enim
1380 1475 1746 1534 fuitconferre

165 1569 344 1642 aliquid
376 1569 444 1627 de
472 1569 782 1631 fructibus.
814 1584 975 1643 quam
1024 1579 1195 1625 totum
1227 1569 1295 1626 de
1319 1568 1446 1639 iure
1473 1570 1739 1626 amittere.

163 1660 387 1729 Quintam
418 1661 446 1701 ι)
478 1662 796 1734 portionem
824 1662 1136 1719 collationis
1167 1661 1359 1718 statuit.
1389 1671 1441 1716 et
1470 1661 1529 1719 in
1558 1661 1743 1732 provi-

1861 461 2011 532 gravi
2042 470 2202 532 atque
2240 460 2511 516 diuturna:
2536 462 2813 532 prospexit
2845 462 3155 518 necessitati
3185 479 3197 515 :
3230 479 3298 519 an
3328 464 3464 535 vigi—

1860 552 2080 608 lantiam
2132 564 2295 620 atque
2339 553 2638 627 justitiam;
2685 570 2911 622 quarum
2948 554 3158 620 altera,
3204 556 3460 627 imposito

1859 645 1959 701 sibi
1993 652 2142 699 tanto
2167 661 2413 711 munere,
2438 648 2787 716 congregavit
2817 657 2925 701 tam
2957 646 3277 716 multiplices
3309 664 3457 703 com-

1856 744 2095 792 meatus:
2120 736 2401 806 alteraque
2428 738 2795 805 aequalitatem
2826 753 2921 805 per
2949 754 3141 793 omnes
3163 740 3402 795 servavit
3432 740 3455 797 ?

1857 827 1988 882 Nam
2019 827 2087 882 de
2131 830 2575 897 magnanimitate
2611 828 2737 897 quid
2770 829 2994 899 loquar;
3028 830 3173 899 quod
3206 832 3455 889 venditus

1854 936 1881 973 a
1914 920 2172 976 fratribus
2198 922 2250 976 in
2280 920 2630 987 servitutem,
2665 937 2772 976 non
2822 922 3009 978 retulit
3038 923 3290 993 iujuriam
3315 965 3330 991 ,
3359 926 3456 981 sed

1853 1009 2052 1066 famem
2080 1012 2322 1080 depulit?
2344 1012 2481 1079 Quid
2509 1012 2579 1068 de
2601 1012 2867 1067 suavitate
2891 1055 2903 1076 ,
2926 1030 3025 1084 qua
3056 1014 3243 1070 dilecti
3276 1016 3458 1073 fratris

1853 1104 2199 1175 praesentiam
2234 1104 2318 1174 pia
2364 1104 2552 1160 fraude
2593 1104 2862 1175 quaesivit,
2888 1121 3048 1176 quem
3076 1105 3332 1163 simulato
3359 1121 3457 1179 per

1850 1196 2176 1267 elegantiam
2236 1196 2412 1265 furto,
2438 1213 2590 1253 reum
2620 1199 2809 1255 statuit
2837 1200 3076 1270 rapiare,
3110 1208 3167 1255 ut
3207 1200 3452 1257 obsidem

1852 1298 2061 1347 teneret
2092 1290 2279 1359 gratiae
2309 1288 2465 1359 (Gen.
2490 1306 2637 1357 XLIV,
2666 1291 2701 1345 2
2736 1303 2784 1344 et
2815 1292 2971 1363 seq).

1919 1382 2007 1437 85.
2041 1379 2197 1436 Unde
2242 1382 2439 1436 merito
2466 1381 2513 1437 ci
2546 1396 2574 1435 a
2608 1391 2758 1451 patre
2793 1382 3024 1436 dicitur:
3064 1379 3082 1418 ί
3122 1380 3294 1438 Filius
3337 1402 3451 1441 ant-

1846 1474 2040 1545 pliatus
2079 1489 2223 1529 meus
2268 1472 2503 1544 Joseplt,
2545 1472 2685 1544 ﬁlius
2732 1474 3016 1544 ampliatus
3061 1491 3234 1540 meus,
3260 1477 3452 1534 zelotes

1845 1568 1987 1639 ﬁlius
2030 1584 2172 1624 meus
2216 1567 2686 1625 adolescentior....
2738 1567 2954 1640 Adjuvit
2998 1577 3043 1622 te
3085 1565 3228 1622 Deus
3270 1586 3447 1637 meus,

1844 1670 1890 1715 et
1934 1658 2198 1714 benedixit
2240 1669 2287 1719 te
2319 1659 2674 1714 benedictione
2719 1660 2832 1715 caeli
2875 1676 2907 1714 a
2948 1676 3183 1725 summa,
3218 1669 3267 1714 et
3300 1661 3453 1719 bene-

162 1756 314 1811 deudo
342 1759 737 1829 perspicacior,
766 1766 821 1815 et
843 1758 894 1817 in
920 1757 1122 1817 tributo
1162 1757 1467 1819 liberalior.
1501 1757 1743 1829 Denique
1773 1753 1818 1831 Β
1848 1751 2073 1811 dictione
2120 1761 2293 1817 terra,
2342 1760 2494 1807 terra:
2536 1750 2775 1805 [tabentis
2803 1752 3009 1817 omnia,
3055 1762 3261 1824 propter
3294 1752 3449 1808 bene-

164 1864 401 1919 nunquam
427 1860 621 1919 postea
638 1849 907 1922 Egyptus
937 1850 1241 1921 ItlljtleIOdi
1278 1852 1475 1904 famem
1498 1852 1740 1920 pertulit.

217 1941 295 1999 εἳ.
332 1942 502 2013 Quam
550 1942 821 2015 praeclare
865 1952 1051 1999 autem
1102 1943 1323 2013 collegit
1376 1943 1592 2001 futura!
1626 1943 1744 1999 Pri-

161 2047 283 2091 mum
312 2050 465 2104 quam
490 2045 695 2108 argute
740 2034 937 2105 regalis
967 2034 1237 2104 interpres
1292 2035 1489 2095 somnii
1536 2036 1742 2093 verita-

162 2136 252 2183 tem
272 2131 560 2199 expressit!
588 2130 877 2185 Somnium
904 2131 1045 2200 regis
1071 2131 1303 2200 primum
1329 2130 1430 2186 hoc
1449 2130 1552 2187 fuit
1571 2149 1585 2187 :
1607 2131 1742 2201 Sep—

163 2229 254 2277 tem
277 2223 505 2290 iuvencae
528 2222 917 2283 ascendebant
956 2223 1024 2279 de
1047 2222 1271 2280 ﬂumine
1294 2263 1311 2286 ,
1340 2224 1461 2283 visu
1485 2224 1701 2281 decorae
1718 2266 1732 2291 ,

161 2318 208 2366 et
230 2310 439 2382 pingues
481 2328 761 2387 corpore,
794 2323 847 2371 et
876 2312 943 2369 ad
973 2329 1122 2369 oram
1153 2316 1518 2386 pascebantur
1546 2315 1727 2372 ﬂuuii-

161 2405 248 2460 nis.
277 2406 399 2462 Alia:
436 2422 663 2477 quoque
692 2407 876 2467 vitula:
916 2407 1032 2465 visu
1077 2407 1356 2467 deformes
1381 2420 1402 2447 ο
1433 2424 1498 2465 ac
1527 2409 1736 2482 jejuna:

161 2511 377 2569 corpore,
394 2510 515 2573 post
534 2499 940 2569 illasjuvencas
958 2501 1070 2573 9o
1085 2502 1457 2561 ascendebant
1474 2502 1542 2558 de
1558 2502 1736 2565 ﬂumi-

160 2603 245 2655 ne,
271 2601 321 2651 et
340 2591 481 2663 juxta
509 2608 611 2648 eas
643 2593 697 2651 in
720 2591 843 2662 ipso
871 2594 1110 2666 riparum
1142 2596 1303 2652 thoro
1330 2597 1726 2666 pascebantur:

161 2690 206 2737 et
223 2682 338 2741 visa:
355 2695 469 2745 sunt
503 2684 592 2743 ille
621 2686 803 2745 vitula:
832 2694 1018 2747 tenues
1062 2697 1226 2759 atque
1249 2689 1425 2745 exiles
1465 2690 1736 2749 devorare

159 2772 258 2828 illas
273 2791 384 2845 qua:
402 2777 741 2850 prmSlabnnt
760 2786 817 2833 et
846 2776 1020 2833 forma
1052 2788 1106 2837 et
1131 2782 1329 2852 gratia.
1361 2781 1428 2836 Et
1453 2783 1732 2842 somnium

158 2866 419 2927 semiudum
443 2869 547 2931 hoc
571 2869 711 2927 fuit:
744 2869 964 2945 Septem
993 2871 1157 2943 spicae
1185 2872 1443 2946 pingues.
1469 2875 1655 2933 electae
1679 2887 1735 2937 et

159 2957 289 3015 bona:
314 2959 339 2998 ά
359 2962 423 3019 de
453 2972 601 3028 terra
630 2963 962 3033 surgebant:
988 2973 1043 3021 et
1064 2974 1184 3033 post
1207 2981 1301 3023 eas
1329 2977 1539 3039 septem
1566 2972 1734 3040 spicas

159 3052 305 3109 exiles
344 3062 397 3111 et
424 3064 597 3113 vento
632 3066 656 3105 θ
683 3065 958 3129 corrupta:
986 3073 1052 3114 ac
1076 3060 1332 3117 marcidte
1356 3075 1418 3115 se
1458 3062 1733 3133 subjicere

1846 1847 2098 1903 dictiones
2140 1847 2309 1919 patris
2347 1846 2426 1899 tui
2465 1857 2513 1900 et
2546 1847 2747 1901 matris.
2782 1845 3069 1902 Praevaluit
3109 1863 3267 1918 super
3296 1848 3449 1903 bene-

1846 1940 2092 1997 dictiones
2140 1940 2395 1994 montium
2443 1940 2793 2008 manentium,
2837 1951 2884 1995 et
2932 1940 3189 1995 desideria
3235 1941 3447 2001 collium

1842 2043 2154 2089 internarum
2183 2034 2201 2104 (
2228 2031 2356 2088 Gen.
2384 2049 2530 2099 χιιι,
2562 2033 2631 2088 22
2658 2042 2707 2091 et
2731 2051 2836 2104 seq.
2864 2033 2882 2104 )
2906 2076 2921 2101 ,
2949 2043 3005 2089 et
3034 2034 3085 2089 in
3114 2034 3447 2091 Deuteronm

1844 2128 1954 2184 ntio
1976 2144 1989 2181 :
2016 2128 2114 2194 Qui
2131 2128 2266 2182 visus
2282 2143 2357 2192 es,
2384 2125 2643 2195 inquit,in
2664 2129 2814 2193 rubo,
2836 2138 2890 2181 ut
2921 2130 3093 2183 venias
3117 2143 3270 2199 super
3289 2139 3445 2199 caput

1841 2218 2073 2289 Joseplt,
2125 2227 2170 2281 et
2201 2234 2357 2291 super
2385 2219 2624 2275 verticeni
2681 2220 2867 2291 ipsius.
2920 2217 3260 2291 Honori/Eous
3310 2222 3445 2276 inter

1842 2313 2075 2383 fratres:
2131 2311 2420 2381 primitiuus
2470 2311 2608 2367 tauri
2646 2310 2802 2369 decus
2832 2311 2980 2379 ejus,
3016 2327 3214 2367 cornua
3234 2314 3443 2368 unicor-

1840 2403 1932 2457 nui
1965 2418 2163 2459 cornua
2189 2402 2371 2474 ipsius.
2407 2400 2474 2463 In
2497 2403 2663 2472 ipsius
2685 2418 2851 2457 cornu
2879 2413 3051 2473 gentes
3076 2404 3339 2463 ventilabit
3372 2407 3446 2459 si-

1840 2495 1948 2549 mul
1993 2511 2153 2569 usque
2180 2494 2249 2557 ad
2293 2505 2573 2550 extremum
2613 2504 2784 2555 terrae.
2837 2504 2861 2543 ε
2891 2493 3005 2563 Ipsi
3052 2497 3225 2550 decem
3266 2496 3435 2551 millia

1843 2586 2164 2656 Ephrazm,et
2187 2586 2286 2658 ipsi
2299 2584 3159 2656 milltaManasses(Deut.xxxttt,l
3171 2588 3203 2642 6
3216 2597 3261 2643 et
3276 2604 3379 2657 seq.
3392 2587 3432 2659 ).

2327 2678 2432 2751 91
2487 2676 2718 2734 CAPUT
2782 2678 2949 2734 xvu.
3398 2716 3522 2765 ..ἢ

1843 2772 1985 2842 Quas
2023 2774 2241 2835 uirtutes
2278 2773 2333 2827 in
2375 2789 2433 2827 eo
2474 2789 2624 2845 quem
2673 2773 3042 2839 consulamus,
3076 2773 3243 2829 inesse
3283 2789 3439 2846 apor-

1910 2875 2049 2923 teat:
2080 2875 2127 2920 et
2156 2882 2258 2937 qua
2302 2864 2504 2921 ratione
2532 2865 2714 2920 iisdem
2758 2864 2956 2935 Joseplt
2993 2882 3053 2921 ac
3098 2863 3302 2922 Paulus
3344 2884 3431 2922 or-

1910 2960 2018 3014 nati
2045 2958 2279 3029 fuerint?

1906 3051 1997 3108 86.
2029 3050 2179 3107 Talis
2219 3051 2400 3120 itaque
2448 3049 2612 3105 debet
2650 3065 2773 3107 esse
2811 3051 2898 3121 qui
2932 3050 3220 3107 consilium
3276 3051 3434 3109 alteri

161 3145 520 3202 moliebantur:
562 3156 626 3202 et
668 3147 852 3203 visum
903 3158 988 3204 est
1033 3151 1177 3222 quod
1225 3151 1374 3209 lanas
1427 3160 1484 3208 et
1534 3154 1728 3213 uberes
1757 3140 1803 3204 C
1835 3144 1961 3212 det,
1996 3154 2054 3200 ut
2082 3144 2339 3214 seipsum
2364 3143 2593 3201 formam
2621 3144 2740 3200 aliis
2772 3144 3015 3214 praebeat
3034 3144 3097 3200 ad
3123 3147 3431 3217 exemplum

158 3238 305 3307 spicas
328 3239 543 3297 steriles
565 3239 740 3308 spicae
768 3249 825 3297 et
846 3249 1040 3299 tenues
1064 3242 1485 3301 devoraverunt.

214 3329 290 3386 85.
319 3331 426 3395 Hoc
465 3332 751 3393 somnium
784 3333 855 3393 ita
883 3336 1100 3407 spernit
1127 3345 1350 3397 sanctus
1389 3336 1627 3409 Josuph,
1660 3354 1727 3395 eo

160 3422 273 3490 quod
298 3433 496 3497 septem
513 3425 774 3496 iuvenca:
792 3434 1003 3501 septem
1037 3427 1164 3484 anni
1186 3427 1390 3496 forent,
1423 3439 1479 3486 et
1514 3441 1724 3501 septem

158 3514 292 3580 spica:
314 3516 565 3574 similiter
595 3526 818 3587 septem
843 3518 967 3576 anni
994 3517 1207 3584 forent,
1240 3536 1304 3579 ex
1335 3519 1444 3577 fetu
1471 3534 1526 3580 et
1549 3524 1728 3582 fructu

158 3602 503 3673 interpretatus
540 3619 816 3680 tempore.
850 3608 1014 3667 Fetus
1060 3612 1206 3669 enim
1233 3611 1483 3685 juveuca:
1525 3632 1724 3675 annum

159 3699 393 3768 exprimit,
440 3711 493 3757 et
523 3702 741 3761 fructus
761 3703 964 3772 segetis
985 3718 1186 3761 annum
1223 3718 1564 3764 consummat
1589 3708 1729 3766 inte-

158 3802 299 3856 grum.
319 3792 442 3859 Qum
464 3794 594 3855 ideo
622 3794 994 3853 ascendebant
1013 3795 1081 3850 de
1110 3795 1369 3865 flumine,
1396 3800 1539 3868 quod
1572 3799 1722 3871 dies,

164 3883 279 3948 anni,
296 3900 353 3938 ac
374 3897 621 3956 tempora
653 3885 934 3947 fluminum
956 3896 1287 3958 praetereunt
1311 3888 1495 3955 modo,
1531 3900 1586 3946 et
1603 3907 1723 3947 cur.

160 3973 238 4028 sim
257 3976 508 4037 labuntur.
530 3983 731 4041 Annos
748 3978 932 4051 itaque
952 3991 1159 4053 septem
1176 3983 1387 4053 priores
1406 3983 1592 4039 uberis
1614 3993 1726 4041 ter—

158 4079 215 4118 rze
239 4068 421 4143 fertiles
455 4086 522 4129 ac
542 4071 817 4137 fecundos
843 4071 1088 4129 declarat
1112 4072 1355 4129 futuros:
1388 4075 1725 4145 posteriores

158 4164 305 4217 autem
329 4161 457 4217 alios
486 4173 705 4233 septem
728 4178 903 4219 annos
940 4163 1159 4221 steriles
1182 4177 1346 4235 atque
1381 4163 1719 4234 infecundas,

156 4262 345 4316 quorum
368 4255 628 4313 sterilitas
656 4254 1011 4327 absumptura
1048 4255 1191 4317 foret
1224 4257 1527 4315 ubertatem
1560 4274 1725 4330 supe-

155 4338 341 4399 riorum.
355 4345 464 4415 Qua
477 4347 655 4418 gratia
672 4348 1108 4419 prospiciendum
1128 4349 1495 4419 admonuit,ut
1510 4352 1723 4409 uberio-

153 4430 275 4489 ribus
300 4438 445 4495 annis
472 4449 903 4513 congregaretur
927 4441 1229 4499 subsidium
1261 4442 1678 4503 frumentarium
1700 4488 1717 4516 ,

1831 3236 2098 3295 bonorum
2119 3252 2373 3309 operum,
2390 3238 2440 3293 iu
2465 3237 2733 3304 doctrina,
2766 3238 2818 3293 in
2843 3240 3169 3309 integritate,
3191 3241 3243 3295 in
3257 3244 3434 3312 gravi-

1832 3341 1972 3399 tate;
1992 3342 2050 3389 ut
2067 3333 2136 3391 sit
2156 3335 2273 3402 ejus
2289 3348 2470 3388 sermo
2487 3333 2721 3390 salubris
2734 3343 2896 3404 atque
2910 3334 3431 3403 irrepreheusibilis,

1829 3425 2117 3483 consilium
2148 3425 2312 3492 utile,
2346 3426 2452 3481 vita
2483 3426 2708 3482 honesta
2728 3468 2742 3492 ,
2766 3427 3034 3482 sententia
3066 3425 3283 3482 decora.
3366 3494 3495 3509 HW

1901 3518 1992 3574 87.
2027 3518 2172 3573 Talis
2205 3529 2323 3574 erat
2351 3518 2583 3585 Paulus,
2617 3519 2706 3590 qui
2751 3519 3040 3575 consilium
3069 3518 3232 3574 dabat
3264 3520 3429 3590 virgi-

1830 3611 1988 3669 nibus
2015 3609 2071 3683 (l
2096 3610 2218 3666 Cor.
2263 3627 2358 3675 vn,
2387 3611 2458 3667 25
2502 3623 2549 3667 et
2578 3615 2736 3683 seq.),
2767 3612 3140 3683 magisterium
3174 3611 3427 3666 sacerdo-

1831 3704 1973 3761 tibus
2004 3702 2139 3777 (Tit.
2174 3719 2233 3771 tt,
2269 3703 2358 3775 7),
2388 3714 2446 3760 ut
2476 3706 2705 3775 primum
2738 3720 2798 3761 se
2828 3706 3004 3775 ipsum
3054 3705 3280 3759 formam
3331 3720 3427 3758 no-

1827 3796 1914 3856 bis
1944 3796 2209 3865 prmheret
2255 3796 2321 3853 ad
2357 3796 2695 3853 imitandum.
2726 3796 2853 3852 Ideo
2880 3806 2934 3852 et
2970 3795 3239 3850 humiliari
3292 3797 3430 3851 scie-

1830 3889 1950 3956 bat,
1983 3889 2123 3944 sicut
2148 3887 2311 3944 scivit
2335 3898 2389 3943 et
2409 3888 2631 3957 Joseph,
2653 3889 2744 3957 qui
2768 3902 2981 3943 summo
3005 3895 3162 3942 ortus
3195 3887 3426 3956 patriar-

1827 3978 2050 4035 charum
2095 3992 2330 4046 genere,
2364 3991 2468 4032 non
2518 3977 2838 4047 dedignatus
2886 3977 3209 4047 degenerem
3248 3979 3426 4034 servi-

1830 4081 2030 4137 tutem,
2062 4069 2352 4129 exhibebat
2392 4084 2513 4125 eam
2561 4070 2868 4140 obsequiis,
2904 4071 3208 4126 illustrabat
3255 4074 3427 4126 virtu-

1830 4167 1993 4222 tibus.
2024 4163 2195 4221 Scivit
2215 4162 2519 4230 humiliari,
2550 4164 2642 4232 qui
2671 4173 2725 4218 et
2753 4162 3093 4219 venditorem
3126 4174 3180 4219 et
3215 4175 3428 4235 empto-

1828 4274 1943 4316 rem
1972 4273 2167 4329 passus
2193 4266 2273 4315 est
2298 4297 2311 4322 ,
2342 4266 2398 4313 et
2437 4255 2718 4313 dominum
2755 4257 3065 4328 appellabat
3106 4274 3252 4315 eum.
3286 4259 3427 4317 Audi

1829 4350 2204 4409 bttmiliantcm
2257 4366 2351 4407 se:
2412 4349 2474 4406 Si
2526 4348 2779 4405 Dominus
2829 4367 2972 4408 meus
3019 4348 3047 4388 h
3096 4364 3304 4425 propter
3347 4371 3428 4410 me

1828 4445 1960 4501 nihil
1999 4447 2096 4501 scit
2136 4446 2192 4501 in
2223 4445 2376 4501 domo
2408 4460 2535 4512 sua,
2566 4453 2614 4500 et
2644 4446 2818 4501 omnia
2858 4461 3192 4515 quaecumque
3231 4444 3424 4511 habet,

154 4525 269 4593 quod
291 4540 593 4589 suStentare
609 4541 797 4605 posset
820 4532 1058 4602 inapiam
1082 4533 1275 4591 futurae
1294 4534 1722 4595 infecunditatis.
1751 4530 1807 4597 D
1831 4537 1975 4592 dedit
2002 4539 2057 4594 in
2079 4554 2260 4594 manus
2279 4552 2444 4603 meas,
2477 4554 2639 4609 neque
2667 4538 2982 4594 subtractum
3009 4546 3083 4592 est
3106 4555 3136 4590 α
3167 4554 3247 4591 me
3274 4539 3428 4605 quid—

209 4614 284 4683 84.
308 4620 439 4692 Quid
475 4626 717 4697 primum
756 4625 966 4687 mirer?
994 4626 1276 4700 Ingenium
1304 4645 1414 4700 quo
1458 4631 1509 4691 in
1540 4633 1722 4707 ipsum

210 4823 363 4914 :Cic.
537 4847 577 4887 tt
604 4829 764 4889 Offic.
792 4872 808 4895 ,
830 4847 953 4905 pag.
985 4832 1094 4893 586
1115 4875 1131 4902 ,
1158 4834 1255 4891 lin.
1282 4834 1354 4891 53
1387 4852 1400 4890 :
1461 4834 1507 4891 0
1547 4836 1714 4892 uirum

154 4907 357 4965 magnum
372 4942 387 4966 ,
410 4902 727 4974 dignumque
742 4946 755 4968 ,
778 4902 886 4958 etc.
912 4902 926 4904 “

208 4964 231 5007 δ
404 4973 654 5028 nonnulli
680 5014 696 5037 ,
716 4974 1005 5045 portionem
1034 4976 1334 5031 eollatiuam
1354 4978 1554 5032 statuit.

209 5047 230 5119 ξ
260 5036 377 5119 θείς.
409 5058 515 5119 non
547 5036 741 5119 pauci,
768 5062 830 5098 ac
847 5048 1036 5119 jejuno
1057 5064 1298 5116 corpore.

205 5105 229 5189 ξ
259 5107 376 5189 ξμς.
406 5105 651 5189 aliqu-ot,
679 5105 744 5189 de
771 5105 922 5171 terra?
941 5105 1220 5189 surgebant
1247 5121 1389 5174 sinu.

197 5186 230 5257 ξ
258 5179 457 5238 Thoen.
480 5179 543 5261 et
562 5186 655 5240 alii
683 5187 889 5256 aliqum
910 5179 1067 5250 tussi.
1096 5201 1356 5260 corrupta
1376 5207 1438 5244 ac
1461 5192 1708 5261 madidae;

153 5246 340 5376 manu
379 5259 572 5325 pauci,
597 5246 858 5328 corrupta:
895 5276 957 5314 ac
982 5246 1231 5331 mucidus,
1254 5246 1416 5333 'quod
1462 5278 1571 5318 non
1599 5246 1711 5320 dis;

156 5328 304 5381 pacet.
1218 5328 1225 5331 ⁷
1292 5328 1308 5333 ⁷

156 5385 511 5486 “Lib-ﬁdae
542 5400 913 5486 testimonia}
938 5400 1136 5486 Genesi
1179 5403 1719 5486 aeHDeut'eronomio

154 5460 289 5523 Nlo
329 5464 485 5525 aliter
533 5470 771 5525 citantur
813 5472 907 5527 lib.
957 5473 1026 5529 de
1079 5474 1360 5530 Benedict.
1410 5474 1720 5533 Patriareh.

156 5540 253 5612 ἕψε
276 5533 359 5601 il,
399 5540 652 5612 nam,“
676 5551 732 5595 et
769 5543 861 5599 55.
904 5543 1053 5601 Satis
1084 5554 1270 5602 autem
1303 5548 1405 5601 hoc
1436 5547 1556 5602 loco
1585 5563 1723 5601 con-

507 5609 641 5666 edit.
688 5627 814 5684 cum
849 5630 980 5670 mss.
1027 5616 1133 5671 nisi
1168 5617 1315 5684 quod
1347 5617 1552 5672 habent
1580 5618 1723 5684 illae,

502 5696 697 5764 lusus,
723 5683 866 5764 ﬁlius
899 5669 1043 5764 mons
1072 5669 1477 5764 adolescentior.
1493 5669 1731 5757 Vidit—tinet

161 5745 275 5799 te...
290 5745 615 5811 et'benedieat
636 5745 753 5813 te};
798 5745 853 5814 in
876 5757 1026 5827 rubo,
1044 5759 1215 5818 veniat
1243 5775 1400 5833 super
1418 5745 1603 5838 caput;
1622 5769 1729 5827 θιοε

1825 4645 1981 4699 quam
2030 4640 2219 4699 prwter
2276 4638 2356 4696 te,
2389 4630 2510 4698 quia
2547 4646 2680 4683 uror
2720 4629 2865 4686 illius
2915 4645 3001 4695 es;
3050 4630 3306 4699 quomodo
3346 4632 3426 4701 fa-

1820 4836 1926 4893 Sed
1955 4850 2050 4891 eas
2070 4835 2365 4890 varietates
2387 4834 2529 4889 sicut
2549 4845 2602 4889 et
2620 4850 2755 4904 quas
2781 4834 2989 4889 addidit
3011 4834 3145 4890 edit.
3172 4836 3332 4891 Rom.
3358 4838 3426 4892 ad

1819 4910 2056 4977 scriptos
2084 4907 2210 4977 cod.
2235 4916 2289 4958 et
2324 4906 2561 4977 tt’taxiute
2588 4908 2655 4959 ad
2687 4906 2898 4959 Thuan.
2924 4907 3329 4977 castigavimus.

1893 4974 2121 5031 s'Ront.
2149 4975 2282 5047 edit.
2318 4976 2434 5029 sola
2456 5016 2471 5039 ,
2506 4974 2536 5028 Ι
2541 4992 2630 5046 pse
2653 4976 2827 5029 decem
2856 4977 3023 5031 millia
3058 4976 3351 5047 Ephraim,
3380 4991 3429 5035 et

1820 5050 1932 5116 ipse
1972 5048 2138 5103 millia
2172 5045 2463 5100 Manasses.
2492 5045 2561 5100 At
2593 5062 2784 5101 omnes
2810 5049 2963 5114 alim,
2993 5062 3057 5102 ac
3087 5045 3217 5101 mss.
3248 5052 3431 5105 uobis-

1818 5135 1941 5175 cum
1972 5118 2174 5173 faciunt
2200 5135 2214 5180 ;
2248 5116 2446 5187 quibus
2474 5117 2634 5188 etiam
2672 5119 2959 5188 hebraicus
2990 5128 3167 5173 textus
3195 5127 3432 5188 patroci-

1819 5204 1999 5269 natur;
2030 5185 2341 5269 LXX_ver0
2372 5187 2697 5255 pra-ferunt:
2725 5185 2887 5269 Αᾷται
2924 5190 3172 5269 popinae;
3192 5185 3428 5269 Ἐφραὶμ,

1819 5266 1902 5319 καὶ
1930 5259 2091 5318 αὗται
2122 5258 2358 5333 χιλιάδες
2386 5268 2670 5322 Μανασσῆς
2694 5270 2749 5314 et
2771 5259 2855 5315 his
2903 5258 3170 5317 accedunt
3203 5258 3434 5335 reliqum

1817 5349 2121 5389 νενειηιιεε.

1894 5402 1925 5442 ιι
1965 5404 2111 5459 Edit.
2141 5411 2254 5474 vet.
2294 5408 2351 5457 et
2378 5401 2625 5472 quaedam
2656 5403 2854 5463 Paris'..
2885 5416 3009 5457 cum
3045 5408 3230 5474 paucis
3272 5422 3433 5474 mss.,

1826 5487 2019 5547 prater
2038 5492 2118 5529 me
2146 5473 2282 5528 nihil
2308 5476 2501 5547 scit,.._.
2536 5490 2650 5541 qua!
2678 5491 2810 5527 uxor
2835 5474 2980 5547 illius
3018 5493 3088 5530 es.
3121 5478 3280 5533 Rom.
3314 5473 3437 5536 cum

1829 5545 2027 5619 potiori
2051 5554 2203 5619 parte
2229 5559 2358 5599 mss.
2384 5553 2444 5599 ut
2469 5545 2520 5619 in
2546 5552 2728 5606 textu;
2753 5557 2799 5619 et
2827 5546 3045 5619 quidem
3074 5552 3440 5614 commodius,

1832 5615 1953 5697 cum
1987 5616 2347 5697 idreddatur.
2367 5615 2517 5697 quod
2547 5615 2798 5697 est‘apud
2826 5617 2993 5697 LXX,
3019 5622 3077 5676 ού
3108 5625 3347 5697 γινώσκει
3374 5621 3441 5687 δι’

1838 5692 1928 5767 iui
1949 5688 2178 5751 casu...
2212 5686 2295 5745 διὸ
2321 5688 2381 5744 τό
2403 5706 2463 5743 σε
2485 5695 2705 5769 γυναῖκα
2734 5690 2890 5747 αὐτοῦ
2914 5687 3058 5759 εἶναι.
