4030 6188
537 246 644 304 127

1932 236 2186 298 SANCTI'
2216 238 2545 296 AMBROSI!

3734 235 3836 294 128

533 344 670 416 ciam
697 360 904 414 verbum
943 357 1137 412 malum
1165 358 1260 413 hoc
1281 399 1296 426 ,
1331 368 1379 412 et
1416 357 1638 428 peccabo
1680 372 1854 411 coram
1903 355 2125 411 Domino
2153 361 2207 420 Α
2233 357 2342 412 bat.
2379 356 2599 412 Sciebat
2629 355 2940 425 abundare,
2973 357 3065 428 qui
3102 370 3208 412 non
3237 355 3515 427 quierebat
3544 355 3739 412 datum
3781 356 3836 410 in

546 455 713 527 (Gen.
743 469 929 519 xxxnx,
961 451 994 506 8
1020 463 1067 506 et
1095 451 1264 524 seq.)?
1296 453 1458 508 Plena
1481 468 1582 505 vox
1611 451 1955 515 humilitatis,
1982 451 2136 520 plena

540 545 914 603 castimonim:
965 545 1284 600 humilitatis
1305 587 1320 611 ,
1353 549 1476 616 quia
1515 545 1737 600 domino
1769 555 1794 582 α
1825 544 2134 610 deferebat;

541 637 972 694 honoriﬁcentia:
995 679 1009 703 ,
1044 639 1167 708 quia
1213 637 1492 693 referebat
1519 640 1782 708 gratiam:
1816 637 1970 705 plena
2001 652 2138 706 quo-

542 747 650 803 que
701 731 1078 796 castimonize,
1147 732 1271 802 quia
1326 732 1468 801 turpi
1521 731 1726 802 ﬂagitio
1783 729 2138 785 contaminari

542 837 710 894 grave
738 831 1018 889 peccatum
1051 824 1292 891 putabat.

551 905 707 974 88.
749 916 896 971 Talis
927 916 1088 986 igitur
1119 916 1278 971 debet
1319 899 1440 972 esse
1470 915 1843 982 consiliarius,
1885 915 1973 984 qui
2009 912 2140 968 nihil

545 1010 869 1066 nebulosum
912 1009 1105 1063 habeat
1128 1050 1142 1074 ,
1175 1008 1201 1046 ι’
1233 1008 1363 1062 nihil
1409 1007 1600 1072 fallax,
1630 1007 1764 1060 nihil
1796 1007 2104 1060 simulatum
2127 1046 2141 1070 ,

551 1100 694 1172 quod
735 1101 904 1155 vitam
936 1101 1056 1170 ejus
1084 1116 1147 1154 ac
1177 1115 1360 1155 mores
1384 1099 1628 1166 refellat;
1660 1099 1792 1153 nihil
1837 1099 2143 1168 improbum

547 1211 613 1250 ac
635 1194 958 1249 malevolum
977 1235 990 1258 ,
1024 1194 1165 1264 quod
1194 1203 1406 1248 avertat
1427 1194 1795 1250 consulentes.
1823 1203 1845 1231 ο
1876 1193 1993 1248 Alia
2021 1201 2147 1246 sunt

551 1290 698 1346 enim
728 1305 848 1360 qua:
877 1287 1176 1359 fugiuntur,
1219 1288 1319 1342 alia
1352 1303 1472 1358 quae
1511 1296 1955 1342 contemnuntur.
1989 1285 2149 1355 Fugi-

546 1398 665 1438 mus
696 1398 758 1437 ea
790 1399 908 1453 qua:
957 1391 1180 1451 possunt
1211 1396 1435 1446 nocere,
1466 1396 1586 1450 quae
1619 1379 1890 1433 malitiose
1921 1386 2148 1446 possunt

548 1477 600 1530 in
635 1491 830 1529 noxam
863 1490 1116 1544 serpere;
1149 1482 1204 1528 ut
1244 1477 1288 1528 si
1321 1473 1364 1528 is
1393 1473 1484 1542 qui
1515 1472 1839 1537 consulitur,
1872 1471 2039 1525 dubia
2079 1472 2151 1525 sit

550 1568 657 1623 [ide
677 1610 690 1634 ,
721 1576 777 1622 et
806 1567 1050 1637 pecuniae
1076 1566 1266 1621 avidus
1287 1608 1300 1632 ,
1335 1574 1396 1620 ut
1427 1568 1599 1636 possit
1623 1565 1797 1636 pretio
1844 1563 2070 1617 mutari:
2103 1564 2149 1618 si

552 1663 866 1734 injuriosus,
900 1661 987 1718 hic
1017 1662 1218 1732 fugitur
1243 1677 1306 1716 ac
1338 1661 1660 1715 declinatur.
1692 1659 1792 1727 Qui
1821 1674 1948 1713 vero
1964 1659 2152 1726 volui;-

2243 453 2469 522 pecunia
2492 494 2506 518 ,
2553 452 2650 507 sed
2697 452 3009 522 requirebat
3043 451 3275 507 lrucmm
3319 453 3370 506 in
3401 453 3600 522 gratia.
3637 451 3840 506 Possu-

2243 562 2361 600 mus
2401 555 2456 600 et
2493 545 2572 600 sic
2605 545 2942 615 intelligere,
2975 547 3098 610 quia
3144 545 3356 601 sciebat
3393 545 3675 600 abundare
3698 585 3714 608 ,
3747 545 3838 614 qui

2245 648 2456 710 poterat
2481 639 2700 694 dicere:
2731 638 2801 692 0s
2826 650 3056 694 nostrum
3090 650 3226 710 patet
3253 640 3322 693 ad
3349 655 3464 708 vos,
3497 656 3527 695 ο
3557 638 3838 705 Corinthii,

2244 746 2331 784 cor
2360 740 2588 784 nostrum
2617 730 2892 784 dilatatam
2917 741 2989 784 est
3014 730 3090 803 (Il
3115 729 3234 786 Cor.
3271 747 3356 796 vt,
3391 732 3516 803 11).

2315 823 2405 879 92.
2445 824 2502 878 ιιι
2535 823 2788 878 omnibus
2820 833 2938 878 erat
2973 823 3247 889 imbutus,
3276 833 3332 879 et
3358 823 3595 878 saturari
3626 833 3683 878 et
3713 836 3844 878 esu-

2245 916 2377 971 rire.
2421 916 2619 972 Beatus
2668 918 2760 986 qui
2805 917 3010 972 sciebat
3056 918 3292 972 saturari
3334 919 3385 972 in
3434 917 3675 972 Christo.
3723 917 3845 972 Non

2246 1025 2376 1080 ergo
2403 1010 2491 1064 illa
2509 1010 2838 1080 corporalis,
2865 1011 2960 1065 sed
2985 1011 3285 1080 Spiritualis
3307 1020 3393 1066 est
3413 1011 3657 1075 satietas,
3678 1024 3846 1080 quam

2247 1112 2504 1171 operatur
2533 1102 2786 1156 scientia.
2823 1101 2888 1156 Et
2918 1102 3112 1156 merito
3144 1102 3372 1156 scientia
3407 1116 3544 1172 opus
3569 1110 3689 1166 est;
3720 1099 3848 1171 quia

2251 1212 2353 1249 non
2392 1197 2446 1250 in
2476 1213 2608 1266 pane
2647 1198 2756 1250 solo
2806 1196 2925 1249 vivit
2970 1197 3117 1250 homo
3140 1237 3154 1262 ,
3197 1196 3289 1250 sed
3318 1197 3370 1248 in
3401 1195 3541 1248 omni
3569 1194 3723 1248 verbo
3753 1193 3852 1248 Dei

2252 1286 2451 1357 (Deut.
2503 1303 2614 1352 \‘lll,
2643 1289 2729 1359 5).
2762 1287 2904 1358 Ergo
2932 1289 3019 1358 qui
3053 1289 3131 1342 sic
3158 1287 3367 1342 sciebat
3407 1286 3646 1342 saturari
3685 1297 3742 1340 et
3773 1293 3854 1342 sic

2253 1381 2492 1446 esurire,
2517 1379 2722 1434 sciebat
2751 1389 2807 1434 ut
2830 1395 3052 1449 semper
3079 1395 3218 1434 nova
3250 1387 3542 1449 quaereret,
3569 1385 3590 1411 '
3617 1378 3855 1433 esuriret

2255 1473 2461 1537 Deum,
2509 1474 2682 1526 sitiret
2733 1473 2786 1526 in
2843 1474 3153 1527 Dominum.
3211 1473 3429 1528 Sciebat
3475 1471 3729 1535 esurire,
3763 1471 3857 1541 qui

2254 1564 2464 1618 sciebat
2493 1565 2613 1634 quia
2641 1565 2943 1619 esurientes
2968 1564 3374 1619 mandueabunt
3401 1563 3625 1634 (Matth.
3659 1579 3714 1627 v,
3744 1561 3854 1632 6):

2257 1656 2462 1711 sciebat
2499 1667 2554 1710 et
2593 1664 2809 1726 poterat
2837 1657 3152 1723 abundare,
3199 1657 3290 1726 qui
3337 1655 3472 1710 nihil
3502 1654 3769 1722 habebat,
3803 1661 3863 1708 et

555 1754 799 1819 tuarius,
831 1754 1231 1823 intemperans,
1280 1753 1382 1808 etsi
1415 1751 1624 1806 alienus
1654 1766 1681 1803 a
1712 1750 1934 1813 fraude;
1971 1758 2149 1802 tamen
2179 1751 2229 1811 B
2258 1748 2570 1819 possidebat
2611 1751 2791 1804 omnia
2824 1749 2908 1822 (ll
2935 1749 3054 1805 Cor.
3090 1765 3163 1815 vt,
3199 1749 3324 1820 10).

550 1859 750 1900 avarus
795 1853 851 1899 et
889 1845 1140 1913 cupidior
1169 1845 1305 1898 lucri
1360 1841 1569 1912 turpis,
1623 1841 1712 1895 hic
1760 1841 2151 1897 contemnitur.

551 1938 708 2008 Quod
749 1938 896 1994 enim
947 1939 1225 2008 specimen
1260 1937 1573 2002 industriae,
1609 1951 1771 2005 quem
1814 1935 2044 1990 fructum
2077 1936 2156 1990 la-

469 2103 472 2106 _
553 2029 702 2084 boris
729 2028 894 2083 edere
935 2038 1148 2097 potest,
1182 2043 1344 2098 quam
1377 2028 1623 2096 recipere
1654 2027 1837 2080 animo
1875 2041 2060 2080 curam
2093 2041 2156 2081 ac

461 2173 464 2176 .
553 2119 1012 2186 sollicitudinem,
1042 2120 1135 2190 qui
1163 2135 1221 2175 se
1243 2121 1452 2190 torpori
1475 2119 1689 2174 dederit
1717 2129 1876 2188 atque
1903 2117 2156 2188 ignaviae?

627 2210 717 2267 89.
749 2211 877 2267 ldeo
909 2212 1036 2266 boni
1067 2212 1152 2266 vir
1197 2211 1413 2267 consilii
1440 2210 1608 2266 dicit:
1643 2209 1756 2282 Ego
1784 2211 1918 2264 enim
1960 2210 2151 2276 didici,

555 2305 611 2357 in
649 2305 832 2372 quibus
874 2321 1022 2371 sum,
1063 2305 1333 2374 sufﬁciens
1374 2321 1482 2359 esse
1511 2303 1695 2376 (Phil.
1729 2318 1807 2371 Iv,
1843 2303 1966 2373 ll).
2009 2303 2158 2357 Scie-

559 2396 652 2451 bat
677 2397 824 2453 enim
857 2399 1098 2452 omnium
1125 2398 1394 2452 malorum
1423 2397 1661 2452 radicem
1687 2411 1809 2451 esse
1847 2396 2155 2461 avaritiam,

557 2501 610 2546 et
639 2491 763 2547 ideo
791 2506 892 2547 suo
921 2501 1212 2548 contentus
1241 2503 1388 2553 erat.
1421 2492 1660 2546 alienum
1701 2505 1807 2544 non
1845 2490 2160 2559 requirebat

569 2588 622 2658 (l
653 2586 787 2640 Tim.
819 2603 895 2650 v1.
934 2589 1057 2658 10).
1083 2590 1227 2644 Satis
1256 2589 1393 2642 mibi
1424 2597 1528 2654 est,
1563 2588 1756 2658 inquit,
1777 2588 1920 2656 quod
1949 2587 2156 2653 habeo;

560 2681 675 2733 sive
708 2693 920 2747 parum,
942 2680 1057 2732 sive
1088 2679 1378 2748 plurimum
1412 2679 1672 2744 habeam,
1699 2679 1832 2732 mihi
1861 2678 2159 2748 plurimum

561 2780 664 2826 est.
699 2771 1026 2838 Expressius
1075 2771 1280 2840 aliquid
1332 2772 1622 2825 dicendum
1669 2773 1903 2827 videtur.
1934 2771 2160 2842 Signato

561 2863 732 2916 verbo
765 2877 894 2916 usus
926 2870 1042 2916 est:
1070 2860 1098 2897 ά
1130 2861 1346 2918 Sufﬁcit
1377 2862 1540 2927 mihi,
1573 2863 1767 2933 inquit,
1797 2867 1847 2918 in
1877 2879 1984 2933 quo
2012 2881 2157 2929 sum;

563 2955 615 3008 id
644 2964 760 3019 est,
805 2968 907 3008 nec
939 2953 1123 3019 deest,
1167 2970 1264 3010 nec
1310 2954 1614 3024 superﬂuit.
1660 2955 1776 3010 Non
1808 2956 2002 3022 deest,
2034 2959 2159 3027 quia

564 3045 697 3100 nihil
729 3060 917 3114 quarro
964 3046 1233 3115 amplius:
1286 3061 1392 3102 non
1421 3046 1726 3116 superfluit,
1757 3047 1881 3117 quia
1916 3063 2024 3101 non
2064 3062 2157 3103 so-

563 3138 674 3192 lmn
709 3137 838 3191 mihi
865 3138 1062 3204 habeo,
1092 3139 1187 3194 sed
1217 3139 1483 3208 pluribus.
1515 3140 1630 3194 lloc
1661 3140 1728 3194 de
1761 3142 2011 3209 pecunia.

634 3229 743 3299 92
783 3227 873 3282 90.
924 3229 1198 3284 Cmterum
1243 3229 1310 3283 de
1347 3230 1602 3285 omnibus
1652 3231 1760 3284 dici
1810 3241 1991 3300 potest
2038 3232 2163 3298 quia

566 3318 912 3375 sufficiebant
954 3320 1035 3376 illi
1084 3323 1412 3390 prazsentia,
1449 3322 1551 3376 hoc
1582 3330 1697 3385 est,
1749 3339 1854 3376 non
1898 3323 2162 3378 honorem

565 3411 863 3479 majorem,
899 3426 1005 3466 non
1054 3413 1316 3481 obsequia
1349 3413 1602 3468 uberiora
1648 3413 2022 3478 desiderabat;
2059 3432 2165 3470 non

564 3501 754 3571 gloriae
803 3502 1112 3558 immodica:
1185 3505 1450 3570 cupidus,
1503 3514 1596 3558 aut
1647 3507 1876 3575 gratiam
1929 3507 2168 3561 indebite

563 3597 872 3666 quaerebat:
903 3597 998 3651 sed
1049 3597 1217 3652 debiti
1248 3598 1410 3653 tinem
1457 3599 1777 3654 certaminis
1800 3640 1816 3664 ,
1851 3601 2062 3670 patiens
2092 3602 2169 3655 la-

564 3689 742 3754 boris,
776 3703 1004 3744 securus
1049 3690 1230 3745 meriti
1274 3691 1726 3760 praestolabatur:
1763 3692 1920 3755 Srio,
1959 3695 2166 3763 inquit,

565 3790 613 3832 et
643 3779 908 3833 humiliari
939 3779 1121 3852 (Phil.
1153 3797 1227 3846 ιν,
1264 3780 1386 3852 12).
1415 3781 1531 3836 Νοιι
1574 3798 1704 3852 ergo
1741 3782 1959 3837 indocta
1991 3783 2171 3839 humi-

567 3871 729 3938 litas,
758 3871 855 3926 sed
888 3889 1008 3942 qua:
1044 3873 1244 3928 babeat
1293 3874 1374 3928 sui
1407 3873 1730 3929 modestiam
1763 3884 1819 3929 et
1847 3876 2130 3930 scientiam
2153 3918 2168 3944 ,

565 3964 711 4018 laudi
742 3965 924 4019 datur.
956 3966 1052 4020 Est
1090 3969 1234 4022 enim
1267 3967 1550 4021 humilitas
1575 3967 1887 4022 formidinis
1909 4012 1922 4036 ,
1958 3979 2041 4023 est
2072 3970 2172 4024 im-

567 4057 778 4124 peritia:
818 4065 984 4126 atque
1021 4057 1374 4126 ignorantiae;
1405 4068 1461 4112 et
1499 4057 1620 4112 ideo
1654 4057 1934 4128 Scriptura
1964 4062 2069 4113 ait:
2101 4058 2170 4112 Et

567 4147 786 4201 humiles
815 4149 1004 4217 spiritu
1045 4149 1470 4220 salvabit(Psal.
1513 4166 1702 4216 χχχιιι,
1743 4152 1865 4222 19).
1898 4152 2169 4209 Praeclare

566 4251 698 4305 ergo
732 4237 903 4290 dixit:
939 4237 1062 4290 Scio
1105 4248 1153 4291 et
1179 4237 1477 4306 humiliari,
1511 4239 1562 4293 id
1602 4251 1718 4307 est,
1763 4256 1872 4310 quo
1912 4245 1966 4297 in
2011 4245 2166 4312 loco,

569 4343 676 4397 qua
705 4328 1111 4394 moderatione,
1139 4345 1248 4400 quo
1297 4331 1435 4394 line,
1464 4331 1518 4384 in
1563 4346 1671 4400 quo
1723 4332 1904 4387 ofticio
1930 4375 1944 4399 ,
1973 4334 2030 4389 in
2060 4352 2169 4407 quo

567 4434 819 4476 munere.
861 4419 1103 4475 Neseivit
1132 4421 1444 4477 Pbarisaeus
1482 4421 1792 4490 humiliari,
1823 4425 1945 4481 ideo
1987 4427 2171 4498 dejec-

2818 1840 3065 1905 CAPUT
3102 1840 3294 1896 XVIII.

2261 1931 2521 1997 Quantum
2569 1933 2734 2000 iniqui
2774 1935 3059 1988 consiliarii
3101 1935 3278 1988 damni
3318 1936 3585 2005 afferant,
3619 1932 3863 2004 exemplo

2330 2026 2503 2079 decem
2551 2027 2774 2081 tribuum
2823 2044 2854 2080 a
2901 2044 3019 2100 rege
3060 2025 3291 2083 Roboain
3335 2027 3724 2082 desciscentium
3775 2037 3862 2082 sat

2331 2120 2575 2190 intelligi.

2333 2215 2422 2270 95.
2459 2211 2687 2283 Egregie
2717 2213 2897 2282 itaque
2927 2212 3074 2268 viros
3111 2212 3271 2268 alicui
3298 2217 3319 2257 ι
3356 2211 3713 2280 ριωείἀθιιιθε
3743 2223 3868 2265 mu-

2262 2309 2380 2364 neri
2421 2306 2766 2362 commendat
2800 2306 3046 2375 justitia:
3078 2315 3270 2360 contra
3321 2305 3583 2376 iniquitas
3614 2305 3871 2360 destituit

2261 2413 2423 2472 atque
2460 2400 2762 2469 impugnat.
2811 2399 3077 2468 Exemplo
3110 2399 3270 2453 nobis
3308 2407 3394 2453 est
3421 2398 3706 2467 Scriptura
3737 2413 3869 2466 qua:

2262 2494 2393 2548 dicit
2423 2493 2546 2563 quia
2598 2508 2722 2546 cum
2771 2491 3006 2562 populus
3046 2491 3208 2545 Israel
3259 2498 3383 2560 post
3429 2498 3658 2545 mortem
3705 2488 3872 2544 Salo-

2261 2587 2440 2641 monis
2480 2593 2725 2654 rogasset
2775 2583 2941 2637 [ilium
2996 2583 3113 2652 ejus
3163 2582 3440 2649 Roboam,
3487 2593 3546 2636 ut
3593 2582 3871 2637 relevaret

2263 2679 2512 2734 cervices
2535 2693 2720 2733 eorum
2753 2693 2782 2731 a
2813 2679 3080 2733 servitute
3112 2677 3245 2732 dura
3268 2718 3284 2742 ,
3326 2688 3380 2731 et
3412 2677 3618 2747 paterni
3647 2677 3871 2746 imperii

2263 2783 2599 2843 temperaret
2625 2771 2998 2826 austeritatem
3020 2813 3033 2836 ,
3067 2771 3216 2826 illum
3241 2780 3428 2840 spreto
3450 2770 3608 2826 senili
3635 2772 3873 2826 consilio

2263 2865 2331 2921 de
2375 2867 2724 2935 suggestione
2782 2864 3217 2919 adolescentium
3274 2878 3598 2933 responsum
3645 2862 3874 2918 dedisse

2267 2959 2610 3028 hujusmodi,
2643 2959 2772 3029 quia
2823 2966 2878 3012 et
2927 2973 3066 3012 onus
3110 2957 3374 3026 adjiceret
3426 2971 3588 3026 super
3632 2955 3874 3025 patrium

2261 3052 2476 3122 jugum,
2527 3061 2582 3106 et
2643 3050 2848 3105 leviora
2895 3049 3236 3120 gravioribus
3300 3048 3582 3119 suppliciis
3629 3056 3877 3102 mutaret

2192 3135 2237 3198 C
2271 3143 2370 3216 (Ill
2416 3142 2543 3213 Reg.
2590 3159 2691 3208 xu,
2723 3144 2756 3198 4
2783 3153 2830 3195 et
2855 3140 3010 3212 seq.).

2337 3235 2428 3291 9i.
2453 3235 2571 3303 Quo
2599 3250 2860 3304 responso
2883 3234 3191 3304 exasperati
3223 3232 3621 3304 responderunt
3655 3231 3874 3302 populi:

2267 3327 2390 3381 Non
2418 3337 2491 3381 est
2523 3326 2668 3380 nobis
2707 3327 2881 3396 portio
2919 3343 3035 3379 cum
3065 3325 3266 3390 David,
3301 3340 3463 3394 neque
3506 3323 3785 3378 hereditas
3817 3325 3878 3378 in

2269 3425 2393 3494 ﬁliis
2421 3423 2587 3478 Iesse.
2624 3422 2895 3477 Revertere
2918 3421 3275 3491 unusquisque
3302 3421 3356 3473 in
3388 3419 3720 3472 tabernacula
3747 3428 3843 3471 tua
3863 3460 3879 3483 ,

2269 3517 2441 3570 Israel
2465 3514 2635 3587 (Ibid.
2665 3513 3112 3585 16);“quoniam
3140 3511 3228 3566 bic
3248 3511 3412 3566 homo
3441 3526 3614 3581 neque
3643 3512 3695 3564 in
3723 3510 3883 3579 prin-

2269 3609 2445 3677 cipem
2465 3648 2480 3672 ,
2510 3621 2687 3676 neque
2717 3609 2768 3660 in
2793 3606 2989 3660 ducem
3021 3605 3125 3660 erit
3148 3603 3327 3658 nobis.
3347 3603 3534 3672 Itaque
3561 3601 3813 3657 desertus
3847 3619 3878 3656 a

2271 3699 2469 3770 popqu
2511 3713 2574 3752 ac
2605 3697 2926 3763 destitutus,
2961 3696 3051 3751 vix
3094 3696 3322 3750 duarum
3371 3694 3607 3748 tribuum
3646 3703 3884 3765 propter

2271 3787 2442 3843 David
2471 3787 2725 3841 meritum
2768 3786 2971 3840 habere
3005 3787 3182 3856 potuit
3211 3786 3547 3840 societatem.

2794 3878 2903 3950 93
2943 3876 3172 3933 CAPUT
3210 3875 3355 3930 XIX.

2271 3973 2486 4028 Justitia
2513 3980 2559 4026 et
2590 3971 2938 4025 benevolentia
2977 3981 3026 4024 et
3056 3969 3361 4036 affabilitate
3387 3967 3640 4037 plurimos
3688 3968 3844 4020 conci
3863 3998 3881 4008 ο

2523 4065 2642 4118 liari
2674 4079 2692 4117 :
2721 4063 2811 4116 sed
2841 4062 2973 4115 hanc
2995 4063 3250 4115 sinceram
3280 4076 3389 4113 esse
3414 4059 3617 4113 debere.

2345 4155 2435 4210 95.
2477 4152 2660 4209 Claret
2678 4169 2807 4224 ergo
2829 4154 3084 4223 quoniam
3107 4162 3162 4205 et
3181 4148 3210 4186 ³³
3234 4150 3461 4219 :equitas
3485 4150 3712 4220 imperia
3743 4166 3886 4206 con-

2272 4246 2473 4314 ﬁrmet,
2503 4254 2556 4300 et
2586 4245 2846 4313 injustitia
2876 4242 3157 4295 dissolvat.
3189 4239 3325 4294 Nam
3355 4240 3635 4308 quomodo
3682 4251 3882 4310 potest

2273 4346 2478 4402 malitia
2511 4358 2734 4414 regnum
2768 4339 3071 4412 possidere,
3095 4354 3217 4409 qua:
3236 4351 3304 4392 ne
3324 4351 3486 4391 uuam
3515 4336 3735 4408 quidem
3768 4337 3891 4406 pri-

2275 4449 2453 4493 vatam
2476 4444 2656 4507 potest
2687 4449 2880 4505 regere
2910 4431 3216 4486 fan'iiliam?
3248 4430 3474 4487 Summa
3513 4431 3681 4500 igitur
3722 4431 3889 4485 beni-

569 4523 656 4568 tus
713 4523 844 4568 est:
904 4515 1061 4568 scivit
1115 4515 1468 4584 publicanus,
1529 4517 1654 4574 ideo
1705 4519 2034 4589 justifieatus
2081 4534 2159 4580 est

2276 4532 2475 4603 gnitate
2499 4544 2635 4598 opus
2662 4535 2767 4591 est,
2793 4537 2854 4581 ut
2876 4542 2982 4580 non
3009 4526 3186 4580 solum
3219 4523 3438 4591 publica
3477 4523 3884 4593 gubernacula,

569 4607 724 4679 (Luc.
761 4623 910 4674 xvnt,
946 4609 1007 4662 Η
1041 4618 1089 4663 et
1115 4609 1269 4683 seq).

639 4699 730 4755 9i.
780 4699 997 4755 Sciebat
1040 4711 1095 4756 et
1141 4702 1418 4759 abundare
1466 4704 1702 4772 Paulus,
1745 4707 1868 4777 quia
1924 4709 2165 4766 animum

571 4789 806 4847 habebat
837 4793 1096 4860 divitem;
1137 4796 1240 4851 etsi
1291 4797 1608 4853 thesaurum
1635 4797 1820 4854 divitis
1852 4817 1959 4856 non
1995 4804 2165 4860 habe-

643 4945 669 4974 ι
710 4936 783 4992 lla
815 4953 946 4992 mss.
970 4938 1161 5012 optimi
1184 4937 1382 5012 quique
1407 4952 1470 5012 ac
1500 4939 1939 5012 numerosissimi
1964 4957 1979 4996 :
2003 4943 2167 5012 aliqui

571 5018 754 5083 tamen
775 5021 828 5064 et
849 5019 1060 5065 cunctae
1082 5011 1239 5073 edit.,
1265 5009 1526 5079 deferebat
1556 5011 2023 5079 honoriﬁcentiam,
2047 5009 2171 5083 quia

570 5081 823 5152 referebat
847 5083 1086 5152 gratiam.

645 5150 916 5224 b770mn'es
955 5153 1112 5218 edit.,
1147 5152 1280 5206 nihil
1311 5151 1994 5224 fallax,rnihilfabulosum
2023 5172 2034 5207 :
2070 5156 2167 5211 sed

572 5223 704 5296 nihil
733 5223 1024 5296 fabulosum
1050 5228 1100 5277 in
1131 5239 1263 5278 mss.
1298 5226 1457 5294 longe
1481 5223 1725 5294 plurimis
1756 5238 1856 5278 nec
1887 5241 1994 5280 non
2025 5229 2169 5282 anti-

574 5294 855 5362 quissimis
884 5296 1336 5364 prmtermittitur.

653 5374 675 5402 ε
717 5364 831 5420 Cie.
873 5369 968 5422 lib.
1004 5384 1038 5422 ιι
1093 5367 1278 5434 Ollio,
1316 5382 1438 5437 pag.
1475 5365 1602 5430 379,
1637 5366 1731 5419 litt.
1759 5364 1826 5418 9:
1879 5365 2002 5420 Non
2035 5369 2171 5422 enim

577 5451 752 5489 omnes
782 5454 866 5491 eos
890 5449 1219 5492 contemnunt
1237 5482 1252 5506 ,
1273 5440 1336 5492 de
1361 5437 1543 5503 quibus
1569 5437 1704 5489 male
1725 5437 2041 5500 existimant,
2064 5452 2171 5495 etc.

647 5511 671 5544 α
718 5508 1080 5564 Vetustissimi
1109 5511 1234 5566 cod.
1264 5551 1278 5576 ,
1331 5509 1512 5579 Efﬁcit
1538 5507 1696 5570 mihi,
1727 5507 1888 5577 inquit
1915 5547 2029 5574 ,....
2053 5511 2176 5576 quia

577 5579 866 5650 efﬁciebant
892 5583 1018 5635 illis.

658 5656 680 5680 θ
718 5651 919 5707 Omnes
939 5654 1095 5717 edit.,
1120 5653 1317 5707 esurire
1335 5660 1382 5706 et
1402 5651 1547 5705 sitire
1567 5649 1864 5714 Dominum;
1885 5665 2016 5704 mss.
2042 5667 2178 5706 nun-

584 5721 741 5788 nulli,
760 5723 955 5778 esurire
980 5725 1161 5791 Deum,
1186 5727 1370 5791 sitiret,
1387 5731 1478 5779 aut
1497 5723 1643 5776 sitire
1666 5733 1710 5776 et
1734 5720 2014 5777 Dominum
2036 5739 2055 5788 ,-
2087 5723 2178 5778 alii

2274 4623 2371 4678 sed
2414 4622 2577 4676 etiam
2634 4621 2836 4690 privata
2884 4618 3002 4688 jura
3056 4629 3323 4672 tueamur.
3370 4614 3671 4669 Plurimum
3721 4613 3890 4683 juvat

2274 4712 2679 4775 benevolentia,
2708 4727 2828 4780 quae
2856 4725 3048 4765 omnes
3073 4710 3255 4765 studet
3292 4707 3570 4766 beneficiis
3596 4706 3882 4777 amplecti,

2276 4804 2555 4862 devincire
2584 4801 2804 4866 officiis,
2833 4802 3193 4872 oppignerare
3214 4801 3411 4871 gratia.

2275 4959 2472 5015 magno
2500 4955 2732 4997 numero
2751 4981 2764 5004 ,
2793 4940 3006 5015 esuriret
3043 4937 3209 4992 Deum
3229 4939 3440 5015 ,_sit_iret
3471 4937 3532 5015 in
3561 4933 3888 5015 Dominum;

2277 5018 2330 5072 in
2363 5008 2594 5083 quorum
2621 5023 2800 5066 tamen
2821 5011 3091 5083 aliquibus
3119 5008 3446 5083 non_l__egi_tur
3466 5010 3520 5083 in
3539 5009 3887 5083 pra-positio.

2363 5029 2594 5083 quorum
2621 5023 2800 5066 tamen
2821 5021 3091 5080 aliquibus
3119 5024 3223 5063 non
3250 5021 3446 5091 tegitur
3466 5021 3887 5132 lltgerOSIIIO.

2352 5091 2371 5129 f
2405 5083 2677 5162 Cic_._lib.
2724 5097 2760 5136 ιι
2797 5082 2992 5162 _0ltic.,
3024 5095 3146 5150 pag.
3179 5081 3303 5135 585.
3337 5081 3458 5162 .Itn.
3494 5078 3528 5132 4
3585 5095 3599 5130 :
3696 5078 3891 5162 ullum

2272 5158 2442 5230 igitur
2472 5155 2656 5230 vitium
2688 5155 2967 5208 tetrius....
3013 5167 3170 5221 quant
3205 5152 3425 5208 avaritia
3445 5191 3462 5217 ,
3492 5152 3784 5222 praesertim
3831 5152 3890 5206 in

2273 5227 2596 5300 principibus
2620 5265 2633 5287 .
2662 5237 2768 5300 etc.

2345 5302 2370 5339 8
2414 5290 2669 5364 Quoniam
2709 5296 2792 5348 hic
2835 5295 3015 5356 homo.
3045 5301 3152 5347 etc.
3206 5311 3312 5348 non
3343 5294 3687 5364 reperiuntur
3716 5290 3891 5364 inibi-

2279 5362 2450 5432 bliis;
2471 5369 2610 5422 sicut
2638 5382 2739 5420 nec
2779 5366 2964 5418 ultima
2994 5365 3191 5430 verba,
3221 5367 3314 5419 erit
3339 5364 3516 5430 nobis,
3549 5364 3599 5416 in
3633 5362 3888 5431 pluribus

2279 5439 2688 5511 potioribusque
2735 5450 2864 5489 mss.
2909 5437 3333 5511 quorunietiam
3383 5435 3547 5505 aliqui
3578 5447 3675 5503 pro
3716 5449 3889 5503 neque

2279 5506 2332 5566 in
2355 5510 2555 5568 ducem,
2591 5508 2775 5575 legunt
2801 5522 2962 5575 neque
2982 5509 3034 5558 in
3049 5506 3301 5574 judicent.

2354 5579 2382 5617 ιι
2413 5579 2528 5633 Cic.
2561 5578 2656 5632 lib.
2689 5594 2724 5632 ιι
2752 5577 2936 5643 Offic.,
2966 5593 3086 5647 pag.
3121 5579 3227 5634 578
3251 5621 3266 5644 ,
3300 5579 3397 5632 lin.
3429 5578 3504 5632 8:
3549 5575 3679 5647 Qua:
3712 5579 3758 5631 si
3787 5594 3886 5647 po—

2284 5651 2410 5724 pulo
2442 5649 2594 5703 Rom.
2625 5650 2843 5724 injuste,
2869 5645 3144 5724 etc._ltem
3179 5663 3303 5721 pag.
3333 5649 3462 5717 379,
3492 5648 3569 5702 lin
3597 5645 3670 5703 45
3696 5664 3710 5700 :
3752 5645 3885 5706 Cum

2283 5720 2594 5794 igiturlanta
2622 5720 2696 5775 vis
2715 5721 2932 5788 iustitia:
2960 5720 3045 5785 sit,
3069 5729 3179 5774 elct
