4010 6186
141 191 229 247 ΗΟ

1147 187 1235 244 DE
1273 183 1560 244 OFFlllllS
1600 177 2074 239 MINISTRORUM
2114 177 2241 234 LIB.
2285 177 2349 233 ll.

3337 178 3440 236 I30

198 305 276 361 96.
317 303 718 358 Al'l'abililatem
777 316 997 374 quoque
1051 304 1316 358 sermonis
1371 302 1610 356 diximus
1655 299 1721 354 ad
1751 301 1798 358 Α
1898 296 1988 352 99.
2032 294 2240 364 Ubique
2270 293 2438 363 igitur
2469 292 2610 346 inter
2639 291 2957 347 admiranda
2988 305 3154 362 opera
3199 300 3255 348 ct
3279 308 3436 347 rere-

143 395 510 452 conciliandam
555 395 801 466 gratiam
831 395 1014 450 valere
1058 396 1372 464 plurimum.
1420 393 1529 451 Sed
1587 394 1724 448 hinc

147 491 370 544 volumus
397 504 520 542 esse
554 497 581 524 ι
615 489 900 543 sinceram
934 503 996 543 ac
1023 489 1257 543 sobriam
1288 489 1410 544 sine
1441 489 1551 542 ulla
1594 489 1727 542 adu-

154 587 349 649 latione,
378 599 443 637 ne
471 582 892 652 simplicitatem
925 597 987 637 ac
1018 583 1302 652 puritatem
1327 583 1550 652 alloquii
1572 580 1600 619 δ
1632 581 1732 634 de-

159 677 320 732 deceat
347 676 614 730 sermonis
636 675 887 729 adulatio
911 691 925 740 ;
949 672 1122 729 forma
1148 674 1294 730 enim
1322 688 1444 728 esse
1467 673 1730 728 debemus

164 770 345 827 ceteris
370 785 472 824 non
505 772 691 826 solum
720 772 772 824 in
807 784 996 839 opere,
1039 771 1136 824 sed
1162 771 1325 825 etiam
1361 770 1417 824 in
1453 783 1725 833 sermone,

169 866 211 916 in
235 864 460 918 castitate
484 879 547 917 ac
577 863 708 918 (ide.
741 863 944 929 Quales
970 862 1159 918 haberi
1184 863 1454 925 volumus,
1488 861 1624 915 tales
1652 860 1728 915 si-

171 973 267 1011 mus
295 966 381 1011 :et
408 956 624 1026 qualem
667 955 921 1011 allectum
955 954 1218 1010 habemus
1243 995 1258 1019 ,
1309 955 1472 1008 talem
1519 952 1733 1023 aperia-

169 1064 286 1102 mus.
314 1047 490 1118 Neque
513 1048 764 1102 dicamus
811 1048 863 1100 in
907 1047 1072 1102 corde
1112 1057 1303 1101 nostro
1350 1046 1574 1102 verbum
1623 1045 1730 1099 iui-

168 1157 328 1210 quum,
353 1139 490 1210 quod
521 1138 784 1196 abscondi
818 1148 1067 1208 putemus
1096 1139 1318 1193 silentio
1344 1156 1358 1204 ;
1410 1140 1535 1208 quia
1583 1137 1733 1193 audit

169 1233 212 1287 in
234 1233 428 1287 occulto
458 1232 625 1298 dicta,
656 1234 748 1302 qui
780 1233 988 1287 occulta
1024 1232 1151 1287 fecit
1182 1251 1195 1287 :
1234 1244 1289 1286 et
1319 1233 1602 1303 cognoscit
1646 1248 1734 1288 se-

169 1335 296 1379 creta
323 1326 604 1390 viscerum,
633 1327 726 1394 qui
754 1339 971 1378 sensum
1004 1324 1310 1379 visceribus
1341 1323 1554 1379 infudit.
1589 1325 1733 1395 Ergo

173 1428 416 1488 tamquam
440 1418 538 1473 sub
560 1418 734 1473 oculis
760 1416 1038 1472 constituti
1060 1417 1286 1486 judicis,
1339 1416 1601 1486 quidquid
1641 1432 1734 1487 ge-

175 1512 342 1577 rimus,
365 1511 418 1564 in
448 1511 569 1566 luce
597 1510 835 1581 positum
878 1518 1152 1579 putemus,
1183 1518 1240 1563 ut
1276 1508 1527 1564 omnibus
1556 1507 1734 1562 mani-

176 1605 391 1660 lestetur.

741 1695 971 1753 CAPUT
1011 1695 1134 1750 XX.

183 1793 401 1848 Omnibus
446 1794 664 1847 multum
714 1793 956 1863 prodesse
1000 1792 1247 1844 bonorum
1293 1789 1732 1859 familiaritatem,

240 1890 435 1942 maxime
471 1904 588 1941 vero
643 1886 1100 1940 adolescentibus:
1155 1884 1251 1938 hoc
1301 1883 1429 1938 Jesu
1482 1881 1628 1936 Nave
1674 1896 1734 1934 ac

244 1981 411 2053 Moysi,
436 1983 654 2052 aliisque
686 1981 934 2051 exemplis
966 1980 1175 2049 probari
1206 1995 1223 2032 :
1251 1979 1432 2048 quibus
1461 1977 1737 2049 subjicitur

243 2077 317 2144 qui
340 2087 477 2130 astate
502 2078 602 2130 sint
631 2076 890 2147 dispares,
913 2076 1098 2129 uirtute
1136 2073 1394 2128 interdum
1423 2089 1573 2143 pares
1603 2087 1730 2139 esse,

246 2180 290 2221 ut
315 2169 488 2223 Petrus
510 2186 571 2222 ac
596 2166 826 2222 Joannes
852 2167 1188 2237 patefaciunt.

244 2260 319 2313 97.
353 2260 643 2314 Plurimum
694 2260 878 2328 itaque
928 2258 1149 2326 prodest
1221 2257 1516 2326 unicuique
1583 2255 1737 2310 bonis

183 2353 329 2422 iungi.
360 2363 380 2390 ο
404 2350 856 2408 Adolescentibus
881 2365 1097 2420 quoque
1124 2348 1286 2415 utile,
1346 2359 1404 2402 ut
1453 2347 1630 2402 claros
1684 2354 1740 2401 et

185 2448 422 2513 sapientes
442 2447 586 2500 viros
613 2453 944 2514 sequantur;
977 2443 1233 2511 quoniam
1264 2442 1352 2511 qui
1383 2440 1738 2509 congreditur

187 2540 499 2606 sapientibus,
530 2540 744 2608 sapiens
771 2551 893 2592 est:
924 2538 1016 2607 qui
1045 2547 1224 2592 autem
1260 2537 1502 2591 cohaeret
1531 2536 1739 2603 impru-

187 2629 440 2697 dentibus,
484 2631 805 2702 imprudens
843 2631 1172 2702 agnoscitur.
1219 2630 1284 2684 Et
1322 2629 1389 2684 ad
1425 2631 1741 2684 instructio-

186 2723 337 2778 neruil
367 2727 539 2795 itaque
580 2727 874 2796 plurimum
923 2725 1174 2794 prolicit,
1226 2733 1280 2778 et
1333 2724 1400 2778 ad
1453 2722 1740 2793 probitatis

185 2818 538 2871 testimonium.
571 2816 882 2871 Ustendunt
925 2815 1071 2870 enim
1119 2814 1498 2870 adolescentes
1550 2829 1738 2867 eorum

183 2922 234 2964 se
258 2910 537 2965 imitatores
561 2924 710 2975 esse,
742 2907 937 2978 quibus
962 2907 1282 2971 adhtcrent;
1335 2915 1390 2961 et
1431 2922 1491 2960 ca
1538 2919 1738 2960 conva-

181 3001 314 3055 lescit
341 3004 534 3072 opinio,
564 3001 709 3071 quod
737 3001 806 3055 ab
834 2999 916 3054 his
945 3000 1157 3055 vivendi
1189 3000 1501 3068 acceperint
1542 2998 1735 3053 simili-

183 3094 416 3162 tudinem,
442 3111 565 3151 cum
592 3095 789 3166 quibus
822 3094 1182 3149 conversandi
1211 3093 1492 3148 hauserint
1531 3091 1740 3162 cupidi-

185 3198 350 3244 latetn.

244 3279 321 3334 98.
359 3280 481 3336 lude
513 3289 695 3335 tantus
725 3280 883 3336 Jesus
904 3278 1071 3343 Nave,
1101 3278 1243 3349 quod
1274 3294 1398 3334 eum
1429 3293 1534 3333 non
1564 3277 1740 3332 solum

185 3372 390 3428 erudivit
425 3375 490 3429 ad
523 3374 685 3444 Legis
728 3372 1012 3428 scientiam
1055 3372 1224 3442 Moysi
1277 3371 1508 3439 copula,
1552 3385 1742 3425 verum

187 3463 325 3518 etiam
345 3465 703 3522 sanetilicavit
732 3463 798 3518 ad
822 3466 1050 3533 gratiam
1086 3461 1282 3535 (Exod.
1309 3477 1458 3528 xxiv,
1491 3462 1603 3532 15).
1639 3463 1746 3516 De-

189 3554 328 3626 nique
362 3571 478 3611 cum
518 3558 571 3611 in
616 3557 737 3626 ejus
783 3555 1136 3610 tabernaculo
1176 3555 1356 3608 divina
1405 3564 1428 3590 θ
1476 3553 1746 3623 refulgere

190 3649 444 3714 praesentia
472 3649 752 3704 videretur
793 3647 1052 3716 majestas
1093 3647 1330 3712 Domini,
1363 3645 1516 3700 solus
1543 3656 1659 3700 erat
1691 3646 1746 3699 in

194 3741 509 3798 tabernaculo
533 3741 695 3798 Jesus
723 3739 895 3794 Nave.
949 3737 1164 3810 Moyses
1213 3754 1334 3793 cum
1389 3737 1504 3793 Deo
1529 3737 1748 3808 9410-

193 3833 468 3901 quebatur,
510 3833 669 3888 Jesus
744 3832 950 3901 pariter
1001 3831 1147 3885 nube
1209 3846 1362 3885 sacra
1437 3832 1743 3900 tegebatur.

197 3921 467 3998 Presbyteri
489 3935 544 3983 et
572 3925 805 3996 populus
831 3924 1090 3980 deorsum
1114 3925 1331 3979 stabant
1355 3941 1368 3989 ;
1419 3925 1580 3980 Jesus
1624 3940 1748 3979 cum

198 4014 357 4087 Moyse
395 4019 457 4074 ad
501 4016 874 4088 accipiendam
929 4016 1126 4086 Legem
1177 4017 1509 4072 ascendebat
1548 4015 1751 4086 (Exod.

203 4123 370 4176 sum,
405 4114 506 4183 ll).
539 4111 729 4168 Omnis
753 4111 988 4181 populus
1016 4111 1158 4164 intra
1181 4119 1358 4165 castra
1407 4118 1547 4175 erat,
1593 4108 1752 4166 Jesus

200 4212 331 4256 extra
355 4214 516 4260 castra
547 4207 599 4260 in
633 4205 988 4260 tabernaculo
1007 4204 1322 4260 testimonii.
1341 4203 1476 4259 Cum
1499 4205 1751 4260 columna

200 4295 341 4350 nubis
365 4296 731 4364 descenderet,
761 4306 816 4351 et
847 4298 1162 4367 loqueretur
1193 4312 1314 4352 cum
1340 4297 1554 4368 Moyse,
1599 4297 1753 4367 quasi

1834 390 1997 443 renda
2050 396 2260 443 secreta
2313 397 2503 442 sancto
2551 386 2720 457 Moysi
2764 385 3076 441 individuus
3101 386 3433 441 adh-.crcbat.

1831 481 1987 538 Unde
2017 481 2216 536 factum
2250 491 2334 536 est
2366 493 2423 535 ut
2449 481 2539 551 qui
2572 480 2747 534 fuerat
2768 480 2948 534 socius
2976 482 3436 547 conversationis,

1830 575 1985 632 litaret
2031 591 2317 631 successor
2369 577 2655 646 potestatis
2701 574 2879 645 (Deut.
2913 590 3096 638 xxxiv,
3125 573 3202 645 9).
3231 573 3440 642 .blerito

1830 670 1916 723 vir
1966 669 2274 739 hujnsmodi
2323 670 2534 733 evasit,
2566 678 2622 723 ut
2647 669 2868 723 sisteret
2916 667 3197 723 ﬂuminum
3247 682 3443 724 cursus

1833 763 2017 832 (Josue
2041 779 2099 818 Ill
2122 805 2135 827 ,
2173 765 2238 819 l5
2265 773 2311 817 et
2343 760 2497 834 seq.),
2529 762 2740 817 diceret
2770 779 2784 817 ε
2819 763 2940 817 Stet
2963 763 3141 828 sol,et
3162 770 3333 816 staret
3360 761 3442 817 sol

1836 855 2019 926 (Josue
2047 873 2104 921 χ,
2138 856 2222 919 12,
2263 857 2375 927 l5);
2407 857 2561 926 quasi
2595 856 2714 925 ejus
2736 845 3010 925 spectator
3039 856 3284 912 victoria:
3311 870 3443 910 noc-

1847 958 1954 1001 tem
1993 947 2263 1011 dilferret,
2294 948 2436 1002 diem
2471 949 2796 1017 produceret
2822 965 2834 1001 :
2864 948 2991 1019 quid
3027 950 3039 1002 !
3067 949 3241 1020 (quod
3271 948 3443 1022 Moysi

1842 1050 2095 1110 negatum
2129 1039 2254 1110 est)
2286 1040 2437 1094 solus
2463 1040 2779 1109 eligeretur,
2815 1050 2869 1093 ut
2903 1041 3161 1110 populum
3196 1042 3444 1097 introdu-

1835 1141 1985 1185 ceret
2008 1131 2060 1184 in
2090 1144 2289 1185 terram
2321 1133 2784 1202 repromissionis.
2820 1132 3043 1202 Magnus
3073 1133 3152 1187 vir
3181 1134 3305 1189 tidei
3336 1137 3441 1189 mi-

1835 1225 2059 1290 raculis,
2095 1241 2320 1296 magnus
2349 1224 2662 1295 triumphis.
2699 1225 2846 1280 Illius
2876 1228 3197 1296 augustiora
3240 1243 3405 1298 opera
3426 1269 3443 1295 ,

1843 1316 2005 1387 hujus
2061 1318 2429 1386 prosperiora.
2465 1317 2708 1387 Uterque
2739 1317 2902 1387 igitur
2952 1318 3133 1372 divina
3182 1321 3444 1376 subnixus

1835 1411 2028 1480 gratia,
2060 1411 2199 1464 ultra
2234 1413 2522 1465 humanam
2551 1412 2821 1480 processit
2846 1412 3217 1469 conditionem
3244 1414 3443 1487 (Exod.

1836 1519 1946 1569 xrv,
1979 1502 2071 1574 21)
2104 1522 2116 1555 :
2149 1504 2235 1558 ille
2267 1507 2436 1568 mari,
2469 1505 2556 1559 hic
2584 1505 2724 1560 caelo
2756 1506 3061 1575 imperavit.

1914 1594 2035 1649 100.
2079 1594 2309 1648 Pulchra
2345 1595 2525 1665 itaque
2558 1594 2575 1632 ί
2605 1596 2798 1664 copula
2828 1599 3105 1653 seniorum
3129 1607 3290 1668 atque
3311 1601 3444 1656 ado-

1765 1666 1816 1727 B
1846 1686 2161 1741 lescentium
2192 1685 2348 1759 (Gen.
2385 1703 2481 1753 sn,
2509 1685 2587 1757 4).
2616 1688 2722 1742 Alii
2752 1689 3092 1755 testimonio,
3123 1666 3214 1746 alii
3248 1693 3445 1750 solatio

1840 1790 1965 1835 sunt
1999 1782 2129 1836 :alii
2165 1783 2504 1852 magisterio,
2535 1783 2626 1837 alii
2657 1785 3024 1842 delectationi.
3054 1787 3259 1844 Omitto
3297 1789 3442 1860 quod

1841 1873 2076 1928 Abrahae
2108 1875 2337 1929 adhaesit
2364 1873 2500 1929 Loth
2527 1875 2964 1932 adolescentulus
2993 1879 3158 1934 etiam
3203 1881 3446 1948 proﬁcis-

1839 1968 1983 2021 centi
2011 1984 2026 2031 ;
2071 1983 2138 2022 ne
2184 1968 2322 2022 forte
2353 1967 2455 2022 hoc
2486 1969 2905 2039 propinquitatis
2939 1974 3108 2042 magis
3136 1973 3304 2029 luisse
3328 1975 3446 2030 exi-

1838 2061 2090 2114 stimetur
2113 2101 2128 2125 ,
2159 2071 2211 2114 et
2237 2061 2564 2115 necessariae
2597 2062 2778 2129 potius
2807 2079 2968 2132 quam
2999 2066 3318 2120 voluntaria:
3345 2070 3444 2121 ad-

1833 2149 2156 2219 junctionis.
2190 2151 2328 2218 Quid
2383 2152 2553 2206 Eliam
2601 2165 2762 2223 atque
2812 2155 3072 2210 Elismum
3114 2157 3442 2230 loquamur?

1839 2242 1993 2298 Licet
2044 2260 2150 2298 non
2220 2260 2480 2315 expresse
2543 2247 2797 2302 Elismum
2841 2249 3101 2318 juvenem
3154 2251 3442 2324 Scriptura

1839 2339 2259 2409 signiﬁcaverit,
2293 2341 2630 2394 advertimus
2655 2349 2833 2395 tamen
2858 2352 2913 2396 et
2933 2345 3240 2414 colligimus
3257 2346 3444 2416 junio-

1840 2447 1958 2485 rem
2005 2428 2173 2485 fuisse
2205 2431 2316 2501 (Ill
2343 2429 2474 2502 Reg.
2509 2447 2622 2496 xu,
2653 2432 2778 2503 21).
2812 2433 2868 2488 In
2898 2435 3124 2492 Actibus
3167 2439 3446 2508 apostolo—

1841 2539 1962 2578 rum
2013 2523 2288 2578 Barnabas
2335 2524 2573 2579 Marcum
2620 2528 2954 2595 assumpsit,
2988 2529 3188 2585 Paulus
3232 2530 3442 2600 Silam,

1839 2615 2042 2670 Paulus
2096 2616 2439 2673 Timotheum
2471 2659 2485 2683 ,
2553 2618 2754 2676 Paulus
2829 2621 3007 2677 Titum
3055 2625 3212 2694 (Act.
3266 2642 3341 2682 xu
3390 2636 3440 2683 et

1844 2708 2024 2779 alibi).

1917 2801 2038 2855 101.
2081 2800 2188 2856 Sed
2222 2801 2328 2857 illis
2357 2802 2731 2872 superioribus
2761 2804 3009 2862 videmus
3035 2807 3208 2864 divisa
3237 2809 3446 2881 ollicia,

1843 2903 1901 2947 ut
1932 2895 2180 2948 seniores
2211 2895 2445 2948 consilio
2486 2897 2841 2964 praevalerent
2865 2937 2881 2965 ,
2909 2897 3156 2968 juniores
3197 2902 3445 2958 ministe-

1843 2986 1944 3040 rio.
1994 2986 2324 3056 Plerumque
2372 2988 2535 3042 etiam
2590 2989 2886 3045 virtutibus
2945 3008 3137 3062 pares,
3197 2995 3446 3067 dispares

1842 3078 2117 3143 uitalibus,
2142 3081 2224 3134 sui
2253 3079 2593 3135 delectantur
2621 3082 2840 3152 copula,
2864 3085 3004 3139 sicut
3031 3085 3442 3144 delectabantur

1843 3169 2035 3224 Petrus
2083 3179 2136 3226 et
2181 3170 2442 3226 Joannes.
2476 3171 2612 3226 Nam
2663 3173 3070 3230 adolescentem
3126 3177 3356 3248 legimus
3390 3180 3443 3234 in

1844 3262 2136 3333 Evangelio
2166 3275 2189 3311 8
2217 3264 2480 3320 Joannem
2526 3276 2581 3321 et
2625 3282 2721 3322 sua
2755 3283 2885 3324 voce
2907 3311 2922 3336 ,
2958 3269 3086 3325 licet
3129 3273 3341 3328 meritis
3388 3281 3446 3330 et

1844 3359 2106 3426 sapientia
2140 3358 2273 3413 nulli
2307 3359 2468 3413 fuerit
2496 3361 2773 3416 seniorum
2807 3363 3079 3419 secundus
3102 3406 3117 3432 ,
3149 3377 3267 3421 erat
3296 3368 3444 3425 enim

1848 3448 1902 3502 in
1935 3465 2000 3503 eo
2031 3463 2284 3506 senectus
2317 3452 2649 3508 venerabilis
2697 3469 2906 3510 morum
2939 3467 2993 3511 et
3039 3473 3172 3513 cana
3212 3460 3449 3530 pruden-

1845 3543 1941 3596 tia.
1977 3543 2094 3597 Vita
2124 3545 2268 3599 enim
2300 3545 2643 3600 immaculata
2679 3547 2837 3603 bona:
2885 3552 3189 3608 senectutis
3227 3553 3441 3623 stipen-

1847 3637 1996 3691 dium
2023 3647 2125 3692 est.

2418 3732 2650 3789 CAPUT
2678 3733 2820 3788 XXI.

1851 3817 2147 3876 Plurimum
2186 3825 2352 3878 valere
2401 3826 2469 3877 ad
2533 3827 3021 3881 commendationem
3048 3869 3062 3894 ,
3107 3831 3152 3883 si
3199 3831 3450 3901 defendas

1926 3915 2155 3982 inﬁrmos
2177 3955 2189 3978 ,
2219 3926 2308 3969 aut
2341 3917 2633 3987 peregrinos
2677 3920 2933 3987 suscipias
2958 3961 2973 3984 ,
2999 3923 3249 3978 similiave
3287 3926 3454 3994 ofﬁcia

1925 4006 2192 4070 exhibeas,
2229 4016 2275 4061 et
2305 4006 2402 4060 hoc
2445 4008 2665 4061 maxime
2693 4010 2814 4063 viris
2841 4013 3087 4080 probatis.
3127 4013 3226 4069 Ubi
3263 4017 3456 4088 injecta

1925 4099 2154 4152 avaritia:
2183 4101 2554 4171 vituperatione
2580 4142 2594 4166 ,
2629 4103 2955 4171 potissimum
3007 4107 3344 4180 prodigalitas
3398 4110 3454 4165 in

1925 4191 2272 4245 sacerdotibus
2297 4190 2640 4260 improbatur.

1868 4265 1886 4280 ”
1931 4285 2052 4340 102.
2095 4285 2326 4355 Adjuvat
2371 4285 2476 4341 hoc
2523 4303 2740 4359 quoque
2806 4290 2872 4344 ad
2944 4293 3243 4362 profectum
3300 4296 3456 4355 bona:

202 4387 325 4446 ﬁdus
347 4395 539 4450 astabat
564 4395 864 4450 minister:
910 4408 1010 4448 nec
1053 4393 1238 4448 exibat
1281 4393 1348 4448 de
1400 4393 1744 4448 tabernaculo

1863 4379 2298 4446 existimationis,
2326 4375 2353 4414 ιι
2380 4379 2424 4434 si
2456 4379 2525 4436 de
2567 4383 2800 4450 potentis
2829 4384 2939 4457 95
2984 4389 3232 4443 manibus
3254 4391 3461 4460 eripias

2154 4470 2209 4490 λ,
2463 4471 2511 4490 ._
2658 4486 2668 4490 _
3377 4481 3387 4490 .

198 4481 403 4554 juvenis,
425 4503 543 4542 cum
572 4487 825 4543 seniores
850 4485 1008 4555 longe
1037 4483 1196 4554 positi
1219 4484 1400 4538 divina
1425 4484 1759 4555 trepidarent

205 4578 452 4635 miracula.

206 4693 242 4765 ξ
271 4702 291 4728 λ
314 4693 416 4749 Cic.
440 4696 530 4752 lib.
551 4695 791 4758 thl'lic.,
812 4708 933 4765 pag.
968 4690 1094 4757 581),
1122 4691 1488 4765 Ιξηᾞεᾉριιαηι
1512 4694 1760 4763 prccclare

209 4761 415 4820 Socrates
438 4768 566 4822 hanc
606 4769 744 4821 riam
777 4806 792 4818 .
813 4761 840 4817 “.
865 4761 928 4818 ,⁷.
956 4773 1008 4818 ut
1035 4763 1204 4831 qualis
1230 4763 1403 4817 haberi
1435 4761 1605 4830 vellet,
1641 4765 1761 4819 talis

209 4847 340 4909 esset.
373 4838 512 4904 Quod
538 4841 581 4894 si
609 4838 698 4909 qui
728 4835 1085 4909 simulatione,
1113 4846 1214 4888 etc.

270 4904 296 4942 δ
339 4911 468 4964 Edit.
510 4904 716 4964 ultima:
763 4907 941 4961 Paris.
986 4921 1108 4960 cum
1150 4905 1339 4976 paucis
1384 4919 1518 4960 mss.
1547 4946 1562 4973 ,
1596 4906 1766 4960 deleat

209 4982 425 5032 sermonis
451 4982 704 5034 adulatio.

276 5059 295 5086 ε
319 5049 423 5106 Cic.
451 5053 542 5106 lib.
575 5067 611 5106 ιι
657 5048 852 5112 Ofﬁc.,
905 5061 1026 5117 pag.
1058 5047 1193 5113 380,
1228 5047 1324 5101 lin.
1353 5047 1421 5101 58
1447 5065 1458 5100 :
1489 5047 1768 5101 Facillime

211 5127 354 5173 autem
377 5163 391 5176 .
424 5160 437 5174 .
470 5163 484 5177 .
519 5163 532 5177 .
564 5121 921 5176 adolescentes
950 5119 1036 5186 qui
1081 5135 1134 5172 se
1174 5118 1242 5172 ad
1278 5118 1447 5173 claros
1486 5131 1535 5176 et
1566 5119 1772 5189 sapien-

213 5196 630 5345 m‘i‘gltfperiores
659 5262 847 5327 Edit.,
891 5260 1062 5330 itaque
1113 5261 1259 5315 bonis
1291 5261 1447 5333 jungi
1489 5259 1775 5332 plurimum

215 5335 452 5483 pri-ﬁgit.
482 5421 604 5462 cum
635 5420 800 5470 mss.,
835 5403 1112 5475 refulgeret
1139 5403 1414 5473 pmsentia
1442 5412 1488 5457 et
1521 5402 1782 5456 videretur

217 5486 441 5543 lmjestas,
469 5489 575 5534 etc.

266 5546 420 5626 .‘_Cic.
456 5550 547 5626 lib.
583 5550 654 5626 de
689 5547 989 5626 Senectute
1029 5560 1148 5626 pag:
1174 5543 1440 5626 d09.lin.
1470 5543 1541 5598 9:
1577 5541 1786 5626 Etenim

220 5614 590 5687 qdolescentibus
613 5622 752 5675 bona
774 5615 954 5669 indole
980 5611 1211 5687 prazditis
1236 5617 1489 5686 sapientes
1515 5629 1660 5667 senes
1698 5611 1790 5665 de-

224 5683 457 5759 lltlautur,
484 5702 594 5748 etc.

1866 4471 2080 4539 inepem
2100 4512 2114 4535 ,
2147 4470 2217 4526 de
2247 4481 2424 4526 morte
2453 4471 2767 4530 damnatum
2799 4489 2963 4530 eruas
2987 4517 3002 4542 ,
3035 4489 3294 4546 quantum
3343 4481 3465 4538 sine

1867 4565 2278 4636 perturbatione
2327 4566 2444 4621 ﬁeri
2489 4575 2700 4636 potest;
2752 4582 2821 4623 ne
2864 4567 3147 4623 videamur
3190 4569 3468 4640 iactantia:

1943 4696 1967 4732 ε
1990 4683 2317 4760 _Bom._‘edit.
2352 4694 2714 4760 resccaverat,
2746 4696 2792 4740 et
2814 4702 2910 4740 sua
2931 4702 3070 4760 uoce,
3102 4689 3246 4760 quod
3277 4697 3462 4746 tamen

1871 4759 1924 4812 in
1955 4757 2078 4810 aliis
2106 4755 2234 4810 edit.
2272 4764 2325 4810 et
2354 4757 2570 4810 cunctis
2602 4771 2735 4809 mss.
2763 4759 3088 4824 reperimus.

1941 4824 1967 4863 ιι
2025 4827 2138 4880 Cic.
2176 4825 2271 4878 lib.
2307 4842 2343 4878 ιι
2391 4825 2546 4880 Ollio.
2591 4843 2714 4896 pag.
2746 4828 2889 4895 581,
2930 4829 3026 4882 lin.
3059 4830 3128 4885 29
3168 4848 3181 4884 :
3236 4829 3470 4886 Maxime

1871 4907 2044 4969 autem
2086 4906 2131 4948 et
2160 4897 2572 4969 gloriarparitur
2612 4907 2658 4949 et
2689 4899 2856 4968 gratia
2894 4899 3281 4969 defensionibus
3307 4943 3321 4968 ,
3355 4910 3463 4956 etc.

1873 4967 2029 5034 Quod
2075 4975 2254 5020 autem
2304 4968 2375 5020 ait
2422 4967 2778 5034 Ambrosius,
2847 4969 2911 5021 de
2953 4967 3117 5024 morte
3165 4967 3471 5026 darnnatum

1875 5055 2047 5113 eruas,
2080 5037 2149 5090 de
2181 5037 2283 5090 hoc
2305 5036 2470 5090 adeas
2496 5037 2647 5113 licet,
2677 5053 2812 5113 (ιυξεΔ
2827 5053 2929 5094 nos
2957 5049 3106 5113 tonio
3137 5042 3155 5096 Ι
3188 5043 3388 5113 Expos.
3415 5044 3471 5099 in

1877 5111 2221 5181 psalxcxvm
2245 5147 2259 5169 ,
2293 5121 2458 5181 serui.
2491 5106 2721 5181 Sinam
2749 5108 2815 5161 41
2847 5149 2862 5170 ,
2893 5106 3328 5167 sribnotavinius.
3373 5112 3475 5168 Hic

1880 5177 2089 5254 i'ero‘id
2132 5193 2298 5254 unum
2329 5177 2462 5231 libet
2492 5177 2762 5245 adjicere,
2810 5182 3117 5254 cautionem
3165 5185 3473 5254 appositam

1881 5253 1982 5306 hoc
2008 5251 2283 5326 l_oco_hinc
2312 5263 2688 5326 promanasse,
2721 5248 3023 5326 quodcum
3067 5248 3336 5326 interdum
3360 5256 3479 5326 epi—

1884 5322 2058 5398 secpi,
2101 5318 2284 5398 clerici
2315 5320 2399 5398 vel
2424 5321 2586 5374 etiam
2630 5318 2881 5398 monachi
2929 5320 3262 5398 ferventiore
3310 5318 3473 5396 quam

1888 5393 2240 5462 prudentiore
2272 5391 2388 5444 zelo
2413 5404 2535 5444 reos
2565 5389 2850 5462 suppliciis
2891 5393 3103 5459 eripere
3133 5389 3434 5451 niterentur
3458 5435 3478 5462 ,

1889 5461 1984 5518 aut
2009 5461 2373 5517 seditionibus
2399 5503 2414 5526 ,
2459 5471 2544 5514 aut
2593 5461 2786 5533 saltem
2821 5463 3073 5527 gravibus
3105 5464 3347 5533 jndicum
3379 5461 3478 5520 imi-

1893 5535 2174 5604 perialium
2206 5533 2440 5603 querelis
2468 5547 2654 5584 ansam
2684 5529 2903 5584 dabant.
2947 5529 3122 5606 Adde
3145 5537 3286 5606 quod
3316 5536 3477 5591 etiam

1895 5609 2008 5660 lieri
2040 5615 2244 5673 poterat
2271 5643 2286 5666 ,
2333 5614 2391 5656 ut
2437 5616 2571 5676 quos
2599 5617 2697 5676 per
2721 5604 3128 5676 corruptionem
3161 5604 3257 5676 ipsi
3285 5607 3482 5661 libera-

1900 5670 2089 5734 verant
2114 5715 2130 5743 ,
2176 5688 2272 5730 eos
2310 5688 2406 5743 per
2431 5675 2538 5728 vim
2566 5670 2633 5727 ab
2659 5670 2931 5743 episcOpis
2962 5683 3148 5747 raptos
3182 5670 3481 5740 causareth
