4030 6188
522 218 621 279 151

1881 204 2131 266 SANCTI
2167 200 2488 263 AMBROSII

3728 198 3833 259 153

518 339 691 409 magis
716 349 876 393 causa
908 334 1103 394 facere.
1135 345 1296 402 quam
1323 324 1752 395 misericordiae,
1783 333 1843 382 et
1869 324 2115 395 graviora
2146 333 2190 394 Α
2220 343 2366 400 cedit
2410 340 2479 399 ad
2522 340 2754 398 ίτυριυη,
2806 340 2950 411 quod
2995 348 3224 411 augetur
3280 339 3553 402 amicitia,
3606 354 3675 395 οι
3724 355 3832 408 (μη

514 433 716 488 inferre
740 430 984 493 vulnera,
1008 425 1135 481 dum
1161 422 1455 480 levioribus
1479 419 1684 477 mederi
1710 418 2111 476 desideramus.

513 527 631 582 Jatn
665 525 707 579 si
739 535 1056 591 oppressum
1087 518 1282 589 opibus
1315 518 1573 587 potentis,
1597 522 1653 570 et
1683 511 1920 569 factione
1948 509 2116 580 magis

511 635 671 689 quam
704 612 927 672 sceleris
958 614 1042 669 sui
1074 610 1249 684 pretio
1278 620 1560 683 gravatum
1592 606 1935 671 liberaveris,
1958 617 2113 675 egre-

507 716 610 782 g;ac
640 708 975 765 coitvalescit
1002 703 1278 776 Opinioais
1305 701 1707 758 testimonium.
1757 733 1761 740 -

586 805 707 860 105.
728 800 1092 859 Commendat
1111 800 1397 870 plerosque
1418 798 1581 851 etiam
1603 804 1628 831 ιι
1647 784 2116 863 hospitalitas.Est

508 898 655 955 enim
713 896 923 966 publica
976 890 1188 963 species
1245 888 1635 954 humanitatis,
1688 895 1746 939 ut
1791 878 2114 954 peregrinus

512 989 748 1058 hoSpitio
783 1002 891 1041 non
920 996 1109 1057 egeat,
1144 982 1475 1051 suscipiatur
1500 978 1775 1039 ofﬁciose,
1809 981 1988 1045 pateat
2017 970 2113 1052 ad.-

510 1080 747 1137 vcnienti
777 1078 803 1117 ιι
829 1079 1015 1148 jauua.
1051 1076 1219 1131 Valde
1267 1075 1319 1130 id
1348 1072 1611 1129 decorum
1656 1070 1825 1125 totius
1851 1076 1935 1123 est
1968 1062 2115 1120 orbis

507 1173 948 1238 existimatione,
982 1169 1299 1239 peregrinos
1345 1181 1466 1221 cum
1499 1163 1707 1219 honore
1737 1156 1974 1228 suscipi,
2004 1166 2113 1212 non

509 1265 702 1320 deesse
731 1278 935 1319 mensa:
964 1259 1351 1331 hospitalitatis
1377 1257 1602 1329 gratiam
1627 1297 1641 1321 ,
1671 1266 1961 1311 occurrere
1998 1248 2116 1307 efﬂ-

507 1355 606 1411 eiis
638 1352 1015 1419 liberalitatis,
1047 1353 1336 1423 explorare
1368 1351 1640 1405 adventus
1671 1346 1969 1416 hospitum.

585 1451 708 1507 104.
749 1450 907 1519 Quod
939 1450 1171 1504 Abraba:
1216 1440 1359 1502 laudi
1393 1453 1480 1502 est
1506 1444 1720 1510 datum,
1756 1442 1847 1513 qui
1877 1440 2005 1495 ante
2033 1434 2115 1509 ja-

511 1561 672 1599 nuznu
695 1559 846 1597 suam
869 1541 1275 1613 speculabatur,
1295 1552 1363 1594 ne
1386 1539 1524 1593 forte
1549 1535 1853 1607 prtetcriret
1876 1529 2116 1603 peregri-

511 1644 614 1690 nus
662 1636 860 1705 aliquis
886 1652 898 1687 :
929 1643 983 1688 et
1015 1633 1305 1702 diligenter
1334 1628 1710 1702 praetendebat
1748 1625 2027 1690 excubias,
2058 1634 2116 1677 ut

2217 438 2470 494 oriuntur
2496 436 2743 508 plurima:
2779 432 3222 501 commoditates,
3247 429 3274 470 ά
3297 448 3416 503 qute
3445 433 3832 488 contemnenti

2217 530 2391 602 aliqua
2426 526 2482 584 in
2510 538 2775 597 tempore,
2806 534 2991 597 postea
3018 522 3317 579 fructuosze
3348 532 3535 578 erunt.

2303 622 2425 679 107.
2467 618 2524 677 lu
2557 621 2756 676 ofﬁciis
2799 627 2980 675 autem
3010 614 3393 687 hospitalibus,
3424 613 3682 670 omnibus
3712 612 3832 683 qui—

2217 714 2341 772 dem
2368 706 2673 769 humanitas
2697 709 3059 782 impartienda
3089 712 3173 764 est
3202 725 3215 761 :
3243 714 3266 746 θ
3295 708 3457 778 justis
3487 717 3667 763 autem
3701 707 3834 764 ube-

2216 809 2329 864 rior
2355 805 2648 863 deferenda
2691 802 3108 859 honorificentia
3137 820 3149 855 :
3184 800 3507 871 Quicumque
3534 801 3672 856 enim
3691 803 3832 874 jus-

2217 912 2325 955 tum
2350 900 2594 970 receperit
2621 899 2676 953 in
2707 899 2911 953 nomine
2929 895 3086 968 justi,
3117 892 3405 950 mercedem
3424 892 3564 968 justi
3602 895 3832 966 accipiet

2217 988 2433 1064 (Matth.
2465 1008 2520 1056 χ,
2548 990 2639 1055 Η,
2670 984 2801 1061 42),
2832 996 2892 1043 ut
2922 986 3182 1043 Dominus
3224 986 3619 1057 pronuntiavit.
3652 987 3833 1042 Tanta

2215 1093 2396 1139 autem
2445 1095 2527 1138 εει
2578 1081 2719 1153 apud
2763 1081 2933 1138 Deum
2984 1079 3378 1150 hospitalitatis
3420 1080 3628 1151 gratia,
3664 1086 3834 1135 utne

2220 1182 2377 1246 potus
2406 1172 2625 1246 quidem
2657 1188 2812 1243 aqua:
2848 1170 3058 1244 frigidae
3089 1188 3115 1224 a
3149 1169 3391 1242 praemiis
3424 1172 3837 1228 remuneratio-

2218 1268 2303 1324 nis
2335 1268 2587 1324 immnuis
2614 1267 2707 1323 sit.
2744 1266 2906 1322 Vides
2935 1265 3060 1335 quia
3094 1264 3370 1320 Abraham
3408 1254 3577 1319 Deum
3619 1265 3835 1335 recepit

2217 1358 2482 1431 hospitio,
2514 1356 2640 1416 dum
2672 1356 2916 1429 hospites
2954 1356 3186 1428 qumrit?
3215 1344 3381 1412 Vides
3409 1356 3530 1426 quia
3554 1352 3694 1411 Loth
3723 1370 3832 1409 an-

2216 1453 2369 1525 gelos
2423 1452 2670 1521 recepit?
2703 1448 2722 1489 ί
2758 1444 2915 1506 Unde
2967 1448 3077 1504 scis
3111 1464 3179 1503 ne
3218 1452 3275 1502 et
3325 1454 3379 1501 tu
3426 1462 3547 1502 cum
3591 1446 3834 1517 suscipis

2216 1545 2496 1603 hominem
2519 1590 2533 1614 ,
2567 1546 2832 1615 suscipias
2875 1541 3155 1599 Christum
3180 1542 3203 1596 ἲ
3233 1541 3384 1596 Licet
3413 1541 3466 1596 in
3495 1539 3714 1613 hospite
3755 1542 3837 1597 sit

2217 1640 2504 1706 Christus;
2549 1638 2673 1710 quia
2721 1637 2972 1692 Christus
3021 1635 3134 1708 96
3181 1635 3233 1689 in
3269 1649 3502 1703 paupere
3546 1643 3650 1701 est,
3680 1632 3835 1688 sicut

510 1737 857 1792 occurreret,
888 1735 947 1782 ut
975 1728 1338 1797 praeveniret,
1366 1730 1422 1777 ut
1456 1731 1708 1793 rogaret,
1739 1728 1810 1774 ne
1863 1716 2111 1773 transiret

2226 1731 2342 1800 ipse
2371 1731 2447 1784 ait
2480 1746 2495 1784 :
2526 1728 2595 1783 In
2632 1743 2841 1782 carcere
2862 1742 3040 1792 eram,
3074 1736 3120 1779 et
3147 1725 3357 1779 venistis
3388 1724 3458 1778 ad
3499 1740 3580 1779 me
3613 1725 3834 1779 :nudus

512 1818 734 1891 hospes,
766 1821 954 1876 dicens
983 1839 995 1874 :
1033 1818 1271 1885 Domine,
1304 1819 1348 1872 si
1377 1817 1549 1871 inveni
1574 1816 1795 1887 gratiam
1824 1820 1942 1866 ante
1966 1820 2033 1877 te,
2057 1822 2122 1864 ne

511 1916 818 1985 praeterieris
865 1928 1086 1985 puerum
1128 1918 1273 1965 tuum
1318 1907 1474 1983 (Gen.
1514 1904 1726 1973 xvm,1
1772 1910 1823 1959 et
1849 1900 2003 1974 seq.).
2052 1898 2122 1955 Et

516 2004 637 2061 ideo
665 2021 763 2076 pro
798 2004 1192 2077 hospitalitatis
1216 2000 1472 2059 mercede
1511 1997 1743 2056 fructum
1776 1994 2119 2069 posteritatis

513 2100 742 2165 recepit.

586 2188 711 2245 105.
754 2184 895 2243 Loth
926 2201 1144 2258 quoque
1172 2200 1342 2256 nepos
1368 2184 1488 2255 ejus
1522 2198 1627 2239 non
1658 2182 1834 2239 solum
1870 2192 2077 2252 genere
2100 2221 2116 2246 ,

512 2281 610 2337 sed
641 2283 807 2337 etiam
857 2281 1059 2335 virtute
1111 2280 1431 2351 proximus,
1469 2287 1696 2349 propter
1733 2274 2118 2345 hospitalitatis

509 2373 768 2430 affectum
792 2374 1150 2430 Sodomitana
1193 2388 1223 2428 a
1252 2386 1312 2429 se
1339 2372 1562 2443 suisque
1593 2368 1854 2443 supplicia
1888 2366 2119 2425 detorsit

508 2468 667 2540 (Gen.
705 2480 816 2534 tux,
843 2470 869 2524 1
904 2477 953 2523 et
982 2466 1140 2539 seq.).

587 2563 709 2617 10d.
756 2562 918 2616 Decet
965 2560 1129 2631 igitur
1182 2558 1504 2631 hospitalem
1562 2566 1724 2624 esse,
1775 2554 2113 2626 benignum,

503 2652 750 2723 justum,
779 2664 887 2705 non
935 2650 1101 2705 alieni
1153 2650 1443 2719 cupidum;
1494 2650 1660 2702 immo
1687 2658 1709 2687 ο
1748 2647 1817 2703 de
1857 2661 1956 2702 suo
1995 2649 2117 2715 jure

513 2746 804 2799 cedentem
841 2745 1025 2813 potius
1071 2742 1282 2811 aliqua,
1313 2742 1357 2796 si
1390 2740 1552 2796 fuerit
1603 2742 1920 2806 lacessitus,
1954 2755 2113 2809 quam

512 2836 690 2891 aliena
736 2836 861 2905 jura
914 2835 1219 2905 pulsantem
1246 2876 1261 2901 ,
1297 2834 1609 2905 fugitantem
1664 2833 1838 2888 litium
1865 2874 1880 2899 ,
1911 2832 2113 2887 abhor-

513 2937 727 2983 rentem
775 2944 804 2981 a
847 2927 1076 2997 iurgiis,
1112 2925 1470 2981 redimentem
1499 2925 1846 2982 concordiam
1873 2934 1926 2979 et
1969 2935 2115 2979 tran-

512 3019 801 3088 quillitatis
830 3019 1081 3088 gratiam.
1112 3016 1389 3087 Siquidem
1417 3018 1484 3073 de
1511 3033 1609 3073 suo
1634 3019 1759 3087 jure
1799 3017 1972 3071 virum
2016 3018 2115 3071 bo-

515 3126 645 3167 num
682 3110 887 3179 aliquid
916 3111 1195 3177 relaxare,
1243 3128 1350 3165 non
1389 3110 1563 3166 solum
1609 3110 1987 3178 liberalitatis,
2019 3112 2112 3168 sed
2141 3098 2188 3175 C

516 3204 833 3273 plerumque
857 3204 1018 3259 etiam
1050 3202 1458 3259 commoditatis
1484 3213 1586 3259 est.
1618 3203 1863 3259 Primum
1895 3204 2115 3273 dispen-

515 3298 607 3353 dio
635 3296 743 3352 litis
770 3313 977 3365 carere,
998 3314 1104 3353 non
1133 3297 1411 3353 mediocre
1440 3298 1777 3364 estlucrum;
1806 3298 2005 3356 deinde
2026 3314 2113 3354 ac-

514 3418 621 3484 tnr.
647 3408 911 3466 Tollenda
939 3410 1100 3481 igitur
1130 3409 1255 3465 huic
1289 3410 1432 3465 malo
1461 3411 1608 3483 leges
1635 3414 1913 3468 nonnulla:
1944 3430 2108 3484 repe-

514 3483 730 3553 riuntur
755 3484 894 3536 datae
924 3486 991 3553 ab
1020 3483 1437 3553 imperatoribus
1463 3494 1580 3553 aut
1624 3494 1752 3553 puta
1783 3500 1812 3538 a
1851 3483 2108 3541 Theodo-

513 3551 596 3607 sio
620 3565 672 3608 et
696 3552 931 3607 Arcadio
954 3551 1044 3607 lib.
1072 3550 1142 3607 iv
1170 3564 1222 3607 et
1254 3568 1363 3614 xvr,
1389 3550 1452 3607 de
1484 3550 1678 3610 Panis.
1711 3556 1881 3609 Porro
1904 3572 2114 3613 morem

514 3623 658 3695 hunc
699 3639 809 3694 quo
851 3624 1033 3678 clerici
1082 3639 1145 3677 ac
1202 3624 1452 3695 monachi
1501 3627 1771 3695 supplicio
1817 3641 1942 3681 reos
1975 3628 2113 3682 alias

515 3694 830 3767 eximebant
857 3737 871 3757 ,
906 3696 1155 3764 (iujacius
1179 3736 1195 3758 ,
1239 3694 1503 3767 Ifaratitlo
1532 3694 1668 3767 (cod.
1713 3697 1777 3749 de
1809 3696 1987 3767 Episc.
2015 3716 2111 3752 au-

514 3765 731 3826 dientia.
765 3760 1005 3840 autumat
1037 3775 1213 3840 ortum
1241 3760 1467 3840 duxisse
1495 3765 1563 3818 ab
1589 3760 2113 3840 exemplo'pagano-

513 3852 635 3909 [nm
663 3837 1077 3909 sacrilicorum;
1132 3837 1235 3890 hoc
1279 3839 1427 3891 enim
1478 3853 1542 3891 eo
1583 3840 1707 3906 jure
1742 3837 2112 3909 potitos'esse

511 3906 705 3973 Taciti,
722 3909 964 3963 Suetonii
1002 3921 1056 3963 et
1080 3908 1351 3964 Plutarchi
1373 3909 1701 3963 auctoritate
1723 3906 1866 3966 idem
1891 3913 2107 3967 astruit.

511 3976 777 4052 Superest
802 3990 982 4052 autem
1023 3984 1317 4035 etiamnum
1347 3978 1488 4052 apud
1514 3995 1611 4034 nos
1633 3983 1914 4051 vestigium
1944 3983 2113 4052 quod—

510 4049 637 4123 dam
674 4049 872 4123 prisca:
905 4051 1065 4120 hujus
1109 4051 1521 4105 consuetmlinis
1552 4092 1567 4114 ,
1595 4052 1744 4123 idum
1777 4049 2110 4123 Rothomagi

508 4122 739 4189 singulis
765 4123 926 4176 annis
950 4162 965 4189 ,
1008 4126 1143 4177 festo
1177 4123 1533 4176 Aseensionis
1554 4122 1640 4177 die
1666 4164 1681 4190 ,
1715 4140 1854 4180 unus
1904 4126 1971 4180 de
2002 4122 2111 4180 reis

513 4191 821 4254 homicidii,
870 4202 1158 4261 postquam
1191 4194 1423 4246 solemni
1472 4194 1578 4246 ritu
1624 4209 1839 4249 Sacrum
1885 4196 2111 4253 Romani

512 4262 756 4331 episcOpi
789 4261 1044 4316 feretrum
1081 4264 1322 4315 humeris
1348 4262 1584 4330 subivit,
1613 4266 1912 4320 absolvitur
1947 4285 1958 4321 :
2001 4268 2114 4323 Au-

513 4331 707 4408 reliani
738 4347 955 4408 quoque
1002 4348 1141 4385 novo
1173 4335 1429 4408 episcopo
1462 4334 1512 4386 in
1551 4352 1668 4389 eam
1704 4334 1891 4393 urbem
1926 4340 2107 4408 ingre-

512 4402 681 4456 dienti
711 4404 956 4476 quisquis
983 4404 1301 4476 occurrerit,
1336 4405 1383 4460 si
1413 4416 1592 4460 rerum
1626 4410 1937 4476 capitalium
1974 4402 2110 4464 noxa

513 4482 787 4553 teneatur,
807 4474 1011 4553 eadem
1034 4475 1271 4553 donatur
1289 4476 1641 4553 impunitate;
1662 4474 1821 4551 cujus
1846 4482 2111 4553 privilegii

513 4545 764 4617 meminit
806 4545 896 4602 lvo
925 4545 1151 4617 Cernot.
1188 4548 1331 4616 epi~t
1361 4549 1451 4617 ἥδ.
1634 4610 1639 4617 _

586 4622 611 4652 κ
638 4616 749 4670 Cic.
779 4618 871 4671 lib.
903 4634 938 4671 tt
966 4616 1124 4672 Ollio.
1180 4614 1300 4685 pag.
1331 4614 1456 4683 ⁸586,
1485 4618 1583 4673 lin.
1614 4614 1682 4675 '57
1708 4639 1720 4674 :
1770 4622 1925 4678 Recte
1956 4625 2112 4678 etiam

510 4705 543 4741 a
573 4685 614 4740 Τ
621 4688 937 4754 Iteophrasto
964 4702 1040 4744 est
1069 4690 1283 4744 laudata
1313 4691 1665 4757 hospitatitas.
1691 4702 1797 4747 etc.

584 4758 872 4835 [Quidam
899 4776 1053 4819 mss"
1080 4764 1266 4829 ianua.
1304 4761 1511 4828 Quanta
1536 4764 1702 4835 gratia
1722 4770 1768 4819 et
1796 4780 1986 4821 merces
2009 4776 2104 4833 est,

505 4829 597 4900 qui
622 4830 855 4904 hospites
877 4842 923 4886 et
956 4834 1250 4904 peregrinos
1277 4836 1515 4901 suscipit.
1536 4829 1715 4891 Valde
1744 4837 1822 4901 id,
1851 4848 1960 4892 etc.

583 4911 607 4940 ο
636 4900 773 4958 lbtd.
796 4945 812 4966 ,
848 4900 966 4973 pag.
999 4900 1126 4964 583.
1159 4908 1251 4960 liu.
1278 4908 1348 4961 30
1372 4924 1384 4958 :
1419 4906 1483 4960 In
1509 4910 1648 4962 omni
1674 4922 1735 4961 re
1751 4900 2106 4962 contrahenda

512 5002 531 5026 ,ι
556 5009 571 5025 .
590 5013 620 5054 ..
658 5013 673 5027 .
693 4991 899 5044 (equum
928 4985 979 5030 et
1008 4978 1232 5046 facilem,
1264 4978 1429 5032 multa
1458 4980 1641 5034 multis
1669 4980 1733 5033 de
1759 4996 1855 5034 suo
1867 4985 1994 5054 jure
2018 4978 2098 5033 des

509 5042 789 5112 cedentem,
818 5057 924 5105 etc.

580 5113 607 5152 ἀ
635 5118 780 5172 Edit.
812 5134 1022 5182 omnes.
1055 5134 1170 5186 qnte
1194 5121 1535 5174 contemve'itti
1563 5122 1740 5189 aliqua
1767 5121 1820 5175 in
1852 5128 2103 5189 tempore,

507 5198 685 5252 postea
720 5192 1003 5259 fructuosae
1034 5195 1135 5244 sint
1164 5191 1188 5243 7
1230 5205 1363 5245 mss.
1394 5204 1527 5245 vero
1551 5206 1772 5255 omnes,
1807 5202 1863 5245 ut
1891 5192 1942 5245 in
1974 5204 2103 5245 con-

509 5265 698 5335 tentu;
730 5261 774 5314 si
801 5273 980 5314 tamen
1012 5274 1177 5335 unum
1207 5274 1299 5335 aut
1325 5262 1557 5335 alterum
1585 5266 1829 5332 excipias
1854 5304 1869 5325 ,
1909 5262 1997 5317 ubi
2027 5262 2103 5317 le-

505 5333 669 5449 ggtur,
702 5333 1175 5449 quae‘contemneuti
1201 5333 1376 5403 aliqua
1396 5334 1453 5387 in
1481 5341 1728 5406 tempore,
1759 5341 1935 5403 postea
1956 5336 2099 5404 fratc-

569 5414 660 5449 080
682 5418 807 5449 erun
839 5444 852 5449 -

532 5413 660 5452 ηοω
682 5412 852 5457 erunt.

585 5480 608 5543 f3
655 5473 765 5527 Cic.
826 5474 921 5527 lib.
973 5489 1010 5528 π
1053 5471 1209 5527 Ollio.
1242 5515 1255 5537 ,
1305 5488 1425 5543 pag.
1459 5473 1595 5538 584,
1650 5475 1744 5529 lin.
1772 5473 1885 5526 es:
1920 5472 2104 5543 Itaque

509 5540 661 5623 vulgo
684 5544 961 5614 loquuntur
990 5558 1043 5598 se
1069 5545 1127 5597 in
1152 5540 1411 5615 beneﬁcii}
1445 5544 1771 5601 collocandis
1804 5554 1970 5598 mores
2008 5540 2103 5597 ho-

510 5626 728 5678 minum,
748 5624 857 5670 etc.

590 5682 607 5720 τ
640 5685 837 5743 Plures
863 5685 996 5740 edit.
1022 5695 1077 5741 et
1102 5685 1320 5756 quidam
1348 5699 1476 5741 mss.
1506 5728 1521 5754 ,
1574 5685 1676 5755 Qui
1722 5686 1821 5743 scit
1855 5701 1925 5741 an
1963 5693 2010 5741 et
2048 5693 2103 5740 tu

2220 1837 2382 1888 erant,
2409 1830 2456 1877 et
2482 1818 2760 1892 aperuislis
2788 1822 2868 1875 me
2893 1816 3109 1891 (Matth.
3142 1824 3274 1884 xxv,
3306 1816 3424 1888 56).

2296 1916 2418 1973 108.
2460 1914 2642 1972 Suave
2689 1920 2776 1969 est
2818 1912 2983 1984 igitur
3024 1922 3133 1967 non
3165 1912 3411 1982 pecuniae
3436 1952 3451 1978 ,
3494 1906 3591 1966 sed
3629 1909 3835 1981 gratiae

2220 2005 2465 2063 studere.
2498 2015 2523 2054 Β
2571 1992 2769 2060 Verum
2812 2003 2916 2059 hoc
2962 2004 3167 2059 malum
3210 1998 3527 2073 jamdudum
3574 2000 3837 2057 humanis

2220 2100 2433 2155 inﬂuxit
2484 2097 2788 2163 tuentibus,
2823 2106 2880 2152 ut
2928 2090 3158 2167 pecunia
3207 2088 3404 2150 honori
3436 2098 3538 2161 sit,
3568 2102 3622 2149 ct
3653 2094 3835 2156 animi

2220 2193 2503 2249 hominum
2531 2192 2842 2248 divitiarum
2870 2184 3231 2246 admiratione
3271 2189 3574 2261 capianttIr.
3608 2180 3740 2243 Inde
3766 2202 3836 2243 se

2218 2286 2487 2343 immersit
2515 2286 2741 2340 avaritia
2767 2327 2780 2351 ,
2810 2284 2978 2341 veluti
3007 2282 3260 2355 quaadam‘
3293 2284 3554 2338 bonorum
3598 2280 3835 2336 ariditas

2217 2378 2650 2443 ofticiorum;ut
2695 2377 2947 2433 homines
2996 2376 3258 2431 damnum
3315 2384 3510 2444 putent
3557 2374 3832 2445 quidquid

2217 2481 2417 2541 praeter
2440 2480 2649 2527 morem
2669 2469 3027 2540 impenditur.
3044 2460 3155 2524 Sed
3178 2469 3340 2523 etiam
3365 2468 3418 2522 in
3434 2466 3536 2522 hoc
3561 2462 3834 2520 adversus

2216 2562 2544 2626 avaritiam,
2575 2574 2643 2617 ne
2686 2560 2829 2629 quod
2873 2557 3073 2615 aﬂ'erre
3114 2557 3283 2628 possit
3312 2556 3780 2628 impedimentum
3811 2598 3828 2622 ,

2217 2654 2498 2726 prospexit
2524 2653 2806 2724 Scriptura
2839 2652 3184 2717 venerabilis,
3216 2650 3405 2709 dicens
3434 2668 3454 2707 :
3482 2651 3618 2718 Quia
3641 2650 3833 2704 melior

2215 2752 2294 2802 est
2323 2738 2649 2819 hospitalitas
2677 2762 2793 2801 cum
2813 2745 3036 2801 oleribus
3064 2738 3248 2816 (Prov.
3282 2752 3370 2810 sv,
3408 2740 3518 2816 17).
3550 2740 3616 2798 Et
3645 2742 3825 2798 infra:

2216 2839 2407 2895 Melior
2432 2852 2506 2896 est
2534 2841 2684 2912 panis
2715 2841 2769 2895 in
2797 2840 3046 2895 suavitate
3073 2848 3191 2893 eum
3207 2853 3331 2908 pace
3363 2832 3545 2910 (Prov.
3575 2848 3706 2905 xvtt,
3738 2834 3823 2907 1).

2214 2932 2329 2989 Non
2370 2935 2519 2989 enim
2574 2933 2829 3005 prodigos
2881 2946 2979 2989 nos
3007 2931 3169 2989 docet
3205 2942 3327 2988 esse
3369 2928 3685 3002 seripttIra,
3720 2928 3828 2987 sed

2214 3027 2490 3084 liberales.

2293 3122 2416 3178 109.
2456 3123 2744 3194 Largitatis
2775 3124 2918 3179 enim
2945 3116 2973 3160 ιι
2999 3120 3108 3178 duo
3136 3131 3266 3177 sunt
3310 3119 3556 3193 general
3592 3139 3605 3175 :
3650 3134 3825 3176 unum

2221 3216 2603 3283 liberalitatis,
2660 3216 2891 3272 alterum
2938 3215 3181 3287 prodigae
3229 3214 3531 3271 etfusionis.
3563 3212 3829 3269 Liberale

2220 3320 2302 3365 est
2326 3309 2560 3381 hospitio
2586 3310 2832 3381 recipere
2852 3351 2867 3375 ,
2899 3310 3102 3366 nudum
3129 3308 3352 3376 vestire,
3383 3308 3661 3363 redimere
3687 3320 3828 3374 cap-

2215 3436 2332 3475 cum
2374 3422 2592 3488 suspicis
2643 3422 2896 3491 hospitem
2961 3461 2974 3474 .
3024 3460 3038 3475 .
3086 3462 3099 3474 .
3158 3461 3172 3475 .
3233 3436 3348 3475 cum
3393 3419 3448 3474 in
3498 3410 3699 3489 hospita
3753 3422 3829 3475 sit

2215 3491 2469 3546 Christus.

2287 3572 2313 3610 ε
2342 3562 2454 3618 Cic.
2486 3562 2579 3616 lib.
2609 3562 2852 3627 110Ηίοη
2894 3574 3014 3632 pag.
3047 3561 3156 3618 381
3181 3603 3196 3627 ,
3246 3563 3342 3617 litt.
3372 3561 3445 3616 25
3486 3578 3498 3615 :
3556 3559 3667 3616 Sed
3700 3561 3828 3630 quis

2214 3644 2290 3688 est
2317 3638 2521 3688 tandem
2545 3635 2632 3702 qui
2652 3635 2824 3705 inopis
2849 3643 2895 3688 et
2918 3634 3103 3705 optimi
3130 3634 3228 3687 viri
3252 3644 3425 3688 cauare
3461 3642 3564 3686 non
3590 3643 3826 3705 antepo-

2213 3716 2322 3767 nat.
2355 3715 2461 3759 etc.
2511 3706 2642 3761 Item
2672 3702 2771 3761 lin.
2806 3706 2914 3760 45:
2947 3703 3053 3759 Sed
3090 3706 3325 3776 corrupti
3364 3719 3529 3761 mores
3564 3702 3827 3774 deprava-

2216 3777 2356 3843 tique
2374 3786 2489 3829 sunt
2511 3776 2852 3831 admiratione
2874 3776 3188 3830 divitiarum.

2289 3844 2316 3883 δ
2339 3846 2475 3901 Ibid.
2494 3890 2507 3911 ,
2539 3861 2661 3917 pag,
2685 3848 2816 3912 582,
2842 3847 2940 3901 lin.
2966 3846 3035 3901 12
3060 3863 3072 3898 :
3104 3843 3330 3900 Omnino
3355 3844 3457 3898 duo
3483 3848 3604 3899 sunt
3626 3858 3823 3917 genera

2215 3917 2501 3988 largorum,
2525 3915 2743 3990 quorum
2764 3918 2911 3972 alteri
2945 3917 3152 3990 prodigi
3192 3917 3437 3990 dicuntur
3461 3952 3475 3980 ,
3518 3928 3627 3971 etc.
3681 3915 3824 3982 Qum

2214 3998 2394 4063 {titiam
2424 3989 2826 4063 prodigalitatis
2853 3988 3101 4063 exempla
3152 3988 3389 4063 subjecit
3429 3995 3658 4063 sanctus
3688 3991 3823 4042 Anth

2216 4056 2437 4114 hrosins
2460 4102 2474 4124 ,
2517 4056 2705 4115 eadem
2733 4060 2842 4130 jam
2872 4056 3052 4128 priore
3082 4056 3460 4128 totno'sa‘pins
3506 4058 3822 4130 etagitave-

2216 4141 2326 4192 rat;
2357 4132 2637 4185 enimvero
2683 4127 3065 4185 conviviorum
3093 4129 3279 4184 laXum
3303 4130 3467 4199 atque
3492 4127 3817 4199 elfuéinnem

2215 4215 2335 4255 enm
2352 4203 2479 4255 alibi
2505 4217 2613 4256 non
2644 4202 2835 4266 semel,
2866 4210 2979 4255 tum
3016 4201 3265 4265 plurimis
3286 4200 3422 4254 locis
3462 4200 3556 4255 lib.
3587 4204 3653 4253 de
3692 4198 3821 4254 Elia

2214 4280 2260 4325 et
2287 4271 2531 4345 .lejunior
2546 4273 2661 4327 suis
2683 4273 2963 4345 coloribus
2988 4271 3259 4345 descripta
3285 4271 3556 4345 reperies:
3585 4272 3661 4345 ide
3682 4272 3817 4345 circi

2215 4332 2395 4397 autci'n
2420 4358 2484 4397 ac
2512 4332 2710 4397 theatri
2733 4342 3056 4411 spectaculis
3087 4332 3363 4409 praecipue
3385 4341 3555 4396 habes
3583 4344 3635 4395 in
3670 4343 3813 4411 psal.

2214 4427 2403 4476 cxvm,
2427 4428 2592 4469 serm.
2624 4413 2679 4479 5,
2706 4410 2827 4482 pag.
2868 4412 3025 4467 1025.
3058 4410 3214 4481 Quod
3246 4422 3426 4466 autem
3458 4410 3513 4466 in
3549 4412 3822 4479 gladiato-

2217 4500 2336 4539 rum
2370 4498 2596 4540 munera
2641 4498 2749 4539 non
2793 4486 2863 4538 ita
2896 4485 3093 4538 crebro
3127 4482 3411 4538 invehitur
3435 4518 3453 4549 ,
3504 4483 3631 4537 hinc
3676 4482 3822 4542 forte

2217 4560 2412 4610 merito
2442 4557 2768 4620 collexeris,
2802 4555 3091 4611 Mediolani
3138 4570 3326 4624 parum
3356 4556 3615 4610 usitatum
3645 4552 3822 4613 fuisse

2214 4627 2437 4682 crudele
2470 4627 2605 4681 illud
2646 4626 3030 4681 oblectationis
3070 4640 3243 4696 genus
3268 4668 3282 4691 ,
3327 4625 3472 4696 qttod
3519 4639 3818 4692 numquam

2216 4710 2325 4750 non
2364 4710 2583 4753 summo
2632 4712 2755 4753 cum
2801 4698 3085 4752 stomacho
3130 4697 3387 4751 detestati
3427 4704 3555 4750 sunt
3600 4697 3818 4766 antiqui

2212 4767 2419 4823 Patres.
2465 4768 2545 4823 De
2578 4768 2895 4836 huiusmodi
2933 4767 3326 4822 certaminibus
3351 4775 3552 4837 pratter
3595 4776 3818 4823 veteres

2209 4847 2464 4894 auctores
2510 4854 2540 4893 e
2587 4838 2988 4894 recentioribus
3054 4839 3472 4893 attruratissime
3514 4837 3821 4903 (Βαριηυῆ

2211 4907 2261 4979 J.
2282 4907 2497 4978 Lipsius
2518 4910 2611 4965 lib.
2644 4910 2813 4965 duob.
2843 4911 3212 4964 Saturnalium
3239 4926 3251 4961 :
3282 4908 3592 4963 Rosinusiu
3620 4909 3814 4979 Antiq.

2209 4978 2371 5034 Rom.
2422 4981 2681 5036 nonnulla
2714 5023 2727 5043 .
2780 4980 3107 5037 Laurentius
3146 4982 3198 5034 in
3234 4979 3592 5051 APolyt'trathia
3640 4980 3816 5034 multa

2209 5054 2505 5117 congessit.
2554 5052 2817 5108 Ultimum
2865 5051 3083 5107 tandem
3115 5048 3324 5121 prodigi
3348 5048 3600 5121 sumptus
3626 5062 3822 5121 exelu-

2210 5121 2361 5191 plum
2393 5123 2543 5191 ponit
2572 5125 2917 5182 venationes.
2937 5123 3215 5177 circenses
3240 5119 3496 5176 videlicet
3534 5122 3584 5174 in
3616 5119 3819 5187 quibus

2212 5188 2357 5246 feras
2386 5188 2637 5275 insolitas
2669 5204 2966 5276 pecto-tam
2998 5192 3236 5275 Africam
3259 5192 3505 5276 aliasque
3528 5191 3820 5276 dissitissi-

2212 5277 2329 5317 mas
2361 5265 2615 5333 regiones
2644 5263 2896 5319 maximis
2930 5263 3192 5332 impensis
3243 5261 3578 5332 conquisitas
3610 5261 3817 5333 pupula

2210 5332 2541 5390 exhibebant
2566 5352 2578 5389 :
2607 5334 2675 5389 de
2697 5350 2803 5402 qua
2832 5333 3065 5388 venandi
3088 5335 3301 5388 ratione
3325 5334 3491 5388 multa
3520 5340 3646 5386 sunt
3667 5332 3818 5401 apud

2210 5403 2508 5474 Martialem
2562 5405 3009 5474 epigrammata:
3066 5404 3329 5474 nonnulla
3378 5414 3593 5473 qucque
3647 5402 3819 5459 habet

2208 5473 2501 5546 §uetonius
2527 5516 2541 5540 ,
2575 5483 2756 5546 (atque
2806 5475 2935 5530 alii:
2983 5473 3081 5546 sed
3124 5474 3407 5546 adeundus
3444 5482 3557 5546 pra;
3594 5476 3817 5531 caeteris

2208 5544 2443 5600 Tertull.
2473 5546 2537 5599 de
2559 5543 2910 5613 Spectaculis,
2937 5554 2992 5601 et
3026 5543 3273 5600 Cassiod.
3309 5544 3406 5598 lib.
3442 5558 3476 5599 v
3511 5544 3636 5598 Var.

2288 5614 2301 5651 i
2334 5616 2470 5671 Cod.
2503 5616 2618 5684 Big.
2655 5626 2775 5683 post
2806 5628 3000 5671 vocem
3028 5622 3217 5686 genere
3243 5615 3544 5686 subiungit,
3581 5613 3657 5668 De
3681 5613 3817 5670 dao-

2209 5686 2303 5742 bus
2323 5685 2593 5760 generibus
2617 5686 2895 5757 largitatis.
2925 5687 3030 5743 Sed
3063 5701 3127 5742 ex
3160 5686 3427 5755 margines
