4030 6188
155 202 259 269 13⁸»

1232 210 1323 273 DE
1361 208 1651 275 OFFICIIS
1690 206 2172 278 MINISTRORUM
2212 217 2343 280 LIB.
2386 223 2449 280 II.

3378 230 3484 287 154

169 331 337 396 tivos,
368 343 481 385 non
533 328 820 387 habentes
849 336 1068 402 sumptu
1094 326 1322 398 iuvare:
1358 329 1639 402 prodigum
1667 307 1860 396 est,‘,.\
1890 336 2031 404 regis
2065 336 2229 403 filius,
2262 335 2462 395 decore
2494 337 2743 409 insignis,
2775 341 3028 411 egregius
3072 343 3243 399 forma
3279 385 3295 412 ,
3341 361 3484 415 prae-

175 423 505 492 sumptuosis
553 421 885 480 elﬂuescere
928 421 1310 486 conviviis,et
1343 424 1467 478 vino
1516 424 1785 494 plurimo;

180 516 320 573 unde
362 516 550 587 lqisti
590 533 605 571 :
643 516 940 589 Prodigum
985 527 1057 573 est
1088 517 1293 583 vinum,
1330 527 1378 571 et
1417 517 1793 572 contumeliosa

179 608 393 664 ebrietas
418 606 612 679 (Prov.
649 620 751 673 xx,
778 606 853 681 I).
887 608 1175 679 Prodigum
1200 620 1283 663 εει
1318 610 1596 680 popularis
1636 608 1790 665 favo-

182 702 261 756 ris
284 701 454 772 gratia
506 700 800 757 exinanire
849 702 1097 773 proprias
1146 714 1278 771 Opes
1323 716 1337 755 :
1390 700 1536 772 quod
1586 700 1794 757 faciunt

184 799 278 872 qui
294 798 434 855 ludis
459 800 820 867 circensibus,
839 800 921 855 vel
944 800 1106 857 etiam
1135 799 1514 867 theatralibus,
1531 808 1586 854 et
1603 815 1795 855 mune-

182 893 330 949 ribus
353 891 729 964 gladiaturiis,
778 890 867 948 vel
912 893 1075 948 etiam
1106 892 1492 947 venationibus
1537 890 1795 960 patrimo-

180 987 329 1043 nium
382 984 681 1056 dilapidant
709 999 890 1053 suum,
923 993 982 1041 ut
1024 986 1246 1042 vincant
1275 982 1620 1055 superiorum
1647 984 1795 1040 cele-

180 1080 443 1144 britates;
486 1093 610 1133 cum
656 1086 826 1133 totum
878 1077 1011 1132 illud
1064 1079 1136 1133 sit
1178 1079 1363 1145 inane,
1414 1076 1559 1148 quod
1604 1078 1788 1148 agunt.

177 1169 638 1242 Quandoquidem
682 1170 845 1224 etiam
895 1166 1161 1226 bonorum
1212 1182 1439 1240 operum
1487 1168 1793 1239 sumptibus

178 1265 607 1324 immoderatum
635 1279 758 1321 esse
783 1266 891 1321 non
923 1264 1139 1319 deceat.

256 1360 385 1415 110.
416 1367 442 1396 ⁸
468 1358 699 1413 Pulchra
731 1358 1030 1413 liberalitas
1058 1355 1227 1430 (Disl.
1261 1356 1353 1421 86,
1381 1362 1499 1424 cap.
1532 1350 1791 1426 Pulchra)

180 1468 311 1524 erga
339 1453 492 1521 ipsos
536 1463 750 1520 quoque
782 1462 1052 1520 pauperes
1078 1446 1107 1487 δ
1136 1462 1450 1504 mensuram
1480 1453 1705 1511 tenere,
1737 1456 1797 1500 ut

181 1540 435 1600 abundes
480 1542 774 1611 pluribus:
845 1556 954 1596 non
1002 1539 1328 1596 conciliandi
1377 1536 1581 1595 favoris
1621 1539 1793 1609 gratia

182 1642 324 1697 ultra
371 1637 598 1695 modum
654 1634 842 1693 ﬂuere.
873 1634 1147 1706 Quidquid
1199 1649 1266 1689 ex
1300 1630 1496 1688 aﬂ'ectu
1545 1647 1682 1703 puro
1733 1645 1796 1687 ac

182 1739 402 1795 sincero
444 1733 735 1803 promitur.
766 1732 871 1789 hoc
907 1742 993 1787 est
1038 1726 1296 1787 decorum
1330 1749 1344 1784 :
1373 1740 1395 1770 ο
1444 1746 1552 1784 non
1600 1744 1793 1799 super-
1822 1702 1870 1770 Β

183 1830 319 1888 ﬂuas
349 1828 740 1885 adiﬁcationes
768 1824 1016 1898 aggredi,
1040 1841 1140 1882 nec
1162 1823 1581 1897 praetermittere
1604 1837 1794 1879 neces-

186 1923 384 1978 sarias.

258 2016 384 2071 111.
425 2010 497 2070 Et
530 2015 766 2070 maxime
819 2002 1088 2067 sacerdoti
1138 2009 1239 2064 hoc
1275 2002 1566 2071 convenit,
1595 2018 1793 2061 ornare

188 2108 284 2168 Dei
316 2110 581 2181 templum
633 2108 835 2165 decore
876 2120 1149 2175 congruo,
1182 2114 1238 2159 ut
1286 2102 1449 2159 etiam
1495 2100 1601 2157 hoc
1645 2100 1790 2156 cultu

190 2204 310 2259 auia
361 2200 575 2258 Domini
619 2199 970 2271 resplendeat
1018 2214 1031 2252 :
1085 2195 1362 2266 impensas
1403 2192 1793 2250 misericordia:

190 2295 580 2352 convenientes
611 2290 960 2362 frequentare
991 2307 1005 2344 :
1036 2297 1297 2360 quantum
1330 2292 1581 2358 oporteat
1610 2280 1793 2354 largiri

193 2388 527 2459 peregrinis;
561 2400 668 2442 non
719 2382 1033 2455 superﬂua,
1063 2376 1161 2439 sed
1206 2381 1573 2451 eonnpetentia
1626 2399 1640 2436 :
1689 2388 1796 2435 non

194 2480 593 2547 redundantia,
623 2478 720 2535 sed
771 2490 1008 2550 congrua
1058 2474 1422 2542 humanitati;
1470 2491 1540 2531 ne
1579 2480 1796 2543 sumptu

198 2588 493 2644 pauperum
522 2572 759 2632 alienam
788 2571 894 2627 sibi
921 2578 1129 2643 quierat
1180 2570 1408 2640 gratiam
1430 2609 1444 2632 ,
1479 2583 1582 2624 nec
1611 2566 1799 2622 restri-

192 2666 417 2720 ctiorem
463 2679 588 2734 erga
640 2663 874 2719 clericos
928 2672 1021 2717 aut
1068 2656 1532 2733 indulgentiorem
1565 2675 1624 2715 se
1652 2675 1797 2731 prie-

150 2788 153 2791 -
195 2757 339 2813 beat.
373 2754 623 2811 Alterum
651 2755 798 2810 enim
828 2753 1207 2821 inhumanum,
1233 2753 1462 2808 alterum
1486 2750 1799 2824 prodigum;

196 2849 239 2904 si
271 2854 366 2902 aut
402 2856 654 2916 sumptus
684 2846 831 2902 desit
876 2837 1191 2903 necessitati
1233 2861 1423 2901 eorum
1457 2859 1594 2915 quos
1624 2849 1651 2899 a
1685 2862 1803 2901 sor-

195 2938 338 2994 didis
365 2939 759 3009 negotiationis
809 2937 1055 3008 aucttpiis
1098 2938 1383 2992 retrahere
1431 2935 1634 2993 debeas
1665 2954 1677 2989 :
1712 2944 1807 2992 aut

194 3033 463 3103 voluptati
486 3030 814 3102 superﬂuat.

700 3122 811 3197 97
859 3116 1093 3179 CAPUT
1131 3120 1296 3177 XXII.

198 3214 413 3274 ludum
442 3216 579 3273 inter
621 3217 835 3271 nimium
864 3216 1224 3271 remissionem
1250 3230 1311 3268 ac
1338 3214 1659 3268 severitatem
1693 3229 1803 3268 esse

267 3309 633 3375 statuendum;
678 3324 767 3362 eos
817 3308 953 3360 enim
981 3307 1070 3376 qui
1117 3303 1365 3371 alfectala
1408 3302 1711 3358 remissione
1748 3305 1804 3357 in

266 3405 494 3459 aliarum
516 3402 724 3457 animos
753 3400 979 3469 irrepere
1003 3399 1314 3463 moliuntur,
1343 3394 1567 3451 solidum
1605 3413 1668 3452 ac
1698 3395 1800 3449 du-

264 3508 505 3554 rotarum
564 3495 701 3550 nihil
753 3494 992 3565 consequi
1030 3490 1212 3563 :quod
1260 3486 1587 3546 Abessalonis
1632 3504 1805 3545 exent-

271 3590 415 3661 plum
442 3586 573 3642 satis
602 3583 844 3641 ostendit.

270 3682 393 3739 112.
436 3681 583 3748 Quin
614 3678 778 3735 etiam
809 3678 1107 3735 verborum
1142 3677 1385 3747 ipsorum
1416 3684 1471 3731 et
1502 3681 1804 3749 prsecepto-

201 3788 323 3831 rum
349 3784 473 3829 esse
504 3780 821 3827 mensuram
846 3768 1132 3835 convenit;
1166 3784 1233 3824 ne
1262 3776 1356 3822 aut
1407 3768 1572 3823 nimia
1605 3769 1803 3824 remis-

203 3870 284 3924 sio
334 3864 607 3932 videatur,
653 3874 747 3919 aut
790 3864 960 3919 nimia
1011 3858 1300 3919 severitas.
1359 3858 1608 3934 Plerique
1657 3864 1802 3918 enim

202 3954 229 3995 δ
254 3958 599 4014 remissiores
628 3954 843 4010 malunt
872 3969 1014 4022 esse,
1051 3962 1108 4009 ut
1144 3950 1436 4009 videantur
1473 3954 1598 4009 boni
1631 3969 1755 4009 esse
1786 3970 1804 4009 :

203 4050 301 4106 sed
333 4049 464 4104 nihil
503 4048 831 4103 simulatum
873 4057 932 4101 et
976 4046 1169 4101 ﬂetum
1211 4062 1353 4101 verm
1399 4047 1626 4101 virtutis
1680 4058 1808 4102 esse

203 4155 413 4197 certum
442 4150 565 4207 est;
593 4139 727 4211 quin
759 4140 921 4194 etiam
953 4138 1274 4194 diuturnum
1324 4146 1449 4193 esse
1480 4151 1590 4193 non
1640 4134 1803 4194 solet.

202 4234 263 4290 In
297 4230 572 4306 principio
608 4240 825 4298 vernat,
860 4230 915 4288 in
942 4242 1204 4303 processu
1231 4234 1507 4303 tamquam
1539 4230 1805 4288 ﬂosculus

203 4327 505 4397 dissipatur
535 4335 595 4382 et
627 4326 864 4380 solvitur
893 4342 908 4379 :
937 4325 1083 4394 quod
1129 4334 1311 4380 autem
1343 4338 1539 4380 verum
1581 4339 1647 4379 ac
1695 4325 1807 4379 sin-

202 4433 421 4483 cer-Is,
448 4418 559 4473 alta
586 4416 773 4473 radice
795 4415 1077 4471 fundatur.

1891 439 2044 483 stans
2071 432 2328 499 juventa;
2378 432 2449 486 ita
2482 442 2538 486 ut
2568 431 2654 488 vir
2686 434 2809 489 talis
2840 434 2892 488 in
2927 432 3094 490 Israel
3141 453 3247 491 non
3272 440 3479 510 reperi-

1891 526 2063 585 retur,
2106 536 2137 574 a
2178 521 2410 589 vestigio
2457 524 2612 589 pedis
2668 523 2934 595 usquead
2985 526 3244 582 verticem
3291 530 3488 585 imma-

1890 609 2126 664 culatus.
2160 609 2209 665 ls
2232 610 2362 665 fecit
2384 611 2490 665 sibi
2536 628 2730 668 currus
2758 622 2815 668 et
2839 628 3030 684 equos,
3062 624 3118 670 et
3161 618 3308 671 viros
3333 619 3492 688 quin-

1891 702 2169 772 quaginta,
2228 704 2317 773 qui
2367 717 2764 773 praecurrerent
2832 715 2960 760 ante
3008 722 3154 761 eum.
3219 706 3493 778 Surgebat

1892 794 2156 861 diluculo,
2191 804 2245 850 et
2279 796 2463 852 stabat
2499 810 2627 853 ante
2655 808 2863 867 portam
2914 800 2964 853 iu
3014 799 3099 855 via
3126 818 3137 853 ;
3164 810 3221 855 et
3255 801 3486 873 siquem

1892 885 2219 942 advertisset
2251 888 2396 958 regis
2438 888 2637 956 judicia
2680 903 3036 960 qmcrcntem,
3083 893 3380 949 accedebat
3421 894 3489 950 ad

1892 995 2039 1047 eum,
2070 978 2259 1037 (licens
2291 999 2303 1037 :
2339 978 2418 1038 Ex
2461 999 2563 1054 qua
2612 984 2829 1039 civitate
2870 1000 2930 1039 es
2972 996 3025 1040 tu
3056 985 3491 1055 ?Respondebat

1891 1072 1987 1129 ille
2018 1092 2032 1127 :
2068 1073 2148 1129 Ex
2179 1090 2289 1130 una
2334 1076 2477 1131 tribu
2506 1090 2626 1131 sum
2674 1078 2739 1133 de
2773 1080 3015 1134 tribubus
3066 1078 3257 1146 Israel,
3301 1097 3493 1138 servus

1894 1177 2036 1220 tuus.
2066 1167 2360 1223 Referebat
2384 1168 2684 1225 Abessalon
2719 1188 2732 1224 :
2765 1170 2941 1225 Verba
2976 1182 3063 1226 tua
3106 1172 3246 1227 boaa
3277 1184 3490 1232 suntet

1893 1256 2125 1325 directa,
2158 1269 2213 1313 et
2240 1258 2329 1328 qui
2366 1269 2418 1313 te
2456 1260 2641 1315 audiat
2669 1276 2773 1316 non
2813 1272 2897 1316 est
2937 1263 3030 1316 tibi
3079 1260 3238 1318 datus
3275 1279 3306 1318 a
3339 1280 3490 1335 rege.

1892 1351 2026 1418 Quis
2054 1351 2350 1406 constituet
2376 1351 2747 1422 mejudicem,
2807 1362 2862 1408 et
2898 1355 3148 1424 quisquis
3188 1356 3257 1411 ad
3290 1372 3376 1413 me
3404 1372 3495 1414 ve-

1895 1443 2026 1509 niet,
2060 1443 2387 1515 cuicumque
2421 1444 2581 1500 fuerit
2611 1446 2878 1515 judicium
2912 1448 3488 1516 necess:\rititn,justi-

1896 1537 2068 1593 ﬁcabo
2102 1538 2279 1592 illum?
2306 1538 2532 1594 Talibus
2554 1538 2822 1595 delinibat
2846 1541 3094 1607 singulos
3117 1540 3489 1598 sermonibus.

1898 1628 1965 1684 Et
1994 1646 2116 1685 cum
2145 1628 2469 1687 accederent
2507 1632 2738 1688 adorare
2774 1649 2922 1698 eum,
2954 1633 3261 1690 extendens
3300 1650 3495 1690 manus

1896 1738 2046 1790 suas,
2098 1722 2549 1793 apprehendebat
2609 1733 2772 1795 atque
2812 1725 3164 1779 osculabatur
3227 1740 3347 1781 eos.
3403 1727 3494 1783 Sic

1896 1814 2167 1870 convertit
2194 1817 2245 1870 iu
2271 1830 2330 1871 se
2359 1816 2524 1871 corda
2550 1818 2815 1881 omnium,
2842 1816 2969 1871 dum
3006 1815 3282 1872 blanditia:
3309 1816 3496 1888 hujus-

1896 1904 2040 1962 modi
2073 1904 2390 1963 intimorum
2428 1918 2656 1980 tangunt
2688 1909 2962 1965 viscerum
3008 1925 3253 1964 sensum.

1967 1996 2092 2056 115.
2135 1994 2240 2058 Sed
2283 2001 2502 2058 delicati
2542 2002 2630 2058 isti
2660 2013 2715 2058 et
2756 2002 3029 2058 ambitiosi
3076 2003 3363 2074 elegerunt
3394 2004 3491 2058 ito—

1896 2091 2160 2147 norabilia
2192 2103 2247 2146 et
2274 2106 2424 2164 grata
2458 2093 2524 2149 ad
2568 2105 2784 2165 tempus
2823 2096 3176 2166 etjucuuda:
3204 2095 3300 2150 ubi
3329 2111 3496 2165 parva

1897 2185 2165 2254 ριόερειςὶι
2193 2183 2403 2250 dilatio,
2436 2200 2599 2253 quam
2646 2185 2883 2254 prudens
2926 2186 3170 2239 omnium
3224 2185 3494 2255 propheta

1898 2275 2177 2345 paulisper
2246 2272 2493 2331 cedendo
2558 2276 3014 2346 interponendam
3086 2277 3314 2345 putavit,
3386 2292 3497 2331 non

1900 2374 2196 2435 potuerunt
2279 2367 2514 2421 tolerare
2577 2380 2643 2421 ac
2728 2366 3019 2421 sustinere.
3096 2362 3340 2436 Denique
3400 2356 3493 2437 (ll

1900 2453 2198 2526 Reg.Xv1u.
2230 2448 2298 2526 5)
2329 2470 2436 2509 non
2477 2453 2733 2510 dubitans
2760 2456 2827 2510 de
2851 2452 3072 2511 victoria
3104 2453 3295 2523 David,
3343 2470 3495 2509 com-

1904 2543 2193 2601 mendabat
2224 2545 2393 2600 lilium
2422 2544 2780 2613 dimicaturis,
2817 2555 2873 2601 ut
2897 2547 2943 2601 ei
2980 2558 3287 2616 parcerent.
3340 2547 3495 2603 Ideo-

1902 2656 2008 2712 que
2037 2656 2137 2696 nec
2168 2638 2355 2710 prmlio
2380 2649 2402 2678 ε
2432 2639 2696 2696 interesse
2725 2640 2913 2695 maluit
2951 2658 2964 2705 ;
3033 2656 3100 2695 ne
3156 2641 3240 2697 vel
3290 2639 3497 2696 referre

1904 2742 2076 2795 arma,
2106 2727 2385 2799 parricida:
2416 2726 2564 2796 licet,
2599 2728 2897 2796 videretur,
2930 2728 3025 2784 sed
3058 2740 3236 2785 tamen
3269 2730 3403 2787 tilio.

1980 2818 2102 2877 116.
2147 2820 2342 2891 Liquet
2376 2821 2538 2894 igitur
2584 2837 2645 2876 ea
2697 2836 2818 2877 esse
2880 2834 3137 2891 perpetua
3182 2838 3246 2878 ac
3298 2822 3496 2891 solida,

1908 2928 2026 2984 qua:
2060 2926 2185 2968 vera
2231 2922 2378 2979 Sunt,
2429 2921 2485 2969 et
2526 2930 2649 2983 qua:
2695 2916 2908 2970 sincere
2960 2916 3139 2986 p0tius
3168 2931 3327 2986 quam
3370 2914 3501 2973 dolo

1908 3011 2305 3073 Congregautur
2335 3020 2349 3056 :
2380 3018 2442 3058 ea
2487 3020 2617 3058 vero
2646 3020 2767 3074 qua:
2816 3005 3166 3061 simulatione
3213 3018 3375 3077 atque
3416 3023 3504 3065 as-

1825 3103 1872 3167 c
1903 3094 2207 3150 seutatiune
2235 3101 2421 3165 parata
2449 3103 2597 3161 sunt,
2626 3111 2732 3150 non
2767 3112 2928 3166 posse
2954 3098 3046 3153 ditt
3081 3115 3456 3170 perseverare.

2403 3184 2761 3261 samem
2804 3188 2998 3246 XXIII.

1910 3278 2105 3335 Eorum
2134 3281 2224 3352 qui
2258 3280 2341 3337 vel
2367 3284 2585 3355 pecunia
2633 3284 2713 3339 vel
2755 3285 2950 3342 ambitu
2980 3288 3234 3362 redempti
3278 3292 3497 3361 fuerint,

1977 3376 2176 3445 ﬂuxam
2205 3376 2359 3443 [idem
2390 3393 2519 3432 esse.

1980 3462 2107 3523 “7.
2148 3468 2283 3538 Quis
2319 3470 2482 3540 igitur
2511 3470 2594 3529 vel
2632 3473 2757 3529 illos
2785 3471 2803 3512 ί
2835 3476 2925 3546 qui
2969 3479 3196 3546 pecunia
3254 3479 3319 3533 ad
3371 3480 3502 3537 obe-

1905 3560 2171 3619 dientiam
2204 3563 2564 3634 redimuntur,
2617 3567 2704 3623 vel
2742 3583 2838 3624 eos
2883 3568 2975 3639 qui
3016 3572 3385 3626 assentatione
3425 3572 3505 3626 iu-

1905 3656 2162 3717 vitantur.
2196 3656 2334 3712 ﬂdos
2357 3658 2461 3713 sibi
2490 3654 2814 3739 arbitretur?
2835 3658 2969 3716 Nam
3002 3663 3161 3718 etilli
3191 3661 3507 3732 frequenter

1907 3760 1969 3802 se
2010 3746 2250 3803 vendere
2280 3749 2491 3816 volunt,
2525 3759 2582 3804 et
2616 3751 2704 3805 isti
2756 3752 2981 3822 imperia
3027 3754 3159 3807 dura
3211 3752 3353 3809 ferre
3397 3769 3506 3809 non

1908 3850 2153 3909 possunt.
2200 3840 2333 3895 Levi
2373 3842 2833 3898 asseutatiuncula
2885 3842 3044 3899 facile
3089 3845 3382 3915 capiuntur
3416 3864 3429 3900 :
3461 3848 3509 3903 si

1909 3928 2297 4001 perstrinxeris
2320 3935 2507 3997 verbo,
2541 3935 2982 4001 immurmurant,
3007 3928 3292 4004 deserunt,
3324 3940 3506 3996 infesti

1908 4024 2133 4091 abeunt,
2182 4024 2523 4095 indignantes
2574 4028 2903 4097 relinquunt,
2956 4029 3224 4098 imperare
3277 4032 3504 4100 malunt,

1909 4130 2069 4185 quam
2116 4116 2342 4173 obedire
2371 4134 2387 4173 :
2418 4118 2572 4188 quasi
2611 4118 2881 4174 obnoxios
2913 4118 3202 4189 beneﬂcio,
3232 4124 3506 4194 subjectos

1910 4205 2013 4262 sibi
2041 4204 2247 4263 debere
2289 4222 2412 4266 esse
2455 4209 2803 4279 existimant,
2854 4227 2995 4283 quos
3038 4217 3362 4286 prmpositos
3406 4216 3511 4273 sibi

1915 4297 2116 4355 habere
2140 4300 2395 4357 debeant.

1988 4390 2114 4446 H8.
2156 4392 2290 4459 Quis
2330 4395 2492 4466 igitur
2533 4396 2641 4451 sibi
2676 4397 2866 4454 ﬁdeles
2916 4408 3089 4471 putet,
3120 4416 3258 4472 quos
3300 4400 3385 4457 vel
3419 4419 3510 4474 pc-

276 4510 401 4565 "3.
444 4507 517 4564 Et
585 4516 646 4563 ιη
688 4507 959 4579 exemptis
1012 4509 1358 4566 assert-mnes
1409 4516 1625 4566 nostras
1684 4526 1807 4580 pro.
1834 4492 1886 4552 D
1911 4486 2070 4580 conia
2099 4485 2183 4541 Vel
2210 4487 2528 4580 adulatione
2553 4491 2653 4547 sibi
2679 4490 3000 4564 obligandos
3030 4495 3350 4550 crediderit?
3376 4496 3514 4552 Nam

203 4602 427 4667 bemus,
456 4602 718 4672 quoniam
745 4617 865 4670 qum
905 4600 1165 4657 simulata
1199 4611 1353 4669 sunt,
1399 4602 1661 4658 diuturna
1685 4614 1808 4659 esse

205 4708 319 4749 non
345 4702 605 4763 possunt,
641 4692 739 4749 sed
768 4703 1048 4764 tamquam
1071 4693 1140 4749 ad
1188 4702 1407 4765 tempus
1435 4696 1669 4751 virentia
1698 4696 1811 4750 cito

203 4782 491 4855 decidunt,
539 4799 610 4842 ex
639 4796 705 4843 ea
754 4785 967 4842 faniiiia
1010 4801 1077 4843 ex
1128 4802 1233 4859 qua
1279 4786 1439 4844 nobis
1478 4788 1708 4858 plurima
1740 4788 1810 4844 ad

203 4877 423 4935 virtutis
472 4877 783 4948 proiectum
853 4880 1104 4948 exempla
1160 4880 1574 4948 accersivimus,
1642 4896 1810 4937 unum

201 4968 591 5028 simulationis
650 4979 709 5025 et
755 4969 969 5027 fraudis
1031 4969 1380 5043 proferamus
1437 4971 1813 5028 testimonium

210 5064 287 5139 (ﬂ
309 5062 449 5136 Reg.
477 5078 597 5128 ιιτ.
616 5062 735 5134 25).

274 5152 407 5213 us.
444 5154 757 5212 Abessalon
780 5154 854 5228 (II
879 5152 1009 5229 Reg.
1038 5170 1133 5225 xv,
1163 5156 1190 5213 1
1215 5165 1267 5213 et
1295 5155 1444 5229 seq.)
1487 5165 1610 5213 erat
1637 5154 1811 5212 David

274 5290 497 5365 ’βαι
513 5335 528 5357 ,
566 5287 800 5347 Pulchra
820 5292 973 5347 etiam
991 5290 1275 5348 liberalitas
1296 5301 1369 5349 est
1392 5290 1447 5347 in
1479 5294 1597 5365 ipso
1615 5308 1810 5365 paupe-

202 5364 281 5421 ri
298 5360 426 5421 dero
446 5370 748 5419 mensuram
769 5373 959 5417 tenere.

278 5434 311 5475 ⁵
336 5434 453 5491 αθ.
486 5428 589 5490 lib.
630 5446 675 5488 π
699 5426 856 5488 (Mle.
878 5473 894 5500 ,
927 5446 1047 5502 pag.
1081 5432 1189 5492 383
1214 5475 1231 5500 ,
1259 5434 1357 5488 lin.
1394 5432 1504 5492 διε
1560 5428 1814 5489 Habenda

209 5512 382 5560 autem
404 5505 643 5561 atratis
666 5502 741 5559 rei
762 5502 1043 5575 {ciuilium
1065 5547 1080 5572 ,
1117 5512 1225 5561 etc.

285 5586 312 5616 ⁸
336 5576 635 5647 εδειιιὶιι.
668 5576 739 5647 δέ
762 5572 931 5647 Ἀτφιε
946 5574 1100 5631 etiam
1141 5575 1246 5632 illa
1285 5576 1530 5645 impensae
1576 5572 1817 5630 meliores

286 5640 535 5715 mw,
558 5640 795 5705 mea.
822 5640 1129 5715 perfugam.
1359 5640 1369 5645 ⁷

286 5711 316 5753 ⁸
338 5712 449 5775 αα.
472 5712 571 5774 Bb.
605 5708 860 5782 ποκα,
886 5722 1006 5786 pag.
1039 5710 1168 5784 380,
1194 5712 1293 5770 lin.
1330 5712 1393 5770 Η
1425 5732 1437 5770 :
1468 5712 1627 5781 Ouod
1660 5712 1707 5768 si
1729 5710 1819 5783 qui

1915 4588 1971 4632 et
2000 4575 2088 4632 ille
2127 4579 2216 4649 qui
2249 4581 2532 4647 pecuniam
2577 4585 2873 4654 acceperit,
2920 4586 3087 4641 vilem
3115 4601 3174 4641 se
3202 4596 3258 4641 et
3283 4587 3511 4659 despec-

1918 4676 2033 4723 tum
2057 4669 2286 4740 judieat,
2322 4672 2428 4727 nisi
2444 4688 2593 4743 stepe
2617 4676 2959 4731 redimatur?
2984 4677 3169 4748 Itaque
3197 4677 3512 4750 frequenter

1918 4770 2197 4831 exspectat
2241 4764 2473 4833 pretium
2507 4781 2663 4820 suum
2707 4785 2719 4821 :
2754 4777 2808 4823 et
2841 4769 2931 4823 ille
2984 4770 3077 4839 qui
3121 4770 3506 4830 obsecratione

1918 4855 2156 4910 ambitus
2182 4855 2419 4923 videtur,
2451 4859 2570 4912 vnit
2600 4872 2820 4930 semper
2846 4877 2907 4917 se
2935 4864 3137 4934 rogari.

2478 4946 2711 5005 CAPUT
2751 4952 2946 5009 XXIV.

1920 5037 2082 5094 Bonis
2119 5038 2316 5094 artibus
2366 5039 2435 5094 ad
2478 5040 2699 5097 honores
2748 5045 3041 5112 nitendum,
3091 5046 3314 5102 maxime
3359 5049 3517 5105 eccle-

1994 5128 2225 5185 siasticos
2243 5146 2263 5185 :
2284 5131 2528 5203 adeptum
2547 5148 2666 5188 vero
2688 5150 2877 5190 munus
2899 5135 3161 5192 moderate
3180 5155 3241 5194 ac
3260 5141 3517 5208 sapienter

1914 5292 2267 5371 simulatione,
2290 5300 2337 5344 et
2362 5291 2507 5371 inani
2537 5294 2895 5371 ostentatione,
2918 5303 3024 5371 etc.
3228 5312 3348 5369 pag.
3383 5300 3512 5371 582,

1916 5363 2014 5416 lin.
2038 5361 2107 5415 9.7
2140 5380 2155 5417 :
2192 5360 2415 5431 Ipsaque
2443 5363 2535 5417 illa
2561 5363 2797 5419 deﬁnitio
2826 5365 3197 5431 mollitudinis,
3222 5360 3329 5425 etc“.

1994 5442 2016 5506 ες
2048 5433 2204 5506 Boni.
2237 5434 2399 5506 etlit.,
2423 5435 2667 5506 interesse
2691 5436 2873 5506 enim?!
2896 5452 2965 5489 ne
2982 5439 3058 5491 vel
3078 5439 3272 5506 inferre
3289 5456 3456 5497 arma.

1996 5501 2016 5539 ί
2048 5503 2212 5583 lbid._,
2234 5519 2358 5583 pag.
2390 5504 2519 5583 57g,
2544 5504 2744 5583 11η.βὸ
2772 5525 2789 5560 :
2817 5505 2961 5583 Male
2983 5501 3207 5565 enim'se
3228 5527 3308 5565 res
3341 5512 3513 5583 habet,

1918 5589 2038 5652 cum
2057 5572 2197 5652 quod
2220 5572 2404 5652 tamen
2427 5575 2555 5652 eﬁci
2584 5575 2748 5652 debet,
2778 5587 2885 5652 etc.
2917 5576 3052 5652 Item
3095 5595 3217 5652 pag.
3263 5584 3390 5647 33f.
3420 5572 3516 5641 lin:

2016 5641 2344 5725 .:“’Pra:clare
2374 5645 2425 5697 in
2457 5641 2683 5715 epistola
2715 5647 2937 5715 quadam
2971 5641 3323 5708 Maeandrum
3351 5641 3527 5725 ﬁlium

1925 5706 2204 5785 Philippus
2227 5727 2457 5784 accusat,
2487 5706 2592 5772 etc.
