4030 6188
508 133 613 191 155

1867 127 2116 187 SANCTI
2150 125 2477 186 AMBROSII

3711 123 3825 182 156

577 245 1067 304 administrandum.
1130 243 1246 301 Nec
1289 241 1561 316 inferiores
1590 244 1798 298 ordines
1836 243 2094 298 simulatis
2121 246 2177 306 Α
2202 258 2379 312 neque
2420 238 2617 311 siquid
2666 237 2797 295 boni
2848 236 3076 305 habeas,
3126 236 3181 293 id
3225 235 3296 294 ad
3339 235 3825 294 deformationem

580 342 851 395 virtutibus
888 340 1123 412 episcopo
1169 337 1415 409 derogare
1446 378 1462 404 ,
1518 351 1610 391 nec
1645 336 1766 391 item
1811 336 2105 408 episcopum

580 433 705 488 cleri
733 430 962 486 invidum
1003 445 1115 484 esse
1160 427 1344 483 debere
1371 443 1389 483 :
1415 429 1507 483 sed
1522 431 1725 501 justum
1763 427 1817 482 in
1847 427 2102 493 onmibus,

583 536 735 596 atque
764 521 1065 591 comprimis
1092 522 1147 576 in
1166 519 1478 592 judicando.

586 618 711 673 119.
756 616 897 686 Ergo
934 624 961 651 α
988 614 1147 670 bonis
1204 614 1414 670 actibus
1462 622 1517 669 et
1565 614 1781 669 sincero
1829 611 2108 683 proposito

512 706 793 766 nitendum
815 706 883 762 ad
908 707 1172 762 honorem
1197 706 1453 773 arbitror,
1485 713 1539 760 et
1563 705 1796 760 maxime
1822 704 2111 758 ecclesias—

510 802 710 867 ticum;
756 809 815 855 ut
858 815 1034 871 neque
1071 798 1330 869 resupina
1381 797 1711 868 arrogantia,
1763 796 1850 851 vel
1880 795 2108 850 remissa

512 893 841 966 negligentia
868 892 941 947 sit
979 909 993 946 :
1036 905 1210 963 neque
1241 891 1417 961 turpis
1445 889 1738 955 all'ectatio,
1768 897 1823 944 et
1852 888 2109 943 indecora

513 986 759 1043 ambitio.
787 984 1066 1041 Ad-omnia
1088 984 1325 1040 abundat
1352 983 1516 1039 animi
1537 983 1742 1039 directa
1768 980 2108 1053 simplicitas,

516 1079 759 1149 satisque
787 1092 846 1133 se
882 1076 999 1147 ipsa
1028 1075 1397 1132 commendat.

592 1170 720 1227 120.
760 1168 818 1224 ln
865 1169 988 1240 ipso
1036 1182 1167 1224 vero
1217 1155 1496 1224 muneieb
1526 1182 1705 1237 neque
1764 1167 2110 1221 severitatem

515 1278 637 1321 esse
672 1262 862 1319 duram
892 1261 1171 1328 convenit,
1200 1274 1299 1316 nec
1339 1259 1563 1316 nimiam
1596 1258 2011 1315 remissionem:
2044 1273 2113 1313 ne

516 1366 611 1412 aut
638 1363 959 1428 potestatem
991 1368 1276 1421 exercere,
1301 1363 1393 1409 aut
1422 1362 1734 1424 susceptum
1755 1351 1997 1409 ofﬁcium
2019 1366 2116 1407 ne-

517 1463 793 1521 quaquam
822 1448 1050 1518 implere
1075 1447 1381 1502 videamur.

594 1542 718 1598 121.
762 1538 1091 1596 Enitendum
1132 1554 1349 1610 quoque
1391 1547 1449 1593 ut
1479 1537 1757 1595 beneﬁciis
1804 1544 1969 1607 atque
1995 1533 2115 1589 ofﬁ-

518 1633 621 1690 ciis
651 1636 674 1664 ε
703 1632 1004 1704 obligemus
1032 1631 1319 1702 plurimos,
1362 1639 1418 1687 et
1461 1630 1715 1685 collatam
1759 1643 2110 1684 reservemus
2141 1632 2190 1693 B
2211 1631 2505 1703 judicando
2531 1629 2825 1702 potentiori
2854 1630 3026 1686 dones
3072 1644 3291 1685 causam
3334 1628 3613 1684 inferioris
3660 1646 3677 1683 :

521 1729 784 1800 gratiam;
817 1743 886 1783 ne
911 1727 1033 1797 jure
1061 1726 1313 1783 benelicii
1345 1725 1477 1781 [iant
1510 1725 1884 1789 immemores,
1929 1722 2022 1794 qui
2058 1737 2119 1778 se

520 1821 765 1893 graviter
794 1821 953 1875 laesos
982 1819 1187 1874 dolent.
1220 1817 1379 1889 Smpe
1405 1819 1549 1873 enim
1592 1832 1691 1872 usu
1718 1817 1868 1872 venit
1889 1825 1947 1870 ut
1983 1828 2120 1885 quos

522 1912 696 1984 gratia
759 1910 981 1978 foveris,
1031 1910 1115 1965 vel
1174 1909 1357 1980 aliquo
1420 1908 1703 1979 superiore
1758 1904 2120 1961 cumulaveris

525 2003 718 2076 gradu,
748 2012 984 2069 avertas,
1012 2002 1058 2057 si
1086 2001 1305 2073 indigne
1331 2001 1563 2072 aliquem
1589 2001 1668 2055 eis
1694 1997 2119 2068 praeponendum

517 2098 753 2170 judices.
785 2096 892 2153 Sed
920 2106 975 2152 et
1000 2095 1340 2152 sacerdotem
1363 2094 1641 2150 beneﬁciis
1662 2093 1774 2148 suis
1803 2088 2124 2163 veljudiciis

527 2192 713 2248 favere
743 2191 1019 2257 convenit,
1050 2199 1110 2245 ut
1133 2190 1442 2260 aequitatem
1472 2188 1765 2256 custodiat,
1792 2194 1848 2243 et
1895 2184 2125 2257 presby-

529 2295 646 2344 tero
678 2287 764 2343 vel
794 2285 1045 2342 ministro
1067 2284 1300 2352 deferre,
1329 2293 1388 2339 ut
1414 2283 1649 2355 parenti.

599 2380 724 2435 122.
765 2378 950 2449 Neque
980 2376 1082 2433 hos
1105 2376 1231 2449 quia
1254 2376 1421 2432 semel
1449 2374 1661 2446 probati
1690 2384 1842 2442 sunt,
1868 2386 2128 2443 arrogan-

527 2481 612 2530 tes
635 2487 757 2528 esse
788 2479 1040 2541 Oportet;
1071 2468 1167 2525 sed
1201 2469 1369 2536 magis
1401 2476 1675 2538 tamquam
1705 2479 1978 2520 memores
2003 2478 2128 2535 gra-

530 2567 644 2634 tim,
675 2562 1038 2619 humilitatem
1062 2569 1285 2615 tenere:
1319 2574 1495 2629 neque
1521 2555 1726 2612 offendi
1760 2555 2121 2621 sacerdotem,

529 2658 576 2713 si
600 2668 694 2711 aut
719 2654 1128 2725 presbyter,aut
1151 2651 1422 2716 minister,
1449 2656 1543 2704 aut
1563 2649 1846 2719 quisquam
1865 2647 1932 2702 de
1953 2647 2125 2715 clero,

529 2755 626 2804 aut
669 2742 1070 2808 misericordia,
1112 2750 1205 2797 aut
1236 2741 1470 2812 jejunio,
1521 2750 1612 2795 aut
1656 2739 1993 2809 integritate,
2034 2748 2129 2793 aut

531 2839 777 2895 doctrina
799 2844 856 2892 et
878 2834 1115 2893 lectione
1141 2833 1596 2890 existimationem
1622 2830 1931 2887 accumulet
1950 2845 2124 2885 suam:

534 2934 563 2975 ιι
586 2929 770 2987 Gratia
786 2931 928 2985 enim
947 2926 1204 2983 Ecclesiae
1222 2927 1339 2981 laus
1358 2924 1603 2980 doctoris
1620 2933 1721 2979 est.
1746 2922 1976 2989 Bonum,
1995 2938 2130 2993 opus

530 3022 643 3095 99
671 3022 899 3092 alicujus
919 3018 1225 3091 praedicari,
1248 3019 1321 3073 ita
1359 3025 1537 3072 tamen
1564 3017 1610 3071 si
1654 3016 1805 3071 nullo
1833 3014 2014 3070 studio
2043 3013 2135 3068 fiat
2161 3018 2205 3082 ο

524 3116 821 3188 iactantiae.
853 3113 1100 3169 Laudent
1121 3114 1265 3169 enim
1288 3126 1726 3182 unumquemque
1759 3111 2129 3181 proximorum

535 3208 699 3273 labia,
731 3216 785 3264 et
814 3221 921 3263 non
954 3221 1016 3262 os
1054 3220 1210 3261 suum
1243 3216 1338 3261 :et
1374 3205 1759 3260 commendent
1801 3216 1991 3273 opera,
2022 3216 2129 3257 non

535 3300 717 3355 studia
754 3313 874 3354 sua.

615 3393 742 3449 125.
789 3402 813 3430 θ
840 3391 1109 3448 (Στειειυιιῐιι
1158 3390 1204 3447 si
1249 3390 1372 3462 quis
1419 3406 1526 3446 non
1578 3389 1801 3447 obediat
1849 3388 2128 3460 episcopo,

539 3487 806 3543 extollere
848 3495 1011 3558 atque
1037 3487 1277 3543 exaltare
1308 3501 1431 3543 sese
1468 3485 1761 3551 desideret,
1807 3485 2133 3540 obumbrare

538 3581 733 3637 merita
773 3580 1015 3650 episcopi
1058 3578 1311 3635 simulata
1351 3577 1695 3635 affectatione
1733 3578 1998 3634 doctrinm
2040 3586 2134 3631 aut

539 3669 882 3739 humilitatis,
910 3679 1006 3727 aut
1047 3672 1462 3735 misericordias,
1493 3672 1538 3726 is
1568 3686 1597 3725 a
1626 3685 1758 3727 vero
1807 3670 1996 3727 devius
2036 3686 2131 3725 su-

533 3766 743 3839 perbit;
793 3766 1050 3837 quoniam
1102 3765 1352 3821 veritatis
1382 3780 1445 3820 ea
1476 3772 1559 3821 est
1601 3764 1808 3834 regula,
1842 3768 1863 3809 ι
1911 3772 1970 3817 ιιι
1999 3762 2134 3818 nihil

537 3859 708 3916 facias
736 3857 1157 3915 commendandi
1189 3856 1267 3913 tui
1295 3871 1478 3924 causa,
1512 3871 1620 3927 quo
1642 3857 1823 3912 minor
1848 3857 1987 3912 alius
2007 3856 2132 3914 ﬁat:

614 4003 641 4032 α
667 3993 759 4050 Sic
783 3992 1006 4049 Amerb.
1045 4006 1169 4047 cum
1192 4005 1326 4046 mss.
1360 4005 1516 4061 prop.
1549 3990 1841 4046 omnibus:
1876 3990 2003 4045 Era.
2037 4006 2134 4045 au-

545 4076 655 4122 tem
684 4080 748 4120 ac
777 4074 1073 4133 sequentes
1098 4063 1258 4128 edit.,
1288 4062 1434 4133 bonis
1459 4062 1672 4116 artibus.

612 4134 641 4174 δ
671 4136 786 4191 Cic.
817 4131 911 4191 lib.
936 4151 953 4188 ι
977 4132 1158 4200 Ofﬁc.,
1183 4149 1306 4204 pag.
1330 4132 1458 4199 565,
1480 4134 1575 4204 lin.
1608 4135 1641 4187 5
1672 4150 1685 4186 :
1712 4131 1777 4186 In
1796 4133 1936 4203 juris
1964 4147 2138 4199 (equa-

543 4207 741 4263 bilitale
788 4204 1074 4260 exercenda
1116 4205 1272 4256 etiam
1312 4214 1386 4258 est
1435 4203 1753 4274 facilitas....
1779 4213 1824 4258 et
1854 4212 2021 4257 tamen
2068 4204 2139 4257 ita
2163 4204 2216 4265 D

546 4277 816 4349 probanda
842 4285 916 4330 est
946 4275 1309 4349 mansuetudo,
1353 4284 1460 4349 etc.

624 4360 647 4387 ο
674 4347 792 4403 Lib.
823 4362 882 4412 ιι,
935 4361 1054 4416 pag.
1082 4345 1210 4417 576,
1240 4344 1337 4417 lin.
1372 4344 1440 4400 12
1470 4362 1484 4398 :
1520 4344 1803 4417 Pr0prium
1847 4346 1943 4400 hoc
1972 4355 2142 4417 statuo

544 4436 654 4476 esse
679 4419 904 4478 virtutis.
939 4416 1218 4471 conciliare
1245 4416 1341 4469 sibi
1372 4418 1592 4479 animos.
1626 4416 1734 4473 etc.
1766 4418 1899 4473 Item
1925 4433 1978 4487 p.
2012 4416 2140 4484 584,

543 4492 643 4560 lin.
673 4490 742 4544 12
775 4506 789 4543 :
830 4487 974 4543 Licet
1005 4498 1175 4560 tamen
1209 4504 1365 4560 opera
1401 4487 1646 4560 prodesse
1684 4489 1879 4555 multis,
1912 4497 2018 4543 etc.

619 4558 649 4599 ἀ
678 4561 807 4616 Mss.
840 4561 1065 4630 aliquot,
1097 4557 1258 4613 Grata
1289 4560 1424 4612 enim
1452 4557 1689 4630 Ecclesia
1717 4563 1851 4621 laus,
1888 4568 1994 4614 etc.

625 4641 648 4670 ο
678 4628 1208 4700 Clericos‘episcopo
1226 4644 1326 4685 suo
1350 4628 1574 4700 perinde
1593 4643 1656 4683 ac
1677 4631 1786 4684 Deo
1809 4629 1912 4700 ipsi
1933 4643 2141 4685 morem

547 4718 742 4829 ferere
771 4710 1027 4772 oportere
1072 4699 1263 4756 beatus
1291 4701 1531 4771 lguatius
1572 4701 1756 4755 multis
1791 4699 2142 4825 epistularum

568 4776 682 4829 ocis
732 4774 998 4829 praecinit.
1064 4771 1301 4826 maxime
1359 4786 1492 4826 vero
1555 4772 1714 4829 epist.
1772 4787 1799 4824 a
1909 4769 2141 4829 thes..

568 4769 682 4829 ecis
732 4769 998 4843 praecipit,
1064 4769 1492 4843 maxime'vero
1539 4772 1714 4843 epist.
1772 4769 1877 4843 adA
1909 4769 2141 4843 Ep_ltes.,

549 4845 712 4915 epist.
733 4839 832 4915 'ad
862 4839 1102 4915 Magnes.
1150 4852 1205 4915 et
1235 4842 1397 4909 epist.
1432 4841 1496 4896 ad
1522 4841 1796 4915 _'l‘ral_lian.
1840 4839 2145 4915 Cyprianus

549 4912 683 4971 vero
707 4914 870 4985 epist.
901 4912 971 4970 55
991 4926 1046 4970 et
1066 4913 1137 4970 65
1172 4914 1330 4968 docet
1356 4927 1471 4985 non
1487 4912 1706 4967 aliunde
1745 4912 1946 4985 exoriri
1967 4913 2147 4985 solere

549 4983 794 5041 hzereses
831 4996 995 5056 atque
1022 4985 1341 5056 schismata,
1374 4984 1476 5038 nisi
1505 4998 1568 5037 ex
1596 4998 1662 5038 eo
1703 4983 1848 5056 quod
1896 4983 2143 5056 przesuli-

549 5056 653 5113 bus
678 5058 792 5112 suis
813 5051 1038 5111 obedire
1062 5054 1190 5110 cleri
1214 5055 1520 5110 detrectent
1544 5068 1608 5107 ac
1646 5051 1934 5123 refugiant.
1980 5051 2146 5123 Cujus

550 5128 767 5196 quidem
799 5128 878 5182 rei
917 5127 1227 5193 exemplum
1279 5126 1587 5179 luctuosum
1623 5124 1675 5177 in
1720 5124 1850 5178 Ario
1894 5125 2147 5196 proponit

551 5194 927 5253 Theodoretus
958 5198 1094 5252 Hist.
1122 5196 1274 5251 Eccl.
1307 5197 1402 5250 lib.
1431 5211 1470 5259 ι,
1494 5208 1615 5262 cap.
1638 5198 1695 5258 2,
1724 5204 1777 5249 et
1810 5197 1859 5248 in
1880 5194 2002 5249 aliis
2031 5194 2145 5247 alii.

627 5267 647 5306 τ
679 5267 865 5324 Codex
886 5267 1128 5333 Thuan.,
1152 5276 1207 5320 ut
1228 5267 1359 5320 nihil
1381 5266 1488 5335 fuci
1516 5264 1905 5318 commendandi
1921 5266 2016 5331 tui,
2039 5276 2145 5335 etc.

551 5352 661 5394 non
711 5341 872 5398 male.
927 5340 974 5393 si
1025 5338 1248 5393 verbum
1290 5334 1953 5407 aliquodisuhintelligas,
2002 5334 2148 5407 quod

550 5408 697 5465 forte
720 5425 748 5462 a
777 5408 1043 5478 scriptore
1072 5408 1237 5463 fuerit
1267 5406 1719 5478 praetermissum.

620 5486 649 5526 ε
672 5478 787 5537 Cic.
816 5476 911 5536 lib.
939 5494 978 5534 ιι
1005 5478 1187 5546 Oflic.,
1218 5493 1337 5547 pag.
1366 5477 1495 5541 581,
1534 5478 1629 5531 lin.
1662 5477 1728 5530 21
1757 5495 1771 5529 :
1806 5476 1965 5546 Atque
1994 5476 2148 5530 etiam

550 5550 647 5606 hoc
692 5561 1006 5621 prwceptum
1037 5550 1186 5619 oﬁicii
1215 5549 1489 5621 diligenter
1527 5547 1807 5621 tenendum
1842 5556 1936 5609 est,
1990 5562 2150 5621 neque

550 5618 775 5695 unquam
807 5618 1126 5676 innocentem
1156 5619 1361 5693 judicio
1419 5618 1606 5689 capitis
1643 5631 1968 5673 uccersas....
2026 5618 2138 5671 Nec

2208 335 2436 390 alterius
2464 343 2520 389 et
2549 331 3004 402 vituperationem
3036 344 3314 387 exerceas.

2282 427 2409 482 124.
2449 426 2527 482 Ne
2556 437 2581 474 Β
2609 424 2867 481 defendas
2896 423 3227 495 improbum,
3273 432 3331 480 et
3356 431 3542 480 sancta
3569 421 3815 494 indigno

2209 518 2600 577 committenda
2658 518 2945 574 arbitreris
2986 534 3001 574 :
3041 532 3223 588 neque
3267 515 3463 572 iterum
3511 529 3716 587 urgeas
3770 524 3829 571 et

2211 614 2520 685 impugnes,
2565 611 2725 682 cujus
2772 611 2979 666 crimen
3024 624 3130 666 non
3170 607 3627 679 deprehenderis.
3680 607 3825 663 Nam

2210 723 2333 764 cum
2368 708 2420 762 in
2453 705 2705 762 omnibus
2732 702 2760 742 ιι
2790 702 3053 775 injustitia
3099 702 3211 758 cito
3241 701 3500 769 offendat,
3536 709 3654 757 tum
3706 715 3828 756 ma-

2212 800 2359 856 xime
2391 799 2443 854 in
2471 797 2716 853 Ecclesia
2744 836 2759 863 ,
2790 795 2878 851 ubi
2929 796 3239 866 aequitatem
3272 808 3395 849 esse
3437 801 3682 863 oportet,
3730 790 3825 846 ubi

2213 894 2576 964 aequalitatem
2632 891 2820 947 haberi
2864 890 3053 957 decet;
3104 897 3165 945 ut
3187 888 3325 944 nihil
3374 888 3479 944 sibi
3533 886 3823 957 potentior
3863 936 3868 940 .

2214 985 2336 1057 plus
2360 984 2621 1051 vindicet,
2657 982 2791 1039 nihil
2842 982 2964 1053 plus
3009 989 3237 1052 usurpet
3265 978 3457 1037 ditior.
3497 977 3628 1035 Sive
3670 977 3826 1033 enim

2213 1094 2441 1150 pauper,
2480 1079 2595 1133 sive
2645 1077 2826 1143 dives,
2874 1077 2926 1130 in
2971 1075 3192 1131 Christo
3241 1089 3407 1130 unum
3461 1079 3610 1128 sunt.
3675 1070 3829 1128 Nihil

2215 1172 2457 1226 sanctior
2487 1169 2611 1240 plus
2635 1168 2738 1225 sibi
2768 1174 3020 1239 arroget;
3058 1167 3234 1239 ipsum
3265 1166 3412 1222 enim
3443 1179 3540 1236 par
3578 1172 3671 1221 est
3699 1178 3827 1220 esse

2217 1261 2586 1317 humiliorem.

2289 1353 2413 1408 125.
2457 1351 2566 1410 Sed
2607 1367 2708 1408 nec
2759 1365 3051 1422 personam
3099 1349 3326 1406 alterius
3374 1348 3712 1420 accipiamus
3770 1347 3824 1404 in

2212 1445 2417 1516 judicio
2451 1463 2466 1499 :
2499 1444 2672 1516 gratia
2721 1444 2884 1510 absit,
2933 1444 2949 1481 ί
2989 1459 3170 1501 causa:
3242 1442 3439 1499 merita
3489 1442 3824 1498 decernant.

2217 1537 2365 1594 Nihil
2395 1537 2475 1593 sic
2501 1537 2837 1608 opinionem,
2871 1537 3039 1593 immo
3071 1536 3230 1592 fidem
3261 1543 3468 1607 gravat,
3492 1550 3656 1606 quam
3689 1536 3737 1590 si
3767 1535 3824 1591 in

3737 1627 3825 1683 vel

2221 1739 2515 1796 pauperem
2542 1725 2889 1779 innocentem
2908 1737 3126 1793 arguas,
3148 1721 3373 1777 divitem
3398 1725 3637 1777 ex'cuses
3664 1736 3824 1777 reum

2220 1820 2415 1891 culpae.
2451 1819 2690 1874 Pronum
2730 1817 2948 1887 quidem
2975 1824 3058 1872 est
3094 1830 3265 1887 genus
3311 1815 3591 1871 hominum
3636 1814 3827 1870 favere

2222 1912 2687 1977 honoratioribus,
2719 1928 2788 1966 ne
2818 1912 2976 1967 laesos
3007 1924 3131 1966 sese
3173 1917 3381 1981 putent,
3415 1924 3485 1965 ne
3534 1908 3669 1964 victi
3713 1907 3815 1965 do-

2224 2005 2391 2061 leant.
2424 2002 2533 2059 Sed
2562 2002 2793 2072 primum
2825 2002 2870 2056 si
2900 2000 3160 2056 ollensam
3212 1998 3440 2068 vereris,
3471 2000 3486 2050 ἱ
3525 2014 3635 2055 non
3681 1997 3826 2054 reci-

2223 2099 2344 2171 pias
2365 2097 2632 2167 judicium
2659 2114 2671 2151 :
2696 2096 2741 2150 si
2772 2095 3029 2151 sacerdos
3049 2111 3129 2162 es,
3164 2104 3257 2150 aut
3283 2094 3328 2150 si
3351 2095 3636 2165 quisquam
3660 2093 3824 2158 alius,

2229 2209 2336 2249 non
2365 2192 2622 2248 lacessas.
2653 2189 2805 2246 Licet
2832 2189 2929 2246 tibi
2975 2190 3142 2246 silere
3190 2190 3242 2245 in
3287 2188 3507 2260 negotio
3557 2189 3828 2245 duntaxat

2228 2285 2575 2358 pecuniario;
2609 2298 2938 2355 quamquam
2968 2283 3039 2338 sit
3056 2284 3380 2338 constantia:
3409 2282 3607 2339 adesse
3655 2282 3827 2353 (cqui-

2228 2380 2346 2434 tati.
2374 2379 2431 2434 In
2453 2394 2615 2434 causa
2642 2386 2819 2433 autem
2841 2377 2961 2443 Dei,
2989 2375 3078 2433 ubi
3107 2376 3505 2432 communionis
3521 2375 3829 2447 periculum

2226 2482 2336 2543 est,
2370 2471 2533 2528 etiam
2561 2470 2908 2528 dissimulare
2940 2480 3219 2540 peccatum
3248 2479 3332 2526 est
3361 2484 3469 2526 non
3498 2469 3642 2527 leve.

2800 2561 3030 2619 CAPUT
3069 2562 3237 2619 XXV.

2230 2657 2493 2727 Beneﬁcia
2538 2656 2593 2709 in
2626 2671 2881 2725 pauperes
2909 2654 3080 2725 potius
3108 2654 3425 2726 conferenda
3465 2671 3624 2726 quam
3653 2655 3710 2709 in
3741 2655 3823 2709 di—

2301 2750 2464 2815 vites;
2510 2749 2602 2804 llos
2628 2749 2763 2802 enim
2789 2759 2887 2803 aut»
2923 2749 3190 2819 quaesitam
3220 2766 3253 2802 a
3279 2764 3332 2803 se
3379 2747 3618 2817 beneﬁcii
3667 2748 3829 2802 uicem

2302 2851 2505 2912 putare,
2536 2850 2624 2894 aut
2654 2840 2919 2910 indignari
2946 2839 3084 2910 quod
3112 2840 3385 2894 uideantur
3413 2840 3533 2893 hinc
3569 2841 3702 2909 facti
3736 2839 3828 2893 de-

2304 2933 2491 2988 bitores
2520 2949 2540 2989 :
2563 2948 2814 3004 pauperes
2860 2947 2979 2986 vero
3030 2940 3077 2986 et
3119 2932 3395 2987 debitorem
3443 2949 3539 3003 pro
3563 2950 3618 2988 se
3664 2932 3828 2988 Deum

2306 3027 2477 3099 ipsum
2506 3026 2841 3089 constituere,
2872 3033 2922 3079 et
2952 3022 3166 3079 libenter
3192 3035 3403 3095 accepta
3425 3023 3680 3094 beneﬁcia
3710 3041 3831 3080 con-

2305 3119 2461 3188 ﬁteri.
2495 3117 2696 3183 Quibus
2726 3116 2940 3171 additur
2967 3116 3035 3171 ad
3080 3119 3313 3189 pecunia:
3340 3127 3692 3189 contemptum
3733 3116 3829 3171 ad-

2307 3212 2551 3267 hortatio.

2308 3303 2432 3359 126.
2472 3302 2611 3372 Quid
2636 3313 2821 3359 autem
2852 3312 2907 3359 et
2938 3303 3034 3361 tibi
3071 3305 3294 3375 prodest
3328 3305 3511 3362 favere
3538 3304 3724 3361 diviti?
3750 3303 3830 3360 An

2236 3396 2363 3469 quia
2409 3396 2567 3453 citius
2612 3406 2885 3453 amantem
2932 3397 3338 3454 remuneratur?
3368 3396 3392 3434 ιε
3426 3398 3521 3453 llis
3566 3398 3717 3454 enim
3751 3396 3828 3451 fa-

2241 3503 2431 3545 vemus
2458 3486 2821 3559 frequentius,
2855 3503 2885 3542 a
2927 3489 3124 3559 quibus
3162 3488 3460 3545 referenda:
3487 3490 3666 3546 vicem
3712 3501 3833 3560 spe-

2241 3596 2426 3637 ramus
2442 3581 2655 3652 gratiae.
2680 3579 2789 3636 Sed
2811 3594 2877 3637 eo
2900 3581 3058 3652 100
3074 3582 3245 3651 magis
3266 3580 3481 3636 infirmo
3501 3590 3556 3637 et
3576 3582 3726 3652 inopi
3741 3592 3837 3635 nos

2242 3673 2464 3729 studere
2490 3671 2745 3728 convenit
2771 3688 2786 3737 ;
2815 3672 2943 3742 quia
2976 3687 3075 3742 pro
3095 3686 3162 3728 eo
3189 3672 3281 3743 qui
3310 3687 3415 3727 non
3439 3671 3625 3738 habet,
3660 3684 3833 3727 remu—

2241 3765 2575 3820 nerationem
2597 3776 2877 3833 speramus
2892 3778 2918 3815 a
2936 3761 3168 3818 Domino
3181 3762 3307 3818 .lesu
3326 3761 3595 3833 (Luc.xtv,
3614 3757 3831 3833 12,13):

2241 3857 2335 3929 qui
2359 3858 2460 3914 sub
2507 3856 2690 3928 specie
2732 3854 2965 3912 convivii
3018 3857 3328 3927 generalem
3374 3856 3637 3912 virtutum
3669 3853 3834 3912 edidit

2244 4000 2412 4074 tamen
2443 3998 2501 4074 ut
2527 3988 2625 4045 hoc
2646 3990 2950 4074 fugiendum
2974 4000 3070 4059 est,
3101 3991 3175 4046 ita
3198 3990 3487 4046 habendum
3503 4003 3578 4048 est
3598 3986 3833 4065 religioni

2244 4072 2585 4129 contrarium,
2610 4073 2716 4117 etc.

2316 4133 2342 4171 ιι
2365 4132 2528 4201 lbid.,
2559 4148 2678 4204 pag.
2720 4131 2847 4199 38-1,
2892 4132 2988 4187 lin.
3017 4132 3087 4188 48
3120 4150 3133 4186 :
3162 4131 3467 4189 Extremum
3505 4144 3681 4190 autem
3711 4146 3836 4205 pra:-

2316 4218 2543 4256 [πωπω.
2574 4221 2637 4256 ne
2662 4203 2787 4256 auid
2809 4203 3108 4256 contendas.
3139 4216 3246 4256 etc.

2244 4218 2543 4271 ceptum....
2574 4221 2637 4258 ne
2662 4213 2786 4275 quid
2809 4213 3108 4265 contendas,
3139 4216 3246 4258 εις.

2320 4276 2336 4313 ί
2372 4278 2573 4331 Omnes
2598 4274 2730 4331 edit.
2763 4288 2827 4328 ac
2856 4288 2989 4345 mss.
3012 4274 3258 4345 aliquot,
3298 4290 3508 4330 causam
3538 4279 3726 4333 merita
3754 4274 3836 4327 de-

2244 4355 2488 4408 cernant;
2518 4361 2649 4400 mss.
2686 4344 2954 4410 nonnulli,
2986 4344 3277 4401 discernant
3300 4363 3320 4402 :
3356 4346 3570 4402 Thuan.
3619 4362 3750 4403 vero
3786 4352 3838 4398 et

2243 4416 2607 4488 antiquissimi
2635 4417 2860 4487 quique,
2903 4432 3075 4471 causa:
3102 4418 3284 4472 merita
3311 4418 3621 4485 decernant;
3655 4419 3707 4474 id
3736 4423 3833 4482 est,

2243 4487 2559 4557 conﬂigant,
2593 4503 2656 4542 ac
2685 4487 2990 4543 decertant.

2320 4562 2332 4611 i
2377 4560 2471 4614 His
2498 4560 2678 4615 verbis
2705 4574 2811 4614 non
2840 4559 3072 4617 obscure
3101 4560 3335 4615 innuere
3362 4559 3577 4616 videtur
3607 4559 3835 4616 Ambro-

2246 4633 2384 4694 sius,
2414 4630 2686 4700 episcopis
2708 4631 2912 4685 licitum
2936 4631 3104 4686 fuisse
3126 4646 3414 4687 causarum
3444 4647 3507 4687 ac
3535 4629 3711 4687 litium
3740 4643 3836 4682 sa:-

2247 4701 2512 4757 cularium
2558 4717 2814 4757 recusare
2860 4702 3183 4768 arbitrium;
3228 4718 3351 4758 cum
3401 4713 3579 4758 tamen
3609 4700 3707 4756 alii
3738 4700 3839 4754 hoc

2248 4773 2539 4842 munusab
2563 4773 2823 4841 ApOstolo
2854 4770 3022 4827 lCor.
3042 4790 3119 4840 vt,
3165 4774 3191 4827 1
3223 4784 3280 4827 et
3307 4789 3452 4842 seq.,
3496 4774 3630 4842 ipsis
3670 4774 3836 4842 impo-

2247 4845 2406 4897 situm
2442 4841 2609 4897 fuisse
2632 4843 2984 4898 contendant.
3023 4841 3410 4900 Verumtamen
3444 4841 3698 4899 obServat
3731 4841 3838 4896 Au-

2245 4915 2495 4984 gustinus
2538 4913 2630 4969 lib.
2674 4914 2744 4968 de
2781 4913 2961 4984 Opere
3004 4914 3257 4971 Monach.
3300 4931 3421 4985 cap.
3469 4914 3560 4981 15,
3593 4930 3636 4985 Aa
3673 4909 3836 4985 Paulo

2248 4980 2368 5053 ipso
2412 4985 2692 5056 impetrari
2740 4980 2848 5056 non
2896 4986 3162 5054 potuisse,
3210 4995 3274 5056 ιιι
3311 4980 3627 5056 hujusmOdi
3660 4980 3835 5056 munia

2249 5051 2555 5125 exerceret.
2571 5055 2712 5121 Quin
2741 5051 2914 5109 immo
2930 5056 3167 5125 ipsemet
3194 5051 3444 5111 Christus
3468 5051 3838 5125 Dominusde-

2251 5124 2416 5179 latam
2437 5125 2511 5198 ad
2532 5141 2591 5179 se
2615 5125 2685 5198 de.
2699 5125 3025 5198 patrimonio
3045 5128 3190 5198 quod
3206 5125 3433 5182 fratrum
3455 5127 3683 5198 duorum
3708 5124 3838 5198 alter

2249 5211 2385 5269 cum-
2400 5196 2573 5269 altero
2599 5193 2841 5269 dividere
2875 5193 3115 5269 nolebat,
3147 5199 3423 5269 querelam
3469 5213 3578 5252 non
3605 5193 3832 5269 admisit.

2249 5265 2387 5339 Quid
2421 5266 2583 5339 igitur
2607 5267 2827 5339 mirum,
2844 5266 2891 5339 si
2914 5265 3289 5339 sanctissimos
3312 5283 3556 5339 quosque
3576 5265 3836 5339 antistites

2253 5337 2396 5408 hanc
2426 5337 2598 5408 litium
2631 5336 3055 5408 decidendarum
3083 5336 3489 5406 necessitatem,
3522 5338 3621 5393 sibi
3669 5348 3835 5408 popu-

2248 5406 2425 5461 lorum
2457 5404 2806 5486 improbitate
2835 5406 3136 5486 obtrusatn,
3187 5418 3295 5464 tam
3334 5404 3688 5481 frequenter;
3712 5416 3837 5462 tam-

2250 5493 2355 5548 que
2382 5488 2620 5562 graviter
2643 5486 2870 5545 questos
2898 5486 3257 5546 reperiamus.

2325 5545 2352 5584 ιί
2384 5556 2493 5601 ως,
2524 5544 2615 5599 lib.
2649 5561 2706 5613 ιι,
2746 5562 2868 5616 pag.
2898 5549 3025 5615 581,
3058 5551 3153 5605 lin.
3182 5549 3290 5605 24:
3323 5549 3369 5604 Α
3401 5566 3500 5617 quo
3522 5549 3660 5604 enim
3697 5558 3841 5617 expc-

2245 5617 2404 5674 ditior
2426 5625 2471 5672 et
2497 5592 2711 5672 celeria;
