3998 6190
230 182 324 248 l3?
1242 199 1328 254 DE
1367 201 1663 259 OFHCIIS
1706 203 2180 265 MINISTRORUM
2225 211 2355 268 LIB.
2400 214 2460 269 ll.
3408 227 3509 288 I38

225 307 461 361 formam:
491 315 547 361 ut
578 305 666 362 his
697 307 879 379 potius
913 316 1088 366 nostra
1127 314 1467 372 conferamus
1500 316 1788 386 beneﬁcia,
1817 323 1871 381 Α
1897 322 2145 377 tubarum
2199 326 2626 382 sacerdotalium
2678 341 2818 384 sono
2860 329 3189 401 corruisset,
3245 342 3301 392 et
3345 338 3506 398 Jesus

224 397 304 468 qui
340 399 485 454 nobis
516 416 581 455 ea
613 417 720 455 non
751 412 975 472 possunt
1020 416 1428 476 reprznsentare,
1474 411 1680 467 docens
1722 413 1790 468 ad
1892 413 2039 471 Nave
2097 419 2362 486 potiretur
2416 421 2672 485 victoria,
2705 424 2958 495 cognovit
3006 426 3330 485 inﬁrmatam
3381 448 3502 489 esse

219 493 501 546 convivium
532 503 700 564 atque
723 496 917 564 epulas
943 511 1044 551 non
1078 514 1172 554 eos
1193 502 1284 571 qui
1315 501 1509 559 divites
1531 505 1788 570 sunt,sed
1892 509 2144 565 virtutem
2180 515 2362 583 populi
2415 530 2511 584 per
2537 516 2855 586 avaritiam,
2886 528 3047 589 atque
3085 523 3204 577 auri
3236 527 3502 593 cupidita-

220 601 461 656 pauperes
500 585 832 643 invitandos.
860 589 1062 646 Divites
1103 593 1247 647 enim
1282 598 1459 666 r0gari
1511 597 1790 665 videntur,
1891 611 2021 656 tem.
2053 604 2184 659 Nam
2241 623 2362 661 cum
2396 609 2464 664 de
2515 612 2706 680 spoliis
2737 613 2888 668 urbis
2922 616 3161 671 incensze
3194 621 3505 677 sustulisset

219 679 377 748 utipsi
402 695 620 751 quoque
663 683 817 738 nobis
843 684 1072 740 reddant
1115 689 1458 757 convivium;
1493 707 1784 761 pauperes,
1889 693 2069 750 Achar
2102 709 2306 753 vestem
2338 717 2561 757 auream
2589 745 2605 771 ,
2666 713 2720 759 et
2747 705 2979 762 ducenta
3002 712 3211 780 argenti
3243 713 3497 768 didrach-

216 773 320 843 quia
361 789 462 827 non
515 774 716 831 habent
742 777 886 847 quod
929 779 1238 846 restituant,
1271 796 1395 836 cum
1448 785 1782 854 acceperint,
1887 797 2053 854 mata,
2085 799 2139 844 et
2171 787 2198 826 ἀ
2235 792 2470 864 linguam
2503 812 2758 864 auream,
2794 799 3008 855 oblatus
3038 802 3273 858 Domino
3301 822 3500 877 negare

212 877 652 925 remuneratorem
682 871 839 927 nobis
865 871 1071 929 faciunt
1112 875 1425 945 Dominum,
1456 879 1549 950 qui
1577 894 1637 936 se
1686 895 1786 950 pro
1883 894 1992 934 non
2021 883 2219 952 potuit,
2243 885 2340 940 sed
2374 887 2827 955 prodiditfurtum
2849 890 3032 965 (Josue
3061 897 3242 960 vu,19
3271 910 3318 952 et
3339 871 3492 968 seq).

209 976 418 1031 paupere
447 962 796 1035 obligandum
829 965 1043 1022 obtulit.
1957 976 2082 1033 150.
2129 977 2294 1034 Vetus
2322 981 2487 1051 igitur
2514 992 2569 1038 et
2593 986 2810 1056 antiqua
2839 962 3062 1042 avaritia
3089 997 3194 1058 est,
3225 1008 3345 1061 qum
3369 962 3492 1049 cum

269 1053 379 1108 127.
418 1055 500 1111 Ad
524 1057 701 1127 ipsum
725 1074 942 1130 quoque
969 1061 1152 1116 surculi
1181 1076 1338 1118 usum
1363 1064 1584 1120 collatio
1619 1066 1782 1121 bene-
1883 1067 2054 1139 ipsius
2107 1071 2303 1127 divinae
2342 1075 2477 1145 legis
2507 1079 2672 1147 C(Bpit
2723 1053 2955 1135 oraculis
2979 1125 2994 1149 ,
3047 1053 3215 1139 immo
3245 1053 3495 1157 'propter

204 1145 294 1202 ficii
320 1147 451 1202 facta
484 1148 537 1203 in
570 1163 840 1220 pauperes
863 1154 1034 1223 magis
1059 1169 1219 1224 quam
1245 1155 1298 1209 in
1331 1155 1632 1226 locupletes
1659 1158 1780 1228 plus
1882 1160 2054 1231 ipsam
2084 1167 2487 1234 reprimendam
2533 1169 2618 1226 lex
2668 1173 2845 1227 delata
2877 1185 2984 1230 est.
3045 1177 3278 1248 Propter
3320 1184 3497 1236 avari.

197 1240 359 1311 juvat;
391 1250 416 1277 λ
445 1241 570 1311 quia
607 1243 756 1299 dives
781 1245 1106 1316 dedignatur
1141 1247 1486 1315 beneficium,
1517 1259 1571 1305 et
1613 1250 1782 1320 pudet
1883 1255 2010 1308 tiam
2043 1255 2244 1313 Balach
2276 1264 2484 1330 putavit
2531 1264 2751 1320 Balaam
2785 1270 3022 1337 praemiis
3048 1240 3211 1341 posse
3257 1275 3492 1340 tentari,

200 1348 306 1388 eum
347 1332 652 1390 debitorem
697 1352 822 1393 esse
860 1338 1066 1408 gratias.
1119 1339 1260 1407 Quin
1315 1341 1476 1396 etiam
1523 1342 1576 1396 id
1632 1343 1776 1413 quod
1881 1356 1939 1402 ut
1969 1350 2322 1410 malediceret
2349 1357 2610 1426 populum
2635 1332 2957 1430 patrum:et
2990 1332 3209 1421 vicisset
3243 1371 3492 1437 avaritia,

198 1427 430 1482 collatum
485 1439 573 1484 est
605 1431 729 1500 sibi,
775 1434 988 1488 meritis
1037 1435 1151 1489 suis
1180 1446 1420 1507 arrogat,
1450 1438 1594 1508 quod
1624 1439 1778 1494 velut
1880 1442 1985 1497 nisi
2015 1443 2283 1504 Dominus
2313 1465 2343 1503 a
2392 1453 2683 1509 maledicto
2716 1466 2740 1492 ε
2770 1472 2893 1512 eum
2935 1460 3213 1518 abstinere
3238 1464 3497 1534 jnssisset

197 1517 409 1576 debitum
451 1524 750 1592 acceperit,
801 1525 888 1580 vel
930 1525 1051 1581 ideo
1095 1527 1280 1582 datum
1333 1530 1405 1584 sit
1433 1545 1501 1585 eo
1529 1531 1672 1600 quod
1729 1533 1776 1587 is
1878 1535 2068 1604 (Num.
2101 1555 2243 1606 χχιι,
2297 1543 2588 1616 7etseq.).
2648 1548 2878 1618 Pr0pter
2903 1553 3186 1609 avaritiam
3237 1517 3494 1630 praecipi-

195 1611 271 1680 qui
322 1612 485 1680 dedit,
542 1615 882 1671 reddendum
908 1618 1011 1672 sibi
1057 1633 1087 1672 a
1137 1618 1304 1675 divite
1344 1621 1564 1677 uberius
1584 1623 1773 1678 existi-
1877 1637 2022 1684 tatus
2050 1632 2260 1698 Achar,
2317 1637 2370 1690 in
2429 1611 2654 1695 exitium
2705 1611 3011 1700 deduxerat
3067 1611 3490 1720 totam-plebem

196 1710 415 1762 maverit.
449 1709 527 1763 Ita
578 1709 636 1764 in
677 1711 998 1782 accipiendo
1040 1715 1324 1781 beneficio,
1359 1732 1424 1771 eo
1460 1719 1582 1788 ipso
1627 1718 1769 1787 quod
1801 1712 1849 1771 B
1878 1731 2184 1790 parentum.
2214 1725 2404 1798 Itaque
2434 1729 2593 1787 Jesus
2613 1733 2782 1801 Nave,
2815 1737 2906 1805 qui
2929 1740 3100 1807 potuit
3126 1739 3145 1778 ί
3180 1709 3349 1799 solem
3376 1755 3494 1801 sta-

195 1802 476 1867 acceperint
504 1803 728 1871 divites,
757 1805 978 1861 dedisse
1008 1820 1068 1861 se
1095 1808 1267 1878 magis
1297 1824 1455 1878 quam
1492 1810 1774 1880 accepisse
1880 1823 2064 1884 tuere,
2121 1834 2190 1874 ne
2239 1823 2560 1891 procederet
2590 1826 2787 1897 (Josue
2813 1802 2868 1897 x,
2902 1833 2991 1898 I2,
3033 1835 3133 1906 15)
3157 1876 3170 1899 ,
3205 1839 3490 1895 avaritiam

192 1892 480 1949 existimant
509 1914 526 1948 :
560 1894 589 1934 ι)
622 1913 832 1967 pauper
850 1913 982 1953 vero
1011 1900 1112 1954 etsi
1153 1915 1260 1955 non
1289 1900 1454 1955 habet
1482 1902 1624 1956 unde
1648 1903 1775 1958 red-
1877 1907 2159 1968 hominum
2187 1931 2294 1970 non
2325 1920 2499 1988 potuit
2523 1921 2739 1990 sistere,
2774 1940 2842 1979 ne
2873 1936 3140 1995 serperet.
3186 1929 3268 1985 Ad
3298 1948 3488 1989 vocem

195 1984 270 2039 dat
306 1987 606 2056 pecuniam,
655 1989 826 2046 refert
878 1992 1128 2062 gratiam.
1182 1993 1238 2048 ln
1279 2009 1388 2065 quo
1434 2007 1644 2052 certum
1686 2006 1775 2053 est
1877 2003 1995 2074 ejus
2026 2007 2108 2062 sol
2140 1984 2567 2077 stetit,vavaritia
2592 2029 2699 2070 non
2731 2019 3055 2075 stetit.Sole
3086 2023 3268 2093 itaque
3289 2034 3492 2093 stante,

195 2078 314 2146 quod
345 2079 459 2148 plus
512 2081 733 2148 reddat,
786 2097 947 2152 quam
997 2085 1298 2154 acceperit;
1347 2087 1575 2156 pecunia
1626 2089 1770 2143 enim
1876 2097 2115 2153 confecit
2161 2100 2319 2158 Jesns
2353 2105 2730 2176 triumphum:
2793 2113 3019 2167 avaritia
3075 2126 3258 2173 autem
3305 2135 3496 2189 proce-

195 2184 387 2228 nummo
403 2173 659 2241 solvitur,
677 2177 848 2245 gratia
869 2192 1160 2247 numquam
1178 2179 1772 2237 exinanitur.Reddenc
1876 2188 2062 2256 dente,
2096 2207 2234 2261 pene
2256 2197 2437 2252 amisit
2466 2173 2772 2255 victoriam.

193 2262 252 2318 do
269 2277 508 2322 vacuatur
525 2268 974 2340 pecuniazgratia
989 2280 1168 2324 autem
1187 2270 1505 2328 ethabendo
1521 2274 1768 2340 solvilur,
1948 2283 2072 2338 151.
2115 2286 2254 2352 Quid
2313 2289 2668 2347 fortissimum
2702 2295 2952 2351 omnium
3010 2297 3239 2355 Samson
3264 2342 3278 2368 ,
3311 2319 3493 2361 nonne

203 2368 247 2413 et
283 2362 525 2417 solvendo
569 2364 864 2420 retinetur.
894 2364 1102 2420 Deinde
1145 2365 1290 2435 quod
1339 2365 1500 2423 dives
1547 2368 1766 2438 refugit,
1873 2375 2063 2434 Dalilae
2093 2381 2344 2438 mulieris
2388 2386 2611 2439 avaritia
2643 2387 2893 2458 decepit?
2948 2390 3136 2460 Itaque
3162 2362 3372 2464 ille-qui
3401 2414 3492 2450 ru-

194 2465 362 2524 pauper
406 2454 614 2511 fatetur
659 2457 804 2526 quod
855 2457 926 2512 sit
983 2458 1252 2528 obligatus
1299 2458 1506 2525 debito,
1557 2462 1770 2532 sibique
1870 2474 2107 2542 gientem
2137 2475 2348 2532 leonem
2382 2479 2632 2535 manibus
2658 2454 2948 2552 discerpsit
2981 2484 3116 2551 suis,
3149 2487 3239 2556 qui
3274 2454 3488 2545 vinctus

193 2546 499 2617 subventum,
525 2566 641 2604 non
673 2549 868 2605 honori
901 2565 999 2604 suo
1037 2549 1278 2606 delatum
1321 2561 1513 2622 putat:
1539 2553 1771 2610 donatos
1876 2573 1931 2618 et
1959 2565 2278 2637 alienigenis
2331 2571 2582 2637 traditus,
2614 2574 2730 2628 sine
2762 2575 2872 2629 ullo
2912 2578 3163 2646 adjutore
3194 2580 3344 2634 solus
3372 2581 3484 2636 dis-

191 2637 278 2692 sibi
301 2641 592 2697 arbitratur
612 2642 778 2708 filios,
802 2644 967 2698 vitam
992 2643 1588 2711 redditam,servatam
1611 2647 1770 2703 latui-
1877 2656 2072 2711 solutis
2113 2659 2378 2726 vinculis,
2427 2662 2578 2719 mille
2625 2681 2690 2719 ex
2736 2665 2820 2721 his
2867 2669 3100 2736 peremit
3155 2671 3348 2726 viros:
3396 2676 3487 2742 qui

187 2725 314 2784 liam.
351 2731 567 2799 Quanto
614 2735 776 2805 igitur
817 2736 1012 2790 melius
1044 2736 1189 2808 apud
1219 2737 1415 2806 bonos,
1443 2755 1603 2810 quam
1626 2741 1768 2810 apud
1871 2748 2029 2806 funes
2062 2752 2281 2808 intextis
2310 2755 2494 2809 nervis
2523 2757 2670 2812 velut
2691 2759 2875 2814 mollia
2904 2763 3070 2831 sparti
3092 2761 3178 2816 fila
3207 2763 3442 2834 disrupit
3470 2784 3483 2831 ;

187 2819 395 2892 ingratos
427 2827 617 2882 locare
639 2827 965 2884 beneficium
993 2828 1015 2882 ?
1873 2841 1920 2897 is
1941 2858 2104 2914 super
2133 2861 2305 2916 genua
2346 2848 2590 2904 mulieris
2639 2851 2834 2906 inﬂexa
2887 2854 3104 2909 cervice
3157 2865 3443 2912 truncatus
3472 2902 3486 2924 ,

243 2917 354 2973 ηε.
394 2919 550 2977 Unde
603 2921 867 2978 Dominus
910 2922 979 2977 ad
1032 2923 1335 2994 discipulos
1393 2925 1471 2980 ait
1523 2944 1535 2980 :
1588 2926 1769 2982 Nolite
1872 2933 2056 2989 invicti
2106 2937 2274 2991 crinis
2309 2949 2592 3006 ornatum,
2646 2943 3060 3014 praerogativam
3117 2961 3228 3001 sua:
3268 2949 3489 3005 virtutis

181 3013 408 3081 possidere
435 3032 652 3083 aurum,
685 3034 847 3087 neque
893 3028 1186 3089 argentum,
1239 3036 1398 3090 neque
1437 3022 1715 3091 pecuniam
1745 3039 1766 3088 ;
1871 3028 2074 3082 amisit.
2132 3027 2351 3085 Inﬂuxit
2381 3032 2609 3101 pecunia
2643 3034 2695 3087 in
2743 3037 3009 3104 gremium
3043 3039 3312 3107 mulieris,
3365 3051 3420 3096 et
3450 3059 3480 3097 a

182 3106 368 3176 (Matth.
400 3127 453 3177 x,
484 3112 548 3182 9)
577 3129 593 3177 ;
622 3113 745 3183 quia
777 3113 926 3168 velut
955 3113 1112 3180 falce,
1143 3113 1500 3183 pullulantem
1533 3117 1586 3169 in
1634 3131 1760 3186 pec-
1789 3107 1834 3171 C
1867 3121 1983 3175 viro
2009 3121 2259 3178 discessit
2282 3125 2450 3194 gratia
2479 3125 2682 3198 (Judic.
2713 3143 2826 3196 xvr,
2861 3129 2894 3183 5
2922 3140 2969 3184 et
2995 3134 3151 3202 seq.).

181 3200 360 3256 toribus
388 3203 648 3259 humanis
697 3205 927 3261 succidit
964 3208 1268 3263 avaritiam.
1300 3209 1498 3264 Petrus
1544 3225 1763 3281 quoque
1940 3215 2064 3271 152.
2107 3215 2317 3272 Feralis
2346 3219 2511 3289 igitur
2537 3221 2798 3289 avaritia,
2854 3224 3174 3281 illecebrosa
3208 3230 3436 3298 pecunia
3466 3273 3479 3295 ,

179 3294 360 3361 claudo,
405 3299 492 3370 qui
527 3314 608 3356 ex
659 3308 815 3356 utero
868 3303 1060 3356 matris
1091 3317 1206 3356 sua:
1256 3303 1594 3373 portabatur,
1643 3305 1759 3360 ait:
1864 3322 1986 3379 quae
2013 3309 2278 3367 habentes
2303 3314 2660 3382 contaminat,
2690 3333 2796 3371 non
2825 3318 3092 3375 habentes
3115 3338 3221 3377 non
3246 3323 3400 3393 juvat
3430 3337 3478 3381 8.

180 3385 430 3458 Argentum
459 3402 506 3446 et
537 3408 730 3447 aurum
776 3411 879 3448 non
907 3394 1070 3449 habeo
1100 3411 1120 3449 :
1149 3396 1241 3451 sed
1292 3397 1432 3466 quod
1457 3398 1643 3465 habeo,
1694 3400 1760 3454 do
1864 3401 1998 3458 Esto
2023 3412 2201 3461 tamen
2233 3415 2289 3460 ut
2309 3406 2602 3478 aliquando
2632 3409 2850 3480 adjuvet
2882 3415 3134 3481 pecunia,
3162 3415 3476 3474 inferiorem

180 3480 267 3534 tibi.
295 3481 356 3536 In
406 3487 623 3540 nomine
671 3484 798 3541 Jesu
839 3485 1035 3542 Christi
1085 3487 1353 3543 Nazareni
1379 3507 1531 3564 surge
1573 3501 1623 3546 et
1651 3509 1761 3546 am-
1863 3504 2044 3552 tamen
2073 3507 2127 3554 et
2159 3500 2328 3570 ipsam
2355 3500 2780 3559 desiderantem.
2807 3480 2947 3573 Quid
2990 3507 3057 3562 ad
3091 3524 3214 3564 eum
3247 3512 3336 3580 qui
3371 3529 3479 3568 non

178 3573 277 3627 bula
299 3576 436 3649 (Act.
464 3596 550 3648 ιη,
578 3579 674 3652 6).
706 3579 892 3652 Itaque
918 3583 1208 3654 pecuniam
1256 3599 1363 3639 non
1395 3584 1566 3651 dedit,
1613 3585 1758 3641 sani-
1860 3588 2130 3647 desiderat
2160 3633 2175 3657 ,
2205 3593 2294 3663 qui
2321 3610 2427 3649 non
2457 3596 2720 3667 requirit,
2751 3597 2847 3668 qui
2882 3600 3085 3654 auxilio
3113 3600 3231 3668 ejus
3259 3573 3364 3656 non
3401 3604 3484 3658 in-

177 3671 314 3722 tatem
348 3670 514 3728 dedit.
553 3673 776 3742 Quanto
807 3676 1002 3732 melius
1033 3686 1117 3732 est
1136 3677 1370 3732 salutem
1402 3677 1608 3735 habere
1638 3681 1758 3735 sine
1859 3681 2024 3753 diget,
2060 3683 2240 3739 studio
2263 3702 2368 3740 non
2399 3687 2674 3742 ﬂectitur?
2721 3689 2860 3755 Quid
2908 3692 2976 3744 ad
3007 3691 3168 3757 alios,
3194 3693 3238 3746 si
3286 3695 3356 3747 sit
3386 3694 3478 3751 ille

177 3765 388 3834 pecunia,
413 3783 584 3838 quam
616 3769 906 3839 pecuniam
936 3771 1056 3827 sine
1084 3772 1294 3827 salute!
1326 3772 1574 3828 Surrexit
1603 3774 1756 3829 clau-
1858 3777 2131 3847 copiosior
2178 3781 2269 3850 qui
2328 3780 2526 3836 habet?
2572 3781 2844 3853 Numquid
2901 3784 3104 3840 idcirco
3157 3785 3472 3854 honestior;

177 3853 272 3924 dus,
317 3861 451 3932 quod
507 3877 618 3918 non
676 3865 978 3933 sperabat:
1027 3867 1311 3937 pecuniam
1357 3881 1466 3922 non
1518 3869 1750 3938 accepit,
1855 3871 1978 3941 quia
2007 3871 2171 3928 habet
2199 3889 2307 3944 quo
2338 3874 2598 3930 honestas
2624 3876 2945 3946 plerumque
2997 3877 3300 3947 amittitur,
3345 3883 3472 3951 quia

176 3959 306 4015 quam
339 3953 614 4024 sperabat.
649 3953 757 4011 Sed
787 3956 904 4013 haec
935 3957 1022 4012 vix
1061 3959 1113 4013 in
1154 3961 1359 4016 sanctis
1400 3959 1619 4016 Domini
1667 3977 1753 4018 re-
1855 3961 2020 4018 habet
2060 3963 2205 4034 quod
2258 3965 2528 4020 custodiat
2554 3967 2744 4036 .magis
2782 3982 2942 4036 quam
2987 3969 3131 4038 quod
3161 3973 3472 4040 possideat?

175 4043 436 4117 periuntur,
467 4057 534 4104 ut
561 4047 766 4105 divitiae
792 4053 1128 4122 contemptui
1150 4053 1279 4108 sint.
1853 4054 1992 4109 Illud
2016 4056 2160 4111 enim
2183 4056 2524 4126 possidemus
2545 4073 2652 4127 quo
2679 4059 2904 4113 utimur:
2933 4061 3088 4133 102
3107 4062 3252 4132 quod
3281 4072 3462 4119 autem

589 4164 746 4237 101
788 4163 1017 4222 CAPUT
1058 4165 1252 4224 XXVI.
1851 4149 1993 4204 ultra
2022 4164 2175 4256 usum
2205 4158 2319 4214 est,
2365 4165 2472 4256 non
2508 4151 2694 4256 utique
2743 4150 2907 4208 habet
2953 4155 3319 4225 possessionis
3355 4157 3467 4212 fru-

177 4265 315 4335 Ωιιαπι
354 4290 499 4334 vetus
539 4280 738 4334 malum
779 4283 846 4335 sit
884 4283 1136 4349 avaritia,
1175 4284 1350 4340 multis
1379 4286 1562 4341 veteris
1589 4295 1749 4342 testa-
1851 4253 2020 4312 clum’
2054 4244 2152 4300 sed
2189 4244 2452 4301 cuswdm
2485 4245 2812 4316 pcnculum'

229 4369 366 4421 menti
391 4372 640 4442 exemplis
661 4373 864 4428 clarum
887 4374 1028 4443 essef;
1053 4373 1274 4445 hincque
1303 4386 1553 4447 praeterea
1572 4389 1750 4450 patere
2386 4363 2615 4422 CAPUT
2676 4364 2896 4422 xxv"-

228 4475 362 4528 quam
389 4466 562 4521 inanis
584 4467 650 4521 sit
671 4469 1013 4540 pecuniarum
1035 4472 1309 4540 possessio.
1853 4475 1922 4532 In
1947 4479 2180 4551 pecunia:
2209 4487 2502 4550 contemptu
2549 4478 2714 4533 inesse
2755 4481 2981 4550 formam
3014 4481 3276 4553 justititz:
3307 4500 3462 4552 quam

229 4574 336 4631 1&9.
375 4580 646 4638 Cmterum
688 4585 763 4639 ita
801 4584 1170 4642 incubuerunt
1195 4597 1215 4625 ο
1248 4601 1427 4643 mores
1460 4589 1740 4646 hominum
1768 4578 1808 4641 Ι]

1921 4573 2160 4627 virtutem
2198 4589 2289 4628 nec
2317 4590 2421 4627 non
2449 4573 2583 4627 alias
2620 4575 2902 4628 nonnullas
2931 4576 3118 4629 sectari
3150 4577 3330 4631 debent
3355 4588 3459 4631 tam

171 4663 494 4731 admiratione
522 4675 840 4733 divitiarum
862 4720 876 4746 ,
933 4689 992 4733 ut
1028 4694 1191 4736 nemo
1224 4680 1327 4734 nisi
1357 4680 1509 4736 dives
1536 4681 1744 4740 honore

1924 4667 2095 4721 clerici
2141 4683 2294 4736 quam
2322 4667 2614 4733 antistites;
2661 4667 2746 4721 ubi
2793 4669 3114 4738 potissimum
3145 4669 3209 4724 de
3242 4686 3344 4723 non
3388 4673 3462 4741 [e-

172 4755 338 4830 diguus
367 4778 601 4839 ριιιειωι,
656 4769 847 4842 Neque
904 4772 995 4828 hic
1030 4789 1224 4830 recens
1253 4789 1386 4830 usus
1419 4792 1432 4829 ε
1466 4776 1562 4831 sed
1602 4777 1742 4847 jam-
1921 4761 2082 4814 renda
2114 4760 2497 4829 prwcipitauter
2538 4761 3091 4816 excommunicatioue.

170 4849 525 4932 dudum,quod
557 4863 711 4934 pejus
744 4874 847 4932 est,
883 4865 1109 4922 inolevit
1136 4867 1241 4922 hoc
1267 4867 1457 4923 vitium
1488 4869 1740 4927 humanis
1923 4874 2046 4929 155.
2101 4873 2182 4927 Ad
2234 4888 2502 4928 summam
2550 4876 2802 4928 novimus
2841 4876 2984 4945 quod
3039 4877 3281 4946 pecunia:
3324 4894 3454 4935 con-

169 4951 426 5012 mentibus.
481 4958 769 5030 Siquidem
825 4975 949 5017 cum
996 4961 1256 5018 Hiericho
1304 4979 1498 5036 magna
1545 4965 1739 5022 civitas
1848 4966 2335 5038 temptusjustitiac
2361 4966 2536 5022 forma
2581 4967 2682 5034 sit;
2731 4974 2787 5022 et
2814 4967 2938 5024 ideo
2967 4970 3252 5026 avaritiam
3282 4970 3452 5028 decli-

224 5154 248 5183 η
278 5150 385 5208 Cic.
431 5156 520 5211 lib.
566 5171 606 5210 ιι
625 5155 814 5220 0fﬂc.,
844 5170 898 5226 p.
923 5155 1052 5223 584,
1088 5155 1184 5210 lin.
1211 5153 1281 5212 29
1313 5172 1328 5211 :
1354 5154 1420 5209 At
1447 5157 1538 5227 qui
1565 5171 1620 5211 se
1643 5157 1721 5212 lo—
1827 5155 1905 5238 ris
1933 5154 2033 5238 :e‘vi
2077 5153 2201 5238 cod.
2233 5155 2316 5238 (ex
2345 5153 2520 5238 delata
2547 5163 2642 5218 est,
2675 5153 2767 5238 alii
2794 5155 2992 5238 partim
3013 5165 3283 5238 (sumant.
3308 5159 3439 5216 edit.

169 5221 361 5280 ταμιείας
385 5227 681 5292 honoratos,
701 5237 810 5282 etc.
845 5221 863 5226 “
1039 5221 1046 5223 ⁷
1459 5221 1469 5227 ’
1831 5228 1917 5283 lex
1933 5226 2030 5280 Dei
2061 5226 2186 5279 data
2214 5235 2306 5288 est,
2334 5227 2532 5296 partim
2558 5243 2678 5281 cum
2709 5221 2868 5280 Rom.
2900 5227 2984 5280 lea:
3012 5227 3112 5281 Dei
3137 5229 3245 5282 lata
3275 5241 3368 5285 est.

224 5289 248 5329 δ
271 5295 416 5364 lbid.,
440 5301 533 5354 lin.
565 5299 639 5354 3'5
670 5289 691 5352 ἐ
733 5300 799 5352 At
830 5314 948 5354 vero
986 5299 1076 5353 ille
1101 5298 1302 5369 tenuis,
1332 5315 1447 5354 cum
1475 5299 1725 5370 quidquid
1908 5309 1930 5380 σς
1973 5298 2176 5353 Omnes
2208 5289 2370 5364 editI,
2416 5315 2536 5380 eum
2575 5298 2831 5380 abstinere
2856 5299 3124 5362 vetuisset,
3161 5304 3442 5361 contrario

171 5361 332 5428 factum
354 5361 430 5435 sil,
463 5389 517 5425 se
543 5382 834 5439 spectatum
859 5380 1019 5441 putet,
1048 5380 1157 5426 etc.
1287 5361 1300 5369 ’
1487 5361 1499 5370 ’
1612 5361 1623 5370 ’
1832 5380 1888 5426 et
1918 5370 2102 5440 inepto
2132 5385 2315 5435 sensu,
2343 5361 2429 5454 cui
2460 5382 2636 5454 tamen
2667 5368 2836 5454 etiam_
2873 5385 3063 5454 oni-nes
3096 5385 3228 5454 mss.
3264 5387 3443 5454 patro-

226 5434 368 5454 “...
441 5443 470 5454 ..
575 5443 632 5454 .-
722 5442 824 5454 η.
1072 5443 1099 5454 ,.
1381 5443 1392 5454 .
1617 5444 1629 5454 .
1869 5442 1880 5454 .
2005 5452 2011 5454 Α
2310 5452 2316 5454 _

226 5435 247 5464 '
267 5434 533 5504 Ibid.,lin.
562 5434 636 5497 ιδ
666 5461 678 5495 :
715 5442 824 5497 Sed
859 5434 1099 5511 corrupti
1126 5459 1300 5499 mores
1357 5443 1729 5516 depravatique
1831 5434 2107 5524 cinaiittir,
2131 5434 2366 5524 excepto
2383 5441 2608 5497 Fulliac.
2639 5455 2798 5510 quem
2823 5439 2928 5497 hoc
2956 5442 3078 5498 loco
3103 5434 3318 5499 caeteris
3347 5447 3442 5501 du-

170 5509 612 5596 ugt‘adm'i‘ratioue
633 5514 963 5596 divitiarum,
992 5509 1098 5596 etc.
1349 5587 1360 5596 _
1643 5509 1653 5516 ν

1425 5509 1435 5514 ’
1643 5509 1653 5516 ’
1833 5513 2019 5596 cimus
2041 5509 2484 5582 praeponendum.
2509 5584 2541 5596 μ
2658 5509 2670 5510 ί
2715 5581 2726 5596 ,
2867 5585 2878 5596 υ

225 5571 249 5609 ⁸
277 5576 346 5632 ιω
385 5583 507 5639 Era.
537 5601 662 5640 cum
704 5571 961 5653 sequent:
991 5587 1124 5641 edit.
1158 5601 1221 5640 ac
1249 5587 1554 5656 potioribus
1592 5602 1725 5642 mss.
1913 5584 1933 5621 τ
1977 5571 2190 5671 Erasni.
2226 5594 2281 5640 et
2310 5601 2426 5671 seq.
2457 5581 3038 5671 edit.,"s‘qlefuisis.t_ere.1

225 5650 334 5671 ---ι
584 5657 614 5671 ..
874 5668 884 5671 _
1378 5659 1388 5670 .
1591 5660 1602 5671 .
1914 5666 1937 5671 _
2055 5670 2060 5671 ,

167 5640 543 5729 atherbavero,
578 5640 806 5722 lineam,-
837 5668 891 5711 et
914 5640 1046 5712 mss.
1093 5676 1200 5712 non
1235 5640 1390 5728 pauci
1412 5701 1426 5726 ,
1453 5660 1688 5728 regulam
1712 5699 1726 5722 ,

1911 5666 1937 5729 ξς
1975 5654 2092 5711 Cic.
2124 5655 2286 5729 lib._n
2308 5640 2496 5729 AOf/ia,
2517 5672 2572 5725 p.
2602 5640 2731 5720 384,
2762 5654 2856 5708 lin.
2889 5656 2959 5712 45
2985 5676 2997 5712 :
3021 5655 3188 5712 Illum
3227 5661 3445 5729 fortasse

166 5714 340 5791 aliqui,
363 5714 600 5783 laminam
625 5714 857 5782 auream.
887 5729 956 5783 Et
981 5729 1116 5784 infra
1148 5714 1249 5786 ubi
1271 5745 1372 5787 nos
1400 5714 1736 5788 cnnimelio;
1838 5727 2076 5799 adjuvat,
2111 5729 2198 5798 qui
2226 5714 2398 5794 habe},
2422 5736 2528 5785 etc.

653 5818 934 5882 PATBOL.
995 5820 1169 5884 XVI.
2916 5823 2954 5885 5
