  <div class='ocr_page' id='page_1' title='image "/cluster/home/n/w/nwhite01/storage/ocr_20150623/16/uva.x000826550/077.png"; bbox 0 0 4030 6188; ppageno 0'>
   <div class='ocr_carea' id='block_1_1' title="bbox 442 198 616 261">
    <p class='ocr_par' dir='ltr' id='par_1_1' title="bbox 442 198 616 261">
     <span class='ocr_line' id='line_1_1' title="bbox 442 198 616 261; baseline -0.017 0"><span class='ocrx_word' id='word_1_1' title='bbox 442 198 551 261; x_wconf 70' lang='grc'><strong>139</strong></span> <span class='ocrx_word' id='word_1_2' title='bbox 609 203 616 209; x_wconf 79' lang='grc'><strong>”</strong></span> 
     </span>
    </p>
   </div>
   <div class='ocr_carea' id='block_1_2' title="bbox 1852 182 2463 253">
    <p class='ocr_par' dir='ltr' id='par_1_2' title="bbox 1852 182 2463 253">
     <span class='ocr_line' id='line_1_2' title="bbox 1852 182 2463 253; baseline -0.003 -1"><span class='ocrx_word' id='word_1_3' title='bbox 1852 182 2101 253; x_wconf 80' lang='lat' dir='ltr'><strong>SANCTI</strong></span> <span class='ocrx_word' id='word_1_4' title='bbox 2135 186 2463 251; x_wconf 75' lang='lat' dir='ltr'><strong>AMBROSII</strong></span> 
     </span>
    </p>
   </div>
   <div class='ocr_carea' id='block_1_3' title="bbox 3655 192 3773 250">
    <p class='ocr_par' dir='ltr' id='par_1_3' title="bbox 3655 192 3773 250">
     <span class='ocr_line' id='line_1_3' title="bbox 3655 192 3773 250; baseline 0 -1"><span class='ocrx_word' id='word_1_5' title='bbox 3655 192 3773 250; x_wconf 75' lang='lat' dir='ltr'><strong>HO</strong></span> 
     </span>
    </p>
   </div>
   <div class='ocr_carea' id='block_1_4' title="bbox 447 305 3764 386">
    <p class='ocr_par' dir='ltr' id='par_1_4' title="bbox 447 305 3764 386">
     <span class='ocr_line' id='line_1_4' title="bbox 447 305 3764 386; baseline -0.005 -10"><span class='ocrx_word' id='word_1_6' title='bbox 447 335 582 377; x_wconf 86' lang='lat' dir='ltr'><strong>nare</strong></span> <span class='ocrx_word' id='word_1_7' title='bbox 625 318 922 386; x_wconf 82' lang='lat' dir='ltr'><strong>debemus,</strong></span> <span class='ocrx_word' id='word_1_8' title='bbox 971 322 1031 373; x_wconf 88' lang='lat' dir='ltr'><strong>et</strong></span> <span class='ocrx_word' id='word_1_9' title='bbox 1067 314 1219 371; x_wconf 85' lang='lat' dir='ltr'><strong>omni</strong></span> <span class='ocrx_word' id='word_1_10' title='bbox 1256 311 1440 371; x_wconf 90' lang='lat' dir='ltr'><strong>studio</strong></span> <span class='ocrx_word' id='word_1_11' title='bbox 1466 309 1772 380; x_wconf 73' lang='lat' dir='ltr'><strong>intendere,</strong></span> <span class='ocrx_word' id='word_1_12' title='bbox 1814 326 1886 368; x_wconf 87' lang='lat' dir='ltr'><strong>ne</strong></span> <span class='ocrx_word' id='word_1_13' title='bbox 1919 309 2051 382; x_wconf 82' lang='lat' dir='ltr'><strong>quid</strong></span> <span class='ocrx_word' id='word_1_14' title='bbox 2075 316 2130 376; x_wconf 74' lang='grc' dir='ltr'><strong>Α</strong></span> <span class='ocrx_word' id='word_1_15' title='bbox 2153 317 2453 379; x_wconf 58' lang='lat' dir='ltr'><strong>prastare,</strong></span> <span class='ocrx_word' id='word_1_16' title='bbox 2496 306 2581 365; x_wconf 91' lang='lat' dir='ltr'><strong>vel</strong></span> <span class='ocrx_word' id='word_1_17' title='bbox 2626 305 2882 363; x_wconf 77' lang='lat' dir='ltr'><strong>invidiam</strong></span> <span class='ocrx_word' id='word_1_18' title='bbox 2911 309 3144 378; x_wconf 76' lang='lat' dir='ltr'><strong>perpeti,</strong></span> <span class='ocrx_word' id='word_1_19' title='bbox 3198 322 3362 379; x_wconf 88' lang='lat' dir='ltr'><strong>quam</strong></span> <span class='ocrx_word' id='word_1_20' title='bbox 3412 306 3764 377; x_wconf 67' lang='lat' dir='ltr'><strong>praetendere</strong></span> 
     </span>
    </p>
   </div>
   <div class='ocr_carea' id='block_1_5' title="bbox 450 404 2051 481">
    <p class='ocr_par' dir='ltr' id='par_1_5' title="bbox 450 404 2051 481">
     <span class='ocr_line' id='line_1_5' title="bbox 450 404 2051 481; baseline -0.007 -12"><span class='ocrx_word' id='word_1_21' title='bbox 450 415 715 470; x_wconf 78' lang='lat' dir='ltr'><strong>faciamus</strong></span> <span class='ocrx_word' id='word_1_22' title='bbox 744 424 997 481; x_wconf 78' lang='lat' dir='ltr'><strong>umquam</strong></span> <span class='ocrx_word' id='word_1_23' title='bbox 1027 406 1290 464; x_wconf 85' lang='lat' dir='ltr'><strong>adversus</strong></span> <span class='ocrx_word' id='word_1_24' title='bbox 1313 405 1577 476; x_wconf 70' lang='lat' dir='ltr'><strong>justitiam</strong></span> <span class='ocrx_word' id='word_1_25' title='bbox 1596 448 1613 475; x_wconf 88' lang='lat'><strong>,</strong></span> <span class='ocrx_word' id='word_1_26' title='bbox 1644 404 1740 461; x_wconf 84' lang='lat' dir='ltr'><strong>sed</strong></span> <span class='ocrx_word' id='word_1_27' title='bbox 1771 405 1827 461; x_wconf 91' lang='lat' dir='ltr'><strong>in</strong></span> <span class='ocrx_word' id='word_1_28' title='bbox 1872 404 2051 460; x_wconf 87' lang='lat' dir='ltr'><strong>omni-</strong></span> 
     </span>
    </p>
   </div>
   <div class='ocr_carea' id='block_1_6' title="bbox 449 499 1667 578">
    <p class='ocr_par' dir='ltr' id='par_1_6' title="bbox 449 499 1667 578">
     <span class='ocr_line' id='line_1_6' title="bbox 449 499 1667 578; baseline -0.008 -15"><span class='ocrx_word' id='word_1_29' title='bbox 449 507 554 563; x_wconf 86' lang='lat' dir='ltr'><strong>bus</strong></span> <span class='ocrx_word' id='word_1_30' title='bbox 573 507 742 578; x_wconf 79' lang='lat' dir='ltr'><strong>gestis</strong></span> <span class='ocrx_word' id='word_1_31' title='bbox 767 512 823 559; x_wconf 86' lang='lat' dir='ltr'><strong>et</strong></span> <span class='ocrx_word' id='word_1_32' title='bbox 848 501 1107 573; x_wconf 82' lang='lat' dir='ltr'><strong>operibus</strong></span> <span class='ocrx_word' id='word_1_33' title='bbox 1131 499 1505 556; x_wconf 84' lang='lat' dir='ltr'><strong>custodiamus</strong></span> <span class='ocrx_word' id='word_1_34' title='bbox 1525 513 1667 554; x_wconf 88' lang='lat' dir='ltr'><strong>eam.</strong></span> 
     </span>
    </p>
   </div>
   <div class='ocr_carea' id='block_1_7' title="bbox 524 590 2053 659">
    <p class='ocr_par' dir='ltr' id='par_1_7' title="bbox 524 590 2053 659">
     <span class='ocr_line' id='line_1_7' title="bbox 524 590 2053 659; baseline -0.008 -3"><span class='ocrx_word' id='word_1_35' title='bbox 524 599 648 656; x_wconf 72' lang='grc'><strong>154.</strong></span> <span class='ocrx_word' id='word_1_36' title='bbox 672 597 729 655; x_wconf 89' lang='lat' dir='ltr'><strong>Si</strong></span> <span class='ocrx_word' id='word_1_37' title='bbox 754 597 1004 653; x_wconf 87' lang='lat' dir='ltr'><strong>volumus</strong></span> <span class='ocrx_word' id='word_1_38' title='bbox 1028 592 1417 651; x_wconf 75' lang='lat' dir='ltr'><strong>commendare</strong></span> <span class='ocrx_word' id='word_1_39' title='bbox 1441 608 1540 649; x_wconf 90' lang='lat' dir='ltr'><strong>nos</strong></span> <span class='ocrx_word' id='word_1_40' title='bbox 1567 593 1696 659; x_wconf 89' lang='lat' dir='ltr'><strong>Deo,</strong></span> <span class='ocrx_word' id='word_1_41' title='bbox 1731 590 2053 647; x_wconf 85' lang='lat' dir='ltr'><strong>cbaritatem</strong></span> 
     </span>
    </p>
   </div>
   <div class='ocr_carea' id='block_1_8' title="bbox 453 686 2051 758">
    <p class='ocr_par' dir='ltr' id='par_1_8' title="bbox 453 686 2051 758">
     <span class='ocr_line' id='line_1_8' title="bbox 453 686 2051 758; baseline -0.007 -10"><span class='ocrx_word' id='word_1_42' title='bbox 453 693 774 758; x_wconf 81' lang='lat' dir='ltr'><strong>habeamus,</strong></span> <span class='ocrx_word' id='word_1_43' title='bbox 814 688 1102 746; x_wconf 84' lang='lat' dir='ltr'><strong>unanimes</strong></span> <span class='ocrx_word' id='word_1_44' title='bbox 1129 689 1321 755; x_wconf 87' lang='lat' dir='ltr'><strong>simus,</strong></span> <span class='ocrx_word' id='word_1_45' title='bbox 1356 686 1715 743; x_wconf 86' lang='lat' dir='ltr'><strong>humilitatem</strong></span> <span class='ocrx_word' id='word_1_46' title='bbox 1741 698 2051 753; x_wconf 78' lang='lat' dir='ltr'><strong>sequamur,</strong></span> 
     </span>
    </p>
   </div>
   <div class='ocr_carea' id='block_1_9' title="bbox 452 778 2059 854">
    <p class='ocr_par' dir='ltr' id='par_1_9' title="bbox 452 778 2059 854">
     <span class='ocr_line' id='line_1_9' title="bbox 452 778 2059 854; baseline -0.006 -12"><span class='ocrx_word' id='word_1_47' title='bbox 452 788 776 844; x_wconf 86' lang='lat' dir='ltr'><strong>alterutrum</strong></span> <span class='ocrx_word' id='word_1_48' title='bbox 834 785 1213 843; x_wconf 77' lang='lat' dir='ltr'><strong>existimantes</strong></span> <span class='ocrx_word' id='word_1_49' title='bbox 1251 785 1587 854; x_wconf 78' lang='lat' dir='ltr'><strong>superiorem</strong></span> <span class='ocrx_word' id='word_1_50' title='bbox 1626 780 1751 836; x_wconf 90' lang='lat' dir='ltr'><strong>sibi.</strong></span> <span class='ocrx_word' id='word_1_51' title='bbox 1802 778 1931 835; x_wconf 74' lang='lat' dir='ltr'><strong>Hzec</strong></span> <span class='ocrx_word' id='word_1_52' title='bbox 1972 785 2059 832; x_wconf 88' lang='lat' dir='ltr'><strong>est</strong></span> 
     </span>
    </p>
   </div>
   <div class='ocr_carea' id='block_1_10' title="bbox 449 869 2058 947">
    <p class='ocr_par' dir='ltr' id='par_1_10' title="bbox 449 869 2058 947">
     <span class='ocr_line' id='line_1_10' title="bbox 449 869 2058 947; baseline -0.012 -4"><span class='ocrx_word' id='word_1_53' title='bbox 449 881 600 943; x_wconf 79' lang='lat' dir='ltr'><strong>enim</strong></span> <span class='ocrx_word' id='word_1_54' title='bbox 628 878 927 947; x_wconf 74' lang='lat' dir='ltr'><strong>humilitas,</strong></span> <span class='ocrx_word' id='word_1_55' title='bbox 951 879 997 934; x_wconf 87' lang='lat' dir='ltr'><strong>si</strong></span> <span class='ocrx_word' id='word_1_56' title='bbox 1024 877 1158 933; x_wconf 82' lang='lat' dir='ltr'><strong>nihil</strong></span> <span class='ocrx_word' id='word_1_57' title='bbox 1186 876 1290 931; x_wconf 89' lang='lat' dir='ltr'><strong>sibi</strong></span> <span class='ocrx_word' id='word_1_58' title='bbox 1320 875 1447 947; x_wconf 85' lang='lat' dir='ltr'><strong>quis</strong></span> <span class='ocrx_word' id='word_1_59' title='bbox 1470 880 1717 945; x_wconf 77' lang='lat' dir='ltr'><strong>arroget,</strong></span> <span class='ocrx_word' id='word_1_60' title='bbox 1749 880 1805 927; x_wconf 90' lang='lat' dir='ltr'><strong>et</strong></span> <span class='ocrx_word' id='word_1_61' title='bbox 1833 869 2058 926; x_wconf 76' lang='lat' dir='ltr'><strong>infcrio-</strong></span> 
     </span>
    </p>
   </div>
   <div class='ocr_carea' id='block_1_11' title="bbox 453 962 2056 1039">
    <p class='ocr_par' dir='ltr' id='par_1_11' title="bbox 453 962 2056 1039">
     <span class='ocr_line' id='line_1_11' title="bbox 453 962 2056 1039; baseline -0.009 -8"><span class='ocrx_word' id='word_1_62' title='bbox 453 991 571 1032; x_wconf 85' lang='lat' dir='ltr'><strong>rcm</strong></span> <span class='ocrx_word' id='word_1_63' title='bbox 601 989 664 1031; x_wconf 86' lang='lat' dir='ltr'><strong>se</strong></span> <span class='ocrx_word' id='word_1_64' title='bbox 683 987 808 1030; x_wconf 87' lang='lat' dir='ltr'><strong>esse</strong></span> <span class='ocrx_word' id='word_1_65' title='bbox 843 970 1136 1028; x_wconf 81' lang='lat' dir='ltr'><strong>existimet.</strong></span> <span class='ocrx_word' id='word_1_66' title='bbox 1190 968 1494 1039; x_wconf 79' lang='lat' dir='ltr'><strong>Episcopus</strong></span> <span class='ocrx_word' id='word_1_67' title='bbox 1537 975 1594 1021; x_wconf 87' lang='lat' dir='ltr'><strong>ut</strong></span> <span class='ocrx_word' id='word_1_68' title='bbox 1639 963 1902 1020; x_wconf 81' lang='lat' dir='ltr'><strong>membris</strong></span> <span class='ocrx_word' id='word_1_69' title='bbox 1942 962 2056 1018; x_wconf 86' lang='lat' dir='ltr'><strong>suis</strong></span> 
     </span>
    </p>
   </div>
   <div class='ocr_carea' id='block_1_12' title="bbox 452 1057 2058 1130">
    <p class='ocr_par' dir='ltr' id='par_1_12' title="bbox 452 1057 2058 1130">
     <span class='ocr_line' id='line_1_12' title="bbox 452 1057 2058 1130; baseline -0.007 -8"><span class='ocrx_word' id='word_1_70' title='bbox 452 1075 637 1123; x_wconf 83' lang='lat' dir='ltr'><strong>utatur</strong></span> <span class='ocrx_word' id='word_1_71' title='bbox 680 1064 919 1130; x_wconf 86' lang='lat' dir='ltr'><strong>clericis,</strong></span> <span class='ocrx_word' id='word_1_72' title='bbox 949 1072 1005 1119; x_wconf 90' lang='lat' dir='ltr'><strong>et</strong></span> <span class='ocrx_word' id='word_1_73' title='bbox 1039 1062 1274 1118; x_wconf 77' lang='lat' dir='ltr'><strong>maxime</strong></span> <span class='ocrx_word' id='word_1_74' title='bbox 1317 1059 1587 1115; x_wconf 84' lang='lat' dir='ltr'><strong>ministris</strong></span> <span class='ocrx_word' id='word_1_75' title='bbox 1620 1057 1713 1128; x_wconf 90' lang='lat' dir='ltr'><strong>qui</strong></span> <span class='ocrx_word' id='word_1_76' title='bbox 1749 1065 1879 1112; x_wconf 88' lang='lat' dir='ltr'><strong>sunt</strong></span> <span class='ocrx_word' id='word_1_77' title='bbox 1925 1068 2058 1111; x_wconf 86' lang='lat' dir='ltr'><strong>vere</strong></span> 
     </span>
    </p>
   </div>
   <div class='ocr_carea' id='block_1_13' title="bbox 453 1148 2054 1230">
    <p class='ocr_par' dir='ltr' id='par_1_13' title="bbox 453 1148 2054 1230">
     <span class='ocr_line' id='line_1_13' title="bbox 453 1148 2054 1230; baseline -0.01 -13"><span class='ocrx_word' id='word_1_78' title='bbox 453 1160 549 1217; x_wconf 80' lang='lat' dir='ltr'><strong>lilii</strong></span> <span class='ocrx_word' id='word_1_79' title='bbox 572 1176 588 1217; x_wconf 86' lang='lat'><strong>:</strong></span> <span class='ocrx_word' id='word_1_80' title='bbox 611 1173 774 1230; x_wconf 87' lang='lat' dir='ltr'><strong>quem</strong></span> <span class='ocrx_word' id='word_1_81' title='bbox 797 1157 998 1227; x_wconf 82' lang='lat' dir='ltr'><strong>cuique</strong></span> <span class='ocrx_word' id='word_1_82' title='bbox 1030 1154 1229 1210; x_wconf 89' lang='lat' dir='ltr'><strong>viderit</strong></span> <span class='ocrx_word' id='word_1_83' title='bbox 1254 1164 1440 1224; x_wconf 90' lang='lat' dir='ltr'><strong>aptum</strong></span> <span class='ocrx_word' id='word_1_84' title='bbox 1472 1151 1709 1219; x_wconf 84' lang='lat' dir='ltr'><strong>muneri,</strong></span> <span class='ocrx_word' id='word_1_85' title='bbox 1734 1150 1784 1205; x_wconf 91' lang='lat' dir='ltr'><strong>ei</strong></span> <span class='ocrx_word' id='word_1_86' title='bbox 1811 1148 2054 1218; x_wconf 83' lang='lat' dir='ltr'><strong>deputet.</strong></span> 
     </span>
    </p>
   </div>
   <div class='ocr_carea' id='block_1_14' title="bbox 530 1242 2059 1319">
    <p class='ocr_par' dir='ltr' id='par_1_14' title="bbox 530 1242 2059 1319">
     <span class='ocr_line' id='line_1_14' title="bbox 530 1242 2059 1319; baseline -0.01 -7"><span class='ocrx_word' id='word_1_87' title='bbox 530 1255 659 1311; x_wconf 72' lang='grc'><strong>135.</strong></span> <span class='ocrx_word' id='word_1_88' title='bbox 701 1262 728 1292; x_wconf 72' lang='grc' dir='ltr'>ει</span> <span class='ocrx_word' id='word_1_89' title='bbox 758 1250 897 1308; x_wconf 87' lang='lat' dir='ltr'><strong>Cum</strong></span> <span class='ocrx_word' id='word_1_90' title='bbox 927 1250 1116 1307; x_wconf 89' lang='lat' dir='ltr'><strong>dolore</strong></span> <span class='ocrx_word' id='word_1_91' title='bbox 1155 1257 1467 1319; x_wconf 81' lang='lat' dir='ltr'><strong>amputatur</strong></span> <span class='ocrx_word' id='word_1_92' title='bbox 1495 1247 1661 1303; x_wconf 89' lang='lat' dir='ltr'><strong>etiam</strong></span> <span class='ocrx_word' id='word_1_93' title='bbox 1703 1260 1823 1317; x_wconf 80' lang='lat' dir='ltr'><strong>quae</strong></span> <span class='ocrx_word' id='word_1_94' title='bbox 1855 1242 2059 1313; x_wconf 89' lang='lat' dir='ltr'><strong>putruit</strong></span> 
     </span>
    </p>
   </div>
   <div class='ocr_carea' id='block_1_15' title="bbox 451 1338 2055 1421">
    <p class='ocr_par' dir='ltr' id='par_1_15' title="bbox 451 1338 2055 1421">
     <span class='ocr_line' id='line_1_15' title="bbox 451 1338 2055 1421; baseline -0.006 -17"><span class='ocrx_word' id='word_1_95' title='bbox 451 1363 580 1421; x_wconf 87' lang='lat' dir='ltr'><strong>pars</strong></span> <span class='ocrx_word' id='word_1_96' title='bbox 609 1344 874 1416; x_wconf 88' lang='lat' dir='ltr'><strong>corporis,</strong></span> <span class='ocrx_word' id='word_1_97' title='bbox 903 1352 958 1402; x_wconf 90' lang='lat' dir='ltr'><strong>et</strong></span> <span class='ocrx_word' id='word_1_98' title='bbox 984 1343 1079 1399; x_wconf 91' lang='lat' dir='ltr'><strong>diu</strong></span> <span class='ocrx_word' id='word_1_99' title='bbox 1124 1351 1409 1408; x_wconf 78' lang='lat' dir='ltr'><strong>tractatur,</strong></span> <span class='ocrx_word' id='word_1_100' title='bbox 1444 1341 1489 1396; x_wconf 90' lang='lat' dir='ltr'><strong>si</strong></span> <span class='ocrx_word' id='word_1_101' title='bbox 1518 1348 1691 1411; x_wconf 83' lang='lat' dir='ltr'><strong>potest</strong></span> <span class='ocrx_word' id='word_1_102' title='bbox 1723 1338 1903 1394; x_wconf 85' lang='lat' dir='ltr'><strong>sanari</strong></span> <span class='ocrx_word' id='word_1_103' title='bbox 1944 1352 2055 1394; x_wconf 84' lang='lat' dir='ltr'><strong>me-</strong></span> 
     </span>
    </p>
   </div>
   <div class='ocr_carea' id='block_1_16' title="bbox 452 1429 2058 1507">
    <p class='ocr_par' dir='ltr' id='par_1_16' title="bbox 452 1429 2058 1507">
     <span class='ocr_line' id='line_1_16' title="bbox 452 1429 2058 1507; baseline -0.01 -6"><span class='ocrx_word' id='word_1_104' title='bbox 452 1440 819 1501; x_wconf 84' lang='lat' dir='ltr'><strong>dicamentis:</strong></span> <span class='ocrx_word' id='word_1_105' title='bbox 866 1438 912 1494; x_wconf 90' lang='lat' dir='ltr'><strong>si</strong></span> <span class='ocrx_word' id='word_1_106' title='bbox 947 1453 1055 1493; x_wconf 85' lang='lat' dir='ltr'><strong>non</strong></span> <span class='ocrx_word' id='word_1_107' title='bbox 1089 1445 1286 1507; x_wconf 85' lang='lat' dir='ltr'><strong>potest,</strong></span> <span class='ocrx_word' id='word_1_108' title='bbox 1337 1445 1517 1490; x_wconf 86' lang='lat' dir='ltr'><strong>tunca</strong></span> <span class='ocrx_word' id='word_1_109' title='bbox 1549 1431 1763 1489; x_wconf 89' lang='lat' dir='ltr'><strong>medico</strong></span> <span class='ocrx_word' id='word_1_110' title='bbox 1784 1431 1929 1486; x_wconf 91' lang='lat' dir='ltr'><strong>bono</strong></span> <span class='ocrx_word' id='word_1_111' title='bbox 1957 1429 2058 1486; x_wconf 86' lang='lat' dir='ltr'><strong>ab-</strong></span> 
     </span>
    </p>
   </div>
   <div class='ocr_carea' id='block_1_17' title="bbox 453 1527 2061 1603">
    <p class='ocr_par' dir='ltr' id='par_1_17' title="bbox 453 1527 2061 1603">
     <span class='ocr_line' id='line_1_17' title="bbox 453 1527 2061 1603; baseline -0.009 -10"><span class='ocrx_word' id='word_1_112' title='bbox 453 1535 705 1593; x_wconf 82' lang='lat' dir='ltr'><strong>sciditur.</strong></span> <span class='ocrx_word' id='word_1_113' title='bbox 759 1534 853 1591; x_wconf 88' lang='lat' dir='ltr'><strong>Sic</strong></span> <span class='ocrx_word' id='word_1_114' title='bbox 896 1530 1144 1603; x_wconf 75' lang='lat' dir='ltr'><strong>episcopi</strong></span> <span class='ocrx_word' id='word_1_115' title='bbox 1191 1528 1417 1585; x_wconf 64' lang='lat' dir='ltr'><strong>auectas</strong></span> <span class='ocrx_word' id='word_1_116' title='bbox 1459 1527 1590 1582; x_wconf 84' lang='lat' dir='ltr'><strong>boni</strong></span> <span class='ocrx_word' id='word_1_117' title='bbox 1632 1535 1753 1593; x_wconf 89' lang='lat' dir='ltr'><strong>est,</strong></span> <span class='ocrx_word' id='word_1_118' title='bbox 1802 1531 1863 1580; x_wconf 90' lang='lat' dir='ltr'><strong>ut</strong></span> <span class='ocrx_word' id='word_1_119' title='bbox 1908 1531 2061 1595; x_wconf 86' lang='lat' dir='ltr'><strong>optet</strong></span> 
     </span>
    </p>
   </div>
   <div class='ocr_carea' id='block_1_18' title="bbox 453 1618 2060 1696">
    <p class='ocr_par' dir='ltr' id='par_1_18' title="bbox 453 1618 2060 1696">
     <span class='ocr_line' id='line_1_18' title="bbox 453 1618 2060 1696; baseline -0.009 -8"><span class='ocrx_word' id='word_1_120' title='bbox 453 1645 656 1688; x_wconf 86' lang='lat' dir='ltr'><strong>sanare</strong></span> <span class='ocrx_word' id='word_1_121' title='bbox 678 1627 959 1696; x_wconf 81' lang='lat' dir='ltr'><strong>inﬁrmos,</strong></span> <span class='ocrx_word' id='word_1_122' title='bbox 1006 1624 1284 1696; x_wconf 84' lang='lat' dir='ltr'><strong>serpentia</strong></span> <span class='ocrx_word' id='word_1_123' title='bbox 1319 1621 1536 1678; x_wconf 78' lang='lat' dir='ltr'><strong>auferre</strong></span> <span class='ocrx_word' id='word_1_124' title='bbox 1574 1620 1790 1685; x_wconf 82' lang='lat' dir='ltr'><strong>ulcera,</strong></span> <span class='ocrx_word' id='word_1_125' title='bbox 1827 1618 2060 1675; x_wconf 81' lang='lat' dir='ltr'><strong>adurere</strong></span> 
     </span>
    </p>
   </div>
   <div class='ocr_carea' id='block_1_19' title="bbox 2152 399 3761 473">
    <p class='ocr_par' dir='ltr' id='par_1_19' title="bbox 2152 399 3761 473">
     <span class='ocr_line' id='line_1_19' title="bbox 2152 399 3761 473; baseline -0.004 -13"><span class='ocrx_word' id='word_1_126' title='bbox 2152 402 2589 468; x_wconf 83' lang='lat' dir='ltr'><strong>inclementiam;</strong></span> <span class='ocrx_word' id='word_1_127' title='bbox 2640 411 2699 458; x_wconf 89' lang='lat' dir='ltr'><strong>ut</strong></span> <span class='ocrx_word' id='word_1_128' title='bbox 2752 416 2853 458; x_wconf 87' lang='lat' dir='ltr'><strong>nos</strong></span> <span class='ocrx_word' id='word_1_129' title='bbox 2891 401 3189 470; x_wconf 76' lang='lat' dir='ltr'><strong>aliquando.</strong></span> <span class='ocrx_word' id='word_1_130' title='bbox 3224 401 3277 456; x_wconf 92' lang='lat' dir='ltr'><strong>in</strong></span> <span class='ocrx_word' id='word_1_131' title='bbox 3307 399 3563 456; x_wconf 80' lang='lat' dir='ltr'><strong>invidiam</strong></span> <span class='ocrx_word' id='word_1_132' title='bbox 3598 399 3761 473; x_wconf 75' lang='lat'><strong>103</strong></span> 
     </span>
    </p>
   </div>
   <div class='ocr_carea' id='block_1_20' title="bbox 2152 491 3762 566">
    <p class='ocr_par' dir='ltr' id='par_1_20' title="bbox 2152 491 3762 566">
     <span class='ocr_line' id='line_1_20' title="bbox 2152 491 3762 566; baseline -0.004 -14"><span class='ocrx_word' id='word_1_133' title='bbox 2152 496 2466 564; x_wconf 86' lang='lat' dir='ltr'><strong>incidimus,</strong></span> <span class='ocrx_word' id='word_1_134' title='bbox 2517 495 2660 566; x_wconf 91' lang='lat' dir='ltr'><strong>quod</strong></span> <span class='ocrx_word' id='word_1_135' title='bbox 2707 493 3142 566; x_wconf 79' lang='lat' dir='ltr'><strong>confregerimus</strong></span> <span class='ocrx_word' id='word_1_136' title='bbox 3192 508 3321 548; x_wconf 87' lang='lat' dir='ltr'><strong>vasa</strong></span> <span class='ocrx_word' id='word_1_137' title='bbox 3346 491 3374 531; x_wconf 61' lang='grc' dir='ltr'>δ</span> <span class='ocrx_word' id='word_1_138' title='bbox 3408 492 3664 563; x_wconf 78' lang='lat' dir='ltr'><strong>mystica,</strong></span> <span class='ocrx_word' id='word_1_139' title='bbox 3700 500 3762 545; x_wconf 90' lang='lat' dir='ltr'><strong>ut</strong></span> 
     </span>
    </p>
   </div>
   <div class='ocr_carea' id='block_1_21' title="bbox 2153 585 3765 662">
    <p class='ocr_par' dir='ltr' id='par_1_21' title="bbox 2153 585 3765 662">
     <span class='ocr_line' id='line_1_21' title="bbox 2153 585 3765 662; baseline -0.004 -15"><span class='ocrx_word' id='word_1_140' title='bbox 2153 589 2400 662; x_wconf 90' lang='lat' dir='ltr'><strong>captivos</strong></span> <span class='ocrx_word' id='word_1_141' title='bbox 2430 589 2849 657; x_wconf 87' lang='lat' dir='ltr'><strong>rcdimeremus,</strong></span> <span class='ocrx_word' id='word_1_142' title='bbox 2907 588 3053 660; x_wconf 91' lang='lat' dir='ltr'><strong>quod</strong></span> <span class='ocrx_word' id='word_1_143' title='bbox 3102 587 3306 643; x_wconf 87' lang='lat' dir='ltr'><strong>arianis</strong></span> <span class='ocrx_word' id='word_1_144' title='bbox 3332 585 3627 656; x_wconf 84' lang='lat' dir='ltr'><strong>displicere</strong></span> <span class='ocrx_word' id='word_1_145' title='bbox 3660 599 3765 657; x_wconf 90' lang='lat' dir='ltr'><strong>po-</strong></span> 
     </span>
    </p>
   </div>
   <div class='ocr_carea' id='block_1_22' title="bbox 2154 679 3769 750">
    <p class='ocr_par' dir='ltr' id='par_1_22' title="bbox 2154 679 3769 750">
     <span class='ocr_line' id='line_1_22' title="bbox 2154 679 3769 750; baseline -0.004 -12"><span class='ocrx_word' id='word_1_146' title='bbox 2154 689 2366 750; x_wconf 89' lang='lat' dir='ltr'><strong>tuerat;</strong></span> <span class='ocrx_word' id='word_1_147' title='bbox 2411 696 2513 739; x_wconf 90' lang='lat' dir='ltr'><strong>nec</strong></span> <span class='ocrx_word' id='word_1_148' title='bbox 2566 692 2672 737; x_wconf 86' lang='lat' dir='ltr'><strong>tam</strong></span> <span class='ocrx_word' id='word_1_149' title='bbox 2705 680 2904 736; x_wconf 84' lang='lat' dir='ltr'><strong>factum</strong></span> <span class='ocrx_word' id='word_1_150' title='bbox 2937 679 3283 749; x_wconf 82' lang='lat' dir='ltr'><strong>displiceret,</strong></span> <span class='ocrx_word' id='word_1_151' title='bbox 3324 691 3485 749; x_wconf 87' lang='lat' dir='ltr'><strong>quam</strong></span> <span class='ocrx_word' id='word_1_152' title='bbox 3530 685 3587 732; x_wconf 91' lang='lat' dir='ltr'><strong>ut</strong></span> <span class='ocrx_word' id='word_1_153' title='bbox 3614 685 3769 732; x_wconf 83' lang='lat' dir='ltr'><strong>esset</strong></span> 
     </span>
    </p>
   </div>
   <div class='ocr_carea' id='block_1_23' title="bbox 2155 774 3760 850">
    <p class='ocr_par' dir='ltr' id='par_1_23' title="bbox 2155 774 3760 850">
     <span class='ocr_line' id='line_1_23' title="bbox 2155 774 3760 850; baseline -0.006 -15"><span class='ocrx_word' id='word_1_154' title='bbox 2155 778 2301 850; x_wconf 88' lang='lat' dir='ltr'><strong>quod</strong></span> <span class='ocrx_word' id='word_1_155' title='bbox 2341 778 2393 833; x_wconf 92' lang='lat' dir='ltr'><strong>in</strong></span> <span class='ocrx_word' id='word_1_156' title='bbox 2426 778 2587 834; x_wconf 86' lang='lat' dir='ltr'><strong>nobis</strong></span> <span class='ocrx_word' id='word_1_157' title='bbox 2613 775 3130 847; x_wconf 81' lang='lat' dir='ltr'><strong>reprehenderetur.</strong></span> <span class='ocrx_word' id='word_1_158' title='bbox 3161 774 3295 844; x_wconf 84' lang='lat' dir='ltr'><strong>Quis</strong></span> <span class='ocrx_word' id='word_1_159' title='bbox 3329 782 3508 828; x_wconf 83' lang='lat' dir='ltr'><strong>autem</strong></span> <span class='ocrx_word' id='word_1_160' title='bbox 3531 781 3616 827; x_wconf 86' lang='lat' dir='ltr'><strong>est</strong></span> <span class='ocrx_word' id='word_1_161' title='bbox 3649 782 3760 826; x_wconf 90' lang='lat' dir='ltr'><strong>tam</strong></span> 
     </span>
    </p>
   </div>
   <div class='ocr_carea' id='block_1_24' title="bbox 2155 863 3767 936">
    <p class='ocr_par' dir='ltr' id='par_1_24' title="bbox 2155 863 3767 936">
     <span class='ocr_line' id='line_1_24' title="bbox 2155 863 3767 936; baseline -0.004 -11"><span class='ocrx_word' id='word_1_162' title='bbox 2155 870 2357 936; x_wconf 87' lang='lat' dir='ltr'><strong>durus,</strong></span> <span class='ocrx_word' id='word_1_163' title='bbox 2387 869 2644 936; x_wconf 87' lang='lat' dir='ltr'><strong>immitis,</strong></span> <span class='ocrx_word' id='word_1_164' title='bbox 2684 867 2927 929; x_wconf 78' lang='lat' dir='ltr'><strong>ferreus.</strong></span> <span class='ocrx_word' id='word_1_165' title='bbox 2968 867 3056 922; x_wconf 91' lang='lat' dir='ltr'><strong>cui</strong></span> <span class='ocrx_word' id='word_1_166' title='bbox 3103 864 3390 936; x_wconf 80' lang='lat' dir='ltr'><strong>displiceat</strong></span> <span class='ocrx_word' id='word_1_167' title='bbox 3413 863 3561 936; x_wconf 80' lang='lat' dir='ltr'><strong>quod</strong></span> <span class='ocrx_word' id='word_1_168' title='bbox 3593 864 3767 920; x_wconf 84' lang='lat' dir='ltr'><strong>homo</strong></span> 
     </span>
    </p>
   </div>
   <div class='ocr_carea' id='block_1_25' title="bbox 2157 961 3763 1033">
    <p class='ocr_par' dir='ltr' id='par_1_25' title="bbox 2157 961 3763 1033">
     <span class='ocr_line' id='line_1_25' title="bbox 2157 961 3763 1033; baseline -0.002 -13"><span class='ocrx_word' id='word_1_169' title='bbox 2157 964 2445 1021; x_wconf 87' lang='lat' dir='ltr'><strong>redimitur</strong></span> <span class='ocrx_word' id='word_1_170' title='bbox 2471 981 2498 1019; x_wconf 90' lang='lat' dir='ltr'><strong>a</strong></span> <span class='ocrx_word' id='word_1_171' title='bbox 2527 972 2721 1030; x_wconf 86' lang='lat' dir='ltr'><strong>morte,</strong></span> <span class='ocrx_word' id='word_1_172' title='bbox 2755 963 2954 1021; x_wconf 83' lang='lat' dir='ltr'><strong>femina</strong></span> <span class='ocrx_word' id='word_1_173' title='bbox 2982 963 3053 1020; x_wconf 85' lang='lat' dir='ltr'><strong>ab</strong></span> <span class='ocrx_word' id='word_1_174' title='bbox 3075 962 3479 1033; x_wconf 83' lang='lat' dir='ltr'><strong>impuritatibus</strong></span> <span class='ocrx_word' id='word_1_175' title='bbox 3507 961 3763 1018; x_wconf 85' lang='lat' dir='ltr'><strong>barbaro-</strong></span> 
     </span>
    </p>
   </div>
   <div class='ocr_carea' id='block_1_26' title="bbox 2157 1052 3761 1129">
    <p class='ocr_par' dir='ltr' id='par_1_26' title="bbox 2157 1052 3761 1129">
     <span class='ocr_line' id='line_1_26' title="bbox 2157 1052 3761 1129; baseline -0.004 -15"><span class='ocrx_word' id='word_1_176' title='bbox 2157 1074 2300 1124; x_wconf 87' lang='lat' dir='ltr'><strong>rum,</strong></span> <span class='ocrx_word' id='word_1_177' title='bbox 2330 1073 2453 1127; x_wconf 68' lang='lat' dir='ltr'><strong>qua:</strong></span> <span class='ocrx_word' id='word_1_178' title='bbox 2482 1057 2763 1129; x_wconf 72' lang='lat' dir='ltr'><strong>graviores</strong></span> <span class='ocrx_word' id='word_1_179' title='bbox 2782 1068 2961 1112; x_wconf 88' lang='lat' dir='ltr'><strong>morte</strong></span> <span class='ocrx_word' id='word_1_180' title='bbox 2990 1064 3116 1110; x_wconf 88' lang='lat' dir='ltr'><strong>sunt</strong></span> <span class='ocrx_word' id='word_1_181' title='bbox 3142 1072 3158 1107; x_wconf 89' lang='lat'><strong>:</strong></span> <span class='ocrx_word' id='word_1_182' title='bbox 3192 1053 3639 1119; x_wconf 59' lang='lat' dir='ltr'><strong>adolescentulus,</strong></span> <span class='ocrx_word' id='word_1_183' title='bbox 3667 1052 3761 1109; x_wconf 88' lang='lat' dir='ltr'><strong>vel</strong></span> 
     </span>
    </p>
   </div>
   <div class='ocr_carea' id='block_1_27' title="bbox 2159 1147 3765 1223">
    <p class='ocr_par' dir='ltr' id='par_1_27' title="bbox 2159 1147 3765 1223">
     <span class='ocr_line' id='line_1_27' title="bbox 2159 1147 3765 1223; baseline -0.002 -17"><span class='ocrx_word' id='word_1_184' title='bbox 2159 1151 2408 1223; x_wconf 88' lang='lat' dir='ltr'><strong>pueruli,</strong></span> <span class='ocrx_word' id='word_1_185' title='bbox 2448 1151 2535 1207; x_wconf 91' lang='lat' dir='ltr'><strong>vel</strong></span> <span class='ocrx_word' id='word_1_186' title='bbox 2563 1149 2798 1206; x_wconf 79' lang='lat' dir='ltr'><strong>infantes</strong></span> <span class='ocrx_word' id='word_1_187' title='bbox 2828 1150 2896 1205; x_wconf 90' lang='lat' dir='ltr'><strong>ab</strong></span> <span class='ocrx_word' id='word_1_188' title='bbox 2923 1148 3195 1205; x_wconf 88' lang='lat' dir='ltr'><strong>idolorum</strong></span> <span class='ocrx_word' id='word_1_189' title='bbox 3244 1148 3528 1221; x_wconf 70' lang='lat' dir='ltr'><strong>contagiis,</strong></span> <span class='ocrx_word' id='word_1_190' title='bbox 3560 1147 3765 1219; x_wconf 82' lang='lat' dir='ltr'><strong>quibus</strong></span> 
     </span>
    </p>
   </div>
   <div class='ocr_carea' id='block_1_28' title="bbox 2159 1241 3018 1313">
    <p class='ocr_par' dir='ltr' id='par_1_28' title="bbox 2159 1241 3018 1313">
     <span class='ocr_line' id='line_1_28' title="bbox 2159 1241 3018 1313; baseline -0.001 -16"><span class='ocrx_word' id='word_1_191' title='bbox 2159 1243 2351 1298; x_wconf 87' lang='lat' dir='ltr'><strong>mortis</strong></span> <span class='ocrx_word' id='word_1_192' title='bbox 2381 1254 2528 1298; x_wconf 90' lang='lat' dir='ltr'><strong>metu</strong></span> <span class='ocrx_word' id='word_1_193' title='bbox 2560 1241 3018 1313; x_wconf 84' lang='lat' dir='ltr'><strong>inquinabantur?</strong></span> 
     </span>
    </p>
   </div>
   <div class='ocr_carea' id='block_1_29' title="bbox 2234 1333 3772 1403">
    <p class='ocr_par' dir='ltr' id='par_1_29' title="bbox 2234 1333 3772 1403">
     <span class='ocr_line' id='line_1_29' title="bbox 2234 1333 3772 1403; baseline -0.001 -12"><span class='ocrx_word' id='word_1_194' title='bbox 2234 1336 2357 1393; x_wconf 79' lang='grc'><strong>157.</strong></span> <span class='ocrx_word' id='word_1_195' title='bbox 2400 1335 2573 1403; x_wconf 86' lang='lat' dir='ltr'><strong>Quam</strong></span> <span class='ocrx_word' id='word_1_196' title='bbox 2621 1350 2841 1391; x_wconf 89' lang='lat' dir='ltr'><strong>causam</strong></span> <span class='ocrx_word' id='word_1_197' title='bbox 2870 1349 2971 1390; x_wconf 88' lang='lat' dir='ltr'><strong>nos</strong></span> <span class='ocrx_word' id='word_1_198' title='bbox 2996 1334 3101 1389; x_wconf 85' lang='lat' dir='ltr'><strong>etsi</strong></span> <span class='ocrx_word' id='word_1_199' title='bbox 3127 1349 3235 1389; x_wconf 88' lang='lat' dir='ltr'><strong>non</strong></span> <span class='ocrx_word' id='word_1_200' title='bbox 3276 1334 3397 1389; x_wconf 81' lang='lat' dir='ltr'><strong>sine</strong></span> <span class='ocrx_word' id='word_1_201' title='bbox 3426 1333 3634 1389; x_wconf 78' lang='lat' dir='ltr'><strong>ratione</strong></span> <span class='ocrx_word' id='word_1_202' title='bbox 3661 1334 3772 1389; x_wconf 77' lang='lat' dir='ltr'><strong>ali-</strong></span> 
     </span>
    </p>
   </div>
   <div class='ocr_carea' id='block_1_30' title="bbox 2160 1429 3768 1503">
    <p class='ocr_par' dir='ltr' id='par_1_30' title="bbox 2160 1429 3768 1503">
     <span class='ocr_line' id='line_1_30' title="bbox 2160 1429 3768 1503; baseline -0.002 -18"><span class='ocrx_word' id='word_1_203' title='bbox 2160 1445 2265 1501; x_wconf 89' lang='lat' dir='ltr'><strong>qua</strong></span> <span class='ocrx_word' id='word_1_204' title='bbox 2290 1431 2591 1503; x_wconf 74' lang='lat' dir='ltr'><strong>gessimus;</strong></span> <span class='ocrx_word' id='word_1_205' title='bbox 2641 1441 2821 1485; x_wconf 87' lang='lat' dir='ltr'><strong>tamen</strong></span> <span class='ocrx_word' id='word_1_206' title='bbox 2849 1431 2922 1485; x_wconf 90' lang='lat' dir='ltr'><strong>ita</strong></span> <span class='ocrx_word' id='word_1_207' title='bbox 2942 1430 2994 1484; x_wconf 93' lang='lat' dir='ltr'><strong>in</strong></span> <span class='ocrx_word' id='word_1_208' title='bbox 3020 1429 3220 1500; x_wconf 86' lang='lat' dir='ltr'><strong>populo</strong></span> <span class='ocrx_word' id='word_1_209' title='bbox 3242 1429 3515 1501; x_wconf 82' lang='lat' dir='ltr'><strong>prosecuti</strong></span> <span class='ocrx_word' id='word_1_210' title='bbox 3546 1444 3768 1496; x_wconf 88' lang='lat' dir='ltr'><strong>sumus,</strong></span> 
     </span>
    </p>
   </div>
   <div class='ocr_carea' id='block_1_31' title="bbox 2161 1521 3775 1593">
    <p class='ocr_par' dir='ltr' id='par_1_31' title="bbox 2161 1521 3775 1593">
     <span class='ocr_line' id='line_1_31' title="bbox 2161 1521 3775 1593; baseline -0.003 -11"><span class='ocrx_word' id='word_1_211' title='bbox 2161 1534 2220 1582; x_wconf 89' lang='lat' dir='ltr'><strong>ut</strong></span> <span class='ocrx_word' id='word_1_212' title='bbox 2244 1525 2651 1593; x_wconf 77' lang='lat' dir='ltr'><strong>confiteremur,</strong></span> <span class='ocrx_word' id='word_1_213' title='bbox 2675 1525 2956 1592; x_wconf 88' lang='lat' dir='ltr'><strong>multoque</strong></span> <span class='ocrx_word' id='word_1_214' title='bbox 2980 1522 3148 1578; x_wconf 80' lang='lat' dir='ltr'><strong>fuisse</strong></span> <span class='ocrx_word' id='word_1_215' title='bbox 3183 1521 3520 1578; x_wconf 78' lang='lat' dir='ltr'><strong>commodius</strong></span> <span class='ocrx_word' id='word_1_216' title='bbox 3551 1528 3775 1577; x_wconf 82' lang='lat' dir='ltr'><strong>astrue-</strong></span> 
     </span>
    </p>
   </div>
   <div class='ocr_carea' id='block_1_32' title="bbox 2162 1618 3776 1689">
    <p class='ocr_par' dir='ltr' id='par_1_32' title="bbox 2162 1618 3776 1689">
     <span class='ocr_line' id='line_1_32' title="bbox 2162 1618 3776 1689; baseline -0.003 -14"><span class='ocrx_word' id='word_1_217' title='bbox 2162 1635 2366 1689; x_wconf 86' lang='lat' dir='ltr'><strong>remus,</strong></span> <span class='ocrx_word' id='word_1_218' title='bbox 2400 1628 2459 1675; x_wconf 93' lang='lat' dir='ltr'><strong>ut</strong></span> <span class='ocrx_word' id='word_1_219' title='bbox 2501 1621 2710 1676; x_wconf 86' lang='lat' dir='ltr'><strong>animas</strong></span> <span class='ocrx_word' id='word_1_220' title='bbox 2740 1618 2971 1673; x_wconf 90' lang='lat' dir='ltr'><strong>Domino</strong></span> <span class='ocrx_word' id='word_1_221' title='bbox 3011 1631 3173 1688; x_wconf 88' lang='lat' dir='ltr'><strong>quam</strong></span> <span class='ocrx_word' id='word_1_222' title='bbox 3204 1631 3401 1671; x_wconf 90' lang='lat' dir='ltr'><strong>aurum</strong></span> <span class='ocrx_word' id='word_1_223' title='bbox 3421 1628 3776 1670; x_wconf 85' lang='lat' dir='ltr'><strong>servaremus</strong></span> 
     </span>
    </p>
   </div>
   <div class='ocr_carea' id='block_1_33' title="bbox 453 1706 3771 1795">
    <p class='ocr_par' dir='ltr' id='par_1_33' title="bbox 453 1706 3771 1795">
     <span class='ocr_line' id='line_1_33' title="bbox 453 1706 3771 1795; baseline -0.006 -14"><span class='ocrx_word' id='word_1_224' title='bbox 453 1724 659 1795; x_wconf 83' lang='lat' dir='ltr'><strong>aliqua,</strong></span> <span class='ocrx_word' id='word_1_225' title='bbox 695 1736 801 1778; x_wconf 86' lang='lat' dir='ltr'><strong>non</strong></span> <span class='ocrx_word' id='word_1_226' title='bbox 834 1717 1162 1776; x_wconf 85' lang='lat' dir='ltr'><strong>abscidere:</strong></span> <span class='ocrx_word' id='word_1_227' title='bbox 1208 1724 1486 1787; x_wconf 82' lang='lat' dir='ltr'><strong>postremo</strong></span> <span class='ocrx_word' id='word_1_228' title='bbox 1539 1712 1687 1784; x_wconf 89' lang='lat' dir='ltr'><strong>quod</strong></span> <span class='ocrx_word' id='word_1_229' title='bbox 1726 1710 1908 1768; x_wconf 83' lang='lat' dir='ltr'><strong>sanari</strong></span> <span class='ocrx_word' id='word_1_230' title='bbox 1948 1725 2055 1765; x_wconf 89' lang='lat' dir='ltr'><strong>non</strong></span> <span class='ocrx_word' id='word_1_231' title='bbox 2088 1714 2137 1776; x_wconf 76' lang='grc' dir='ltr'><strong>Β</strong></span> <span class='ocrx_word' id='word_1_232' title='bbox 2164 1713 2382 1787; x_wconf 73' lang='lat' dir='ltr'><strong>(Matth.</strong></span> <span class='ocrx_word' id='word_1_233' title='bbox 2413 1728 2470 1780; x_wconf 72' lang='grc' dir='ltr'>ι,</span> <span class='ocrx_word' id='word_1_234' title='bbox 2502 1712 2581 1785; x_wconf 84' lang='grc'><strong>9).</strong></span> <span class='ocrx_word' id='word_1_235' title='bbox 2614 1712 2717 1780; x_wconf 87' lang='lat' dir='ltr'><strong>Qui</strong></span> <span class='ocrx_word' id='word_1_236' title='bbox 2746 1711 2891 1766; x_wconf 90' lang='lat' dir='ltr'><strong>enim</strong></span> <span class='ocrx_word' id='word_1_237' title='bbox 2923 1710 3042 1766; x_wconf 89' lang='lat' dir='ltr'><strong>sine</strong></span> <span class='ocrx_word' id='word_1_238' title='bbox 3090 1725 3224 1765; x_wconf 91' lang='lat' dir='ltr'><strong>auro</strong></span> <span class='ocrx_word' id='word_1_239' title='bbox 3274 1708 3423 1764; x_wconf 85' lang='lat' dir='ltr'><strong>misit</strong></span> <span class='ocrx_word' id='word_1_240' title='bbox 3463 1706 3771 1778; x_wconf 88' lang='lat' dir='ltr'><strong>apostolos,</strong></span> 
     </span>
    </p>
   </div>
   <div class='ocr_carea' id='block_1_34' title="bbox 451 1806 2062 1891">
    <p class='ocr_par' dir='ltr' id='par_1_34' title="bbox 451 1806 2062 1891">
     <span class='ocr_line' id='line_1_34' title="bbox 451 1806 2062 1891; baseline -0.011 -16"><span class='ocrx_word' id='word_1_241' title='bbox 451 1825 664 1891; x_wconf 79' lang='lat' dir='ltr'><strong>potest,</strong></span> <span class='ocrx_word' id='word_1_242' title='bbox 711 1831 835 1872; x_wconf 90' lang='lat' dir='ltr'><strong>cum</strong></span> <span class='ocrx_word' id='word_1_243' title='bbox 866 1812 1059 1871; x_wconf 83' lang='lat' dir='ltr'><strong>dolore</strong></span> <span class='ocrx_word' id='word_1_244' title='bbox 1098 1811 1408 1867; x_wconf 80' lang='lat' dir='ltr'><strong>abscidere.</strong></span> <span class='ocrx_word' id='word_1_245' title='bbox 1451 1808 1609 1866; x_wconf 86' lang='lat' dir='ltr'><strong>Unde</strong></span> <span class='ocrx_word' id='word_1_246' title='bbox 1637 1806 2062 1878; x_wconf 85' lang='lat' dir='ltr'><strong>pulcherrimum</strong></span> 
     </span>
    </p>
   </div>
   <div class='ocr_carea' id='block_1_35' title="bbox 455 1902 2067 1982">
    <p class='ocr_par' dir='ltr' id='par_1_35' title="bbox 455 1902 2067 1982">
     <span class='ocr_line' id='line_1_35' title="bbox 455 1902 2067 1982; baseline -0.01 -13"><span class='ocrx_word' id='word_1_247' title='bbox 455 1912 587 1970; x_wconf 89' lang='lat' dir='ltr'><strong>illud</strong></span> <span class='ocrx_word' id='word_1_248' title='bbox 645 1919 979 1982; x_wconf 65' lang='lat' dir='ltr'><strong>praeceptum</strong></span> <span class='ocrx_word' id='word_1_249' title='bbox 1035 1907 1208 1977; x_wconf 84' lang='lat' dir='ltr'><strong>magis</strong></span> <span class='ocrx_word' id='word_1_250' title='bbox 1236 1905 1469 1970; x_wconf 87' lang='lat' dir='ltr'><strong>eminet,</strong></span> <span class='ocrx_word' id='word_1_251' title='bbox 1513 1909 1574 1959; x_wconf 90' lang='lat' dir='ltr'><strong>ut</strong></span> <span class='ocrx_word' id='word_1_252' title='bbox 1615 1902 1917 1972; x_wconf 82' lang='lat' dir='ltr'><strong>cogitemus</strong></span> <span class='ocrx_word' id='word_1_253' title='bbox 1957 1914 2067 1954; x_wconf 87' lang='lat' dir='ltr'><strong>non</strong></span> 
     </span>
    </p>
   </div>
   <div class='ocr_carea' id='block_1_36' title="bbox 451 1990 2071 2076">
    <p class='ocr_par' dir='ltr' id='par_1_36' title="bbox 451 1990 2071 2076">
     <span class='ocr_line' id='line_1_36' title="bbox 451 1990 2071 2076; baseline -0.009 -15"><span class='ocrx_word' id='word_1_254' title='bbox 451 2020 574 2076; x_wconf 72' lang='lat' dir='ltr'><strong>qum</strong></span> <span class='ocrx_word' id='word_1_255' title='bbox 602 2012 795 2060; x_wconf 88' lang='lat' dir='ltr'><strong>nostra</strong></span> <span class='ocrx_word' id='word_1_256' title='bbox 822 2009 970 2066; x_wconf 89' lang='lat' dir='ltr'><strong>sunt,</strong></span> <span class='ocrx_word' id='word_1_257' title='bbox 1003 1999 1104 2056; x_wconf 91' lang='lat' dir='ltr'><strong>sed</strong></span> <span class='ocrx_word' id='word_1_258' title='bbox 1124 2013 1246 2070; x_wconf 69' lang='lat' dir='ltr'><strong>quae</strong></span> <span class='ocrx_word' id='word_1_259' title='bbox 1277 1997 1512 2053; x_wconf 84' lang='lat' dir='ltr'><strong>aliorum</strong></span> <span class='ocrx_word' id='word_1_260' title='bbox 1542 1994 1717 2068; x_wconf 83' lang='lat' dir='ltr'><strong>(Phil.</strong></span> <span class='ocrx_word' id='word_1_261' title='bbox 1746 2009 1805 2061; x_wconf 85' lang='grc' dir='ltr'>ιι,</span> <span class='ocrx_word' id='word_1_262' title='bbox 1830 1992 1865 2048; x_wconf 73' lang='grc'><strong>4</strong></span> <span class='ocrx_word' id='word_1_263' title='bbox 1882 1990 1926 2065; x_wconf 84' lang='grc'><strong>).</strong></span> <span class='ocrx_word' id='word_1_264' title='bbox 1953 1991 2071 2047; x_wconf 80' lang='lat' dir='ltr'><strong>Hoc</strong></span> 
     </span>
    </p>
   </div>
   <div class='ocr_carea' id='block_1_37' title="bbox 452 2084 2068 2163">
    <p class='ocr_par' dir='ltr' id='par_1_37' title="bbox 452 2084 2068 2163">
     <span class='ocr_line' id='line_1_37' title="bbox 452 2084 2068 2163; baseline -0.012 -5"><span class='ocrx_word' id='word_1_265' title='bbox 452 2100 605 2158; x_wconf 80' lang='lat' dir='ltr'><strong>enim</strong></span> <span class='ocrx_word' id='word_1_266' title='bbox 645 2096 808 2153; x_wconf 89' lang='lat' dir='ltr'><strong>modo</strong></span> <span class='ocrx_word' id='word_1_267' title='bbox 835 2093 975 2152; x_wconf 83' lang='lat' dir='ltr'><strong>nihil</strong></span> <span class='ocrx_word' id='word_1_268' title='bbox 1000 2095 1142 2159; x_wconf 89' lang='lat' dir='ltr'><strong>erit,</strong></span> <span class='ocrx_word' id='word_1_269' title='bbox 1173 2091 1321 2163; x_wconf 88' lang='lat' dir='ltr'><strong>quod</strong></span> <span class='ocrx_word' id='word_1_270' title='bbox 1368 2090 1457 2146; x_wconf 89' lang='lat' dir='ltr'><strong>vel</strong></span> <span class='ocrx_word' id='word_1_271' title='bbox 1500 2089 1621 2145; x_wconf 82' lang='lat' dir='ltr'><strong>irati</strong></span> <span class='ocrx_word' id='word_1_272' title='bbox 1663 2097 1854 2144; x_wconf 88' lang='lat' dir='ltr'><strong>nostro</strong></span> <span class='ocrx_word' id='word_1_273' title='bbox 1884 2084 2068 2141; x_wconf 78' lang='lat' dir='ltr'><strong>indul-</strong></span> 
     </span>
    </p>
   </div>
   <div class='ocr_carea' id='block_1_38' title="bbox 457 2178 2072 2265">
    <p class='ocr_par' dir='ltr' id='par_1_38' title="bbox 457 2178 2072 2265">
     <span class='ocr_line' id='line_1_38' title="bbox 457 2178 2072 2265; baseline -0.01 -15"><span class='ocrx_word' id='word_1_274' title='bbox 457 2207 682 2265; x_wconf 84' lang='lat' dir='ltr'><strong>geamus</strong></span> <span class='ocrx_word' id='word_1_275' title='bbox 703 2189 946 2253; x_wconf 80' lang='lat' dir='ltr'><strong>aﬁ‘ectui,</strong></span> <span class='ocrx_word' id='word_1_276' title='bbox 996 2186 1086 2242; x_wconf 87' lang='lat' dir='ltr'><strong>vel</strong></span> <span class='ocrx_word' id='word_1_277' title='bbox 1138 2187 1380 2242; x_wconf 78' lang='lat' dir='ltr'><strong>faventes</strong></span> <span class='ocrx_word' id='word_1_278' title='bbox 1407 2192 1609 2240; x_wconf 68' lang='lat' dir='ltr'><strong>nostrai</strong></span> <span class='ocrx_word' id='word_1_279' title='bbox 1636 2181 1757 2255; x_wconf 86' lang='lat' dir='ltr'><strong>plus</strong></span> <span class='ocrx_word' id='word_1_280' title='bbox 1794 2179 1944 2252; x_wconf 90' lang='lat' dir='ltr'><strong>justo</strong></span> <span class='ocrx_word' id='word_1_281' title='bbox 1971 2178 2072 2234; x_wconf 87' lang='lat' dir='ltr'><strong>tri-</strong></span> 
     </span>
    </p>
   </div>
   <div class='ocr_carea' id='block_1_39' title="bbox 459 2279 1246 2355">
    <p class='ocr_par' dir='ltr' id='par_1_39' title="bbox 459 2279 1246 2355">
     <span class='ocr_line' id='line_1_39' title="bbox 459 2279 1246 2355; baseline -0.013 -9"><span class='ocrx_word' id='word_1_282' title='bbox 459 2285 693 2346; x_wconf 84' lang='lat' dir='ltr'><strong>buamus</strong></span> <span class='ocrx_word' id='word_1_283' title='bbox 717 2281 921 2355; x_wconf 88' lang='lat' dir='ltr'><strong>aliquid</strong></span> <span class='ocrx_word' id='word_1_284' title='bbox 951 2279 1246 2338; x_wconf 86' lang='lat' dir='ltr'><strong>voluntati.</strong></span> 
     </span>
    </p>
   </div>
   <div class='ocr_carea' id='block_1_40' title="bbox 1000 2414 1527 2476">
    <p class='ocr_par' dir='ltr' id='par_1_40' title="bbox 1000 2414 1527 2476">
     <span class='ocr_line' id='line_1_40' title="bbox 1000 2414 1527 2476; baseline -0.006 0"><span class='ocrx_word' id='word_1_285' title='bbox 1000 2416 1233 2476; x_wconf 81' lang='lat' dir='ltr'><strong>CAPUT</strong></span> <span class='ocrx_word' id='word_1_286' title='bbox 1279 2414 1527 2473; x_wconf 80' lang='lat' dir='ltr'><strong>XXVIII.</strong></span> 
     </span>
    </p>
   </div>
   <div class='ocr_carea' id='block_1_41' title="bbox 464 2528 2073 2601">
    <p class='ocr_par' dir='ltr' id='par_1_41' title="bbox 464 2528 2073 2601">
     <span class='ocr_line' id='line_1_41' title="bbox 464 2528 2073 2601; baseline -0.014 0"><span class='ocrx_word' id='word_1_287' title='bbox 464 2536 884 2600; x_wconf 74' lang='lat' dir='ltr'><strong>Misericordiam</strong></span> <span class='ocrx_word' id='word_1_288' title='bbox 909 2538 1066 2594; x_wconf 85' lang='lat' dir='ltr'><strong>etiam</strong></span> <span class='ocrx_word' id='word_1_289' title='bbox 1094 2551 1209 2590; x_wconf 85' lang='lat' dir='ltr'><strong>cum</strong></span> <span class='ocrx_word' id='word_1_290' title='bbox 1228 2533 1425 2587; x_wconf 80' lang='lat' dir='ltr'><strong>inuidia</strong></span> <span class='ocrx_word' id='word_1_291' title='bbox 1457 2530 1670 2601; x_wconf 85' lang='lat' dir='ltr'><strong>propria</strong></span> <span class='ocrx_word' id='word_1_292' title='bbox 1701 2528 1900 2599; x_wconf 81' lang='lat' dir='ltr'><strong>largius</strong></span> <span class='ocrx_word' id='word_1_293' title='bbox 1928 2540 2073 2582; x_wconf 70' lang='lat' dir='ltr'><strong>exer-</strong></span> 
     </span>
    </p>
   </div>
   <div class='ocr_carea' id='block_1_42' title="bbox 539 2621 2075 2702">
    <p class='ocr_par' dir='ltr' id='par_1_42' title="bbox 539 2621 2075 2702">
     <span class='ocr_line' id='line_1_42' title="bbox 539 2621 2075 2702; baseline -0.013 -9"><span class='ocrx_word' id='word_1_294' title='bbox 539 2638 757 2693; x_wconf 82' lang='lat' dir='ltr'><strong>cendam</strong></span> <span class='ocrx_word' id='word_1_295' title='bbox 798 2632 919 2690; x_wconf 89' lang='lat' dir='ltr'><strong>:ad</strong></span> <span class='ocrx_word' id='word_1_296' title='bbox 966 2630 1104 2702; x_wconf 84' lang='lat' dir='ltr'><strong>quod</strong></span> <span class='ocrx_word' id='word_1_297' title='bbox 1159 2632 1382 2700; x_wconf 78' lang='lat' dir='ltr'><strong>refertur</strong></span> <span class='ocrx_word' id='word_1_298' title='bbox 1432 2621 1781 2680; x_wconf 82' lang='lat' dir='ltr'><strong>memorabilis</strong></span> <span class='ocrx_word' id='word_1_299' title='bbox 1834 2635 2075 2676; x_wconf 81' lang='lat' dir='ltr'><strong>vasorum</strong></span> 
     </span>
    </p>
   </div>
   <div class='ocr_carea' id='block_1_43' title="bbox 540 2712 2074 2791">
    <p class='ocr_par' dir='ltr' id='par_1_43' title="bbox 540 2712 2074 2791">
     <span class='ocr_line' id='line_1_43' title="bbox 540 2712 2074 2791; baseline -0.012 -6"><span class='ocrx_word' id='word_1_300' title='bbox 540 2743 809 2785; x_wconf 86' lang='lat' dir='ltr'><strong>sacrorum</strong></span> <span class='ocrx_word' id='word_1_301' title='bbox 834 2726 888 2779; x_wconf 87' lang='lat' dir='ltr'><strong>in</strong></span> <span class='ocrx_word' id='word_1_302' title='bbox 918 2723 1241 2791; x_wconf 74' lang='lat' dir='ltr'><strong>captivorum</strong></span> <span class='ocrx_word' id='word_1_303' title='bbox 1279 2717 1683 2787; x_wconf 79' lang='lat' dir='ltr'><strong>redemptionem</strong></span> <span class='ocrx_word' id='word_1_304' title='bbox 1722 2714 1784 2770; x_wconf 85' lang='lat' dir='ltr'><strong>ab</strong></span> <span class='ocrx_word' id='word_1_305' title='bbox 1804 2712 2074 2768; x_wconf 78' lang='lat' dir='ltr'><strong>Ambrosio</strong></span> 
     </span>
    </p>
   </div>
   <div class='ocr_carea' id='block_1_44' title="bbox 539 2805 2075 2895">
    <p class='ocr_par' dir='ltr' id='par_1_44' title="bbox 539 2805 2075 2895">
     <span class='ocr_line' id='line_1_44' title="bbox 539 2805 2075 2895; baseline -0.011 -19"><span class='ocrx_word' id='word_1_306' title='bbox 539 2823 829 2895; x_wconf 76' lang='lat' dir='ltr'><strong>fractarum</strong></span> <span class='ocrx_word' id='word_1_307' title='bbox 857 2814 1105 2876; x_wconf 70' lang='lat' dir='ltr'><strong>historia,</strong></span> <span class='ocrx_word' id='word_1_308' title='bbox 1124 2821 1171 2868; x_wconf 87' lang='lat' dir='ltr'><strong>et</strong></span> <span class='ocrx_word' id='word_1_309' title='bbox 1194 2809 1543 2883; x_wconf 84' lang='lat' dir='ltr'><strong>pulcherrima</strong></span> <span class='ocrx_word' id='word_1_310' title='bbox 1565 2808 1628 2863; x_wconf 90' lang='lat' dir='ltr'><strong>de</strong></span> <span class='ocrx_word' id='word_1_311' title='bbox 1650 2807 1768 2862; x_wconf 85' lang='lat' dir='ltr'><strong>auri</strong></span> <span class='ocrx_word' id='word_1_312' title='bbox 1797 2815 1846 2862; x_wconf 85' lang='lat' dir='ltr'><strong>et</strong></span> <span class='ocrx_word' id='word_1_313' title='bbox 1872 2805 2075 2879; x_wconf 87' lang='lat' dir='ltr'><strong>argenti</strong></span> 
     </span>
    </p>
   </div>
   <div class='ocr_carea' id='block_1_45' title="bbox 541 2900 2072 2984">
    <p class='ocr_par' dir='ltr' id='par_1_45' title="bbox 541 2900 2072 2984">
     <span class='ocr_line' id='line_1_45' title="bbox 541 2900 2072 2984; baseline -0.01 -16"><span class='ocrx_word' id='word_1_314' title='bbox 541 2927 657 2984; x_wconf 68' lang='lat' dir='ltr'><strong>qua</strong></span> <span class='ocrx_word' id='word_1_315' title='bbox 682 2909 923 2964; x_wconf 80' lang='lat' dir='ltr'><strong>Ecclesia</strong></span> <span class='ocrx_word' id='word_1_316' title='bbox 962 2904 1212 2977; x_wconf 78' lang='lat' dir='ltr'><strong>possidet,</strong></span> <span class='ocrx_word' id='word_1_317' title='bbox 1255 2902 1484 2976; x_wconf 83' lang='lat' dir='ltr'><strong>legitimo</strong></span> <span class='ocrx_word' id='word_1_318' title='bbox 1534 2917 1631 2956; x_wconf 85' lang='lat' dir='ltr'><strong>usu</strong></span> <span class='ocrx_word' id='word_1_319' title='bbox 1674 2900 2072 2970; x_wconf 67' lang='lat' dir='ltr'><strong>praecipiuntur.</strong></span> 
     </span>
    </p>
   </div>
   <div class='ocr_carea' id='block_1_46' title="bbox 549 2994 2078 3074">
    <p class='ocr_par' dir='ltr' id='par_1_46' title="bbox 549 2994 2078 3074">
     <span class='ocr_line' id='line_1_46' title="bbox 549 2994 2078 3074; baseline -0.009 -13"><span class='ocrx_word' id='word_1_320' title='bbox 549 3005 690 3060; x_wconf 88' lang='lat' dir='ltr'><strong>Hinc</strong></span> <span class='ocrx_word' id='word_1_321' title='bbox 737 3012 1008 3074; x_wconf 78' lang='lat' dir='ltr'><strong>postquam</strong></span> <span class='ocrx_word' id='word_1_322' title='bbox 1054 3015 1116 3056; x_wconf 74' lang='lat' dir='ltr'><strong>ea:</strong></span> <span class='ocrx_word' id='word_1_323' title='bbox 1148 3001 1285 3072; x_wconf 80' lang='lat' dir='ltr'><strong>{acto</strong></span> <span class='ocrx_word' id='word_1_324' title='bbox 1335 2996 1500 3053; x_wconf 81' lang='lat' dir='ltr'><strong>sancti</strong></span> <span class='ocrx_word' id='word_1_325' title='bbox 1551 2994 1822 3049; x_wconf 84' lang='lat' dir='ltr'><strong>Laurentii</strong></span> <span class='ocrx_word' id='word_1_326' title='bbox 1864 2994 2078 3065; x_wconf 83' lang='lat' dir='ltr'><strong>quinam</strong></span> 
     </span>
    </p>
   </div>
   <div class='ocr_carea' id='block_1_47' title="bbox 2168 1800 3781 1875">
    <p class='ocr_par' dir='ltr' id='par_1_47' title="bbox 2168 1800 3781 1875">
     <span class='ocr_line' id='line_1_47' title="bbox 2168 1800 3781 1875; baseline -0.005 -13"><span class='ocrx_word' id='word_1_327' title='bbox 2168 1806 2445 1862; x_wconf 83' lang='lat' dir='ltr'><strong>Ecclesias</strong></span> <span class='ocrx_word' id='word_1_328' title='bbox 2494 1806 2613 1862; x_wconf 86' lang='lat' dir='ltr'><strong>sine</strong></span> <span class='ocrx_word' id='word_1_329' title='bbox 2655 1819 2792 1861; x_wconf 90' lang='lat' dir='ltr'><strong>auro</strong></span> <span class='ocrx_word' id='word_1_330' title='bbox 2842 1803 3217 1875; x_wconf 85' lang='lat' dir='ltr'><strong>congregavit.</strong></span> <span class='ocrx_word' id='word_1_331' title='bbox 3277 1804 3483 1859; x_wconf 79' lang='lat' dir='ltr'><strong>Aurum</strong></span> <span class='ocrx_word' id='word_1_332' title='bbox 3519 1800 3781 1856; x_wconf 76' lang='lat' dir='ltr'><strong>Ecclesia</strong></span> 
     </span>
    </p>
   </div>
   <div class='ocr_carea' id='block_1_48' title="bbox 2169 1893 3776 1974">
    <p class='ocr_par' dir='ltr' id='par_1_48' title="bbox 2169 1893 3776 1974">
     <span class='ocr_line' id='line_1_48' title="bbox 2169 1893 3776 1974; baseline -0.006 -17"><span class='ocrx_word' id='word_1_333' title='bbox 2169 1901 2332 1957; x_wconf 85' lang='lat' dir='ltr'><strong>habet</strong></span> <span class='ocrx_word' id='word_1_334' title='bbox 2354 1901 2470 1974; x_wconf 70' lang='lat'><strong>(12,</strong></span> <span class='ocrx_word' id='word_1_335' title='bbox 2489 1910 2676 1971; x_wconf 72' lang='lat' dir='ltr'><strong>quam.</strong></span> <span class='ocrx_word' id='word_1_336' title='bbox 2701 1900 2758 1968; x_wconf 68' lang='grc' dir='ltr'><strong>Ξ,</strong></span> <span class='ocrx_word' id='word_1_337' title='bbox 2787 1915 2903 1970; x_wconf 83' lang='lat' dir='ltr'><strong>cap.</strong></span> <span class='ocrx_word' id='word_1_338' title='bbox 2939 1897 3192 1970; x_wconf 78' lang='lat' dir='ltr'><strong>Aurum);</strong></span> <span class='ocrx_word' id='word_1_339' title='bbox 3215 1913 3323 1954; x_wconf 87' lang='lat' dir='ltr'><strong>non</strong></span> <span class='ocrx_word' id='word_1_340' title='bbox 3353 1906 3411 1951; x_wconf 90' lang='lat' dir='ltr'><strong>ut</strong></span> <span class='ocrx_word' id='word_1_341' title='bbox 3433 1902 3636 1967; x_wconf 80' lang='lat' dir='ltr'><strong>servet,</strong></span> <span class='ocrx_word' id='word_1_342' title='bbox 3667 1893 3776 1949; x_wconf 83' lang='lat' dir='ltr'><strong>sed</strong></span> 
     </span>
    </p>
   </div>
   <div class='ocr_carea' id='block_1_49' title="bbox 2167 1987 3786 2067">
    <p class='ocr_par' dir='ltr' id='par_1_49' title="bbox 2167 1987 3786 2067">
     <span class='ocr_line' id='line_1_49' title="bbox 2167 1987 3786 2067; baseline -0.006 -15"><span class='ocrx_word' id='word_1_343' title='bbox 2167 2005 2227 2052; x_wconf 87' lang='lat' dir='ltr'><strong>ut</strong></span> <span class='ocrx_word' id='word_1_344' title='bbox 2245 2006 2457 2067; x_wconf 82' lang='lat' dir='ltr'><strong>eroget,</strong></span> <span class='ocrx_word' id='word_1_345' title='bbox 2480 2005 2534 2052; x_wconf 91' lang='lat' dir='ltr'><strong>et</strong></span> <span class='ocrx_word' id='word_1_346' title='bbox 2556 1994 2848 2051; x_wconf 87' lang='lat' dir='ltr'><strong>subveniat</strong></span> <span class='ocrx_word' id='word_1_347' title='bbox 2886 1994 2941 2049; x_wconf 90' lang='lat' dir='ltr'><strong>in</strong></span> <span class='ocrx_word' id='word_1_348' title='bbox 2979 1990 3416 2050; x_wconf 82' lang='lat' dir='ltr'><strong>necessitatibus.</strong></span> <span class='ocrx_word' id='word_1_349' title='bbox 3463 1987 3605 2056; x_wconf 88' lang='lat' dir='ltr'><strong>Quid</strong></span> <span class='ocrx_word' id='word_1_350' title='bbox 3634 2000 3786 2056; x_wconf 83' lang='lat' dir='ltr'><strong>opus</strong></span> 
     </span>
    </p>
   </div>
   <div class='ocr_carea' id='block_1_50' title="bbox 2168 2080 3771 2158">
    <p class='ocr_par' dir='ltr' id='par_1_50' title="bbox 2168 2080 3771 2158">
     <span class='ocr_line' id='line_1_50' title="bbox 2168 2080 3771 2158; baseline -0.006 -15"><span class='ocrx_word' id='word_1_351' title='bbox 2168 2099 2252 2144; x_wconf 86' lang='lat' dir='ltr'><strong>est</strong></span> <span class='ocrx_word' id='word_1_352' title='bbox 2299 2087 2581 2144; x_wconf 86' lang='lat' dir='ltr'><strong>custodire</strong></span> <span class='ocrx_word' id='word_1_353' title='bbox 2620 2085 2766 2158; x_wconf 90' lang='lat' dir='ltr'><strong>quod</strong></span> <span class='ocrx_word' id='word_1_354' title='bbox 2808 2084 2943 2141; x_wconf 85' lang='lat' dir='ltr'><strong>nihil</strong></span> <span class='ocrx_word' id='word_1_355' title='bbox 2990 2084 3254 2155; x_wconf 82' lang='lat' dir='ltr'><strong>adjuvat?</strong></span> <span class='ocrx_word' id='word_1_356' title='bbox 3323 2084 3405 2137; x_wconf 73' lang='lat' dir='ltr'><strong>An</strong></span> <span class='ocrx_word' id='word_1_357' title='bbox 3448 2080 3771 2152; x_wconf 86' lang='lat' dir='ltr'><strong>ignoramus</strong></span> 
     </span>
    </p>
   </div>
   <div class='ocr_carea' id='block_1_51' title="bbox 2169 2163 3789 2251">
    <p class='ocr_par' dir='ltr' id='par_1_51' title="bbox 2169 2163 3789 2251">
     <span class='ocr_line' id='line_1_51' title="bbox 2169 2163 3789 2251; baseline -0.004 -18"><span class='ocrx_word' id='word_1_358' title='bbox 2169 2188 2432 2251; x_wconf 87' lang='lat' dir='ltr'><strong>quantum</strong></span> <span class='ocrx_word' id='word_1_359' title='bbox 2477 2181 2595 2236; x_wconf 82' lang='lat' dir='ltr'><strong>auri</strong></span> <span class='ocrx_word' id='word_1_360' title='bbox 2643 2192 2807 2251; x_wconf 84' lang='lat' dir='ltr'><strong>atque</strong></span> <span class='ocrx_word' id='word_1_361' title='bbox 2832 2179 3041 2250; x_wconf 79' lang='lat' dir='ltr'><strong>argenti</strong></span> <span class='ocrx_word' id='word_1_362' title='bbox 3089 2177 3160 2234; x_wconf 88' lang='lat' dir='ltr'><strong>de</strong></span> <span class='ocrx_word' id='word_1_363' title='bbox 3190 2163 3396 2247; x_wconf 67' lang='lat' dir='ltr'><strong>templo</strong></span> <span class='ocrx_word' id='word_1_364' title='bbox 3421 2175 3634 2230; x_wconf 81' lang='lat' dir='ltr'><strong>Domini</strong></span> <span class='ocrx_word' id='word_1_365' title='bbox 3671 2172 3789 2228; x_wconf 84' lang='lat' dir='ltr'><strong>As-</strong></span> 
     </span>
    </p>
   </div>
   <div class='ocr_carea' id='block_1_52' title="bbox 2170 2268 3791 2348">
    <p class='ocr_par' dir='ltr' id='par_1_52' title="bbox 2170 2268 3791 2348">
     <span class='ocr_line' id='line_1_52' title="bbox 2170 2268 3791 2348; baseline -0.004 -18"><span class='ocrx_word' id='word_1_366' title='bbox 2170 2274 2303 2346; x_wconf 83' lang='lat' dir='ltr'><strong>syrii</strong></span> <span class='ocrx_word' id='word_1_367' title='bbox 2334 2274 2660 2341; x_wconf 84' lang='lat' dir='ltr'><strong>sustulerint</strong></span> <span class='ocrx_word' id='word_1_368' title='bbox 2708 2273 2800 2348; x_wconf 77' lang='lat' dir='ltr'><strong>(IV</strong></span> <span class='ocrx_word' id='word_1_369' title='bbox 2828 2272 2957 2346; x_wconf 79' lang='lat' dir='ltr'><strong>Reg.</strong></span> <span class='ocrx_word' id='word_1_370' title='bbox 3006 2288 3162 2340; x_wconf 80' lang='lat' dir='ltr'><strong>ntv,</strong></span> <span class='ocrx_word' id='word_1_371' title='bbox 3188 2270 3317 2342; x_wconf 72' lang='lat' dir='ltr'><strong>l5)?</strong></span> <span class='ocrx_word' id='word_1_372' title='bbox 3346 2270 3538 2327; x_wconf 19' lang='lat' dir='ltr'><strong>N‘enne</strong></span> <span class='ocrx_word' id='word_1_373' title='bbox 3579 2268 3791 2324; x_wconf 75' lang='lat' dir='ltr'><strong>melius</strong></span> 
     </span>
    </p>
   </div>
   <div class='ocr_carea' id='block_1_53' title="bbox 2178 2366 3783 2440">
    <p class='ocr_par' dir='ltr' id='par_1_53' title="bbox 2178 2366 3783 2440">
     <span class='ocr_line' id='line_1_53' title="bbox 2178 2366 3783 2440; baseline -0.006 -14"><span class='ocrx_word' id='word_1_374' title='bbox 2178 2380 2201 2408; x_wconf 77' lang='grc' dir='ltr'><strong>ο</strong></span> <span class='ocrx_word' id='word_1_375' title='bbox 2224 2370 2462 2426; x_wconf 81' lang='lat' dir='ltr'><strong>conﬂant</strong></span> <span class='ocrx_word' id='word_1_376' title='bbox 2487 2368 2798 2426; x_wconf 83' lang='lat' dir='ltr'><strong>sacerdotes</strong></span> <span class='ocrx_word' id='word_1_377' title='bbox 2841 2375 3064 2440; x_wconf 82' lang='lat' dir='ltr'><strong>propter</strong></span> <span class='ocrx_word' id='word_1_378' title='bbox 3113 2366 3424 2422; x_wconf 85' lang='lat' dir='ltr'><strong>alimoniam</strong></span> <span class='ocrx_word' id='word_1_379' title='bbox 3455 2378 3783 2435; x_wconf 82' lang='lat' dir='ltr'><strong>pauperum,</strong></span> 
     </span>
    </p>
   </div>
   <div class='ocr_carea' id='block_1_54' title="bbox 2175 2459 3791 2533">
    <p class='ocr_par' dir='ltr' id='par_1_54' title="bbox 2175 2459 3791 2533">
     <span class='ocr_line' id='line_1_54' title="bbox 2175 2459 3791 2533; baseline -0.005 -14"><span class='ocrx_word' id='word_1_380' title='bbox 2175 2464 2221 2519; x_wconf 88' lang='lat' dir='ltr'><strong>si</strong></span> <span class='ocrx_word' id='word_1_381' title='bbox 2264 2463 2372 2518; x_wconf 90' lang='lat' dir='ltr'><strong>alia</strong></span> <span class='ocrx_word' id='word_1_382' title='bbox 2428 2462 2669 2519; x_wconf 84' lang='lat' dir='ltr'><strong>subsidia</strong></span> <span class='ocrx_word' id='word_1_383' title='bbox 2714 2462 2895 2519; x_wconf 81' lang='lat' dir='ltr'><strong>desint</strong></span> <span class='ocrx_word' id='word_1_384' title='bbox 2922 2503 2937 2531; x_wconf 92' lang='lat'><strong>,</strong></span> <span class='ocrx_word' id='word_1_385' title='bbox 2980 2477 3141 2533; x_wconf 88' lang='lat' dir='ltr'><strong>quam</strong></span> <span class='ocrx_word' id='word_1_386' title='bbox 3197 2468 3255 2515; x_wconf 87' lang='lat' dir='ltr'><strong>ut</strong></span> <span class='ocrx_word' id='word_1_387' title='bbox 3294 2459 3591 2530; x_wconf 84' lang='lat' dir='ltr'><strong>sacrilegus</strong></span> <span class='ocrx_word' id='word_1_388' title='bbox 3643 2470 3791 2513; x_wconf 87' lang='lat' dir='ltr'><strong>con-</strong></span> 
     </span>
    </p>
   </div>
   <div class='ocr_carea' id='block_1_55' title="bbox 2175 2548 3784 2623">
    <p class='ocr_par' dir='ltr' id='par_1_55' title="bbox 2175 2548 3784 2623">
     <span class='ocr_line' id='line_1_55' title="bbox 2175 2548 3784 2623; baseline -0.005 -13"><span class='ocrx_word' id='word_1_389' title='bbox 2175 2555 2434 2611; x_wconf 87' lang='lat' dir='ltr'><strong>taminata</strong></span> <span class='ocrx_word' id='word_1_390' title='bbox 2462 2563 2705 2623; x_wconf 86' lang='lat' dir='ltr'><strong>asportet</strong></span> <span class='ocrx_word' id='word_1_391' title='bbox 2734 2553 2950 2614; x_wconf 74' lang='lat' dir='ltr'><strong>hostis?</strong></span> <span class='ocrx_word' id='word_1_392' title='bbox 2980 2551 3171 2608; x_wconf 81' lang='lat' dir='ltr'><strong>Nonne</strong></span> <span class='ocrx_word' id='word_1_393' title='bbox 3200 2551 3446 2607; x_wconf 87' lang='lat' dir='ltr'><strong>dicturus</strong></span> <span class='ocrx_word' id='word_1_394' title='bbox 3471 2556 3556 2606; x_wconf 89' lang='lat' dir='ltr'><strong>est</strong></span> <span class='ocrx_word' id='word_1_395' title='bbox 3588 2548 3784 2604; x_wconf 87' lang='lat' dir='ltr'><strong>Domi-</strong></span> 
     </span>
    </p>
   </div>
   <div class='ocr_carea' id='block_1_56' title="bbox 2175 2643 3799 2719">
    <p class='ocr_par' dir='ltr' id='par_1_56' title="bbox 2175 2643 3799 2719">
     <span class='ocr_line' id='line_1_56' title="bbox 2175 2643 3799 2719; baseline -0.002 -16"><span class='ocrx_word' id='word_1_396' title='bbox 2175 2663 2279 2703; x_wconf 90' lang='lat' dir='ltr'><strong>nus</strong></span> <span class='ocrx_word' id='word_1_397' title='bbox 2312 2666 2325 2703; x_wconf 88' lang='lat'><strong>:</strong></span> <span class='ocrx_word' id='word_1_398' title='bbox 2351 2646 2460 2703; x_wconf 80' lang='lat' dir='ltr'><strong>Cur</strong></span> <span class='ocrx_word' id='word_1_399' title='bbox 2488 2662 2683 2719; x_wconf 87' lang='lat' dir='ltr'><strong>passus</strong></span> <span class='ocrx_word' id='word_1_400' title='bbox 2704 2663 2767 2703; x_wconf 89' lang='lat' dir='ltr'><strong>es</strong></span> <span class='ocrx_word' id='word_1_401' title='bbox 2799 2656 2878 2702; x_wconf 91' lang='lat' dir='ltr'><strong>tot</strong></span> <span class='ocrx_word' id='word_1_402' title='bbox 2910 2648 3101 2717; x_wconf 86' lang='lat' dir='ltr'><strong>inopes</strong></span> <span class='ocrx_word' id='word_1_403' title='bbox 3144 2646 3285 2701; x_wconf 79' lang='lat' dir='ltr'><strong>fame</strong></span> <span class='ocrx_word' id='word_1_404' title='bbox 3327 2644 3504 2699; x_wconf 82' lang='lat' dir='ltr'><strong>mori?</strong></span> <span class='ocrx_word' id='word_1_405' title='bbox 3536 2643 3603 2698; x_wconf 88' lang='lat' dir='ltr'><strong>Et</strong></span> <span class='ocrx_word' id='word_1_406' title='bbox 3631 2650 3799 2700; x_wconf 78' lang='lat' dir='ltr'><strong>certe</strong></span> 
     </span>
    </p>
   </div>
   <div class='ocr_carea' id='block_1_57' title="bbox 2178 2734 3798 2809">
    <p class='ocr_par' dir='ltr' id='par_1_57' title="bbox 2178 2734 3798 2809">
     <span class='ocr_line' id='line_1_57' title="bbox 2178 2734 3798 2809; baseline -0.003 -14"><span class='ocrx_word' id='word_1_407' title='bbox 2178 2739 2418 2795; x_wconf 76' lang='lat' dir='ltr'><strong>habebas</strong></span> <span class='ocrx_word' id='word_1_408' title='bbox 2466 2755 2696 2809; x_wconf 86' lang='lat' dir='ltr'><strong>aurum,</strong></span> <span class='ocrx_word' id='word_1_409' title='bbox 2750 2740 3127 2795; x_wconf 77' lang='lat' dir='ltr'><strong>ministrasses</strong></span> <span class='ocrx_word' id='word_1_410' title='bbox 3164 2738 3499 2794; x_wconf 82' lang='lat' dir='ltr'><strong>alimoniam.</strong></span> <span class='ocrx_word' id='word_1_411' title='bbox 3545 2734 3656 2792; x_wconf 82' lang='lat' dir='ltr'><strong>Cur</strong></span> <span class='ocrx_word' id='word_1_412' title='bbox 3708 2742 3798 2791; x_wconf 75' lang='lat' dir='ltr'><strong>tot</strong></span> 
     </span>
    </p>
   </div>
   <div class='ocr_carea' id='block_1_58' title="bbox 2176 2826 3799 2902">
    <p class='ocr_par' dir='ltr' id='par_1_58' title="bbox 2176 2826 3799 2902">
     <span class='ocr_line' id='line_1_58' title="bbox 2176 2826 3799 2902; baseline -0.002 -13"><span class='ocrx_word' id='word_1_413' title='bbox 2176 2833 2374 2902; x_wconf 80' lang='lat' dir='ltr'><strong>captivi</strong></span> <span class='ocrx_word' id='word_1_414' title='bbox 2392 2829 2651 2888; x_wconf 83' lang='lat' dir='ltr'><strong>deductid</strong></span> <span class='ocrx_word' id='word_1_415' title='bbox 2675 2832 2729 2887; x_wconf 92' lang='lat' dir='ltr'><strong>in</strong></span> <span class='ocrx_word' id='word_1_416' title='bbox 2755 2832 3091 2889; x_wconf 88' lang='lat' dir='ltr'><strong>commercio</strong></span> <span class='ocrx_word' id='word_1_417' title='bbox 3114 2840 3262 2898; x_wconf 83' lang='lat' dir='ltr'><strong>sunt,</strong></span> <span class='ocrx_word' id='word_1_418' title='bbox 3282 2845 3381 2887; x_wconf 91' lang='lat' dir='ltr'><strong>nec</strong></span> <span class='ocrx_word' id='word_1_419' title='bbox 3405 2826 3694 2898; x_wconf 87' lang='lat' dir='ltr'><strong>redempti,</strong></span> <span class='ocrx_word' id='word_1_420' title='bbox 3715 2827 3799 2885; x_wconf 78' lang='lat' dir='ltr'><strong>ab</strong></span> 
     </span>
    </p>
   </div>
   <div class='ocr_carea' id='block_1_59' title="bbox 2181 2921 3790 2982">
    <p class='ocr_par' dir='ltr' id='par_1_59' title="bbox 2181 2921 3790 2982">
     <span class='ocr_line' id='line_1_59' title="bbox 2181 2921 3790 2982; baseline 0 -3"><span class='ocrx_word' id='word_1_421' title='bbox 2181 2925 2336 2979; x_wconf 85' lang='lat' dir='ltr'><strong>hoste</strong></span> <span class='ocrx_word' id='word_1_422' title='bbox 2363 2924 2528 2982; x_wconf 83' lang='lat' dir='ltr'><strong>occisi</strong></span> <span class='ocrx_word' id='word_1_423' title='bbox 2551 2925 2715 2982; x_wconf 80' lang='lat' dir='ltr'><strong>sunt?</strong></span> <span class='ocrx_word' id='word_1_424' title='bbox 2758 2924 2952 2982; x_wconf 73' lang='lat' dir='ltr'><strong>Helius</strong></span> <span class='ocrx_word' id='word_1_425' title='bbox 2993 2926 3172 2982; x_wconf 79' lang='lat' dir='ltr'><strong>fuerat</strong></span> <span class='ocrx_word' id='word_1_426' title='bbox 3214 2934 3275 2980; x_wconf 90' lang='lat' dir='ltr'><strong>ut</strong></span> <span class='ocrx_word' id='word_1_427' title='bbox 3305 2938 3430 2981; x_wconf 88' lang='lat' dir='ltr'><strong>vasa</strong></span> <span class='ocrx_word' id='word_1_428' title='bbox 3479 2921 3790 2979; x_wconf 85' lang='lat' dir='ltr'><strong>viventium</strong></span> 
     </span>
    </p>
   </div>
   <div class='ocr_carea' id='block_1_60' title="bbox 2180 3019 3047 3090">
    <p class='ocr_par' dir='ltr' id='par_1_60' title="bbox 2180 3019 3047 3090">
     <span class='ocr_line' id='line_1_60' title="bbox 2180 3019 3047 3090; baseline -0.001 -15"><span class='ocrx_word' id='word_1_429' title='bbox 2180 3033 2456 3084; x_wconf 74' lang='lat' dir='ltr'><strong>servans,</strong></span> <span class='ocrx_word' id='word_1_430' title='bbox 2489 3035 2653 3090; x_wconf 84' lang='lat' dir='ltr'><strong>quam</strong></span> <span class='ocrx_word' id='word_1_431' title='bbox 2677 3019 3047 3077; x_wconf 80' lang='lat' dir='ltr'><strong>metallorum.</strong></span> 
     </span>
    </p>
   </div>
   <div class='ocr_carea' id='block_1_61' title="bbox 544 3086 3799 3185">
    <p class='ocr_par' dir='ltr' id='par_1_61' title="bbox 544 3086 3799 3185">
     <span class='ocr_line' id='line_1_61' title="bbox 544 3086 3799 3185; baseline -0.001 -13"><span class='ocrx_word' id='word_1_432' title='bbox 544 3098 652 3153; x_wconf 75' lang='grc' dir='ltr'><strong>υετί</strong></span> <span class='ocrx_word' id='word_1_433' title='bbox 685 3097 788 3150; x_wconf 71' lang='grc' dir='ltr'><strong>δίηί</strong></span> <span class='ocrx_word' id='word_1_434' title='bbox 840 3093 1089 3150; x_wconf 49' lang='lat' dir='ltr'><strong>ﬁdem”</strong></span> <span class='ocrx_word' id='word_1_435' title='bbox 1115 3090 1767 3185; x_wconf 50' lang='grc' dir='ltr'><strong>²¹¹⁸³ξ³¹⁴τί⁰³⁴εηέ⁹³⁴ξ²⁸ξ³⁸ξ</strong></span> <span class='ocrx_word' id='word_1_436' title='bbox 1798 3086 1991 3161; x_wconf 53' lang='lat' dir='ltr'><strong>&quot;gum</strong></span> <span class='ocrx_word' id='word_1_437' title='bbox 2016 3087 2075 3185; x_wconf 51' lang='grc' dir='ltr'><strong>ξπ</strong></span> <span class='ocrx_word' id='word_1_438' title='bbox 2102 3101 2151 3167; x_wconf 89' lang='lat' dir='ltr'>C</span> <span class='ocrx_word' id='word_1_439' title='bbox 2252 3114 2376 3170; x_wconf 73' lang='grc'><strong>158.</strong></span> <span class='ocrx_word' id='word_1_440' title='bbox 2410 3086 2640 3169; x_wconf 17' lang='grc' dir='ltr'>Ηίδήιιοιι</span> <span class='ocrx_word' id='word_1_441' title='bbox 2670 3123 2856 3185; x_wconf 84' lang='lat' dir='ltr'><strong>posset</strong></span> <span class='ocrx_word' id='word_1_442' title='bbox 2887 3128 3215 3184; x_wconf 85' lang='lat' dir='ltr'><strong>responsum</strong></span> <span class='ocrx_word' id='word_1_443' title='bbox 3236 3111 3449 3168; x_wconf 71' lang='lat' dir='ltr'><strong>referri.</strong></span> <span class='ocrx_word' id='word_1_444' title='bbox 3475 3110 3615 3179; x_wconf 83' lang='lat' dir='ltr'><strong>Quid</strong></span> <span class='ocrx_word' id='word_1_445' title='bbox 3637 3111 3799 3169; x_wconf 81' lang='lat' dir='ltr'><strong>enim</strong></span> 
     </span>
    </p>
   </div>
   <div class='ocr_carea' id='block_1_62' title="bbox 544 3180 2074 3260">
    <p class='ocr_par' dir='ltr' id='par_1_62' title="bbox 544 3180 2074 3260">
     <span class='ocr_line' id='line_1_62' title="bbox 544 3180 2074 3260; baseline -0.007 -15"><span class='ocrx_word' id='word_1_446' title='bbox 544 3188 837 3260; x_wconf 79' lang='lat' dir='ltr'><strong>conﬂandis</strong></span> <span class='ocrx_word' id='word_1_447' title='bbox 860 3196 1012 3258; x_wconf 83' lang='lat' dir='ltr'><strong>atque</strong></span> <span class='ocrx_word' id='word_1_448' title='bbox 1029 3183 1387 3256; x_wconf 83' lang='lat' dir='ltr'><strong>impcndendis</strong></span> <span class='ocrx_word' id='word_1_449' title='bbox 1412 3184 1549 3237; x_wconf 81' lang='lat' dir='ltr'><strong>vasis</strong></span> <span class='ocrx_word' id='word_1_450' title='bbox 1571 3181 1790 3237; x_wconf 84' lang='lat' dir='ltr'><strong>initiatis</strong></span> <span class='ocrx_word' id='word_1_451' title='bbox 1806 3180 2074 3237; x_wconf 77' lang='lat' dir='ltr'><strong>servanda:</strong></span> 
     </span>
    </p>
   </div>
   <div class='ocr_carea' id='block_1_63' title="bbox 548 3287 932 3353">
    <p class='ocr_par' dir='ltr' id='par_1_63' title="bbox 548 3287 932 3353">
     <span class='ocr_line' id='line_1_63' title="bbox 548 3287 932 3353; baseline -0.01 -16"><span class='ocrx_word' id='word_1_452' title='bbox 548 3287 932 3353; x_wconf 80' lang='lat' dir='ltr'><strong>proponuntur.</strong></span> 
     </span>
    </p>
   </div>
   <div class='ocr_carea' id='block_1_64' title="bbox 549 3388 2082 3457">
    <p class='ocr_par' dir='ltr' id='par_1_64' title="bbox 549 3388 2082 3457">
     <span class='ocr_line' id='line_1_64' title="bbox 549 3388 2082 3457; baseline -0.005 -5"><span class='ocrx_word' id='word_1_453' title='bbox 549 3395 675 3453; x_wconf 74' lang='lat'><strong>156.</strong></span> <span class='ocrx_word' id='word_1_454' title='bbox 719 3393 831 3450; x_wconf 77' lang='lat' dir='ltr'><strong>Hoc</strong></span> <span class='ocrx_word' id='word_1_455' title='bbox 858 3390 1154 3449; x_wconf 73' lang='lat' dir='ltr'><strong>maximum</strong></span> <span class='ocrx_word' id='word_1_456' title='bbox 1174 3389 1508 3446; x_wconf 86' lang='lat' dir='ltr'><strong>incentivum</strong></span> <span class='ocrx_word' id='word_1_457' title='bbox 1554 3388 1970 3457; x_wconf 69' lang='lat' dir='ltr'><strong>misericordiae,</strong></span> <span class='ocrx_word' id='word_1_458' title='bbox 2020 3396 2082 3445; x_wconf 89' lang='lat' dir='ltr'><strong>ut</strong></span> 
     </span>
    </p>
   </div>
   <div class='ocr_carea' id='block_1_65' title="bbox 476 3481 2077 3559">
    <p class='ocr_par' dir='ltr' id='par_1_65' title="bbox 476 3481 2077 3559">
     <span class='ocr_line' id='line_1_65' title="bbox 476 3481 2077 3559; baseline -0.007 -11"><span class='ocrx_word' id='word_1_459' title='bbox 476 3488 872 3559; x_wconf 88' lang='lat' dir='ltr'><strong>compatiamur</strong></span> <span class='ocrx_word' id='word_1_460' title='bbox 923 3484 1117 3541; x_wconf 89' lang='lat' dir='ltr'><strong>alienis</strong></span> <span class='ocrx_word' id='word_1_461' title='bbox 1157 3482 1557 3540; x_wconf 83' lang='lat' dir='ltr'><strong>calamitatibus</strong></span> <span class='ocrx_word' id='word_1_462' title='bbox 1593 3481 1772 3555; x_wconf 88' lang='lat' dir='ltr'><strong>(Dist.</strong></span> <span class='ocrx_word' id='word_1_463' title='bbox 1798 3481 1905 3550; x_wconf 86' lang='lat'><strong>86,</strong></span> <span class='ocrx_word' id='word_1_464' title='bbox 1958 3499 2077 3555; x_wconf 83' lang='lat' dir='ltr'><strong>cap.</strong></span> 
     </span>
    </p>
   </div>
   <div class='ocr_carea' id='block_1_66' title="bbox 482 3576 2082 3652">
    <p class='ocr_par' dir='ltr' id='par_1_66' title="bbox 482 3576 2082 3652">
     <span class='ocr_line' id='line_1_66' title="bbox 482 3576 2082 3652; baseline -0.004 -13"><span class='ocrx_word' id='word_1_465' title='bbox 482 3583 714 3639; x_wconf 80' lang='lat' dir='ltr'><strong>Pulchra</strong></span> <span class='ocrx_word' id='word_1_466' title='bbox 737 3583 771 3649; x_wconf 88' lang='lat'><strong>,&#39;</strong></span> <span class='ocrx_word' id='word_1_467' title='bbox 817 3580 847 3652; x_wconf 69' lang='grc' dir='ltr'>ς</span> <span class='ocrx_word' id='word_1_468' title='bbox 893 3576 1353 3649; x_wconf 84' lang='lat' dir='ltr'><strong>Coutpatiamur),</strong></span> <span class='ocrx_word' id='word_1_469' title='bbox 1410 3577 1764 3634; x_wconf 84' lang='lat' dir='ltr'><strong>necessitates</strong></span> <span class='ocrx_word' id='word_1_470' title='bbox 1803 3577 2033 3633; x_wconf 86' lang='lat' dir='ltr'><strong>aliorum</strong></span> <span class='ocrx_word' id='word_1_471' title='bbox 2063 3619 2082 3645; x_wconf 88' lang='lat'><strong>,</strong></span> 
     </span>
    </p>
   </div>
   <div class='ocr_carea' id='block_1_67' title="bbox 478 3670 2083 3750">
    <p class='ocr_par' dir='ltr' id='par_1_67' title="bbox 478 3670 2083 3750">
     <span class='ocr_line' id='line_1_67' title="bbox 478 3670 2083 3750; baseline -0.005 -17"><span class='ocrx_word' id='word_1_472' title='bbox 478 3687 743 3750; x_wconf 89' lang='lat' dir='ltr'><strong>quantum</strong></span> <span class='ocrx_word' id='word_1_473' title='bbox 768 3688 1078 3746; x_wconf 89' lang='lat' dir='ltr'><strong>possumus,</strong></span> <span class='ocrx_word' id='word_1_474' title='bbox 1102 3675 1386 3742; x_wconf 79' lang='lat' dir='ltr'><strong>juvemus;</strong></span> <span class='ocrx_word' id='word_1_475' title='bbox 1411 3678 1468 3726; x_wconf 91' lang='lat' dir='ltr'><strong>et</strong></span> <span class='ocrx_word' id='word_1_476' title='bbox 1482 3672 1602 3740; x_wconf 90' lang='lat' dir='ltr'><strong>plus</strong></span> <span class='ocrx_word' id='word_1_477' title='bbox 1624 3670 1896 3727; x_wconf 88' lang='lat' dir='ltr'><strong>interdum</strong></span> <span class='ocrx_word' id='word_1_478' title='bbox 1920 3685 2083 3741; x_wconf 83' lang='lat' dir='ltr'><strong>quam</strong></span> 
     </span>
    </p>
   </div>
   <div class='ocr_carea' id='block_1_68' title="bbox 479 3763 2087 3843">
    <p class='ocr_par' dir='ltr' id='par_1_68' title="bbox 479 3763 2087 3843">
     <span class='ocr_line' id='line_1_68' title="bbox 479 3763 2087 3843; baseline -0.006 -14"><span class='ocrx_word' id='word_1_479' title='bbox 479 3783 791 3843; x_wconf 86' lang='lat' dir='ltr'><strong>possumus.</strong></span> <span class='ocrx_word' id='word_1_480' title='bbox 834 3766 1031 3824; x_wconf 73' lang='lat' dir='ltr'><strong>Melius</strong></span> <span class='ocrx_word' id='word_1_481' title='bbox 1073 3772 1158 3821; x_wconf 85' lang='lat' dir='ltr'><strong>est</strong></span> <span class='ocrx_word' id='word_1_482' title='bbox 1185 3764 1332 3820; x_wconf 87' lang='lat' dir='ltr'><strong>enim</strong></span> <span class='ocrx_word' id='word_1_483' title='bbox 1356 3778 1454 3835; x_wconf 86' lang='lat' dir='ltr'><strong>pro</strong></span> <span class='ocrx_word' id='word_1_484' title='bbox 1478 3763 1855 3820; x_wconf 87' lang='lat' dir='ltr'><strong>misericordia</strong></span> <span class='ocrx_word' id='word_1_485' title='bbox 1891 3778 2087 3820; x_wconf 85' lang='lat' dir='ltr'><strong>causas</strong></span> 
     </span>
    </p>
   </div>
   <div class='ocr_carea' id='block_1_69' title="bbox 554 3915 2078 3992">
    <p class='ocr_par' dir='ltr' id='par_1_69' title="bbox 554 3915 2078 3992">
     <span class='ocr_line' id='line_1_69' title="bbox 554 3915 2078 3992; baseline 0.001 -15"><span class='ocrx_word' id='word_1_486' title='bbox 554 3934 579 3961; x_wconf 70' lang='grc' dir='ltr'><strong>ιι</strong></span> <span class='ocrx_word' id='word_1_487' title='bbox 619 3923 827 3978; x_wconf 88' lang='lat' dir='ltr'><strong>Eodem</strong></span> <span class='ocrx_word' id='word_1_488' title='bbox 871 3918 1088 3992; x_wconf 88' lang='lat' dir='ltr'><strong>pietatis</strong></span> <span class='ocrx_word' id='word_1_489' title='bbox 1115 3932 1284 3992; x_wconf 81' lang='lat' dir='ltr'><strong>sensu</strong></span> <span class='ocrx_word' id='word_1_490' title='bbox 1336 3915 1716 3992; x_wconf 32' lang='lat' dir='ltr'><strong>bic‘aﬂ&#39;ectum</strong></span> <span class='ocrx_word' id='word_1_491' title='bbox 1746 3933 1806 3975; x_wconf 88' lang='lat' dir='ltr'><strong>se</strong></span> <span class='ocrx_word' id='word_1_492' title='bbox 1836 3920 2078 3979; x_wconf 88' lang='lat' dir='ltr'><strong>ostendit</strong></span> 
     </span>
    </p>
   </div>
   <div class='ocr_carea' id='block_1_70' title="bbox 485 3987 2079 4062">
    <p class='ocr_par' dir='ltr' id='par_1_70' title="bbox 485 3987 2079 4062">
     <span class='ocr_line' id='line_1_70' title="bbox 485 3987 2079 4062; baseline -0.001 -8"><span class='ocrx_word' id='word_1_493' title='bbox 485 3994 807 4055; x_wconf 76' lang='lat' dir='ltr'><strong>Ambrosius</strong></span> <span class='ocrx_word' id='word_1_494' title='bbox 822 3987 1142 4062; x_wconf 82' lang='lat' dir='ltr'><strong>n65ter,quo</strong></span> <span class='ocrx_word' id='word_1_495' title='bbox 1155 3990 1396 4045; x_wconf 86' lang='lat' dir='ltr'><strong>Ecclesia</strong></span> <span class='ocrx_word' id='word_1_496' title='bbox 1420 3987 1651 4046; x_wconf 84' lang='lat' dir='ltr'><strong>ﬁliorum</strong></span> <span class='ocrx_word' id='word_1_497' title='bbox 1666 4006 1889 4046; x_wconf 90' lang='lat' dir='ltr'><strong>suorum</strong></span> <span class='ocrx_word' id='word_1_498' title='bbox 1908 4002 2079 4052; x_wconf 87' lang='lat' dir='ltr'><strong>mater</strong></span> 
     </span>
    </p>
   </div>
   <div class='ocr_carea' id='block_1_71' title="bbox 479 4062 2080 4134">
    <p class='ocr_par' dir='ltr' id='par_1_71' title="bbox 479 4062 2080 4134">
     <span class='ocr_line' id='line_1_71' title="bbox 479 4062 2080 4134; baseline -0.002 -11"><span class='ocrx_word' id='word_1_499' title='bbox 479 4067 852 4123; x_wconf 80' lang='lat' dir='ltr'><strong>amantissima</strong></span> <span class='ocrx_word' id='word_1_500' title='bbox 886 4062 1090 4119; x_wconf 82' lang='lat' dir='ltr'><strong>moveri</strong></span> <span class='ocrx_word' id='word_1_501' title='bbox 1119 4076 1242 4117; x_wconf 87' lang='lat' dir='ltr'><strong>sese</strong></span> <span class='ocrx_word' id='word_1_502' title='bbox 1267 4071 1628 4129; x_wconf 74' lang='lat' dir='ltr'><strong>contestatur,</strong></span> <span class='ocrx_word' id='word_1_503' title='bbox 1669 4062 1800 4117; x_wconf 88' lang='lat' dir='ltr'><strong>dum</strong></span> <span class='ocrx_word' id='word_1_504' title='bbox 1848 4080 2080 4134; x_wconf 85' lang='lat' dir='ltr'><strong>genera-</strong></span> 
     </span>
    </p>
   </div>
   <div class='ocr_carea' id='block_1_72' title="bbox 484 4135 2083 4206">
    <p class='ocr_par' dir='ltr' id='par_1_72' title="bbox 484 4135 2083 4206">
     <span class='ocr_line' id='line_1_72' title="bbox 484 4135 2083 4206; baseline -0.001 -12"><span class='ocrx_word' id='word_1_505' title='bbox 484 4141 625 4195; x_wconf 83' lang='lat' dir='ltr'><strong>libus</strong></span> <span class='ocrx_word' id='word_1_506' title='bbox 670 4140 725 4193; x_wconf 91' lang='lat' dir='ltr'><strong>in</strong></span> <span class='ocrx_word' id='word_1_507' title='bbox 751 4135 1001 4206; x_wconf 81' lang='lat' dir='ltr'><strong>conciliis</strong></span> <span class='ocrx_word' id='word_1_508' title='bbox 1048 4148 1078 4206; x_wconf 80' lang='lat' dir='ltr'><strong>a</strong></span> <span class='ocrx_word' id='word_1_509' title='bbox 1108 4148 1210 4188; x_wconf 89' lang='lat' dir='ltr'><strong>suo</strong></span> <span class='ocrx_word' id='word_1_510' title='bbox 1253 4148 1485 4206; x_wconf 79' lang='lat' dir='ltr'><strong>corpore</strong></span> <span class='ocrx_word' id='word_1_511' title='bbox 1526 4138 1839 4206; x_wconf 79' lang='lat' dir='ltr'><strong>quempiam</strong></span> <span class='ocrx_word' id='word_1_512' title='bbox 1869 4138 2083 4206; x_wconf 80' lang='lat' dir='ltr'><strong>cogitur</strong></span> 
     </span>
    </p>
   </div>
   <div class='ocr_carea' id='block_1_73' title="bbox 485 4203 2081 4274">
    <p class='ocr_par' dir='ltr' id='par_1_73' title="bbox 485 4203 2081 4274">
     <span class='ocr_line' id='line_1_73' title="bbox 485 4203 2081 4274; baseline -0.004 -9"><span class='ocrx_word' id='word_1_513' title='bbox 485 4208 827 4265; x_wconf 82' lang='lat' dir='ltr'><strong>abscindere.</strong></span> <span class='ocrx_word' id='word_1_514' title='bbox 863 4205 1135 4272; x_wconf 72' lang='lat' dir='ltr'><strong>Ephesius</strong></span> <span class='ocrx_word' id='word_1_515' title='bbox 1172 4203 1412 4274; x_wconf 87' lang='lat' dir='ltr'><strong>synodus</strong></span> <span class='ocrx_word' id='word_1_516' title='bbox 1453 4216 1558 4259; x_wconf 87' lang='lat' dir='ltr'><strong>act.</strong></span> <span class='ocrx_word' id='word_1_517' title='bbox 1612 4205 1677 4271; x_wconf 85' lang='lat' dir='ltr'><strong>l,</strong></span> <span class='ocrx_word' id='word_1_518' title='bbox 1714 4207 1769 4261; x_wconf 92' lang='lat' dir='ltr'><strong>in</strong></span> <span class='ocrx_word' id='word_1_519' title='bbox 1810 4203 2081 4265; x_wconf 77' lang='lat' dir='ltr'><strong>sententia</strong></span> 
     </span>
    </p>
   </div>
   <div class='ocr_carea' id='block_1_74' title="bbox 483 4274 2076 4344">
    <p class='ocr_par' dir='ltr' id='par_1_74' title="bbox 483 4274 2076 4344">
     <span class='ocr_line' id='line_1_74' title="bbox 483 4274 2076 4344; baseline 0 -9"><span class='ocrx_word' id='word_1_520' title='bbox 483 4291 677 4336; x_wconf 85' lang='lat' dir='ltr'><strong>contra</strong></span> <span class='ocrx_word' id='word_1_521' title='bbox 728 4276 1036 4333; x_wconf 84' lang='lat' dir='ltr'><strong>Nestorium</strong></span> <span class='ocrx_word' id='word_1_522' title='bbox 1083 4274 1190 4327; x_wconf 88' lang='lat' dir='ltr'><strong>lata</strong></span> <span class='ocrx_word' id='word_1_523' title='bbox 1237 4275 1475 4344; x_wconf 81' lang='lat' dir='ltr'><strong>loquitur</strong></span> <span class='ocrx_word' id='word_1_524' title='bbox 1524 4276 1577 4330; x_wconf 91' lang='lat' dir='ltr'><strong>in</strong></span> <span class='ocrx_word' id='word_1_525' title='bbox 1630 4277 1771 4332; x_wconf 89' lang='lat' dir='ltr'><strong>hunc</strong></span> <span class='ocrx_word' id='word_1_526' title='bbox 1817 4280 2076 4335; x_wconf 85' lang='lat' dir='ltr'><strong>modum:</strong></span> 
     </span>
    </p>
   </div>
   <div class='ocr_carea' id='block_1_75' title="bbox 485 4346 3400 4428">
    <p class='ocr_par' dir='ltr' id='par_1_75' title="bbox 485 4346 3400 4428">
     <span class='ocr_line' id='line_1_75' title="bbox 485 4346 3400 4428; baseline 0.002 -23"><span class='ocrx_word' id='word_1_527' title='bbox 485 4350 663 4428; x_wconf 69' lang='lat' dir='ltr'><strong>Quarti</strong></span> <span class='ocrx_word' id='word_1_528' title='bbox 695 4365 784 4420; x_wconf 86' lang='lat' dir='ltr'><strong>per</strong></span> <span class='ocrx_word' id='word_1_529' title='bbox 831 4362 1009 4428; x_wconf 78' lang='lat' dir='ltr'><strong>sacros</strong></span> <span class='ocrx_word' id='word_1_530' title='bbox 1055 4355 1402 4428; x_wconf 62' lang='lat' dir='ltr'><strong>canones.&quot;et_</strong></span> <span class='ocrx_word' id='word_1_531' title='bbox 1450 4346 1725 4428; x_wconf 65' lang='lat' dir='ltr'><strong>epistolam</strong></span> <span class='ocrx_word' id='word_1_532' title='bbox 1770 4352 2087 4428; x_wconf 42' lang='lat' dir='ltr'><strong>sanctissimi</strong></span> <span class='ocrx_word' id='word_1_533' title='bbox 2115 4350 2169 4412; x_wconf 89' lang='lat' dir='ltr'><strong>D</strong></span> <span class='ocrx_word' id='word_1_534' title='bbox 2194 4370 2380 4428; x_wconf 85' lang='lat' dir='ltr'><strong>eorum</strong></span> <span class='ocrx_word' id='word_1_535' title='bbox 2405 4355 2809 4428; x_wconf 77' lang='lat' dir='ltr'><strong>interpretanda</strong></span> <span class='ocrx_word' id='word_1_536' title='bbox 2839 4366 2951 4421; x_wconf 87' lang='lat' dir='ltr'><strong>est,</strong></span> <span class='ocrx_word' id='word_1_537' title='bbox 3004 4365 3065 4412; x_wconf 87' lang='lat' dir='ltr'><strong>ut</strong></span> <span class='ocrx_word' id='word_1_538' title='bbox 3101 4372 3213 4413; x_wconf 84' lang='lat' dir='ltr'><strong>non</strong></span> <span class='ocrx_word' id='word_1_539' title='bbox 3241 4371 3400 4412; x_wconf 85' lang='lat' dir='ltr'><strong>usum</strong></span> 
     </span>
    </p>
   </div>
   <div class='ocr_carea' id='block_1_76' title="bbox 488 4414 2091 4478">
    <p class='ocr_par' dir='ltr' id='par_1_76' title="bbox 488 4414 2091 4478">
     <span class='ocr_line' id='line_1_76' title="bbox 488 4414 2091 4478; baseline 0.001 -1"><span class='ocrx_word' id='word_1_540' title='bbox 488 4420 665 4477; x_wconf 84' lang='lat' dir='ltr'><strong>Patris</strong></span> <span class='ocrx_word' id='word_1_541' title='bbox 688 4414 906 4476; x_wconf 74' lang='lat' dir='ltr'><strong>nostriet</strong></span> <span class='ocrx_word' id='word_1_542' title='bbox 932 4416 1272 4470; x_wconf 86' lang='lat' dir='ltr'><strong>comministri</strong></span> <span class='ocrx_word' id='word_1_543' title='bbox 1295 4414 1553 4471; x_wconf 69' lang='lat' dir='ltr'><strong>(leestt&#39;ui</strong></span> <span class='ocrx_word' id='word_1_544' title='bbox 1581 4419 1828 4474; x_wconf 68' lang='lat' dir='ltr'><strong>Romanis</strong></span> <span class='ocrx_word' id='word_1_545' title='bbox 1841 4419 2091 4478; x_wconf 70' lang='lat' dir='ltr'><strong>Ecclesia:</strong></span> 
     </span>
    </p>
   </div>
   <div class='ocr_carea' id='block_1_77' title="bbox 496 4486 2096 4564">
    <p class='ocr_par' dir='ltr' id='par_1_77' title="bbox 496 4486 2096 4564">
     <span class='ocr_line' id='line_1_77' title="bbox 496 4486 2096 4564; baseline 0.001 -15"><span class='ocrx_word' id='word_1_546' title='bbox 496 4492 728 4564; x_wconf 79' lang='lat' dir='ltr'><strong>cpiscOpi</strong></span> <span class='ocrx_word' id='word_1_547' title='bbox 761 4533 774 4557; x_wconf 94' lang='lat'><strong>,</strong></span> <span class='ocrx_word' id='word_1_548' title='bbox 809 4489 1052 4564; x_wconf 78' lang='lat' dir='ltr'><strong>lacrymis</strong></span> <span class='ocrx_word' id='word_1_549' title='bbox 1081 4486 1299 4541; x_wconf 80' lang='lat' dir='ltr'><strong>subinde</strong></span> <span class='ocrx_word' id='word_1_550' title='bbox 1332 4491 1533 4559; x_wconf 74' lang='lat' dir='ltr'><strong>perfusi</strong></span> <span class='ocrx_word' id='word_1_551' title='bbox 1570 4491 1639 4544; x_wconf 80' lang='lat' dir='ltr'><strong>ad</strong></span> <span class='ocrx_word' id='word_1_552' title='bbox 1662 4491 1931 4564; x_wconf 76' lang='lat' dir='ltr'><strong>lugubrem</strong></span> <span class='ocrx_word' id='word_1_553' title='bbox 1961 4495 2096 4550; x_wconf 78' lang='lat' dir='ltr'><strong>hanc</strong></span> 
     </span>
    </p>
   </div>
   <div class='ocr_carea' id='block_1_78' title="bbox 488 4560 2091 4636">
    <p class='ocr_par' dir='ltr' id='par_1_78' title="bbox 488 4560 2091 4636">
     <span class='ocr_line' id='line_1_78' title="bbox 488 4560 2091 4636; baseline -0.001 -15"><span class='ocrx_word' id='word_1_554' title='bbox 488 4560 812 4636; x_wconf 64' lang='lat' dir='ltr'><strong>contractius</strong></span> <span class='ocrx_word' id='word_1_555' title='bbox 835 4560 1141 4636; x_wconf 75' lang='lat' dir='ltr'><strong>sententiam</strong></span> <span class='ocrx_word' id='word_1_556' title='bbox 1161 4564 1451 4636; x_wconf 82' lang='lat' dir='ltr'><strong>necessaria</strong></span> <span class='ocrx_word' id='word_1_557' title='bbox 1481 4560 1736 4636; x_wconf 43' lang='lat' dir='ltr'><strong>venimus;</strong></span> <span class='ocrx_word' id='word_1_558' title='bbox 1752 4562 1925 4620; x_wconf 75' lang='lat' dir='ltr'><strong>COIIC.</strong></span> <span class='ocrx_word' id='word_1_559' title='bbox 1953 4581 2091 4636; x_wconf 87' lang='lat' dir='ltr'><strong>quo-</strong></span> 
     </span>
    </p>
   </div>
   <div class='ocr_carea' id='block_1_79' title="bbox 486 4633 2085 4709">
    <p class='ocr_par' dir='ltr' id='par_1_79' title="bbox 486 4633 2085 4709">
     <span class='ocr_line' id='line_1_79' title="bbox 486 4633 2085 4709; baseline 0.001 -17"><span class='ocrx_word' id='word_1_560' title='bbox 486 4653 593 4709; x_wconf 88' lang='lat' dir='ltr'><strong>que</strong></span> <span class='ocrx_word' id='word_1_561' title='bbox 636 4633 1089 4709; x_wconf 70' lang='lat' dir='ltr'><strong>Chalcedoneusc</strong></span> <span class='ocrx_word' id='word_1_562' title='bbox 1141 4641 1251 4709; x_wconf 77' lang='lat' dir='ltr'><strong>act.</strong></span> <span class='ocrx_word' id='word_1_563' title='bbox 1295 4633 1461 4686; x_wconf 89' lang='lat' dir='ltr'><strong>etiam</strong></span> <span class='ocrx_word' id='word_1_564' title='bbox 1492 4648 1541 4699; x_wconf 88' lang='grc' dir='ltr'>ι,</span> <span class='ocrx_word' id='word_1_565' title='bbox 1582 4645 1647 4709; x_wconf 65' lang='lat' dir='ltr'><strong>et</strong></span> <span class='ocrx_word' id='word_1_566' title='bbox 1689 4633 1985 4709; x_wconf 63' lang='lat' dir='ltr'><strong>Constant.</strong></span> <span class='ocrx_word' id='word_1_567' title='bbox 2030 4638 2085 4704; x_wconf 90' lang='lat'><strong>7,</strong></span> 
     </span>
    </p>
   </div>
   <div class='ocr_carea' id='block_1_80' title="bbox 491 4702 2089 4778">
    <p class='ocr_par' dir='ltr' id='par_1_80' title="bbox 491 4702 2089 4778">
     <span class='ocr_line' id='line_1_80' title="bbox 491 4702 2089 4778; baseline 0.001 -15"><span class='ocrx_word' id='word_1_568' title='bbox 491 4702 752 4764; x_wconf 68' lang='lat' dir='ltr'><strong>adversus</strong></span> <span class='ocrx_word' id='word_1_569' title='bbox 770 4704 1047 4772; x_wconf 75' lang='lat' dir='ltr'><strong>Eutychen</strong></span> <span class='ocrx_word' id='word_1_570' title='bbox 1077 4702 1153 4757; x_wconf 88' lang='lat' dir='ltr'><strong>ita</strong></span> <span class='ocrx_word' id='word_1_571' title='bbox 1169 4702 1558 4778; x_wconf 68' lang='lat' dir='ltr'><strong>lamentantur:</strong></span> <span class='ocrx_word' id='word_1_572' title='bbox 1579 4703 1729 4778; x_wconf 86' lang='lat' dir='ltr'><strong>Unde</strong></span> <span class='ocrx_word' id='word_1_573' title='bbox 1746 4702 2089 4778; x_wconf 77' lang='lat' dir='ltr'><strong>lacrymantes</strong></span> 
     </span>
    </p>
   </div>
   <div class='ocr_carea' id='block_1_81' title="bbox 491 4774 2082 4849">
    <p class='ocr_par' dir='ltr' id='par_1_81' title="bbox 491 4774 2082 4849">
     <span class='ocr_line' id='line_1_81' title="bbox 491 4774 2082 4849; baseline -0.001 -16"><span class='ocrx_word' id='word_1_574' title='bbox 491 4791 537 4834; x_wconf 87' lang='lat' dir='ltr'><strong>et</strong></span> <span class='ocrx_word' id='word_1_575' title='bbox 560 4787 813 4849; x_wconf 79' lang='lat' dir='ltr'><strong>gementes</strong></span> <span class='ocrx_word' id='word_1_576' title='bbox 834 4779 1113 4847; x_wconf 77' lang='lat' dir='ltr'><strong>perfectam</strong></span> <span class='ocrx_word' id='word_1_577' title='bbox 1129 4777 1241 4849; x_wconf 65' lang='lat' dir='ltr'><strong>ejus</strong></span> <span class='ocrx_word' id='word_1_578' title='bbox 1252 4774 1615 4849; x_wconf 73' lang='lat' dir='ltr'><strong>perditionem,</strong></span> <span class='ocrx_word' id='word_1_579' title='bbox 1635 4774 2082 4849; x_wconf 67' lang='lat' dir='ltr'><strong>decreviritus,etc.</strong></span> 
     </span>
    </p>
   </div>
   <div class='ocr_carea' id='block_1_82' title="bbox 494 4844 2089 4914">
    <p class='ocr_par' dir='ltr' id='par_1_82' title="bbox 494 4844 2089 4914">
     <span class='ocr_line' id='line_1_82' title="bbox 494 4844 2089 4914; baseline 0 -7"><span class='ocrx_word' id='word_1_580' title='bbox 494 4844 630 4906; x_wconf 82' lang='lat' dir='ltr'><strong>Vide</strong></span> <span class='ocrx_word' id='word_1_581' title='bbox 658 4844 909 4905; x_wconf 80' lang='lat' dir='ltr'><strong>similiter</strong></span> <span class='ocrx_word' id='word_1_582' title='bbox 927 4844 989 4900; x_wconf 74' lang='grc' dir='ltr'><strong>ἰιι</strong></span> <span class='ocrx_word' id='word_1_583' title='bbox 1013 4844 1169 4901; x_wconf 80' lang='lat' dir='ltr'><strong>conc.</strong></span> <span class='ocrx_word' id='word_1_584' title='bbox 1202 4844 1487 4914; x_wconf 86' lang='lat' dir='ltr'><strong>Chalced.,</strong></span> <span class='ocrx_word' id='word_1_585' title='bbox 1512 4857 1615 4904; x_wconf 86' lang='lat' dir='ltr'><strong>act.</strong></span> <span class='ocrx_word' id='word_1_586' title='bbox 1656 4849 1714 4911; x_wconf 81' lang='lat'><strong>5,</strong></span> <span class='ocrx_word' id='word_1_587' title='bbox 1745 4848 1967 4905; x_wconf 88' lang='lat' dir='ltr'><strong>Patrum</strong></span> <span class='ocrx_word' id='word_1_588' title='bbox 1995 4851 2089 4908; x_wconf 86' lang='lat' dir='ltr'><strong>ad-</strong></span> 
     </span>
    </p>
   </div>
   <div class='ocr_carea' id='block_1_83' title="bbox 488 4916 2085 4990">
    <p class='ocr_par' dir='ltr' id='par_1_83' title="bbox 488 4916 2085 4990">
     <span class='ocr_line' id='line_1_83' title="bbox 488 4916 2085 4990; baseline 0.001 -13"><span class='ocrx_word' id='word_1_589' title='bbox 488 4937 685 4977; x_wconf 88' lang='lat' dir='ltr'><strong>versus</strong></span> <span class='ocrx_word' id='word_1_590' title='bbox 750 4919 1068 4990; x_wconf 64' lang='lat' dir='ltr'><strong>Dioscorum</strong></span> <span class='ocrx_word' id='word_1_591' title='bbox 1125 4916 1589 4990; x_wconf 77' lang='lat' dir='ltr'><strong>subscriptiones,</strong></span> <span class='ocrx_word' id='word_1_592' title='bbox 1639 4920 1907 4990; x_wconf 86' lang='lat' dir='ltr'><strong>imprimis</strong></span> <span class='ocrx_word' id='word_1_593' title='bbox 1956 4939 2085 4979; x_wconf 85' lang='lat' dir='ltr'><strong>vero</strong></span> 
     </span>
    </p>
   </div>
   <div class='ocr_carea' id='block_1_84' title="bbox 485 4987 2084 5063">
    <p class='ocr_par' dir='ltr' id='par_1_84' title="bbox 485 4987 2084 5063">
     <span class='ocr_line' id='line_1_84' title="bbox 485 4987 2084 5063; baseline 0 -13"><span class='ocrx_word' id='word_1_594' title='bbox 485 4992 706 5050; x_wconf 76' lang='lat' dir='ltr'><strong>Maximi</strong></span> <span class='ocrx_word' id='word_1_595' title='bbox 729 5032 743 5057; x_wconf 94' lang='lat'><strong>,</strong></span> <span class='ocrx_word' id='word_1_596' title='bbox 764 4992 914 5063; x_wconf 79' lang='lat' dir='ltr'><strong>Cyri,</strong></span> <span class='ocrx_word' id='word_1_597' title='bbox 945 4987 1310 5063; x_wconf 86' lang='lat' dir='ltr'><strong>Constantini,</strong></span> <span class='ocrx_word' id='word_1_598' title='bbox 1345 4989 1559 5063; x_wconf 79' lang='lat' dir='ltr'><strong>Patricii</strong></span> <span class='ocrx_word' id='word_1_599' title='bbox 1584 4987 1745 5062; x_wconf 71' lang='lat' dir='ltr'><strong>atque</strong></span> <span class='ocrx_word' id='word_1_600' title='bbox 1776 4992 2084 5063; x_wconf 86' lang='lat' dir='ltr'><strong>Epiphanii.</strong></span> 
     </span>
    </p>
   </div>
   <div class='ocr_carea' id='block_1_85' title="bbox 560 5059 2087 5132">
    <p class='ocr_par' dir='ltr' id='par_1_85' title="bbox 560 5059 2087 5132">
     <span class='ocr_line' id='line_1_85' title="bbox 560 5059 2087 5132; baseline 0.003 -15"><span class='ocrx_word' id='word_1_601' title='bbox 560 5064 588 5104; x_wconf 65' lang='grc' dir='ltr'>ιο</span> <span class='ocrx_word' id='word_1_602' title='bbox 632 5059 901 5118; x_wconf 80' lang='lat' dir='ltr'><strong>Discinius</strong></span> <span class='ocrx_word' id='word_1_603' title='bbox 931 5077 996 5115; x_wconf 84' lang='lat' dir='ltr'><strong>cx</strong></span> <span class='ocrx_word' id='word_1_604' title='bbox 1051 5060 1153 5132; x_wconf 87' lang='lat' dir='ltr'><strong>hoc</strong></span> <span class='ocrx_word' id='word_1_605' title='bbox 1182 5068 1296 5114; x_wconf 91' lang='lat' dir='ltr'><strong>toto</strong></span> <span class='ocrx_word' id='word_1_606' title='bbox 1328 5059 1506 5129; x_wconf 80' lang='lat' dir='ltr'><strong>Capite</strong></span> <span class='ocrx_word' id='word_1_607' title='bbox 1540 5059 1809 5131; x_wconf 54' lang='lat' dir='ltr'><strong>jam&#39;inde</strong></span> <span class='ocrx_word' id='word_1_608' title='bbox 1826 5059 1864 5117; x_wconf 14' lang='lat' dir='ltr'><strong>7a</strong></span> <span class='ocrx_word' id='word_1_609' title='bbox 1883 5059 2087 5132; x_wconf 80' lang='lat' dir='ltr'><strong>primis</strong></span> 
     </span>
    </p>
   </div>
   <div class='ocr_carea' id='block_1_86' title="bbox 486 5131 2089 5205">
    <p class='ocr_par' dir='ltr' id='par_1_86' title="bbox 486 5131 2089 5205">
     <span class='ocr_line' id='line_1_86' title="bbox 486 5131 2089 5205; baseline -0.001 -12"><span class='ocrx_word' id='word_1_610' title='bbox 486 5137 690 5193; x_wconf 87' lang='lat' dir='ltr'><strong>seculis</strong></span> <span class='ocrx_word' id='word_1_611' title='bbox 715 5137 769 5189; x_wconf 90' lang='lat' dir='ltr'><strong>in</strong></span> <span class='ocrx_word' id='word_1_612' title='bbox 794 5132 1040 5188; x_wconf 82' lang='lat' dir='ltr'><strong>Ecclesia</strong></span> <span class='ocrx_word' id='word_1_613' title='bbox 1081 5131 1246 5187; x_wconf 77' lang='lat' dir='ltr'><strong>fuisse</strong></span> <span class='ocrx_word' id='word_1_614' title='bbox 1277 5147 1404 5205; x_wconf 64' lang='lat' dir='ltr'><strong>Vasa</strong></span> <span class='ocrx_word' id='word_1_615' title='bbox 1433 5136 1697 5202; x_wconf 84' lang='lat' dir='ltr'><strong>pretiosa,</strong></span> <span class='ocrx_word' id='word_1_616' title='bbox 1720 5131 1959 5205; x_wconf 87' lang='lat' dir='ltr'><strong>quorum</strong></span> <span class='ocrx_word' id='word_1_617' title='bbox 1981 5138 2089 5192; x_wconf 88' lang='lat' dir='ltr'><strong>alia</strong></span> 
     </span>
    </p>
   </div>
   <div class='ocr_carea' id='block_1_87' title="bbox 488 5203 2087 5264">
    <p class='ocr_par' dir='ltr' id='par_1_87' title="bbox 488 5203 2087 5264">
     <span class='ocr_line' id='line_1_87' title="bbox 488 5203 2087 5264; baseline 0.001 -2"><span class='ocrx_word' id='word_1_618' title='bbox 488 5208 556 5262; x_wconf 87' lang='lat' dir='ltr'><strong>ad</strong></span> <span class='ocrx_word' id='word_1_619' title='bbox 591 5223 747 5262; x_wconf 85' lang='lat' dir='ltr'><strong>usum</strong></span> <span class='ocrx_word' id='word_1_620' title='bbox 775 5212 1241 5260; x_wconf 63' lang='lat' dir='ltr'><strong>monimentorum</strong></span> <span class='ocrx_word' id='word_1_621' title='bbox 1272 5203 1485 5258; x_wconf 81' lang='lat' dir='ltr'><strong>initiata</strong></span> <span class='ocrx_word' id='word_1_622' title='bbox 1530 5214 1586 5258; x_wconf 88' lang='lat' dir='ltr'><strong>et</strong></span> <span class='ocrx_word' id='word_1_623' title='bbox 1633 5203 1956 5263; x_wconf 57' lang='lat' dir='ltr'><strong>consecrata</strong></span> <span class='ocrx_word' id='word_1_624' title='bbox 1995 5224 2087 5264; x_wconf 86' lang='lat' dir='ltr'><strong>es-</strong></span> 
     </span>
    </p>
   </div>
   <div class='ocr_carea' id='block_1_88' title="bbox 487 5273 2089 5343">
    <p class='ocr_par' dir='ltr' id='par_1_88' title="bbox 487 5273 2089 5343">
     <span class='ocr_line' id='line_1_88' title="bbox 487 5273 2089 5343; baseline -0.007 -9"><span class='ocrx_word' id='word_1_625' title='bbox 487 5289 644 5343; x_wconf 88' lang='lat' dir='ltr'><strong>sent,</strong></span> <span class='ocrx_word' id='word_1_626' title='bbox 694 5278 801 5333; x_wconf 87' lang='lat' dir='ltr'><strong>alia</strong></span> <span class='ocrx_word' id='word_1_627' title='bbox 843 5277 1088 5338; x_wconf 85' lang='lat' dir='ltr'><strong>minimc,</strong></span> <span class='ocrx_word' id='word_1_628' title='bbox 1121 5273 1217 5328; x_wconf 76' lang='lat' dir='ltr'><strong>Sed</strong></span> <span class='ocrx_word' id='word_1_629' title='bbox 1258 5286 1468 5328; x_wconf 82' lang='lat' dir='ltr'><strong>tantum</strong></span> <span class='ocrx_word' id='word_1_630' title='bbox 1494 5275 1560 5330; x_wconf 88' lang='lat' dir='ltr'><strong>ad</strong></span> <span class='ocrx_word' id='word_1_631' title='bbox 1606 5275 1773 5332; x_wconf 82' lang='lat' dir='ltr'><strong>decus</strong></span> <span class='ocrx_word' id='word_1_632' title='bbox 1820 5290 1876 5334; x_wconf 90' lang='lat' dir='ltr'><strong>et</strong></span> <span class='ocrx_word' id='word_1_633' title='bbox 1924 5295 2089 5335; x_wconf 65' lang='lat' dir='ltr'><strong>omn-</strong></span> 
     </span>
    </p>
   </div>
   <div class='ocr_carea' id='block_1_89' title="bbox 487 5348 2090 5416">
    <p class='ocr_par' dir='ltr' id='par_1_89' title="bbox 487 5348 2090 5416">
     <span class='ocr_line' id='line_1_89' title="bbox 487 5348 2090 5416; baseline 0.001 -12"><span class='ocrx_word' id='word_1_634' title='bbox 487 5360 773 5404; x_wconf 84' lang='lat' dir='ltr'><strong>mentum:</strong></span> <span class='ocrx_word' id='word_1_635' title='bbox 824 5357 1051 5416; x_wconf 85' lang='lat' dir='ltr'><strong>utraque</strong></span> <span class='ocrx_word' id='word_1_636' title='bbox 1095 5360 1227 5400; x_wconf 86' lang='lat' dir='ltr'><strong>vero</strong></span> <span class='ocrx_word' id='word_1_637' title='bbox 1286 5355 1397 5400; x_wconf 83' lang='lat' dir='ltr'><strong>tam</strong></span> <span class='ocrx_word' id='word_1_638' title='bbox 1450 5348 1614 5401; x_wconf 87' lang='lat' dir='ltr'><strong>multa</strong></span> <span class='ocrx_word' id='word_1_639' title='bbox 1668 5349 1970 5416; x_wconf 82' lang='lat' dir='ltr'><strong>exstitisse,</strong></span> <span class='ocrx_word' id='word_1_640' title='bbox 2031 5360 2090 5406; x_wconf 87' lang='lat' dir='ltr'><strong>ut</strong></span> 
     </span>
    </p>
   </div>
   <div class='ocr_carea' id='block_1_90' title="bbox 486 5419 2088 5481">
    <p class='ocr_par' dir='ltr' id='par_1_90' title="bbox 486 5419 2088 5481">
     <span class='ocr_line' id='line_1_90' title="bbox 486 5419 2088 5481; baseline 0.001 -5"><span class='ocrx_word' id='word_1_641' title='bbox 486 5420 823 5477; x_wconf 64' lang='lat' dir='ltr'><strong>redimendae</strong></span> <span class='ocrx_word' id='word_1_642' title='bbox 876 5419 1288 5474; x_wconf 82' lang='lat' dir='ltr'><strong>innumerorum</strong></span> <span class='ocrx_word' id='word_1_643' title='bbox 1358 5420 1699 5481; x_wconf 84' lang='lat' dir='ltr'><strong>captivorum</strong></span> <span class='ocrx_word' id='word_1_644' title='bbox 1753 5424 2088 5478; x_wconf 87' lang='lat' dir='ltr'><strong>multitudini</strong></span> 
     </span>
    </p>
   </div>
   <div class='ocr_carea' id='block_1_91' title="bbox 488 5488 2086 5559">
    <p class='ocr_par' dir='ltr' id='par_1_91' title="bbox 488 5488 2086 5559">
     <span class='ocr_line' id='line_1_91' title="bbox 488 5488 2086 5559; baseline 0.001 -13"><span class='ocrx_word' id='word_1_645' title='bbox 488 5494 825 5548; x_wconf 86' lang='lat' dir='ltr'><strong>sul&#39;ticereut.</strong></span> <span class='ocrx_word' id='word_1_646' title='bbox 853 5489 990 5544; x_wconf 81' lang='lat' dir='ltr'><strong>Hinc</strong></span> <span class='ocrx_word' id='word_1_647' title='bbox 1011 5500 1275 5559; x_wconf 73' lang='lat' dir='ltr'><strong>praeterea</strong></span> <span class='ocrx_word' id='word_1_648' title='bbox 1310 5488 1661 5559; x_wconf 59' lang='lat' dir='ltr'><strong>intelligimus</strong></span> <span class='ocrx_word' id='word_1_649' title='bbox 1691 5506 1912 5546; x_wconf 89' lang='lat' dir='ltr'><strong>auream</strong></span> <span class='ocrx_word' id='word_1_650' title='bbox 1938 5495 2086 5549; x_wconf 86' lang='lat' dir='ltr'><strong>illam</strong></span> 
     </span>
    </p>
   </div>
   <div class='ocr_carea' id='block_1_92' title="bbox 487 5560 2087 5631">
    <p class='ocr_par' dir='ltr' id='par_1_92' title="bbox 487 5560 2087 5631">
     <span class='ocr_line' id='line_1_92' title="bbox 487 5560 2087 5631; baseline 0.002 -13"><span class='ocrx_word' id='word_1_651' title='bbox 487 5564 750 5619; x_wconf 75' lang='lat' dir='ltr'><strong>Ecclesia:</strong></span> <span class='ocrx_word' id='word_1_652' title='bbox 788 5561 1187 5631; x_wconf 74' lang='lat' dir='ltr'><strong>supellectilem</strong></span> <span class='ocrx_word' id='word_1_653' title='bbox 1215 5560 1508 5631; x_wconf 66' lang='lat' dir='ltr'><strong>Ambrosio</strong></span> <span class='ocrx_word' id='word_1_654' title='bbox 1540 5562 1688 5616; x_wconf 89' lang='lat' dir='ltr'><strong>nullo</strong></span> <span class='ocrx_word' id='word_1_655' title='bbox 1712 5563 1874 5618; x_wconf 89' lang='lat' dir='ltr'><strong>modo</strong></span> <span class='ocrx_word' id='word_1_656' title='bbox 1917 5564 2087 5621; x_wconf 82' lang='lat' dir='ltr'><strong>fuisse</strong></span> 
     </span>
    </p>
   </div>
   <div class='ocr_carea' id='block_1_93' title="bbox 490 5629 2082 5703">
    <p class='ocr_par' dir='ltr' id='par_1_93' title="bbox 490 5629 2082 5703">
     <span class='ocr_line' id='line_1_93' title="bbox 490 5629 2082 5703; baseline 0.003 -16"><span class='ocrx_word' id='word_1_657' title='bbox 490 5629 873 5703; x_wconf 59' lang='lat' dir='ltr'><strong>improbatam;</strong></span> <span class='ocrx_word' id='word_1_658' title='bbox 893 5648 1025 5703; x_wconf 7' lang='lat' dir='ltr'><strong>cum,</strong></span> <span class='ocrx_word' id='word_1_659' title='bbox 1044 5648 1151 5686; x_wconf 83' lang='lat' dir='ltr'><strong>noti</strong></span> <span class='ocrx_word' id='word_1_660' title='bbox 1182 5629 1287 5703; x_wconf 84' lang='lat' dir='ltr'><strong>nisi</strong></span> <span class='ocrx_word' id='word_1_661' title='bbox 1306 5631 1470 5703; x_wconf 89' lang='lat' dir='ltr'><strong>certis</strong></span> <span class='ocrx_word' id='word_1_662' title='bbox 1491 5647 1558 5688; x_wconf 89' lang='lat' dir='ltr'><strong>ac</strong></span> <span class='ocrx_word' id='word_1_663' title='bbox 1580 5632 1823 5690; x_wconf 87' lang='lat' dir='ltr'><strong>detinitis</strong></span> <span class='ocrx_word' id='word_1_664' title='bbox 1845 5636 2082 5701; x_wconf 76' lang='lat' dir='ltr'><strong>casibus,</strong></span> 
     </span>
    </p>
   </div>
   <div class='ocr_carea' id='block_1_94' title="bbox 487 5701 2086 5776">
    <p class='ocr_par' dir='ltr' id='par_1_94' title="bbox 487 5701 2086 5776">
     <span class='ocr_line' id='line_1_94' title="bbox 487 5701 2086 5776; baseline 0.005 -17"><span class='ocrx_word' id='word_1_665' title='bbox 487 5712 545 5759; x_wconf 84' lang='lat' dir='ltr'><strong>et</strong></span> <span class='ocrx_word' id='word_1_666' title='bbox 571 5701 1082 5759; x_wconf 69' lang='lat' dir='ltr'><strong>ilcl‘tcictttibusaliis</strong></span> <span class='ocrx_word' id='word_1_667' title='bbox 1102 5701 1360 5757; x_wconf 89' lang='lat' dir='ltr'><strong>subsidiis</strong></span> <span class='ocrx_word' id='word_1_668' title='bbox 1382 5717 1501 5759; x_wconf 86' lang='lat' dir='ltr'><strong>eam</strong></span> <span class='ocrx_word' id='word_1_669' title='bbox 1522 5703 1649 5774; x_wconf 88' lang='lat' dir='ltr'><strong>jure</strong></span> <span class='ocrx_word' id='word_1_670' title='bbox 1672 5704 1899 5763; x_wconf 86' lang='lat' dir='ltr'><strong>distrahi</strong></span> <span class='ocrx_word' id='word_1_671' title='bbox 1926 5721 2086 5776; x_wconf 81' lang='lat' dir='ltr'><strong>posse</strong></span> 
     </span>
    </p>
   </div>
   <div class='ocr_carea' id='block_1_95' title="bbox 2180 3203 3803 3278">
    <p class='ocr_par' dir='ltr' id='par_1_95' title="bbox 2180 3203 3803 3278">
     <span class='ocr_line' id='line_1_95' title="bbox 2180 3203 3803 3278; baseline -0.003 -13"><span class='ocrx_word' id='word_1_672' title='bbox 2180 3207 2428 3265; x_wconf 83' lang='lat' dir='ltr'><strong>diceres:</strong></span> <span class='ocrx_word' id='word_1_673' title='bbox 2452 3207 2634 3264; x_wconf 87' lang='lat' dir='ltr'><strong>Timui</strong></span> <span class='ocrx_word' id='word_1_674' title='bbox 2665 3224 2735 3265; x_wconf 89' lang='lat' dir='ltr'><strong>ne</strong></span> <span class='ocrx_word' id='word_1_675' title='bbox 2765 3209 2970 3278; x_wconf 87' lang='lat' dir='ltr'><strong>templo</strong></span> <span class='ocrx_word' id='word_1_676' title='bbox 2988 3208 3084 3264; x_wconf 87' lang='lat' dir='ltr'><strong>Dei</strong></span> <span class='ocrx_word' id='word_1_677' title='bbox 3112 3217 3335 3263; x_wconf 89' lang='lat' dir='ltr'><strong>ornatus</strong></span> <span class='ocrx_word' id='word_1_678' title='bbox 3384 3203 3634 3262; x_wconf 77' lang='lat' dir='ltr'><strong>deesset?</strong></span> <span class='ocrx_word' id='word_1_679' title='bbox 3680 3204 3803 3260; x_wconf 64' lang='lat' dir='ltr'><strong>Ite-</strong></span> 
     </span>
    </p>
   </div>
   <div class='ocr_carea' id='block_1_96' title="bbox 2180 3302 3809 3374">
    <p class='ocr_par' dir='ltr' id='par_1_96' title="bbox 2180 3302 3809 3374">
     <span class='ocr_line' id='line_1_96' title="bbox 2180 3302 3809 3374; baseline -0.002 -15"><span class='ocrx_word' id='word_1_680' title='bbox 2180 3302 2482 3374; x_wconf 76' lang='lat' dir='ltr'><strong>Sponderet</strong></span> <span class='ocrx_word' id='word_1_681' title='bbox 2504 3321 2519 3357; x_wconf 87' lang='lat'><strong>:</strong></span> <span class='ocrx_word' id='word_1_682' title='bbox 2544 3302 2753 3358; x_wconf 84' lang='lat' dir='ltr'><strong>Aurum</strong></span> <span class='ocrx_word' id='word_1_683' title='bbox 2783 3310 3125 3359; x_wconf 82' lang='lat' dir='ltr'><strong>sacramenta</strong></span> <span class='ocrx_word' id='word_1_684' title='bbox 3159 3316 3267 3356; x_wconf 79' lang='lat' dir='ltr'><strong>non</strong></span> <span class='ocrx_word' id='word_1_685' title='bbox 3291 3309 3541 3371; x_wconf 61' lang='lat' dir='ltr'><strong>quarunt</strong></span> <span class='ocrx_word' id='word_1_686' title='bbox 3567 3316 3580 3353; x_wconf 90' lang='lat'><strong>:</strong></span> <span class='ocrx_word' id='word_1_687' title='bbox 3611 3312 3809 3370; x_wconf 78' lang='lat' dir='ltr'><strong>neque</strong></span> 
     </span>
    </p>
   </div>
   <div class='ocr_carea' id='block_1_97' title="bbox 2186 3394 3805 3467">
    <p class='ocr_par' dir='ltr' id='par_1_97' title="bbox 2186 3394 3805 3467">
     <span class='ocr_line' id='line_1_97' title="bbox 2186 3394 3805 3467; baseline -0.004 -16"><span class='ocrx_word' id='word_1_688' title='bbox 2186 3410 2323 3451; x_wconf 83' lang='lat' dir='ltr'><strong>auro</strong></span> <span class='ocrx_word' id='word_1_689' title='bbox 2368 3394 2620 3466; x_wconf 85' lang='lat' dir='ltr'><strong>placent,</strong></span> <span class='ocrx_word' id='word_1_690' title='bbox 2651 3411 2775 3467; x_wconf 70' lang='lat' dir='ltr'><strong>qua:</strong></span> <span class='ocrx_word' id='word_1_691' title='bbox 2800 3410 2936 3451; x_wconf 89' lang='lat' dir='ltr'><strong>auro</strong></span> <span class='ocrx_word' id='word_1_692' title='bbox 2975 3411 3084 3451; x_wconf 91' lang='lat' dir='ltr'><strong>non</strong></span> <span class='ocrx_word' id='word_1_693' title='bbox 3125 3403 3400 3451; x_wconf 80' lang='lat' dir='ltr'><strong>emuntur.</strong></span> <span class='ocrx_word' id='word_1_694' title='bbox 3429 3394 3667 3448; x_wconf 72' lang='lat' dir='ltr'><strong>()rnatus</strong></span> <span class='ocrx_word' id='word_1_695' title='bbox 3705 3406 3805 3448; x_wconf 81' lang='lat' dir='ltr'><strong>sa-</strong></span> 
     </span>
    </p>
   </div>
   <div class='ocr_carea' id='block_1_98' title="bbox 2185 3485 3803 3562">
    <p class='ocr_par' dir='ltr' id='par_1_98' title="bbox 2185 3485 3803 3562">
     <span class='ocr_line' id='line_1_98' title="bbox 2185 3485 3803 3562; baseline -0.002 -16"><span class='ocrx_word' id='word_1_696' title='bbox 2185 3499 2592 3548; x_wconf 88' lang='lat' dir='ltr'><strong>cramentorum</strong></span> <span class='ocrx_word' id='word_1_697' title='bbox 2638 3490 2947 3562; x_wconf 88' lang='lat' dir='ltr'><strong>redemptio</strong></span> <span class='ocrx_word' id='word_1_698' title='bbox 2997 3491 3336 3562; x_wconf 82' lang='lat' dir='ltr'><strong>captivorum</strong></span> <span class='ocrx_word' id='word_1_699' title='bbox 3387 3497 3491 3545; x_wconf 85' lang='lat' dir='ltr'><strong>est.</strong></span> <span class='ocrx_word' id='word_1_700' title='bbox 3528 3487 3671 3544; x_wconf 83' lang='lat' dir='ltr'><strong>Vere</strong></span> <span class='ocrx_word' id='word_1_701' title='bbox 3700 3485 3803 3543; x_wconf 82' lang='lat' dir='ltr'><strong>illa</strong></span> 
     </span>
    </p>
   </div>
   <div class='ocr_carea' id='block_1_99' title="bbox 2187 3585 3797 3656">
    <p class='ocr_par' dir='ltr' id='par_1_99' title="bbox 2187 3585 3797 3656">
     <span class='ocr_line' id='line_1_99' title="bbox 2187 3585 3797 3656; baseline -0.001 -16"><span class='ocrx_word' id='word_1_702' title='bbox 2187 3592 2315 3640; x_wconf 87' lang='lat' dir='ltr'><strong>sunt</strong></span> <span class='ocrx_word' id='word_1_703' title='bbox 2334 3599 2463 3641; x_wconf 83' lang='lat' dir='ltr'><strong>vasa</strong></span> <span class='ocrx_word' id='word_1_704' title='bbox 2494 3585 2754 3655; x_wconf 86' lang='lat' dir='ltr'><strong>pretiosa,</strong></span> <span class='ocrx_word' id='word_1_705' title='bbox 2806 3602 2928 3656; x_wconf 71' lang='lat' dir='ltr'><strong>qua:</strong></span> <span class='ocrx_word' id='word_1_706' title='bbox 2968 3586 3242 3641; x_wconf 90' lang='lat' dir='ltr'><strong>redimunt</strong></span> <span class='ocrx_word' id='word_1_707' title='bbox 3286 3585 3495 3640; x_wconf 84' lang='lat' dir='ltr'><strong>animas</strong></span> <span class='ocrx_word' id='word_1_708' title='bbox 3530 3598 3561 3639; x_wconf 89' lang='lat' dir='ltr'><strong>a</strong></span> <span class='ocrx_word' id='word_1_709' title='bbox 3592 3589 3797 3639; x_wconf 84' lang='lat' dir='ltr'><strong>morte.</strong></span> 
     </span>
    </p>
   </div>
   <div class='ocr_carea' id='block_1_100' title="bbox 2184 3673 3805 3749">
    <p class='ocr_par' dir='ltr' id='par_1_100' title="bbox 2184 3673 3805 3749">
     <span class='ocr_line' id='line_1_100' title="bbox 2184 3673 3805 3749; baseline 0 -18"><span class='ocrx_word' id='word_1_710' title='bbox 2184 3674 2282 3732; x_wconf 88' lang='lat' dir='ltr'><strong>Ille</strong></span> <span class='ocrx_word' id='word_1_711' title='bbox 2309 3690 2477 3733; x_wconf 89' lang='lat' dir='ltr'><strong>verus</strong></span> <span class='ocrx_word' id='word_1_712' title='bbox 2524 3676 2816 3734; x_wconf 86' lang='lat' dir='ltr'><strong>thesaurus</strong></span> <span class='ocrx_word' id='word_1_713' title='bbox 2841 3686 2925 3734; x_wconf 91' lang='lat' dir='ltr'><strong>est</strong></span> <span class='ocrx_word' id='word_1_714' title='bbox 2948 3678 3183 3746; x_wconf 89' lang='lat' dir='ltr'><strong>Domini,</strong></span> <span class='ocrx_word' id='word_1_715' title='bbox 3215 3678 3307 3749; x_wconf 84' lang='lat' dir='ltr'><strong>qui</strong></span> <span class='ocrx_word' id='word_1_716' title='bbox 3348 3684 3606 3746; x_wconf 86' lang='lat' dir='ltr'><strong>operatur</strong></span> <span class='ocrx_word' id='word_1_717' title='bbox 3643 3673 3805 3746; x_wconf 83' lang='lat' dir='ltr'><strong>quod</strong></span> 
     </span>
    </p>
   </div>
   <div class='ocr_carea' id='block_1_101' title="bbox 2189 3768 3800 3844">
    <p class='ocr_par' dir='ltr' id='par_1_101' title="bbox 2189 3768 3800 3844">
     <span class='ocr_line' id='line_1_101' title="bbox 2189 3768 3800 3844; baseline -0.002 -18"><span class='ocrx_word' id='word_1_718' title='bbox 2189 3775 2415 3843; x_wconf 87' lang='lat' dir='ltr'><strong>sanguis</strong></span> <span class='ocrx_word' id='word_1_719' title='bbox 2441 3770 2563 3839; x_wconf 83' lang='lat' dir='ltr'><strong>ejus</strong></span> <span class='ocrx_word' id='word_1_720' title='bbox 2605 3782 2864 3842; x_wconf 87' lang='lat' dir='ltr'><strong>operatus</strong></span> <span class='ocrx_word' id='word_1_721' title='bbox 2892 3781 2995 3828; x_wconf 90' lang='lat' dir='ltr'><strong>est.</strong></span> <span class='ocrx_word' id='word_1_722' title='bbox 3022 3772 3185 3844; x_wconf 72' lang='lat' dir='ltr'><strong>Tunc</strong></span> <span class='ocrx_word' id='word_1_723' title='bbox 3230 3786 3327 3829; x_wconf 88' lang='lat' dir='ltr'><strong>vas</strong></span> <span class='ocrx_word' id='word_1_724' title='bbox 3354 3768 3620 3827; x_wconf 86' lang='lat' dir='ltr'><strong>Dominici</strong></span> <span class='ocrx_word' id='word_1_725' title='bbox 3663 3782 3800 3824; x_wconf 82' lang='lat' dir='ltr'><strong>san-</strong></span> 
     </span>
    </p>
   </div>
   <div class='ocr_carea' id='block_1_102' title="bbox 2185 3926 3801 3999">
    <p class='ocr_par' dir='ltr' id='par_1_102' title="bbox 2185 3926 3801 3999">
     <span class='ocr_line' id='line_1_102' title="bbox 2185 3926 3801 3999; baseline 0.001 -16"><span class='ocrx_word' id='word_1_726' title='bbox 2185 3926 2469 3999; x_wconf 87' lang='lat' dir='ltr'><strong>concedat.</strong></span> <span class='ocrx_word' id='word_1_727' title='bbox 2528 3926 2715 3999; x_wconf 86' lang='lat' dir='ltr'><strong>Itaque</strong></span> <span class='ocrx_word' id='word_1_728' title='bbox 2761 3928 2934 3984; x_wconf 90' lang='lat' dir='ltr'><strong>sicubi</strong></span> <span class='ocrx_word' id='word_1_729' title='bbox 2965 3930 3212 3986; x_wconf 90' lang='lat' dir='ltr'><strong>nonnulli</strong></span> <span class='ocrx_word' id='word_1_730' title='bbox 3266 3929 3441 3986; x_wconf 85' lang='lat' dir='ltr'><strong>sancti</strong></span> <span class='ocrx_word' id='word_1_731' title='bbox 3468 3928 3695 3993; x_wconf 83' lang='lat' dir='ltr'><strong>Patres,</strong></span> <span class='ocrx_word' id='word_1_732' title='bbox 3732 3937 3801 3986; x_wconf 90' lang='lat' dir='ltr'><strong>ut</strong></span> 
     </span>
    </p>
   </div>
   <div class='ocr_carea' id='block_1_103' title="bbox 2187 3998 3797 4076">
    <p class='ocr_par' dir='ltr' id='par_1_103' title="bbox 2187 3998 3797 4076">
     <span class='ocr_line' id='line_1_103' title="bbox 2187 3998 3797 4076; baseline 0.003 -25"><span class='ocrx_word' id='word_1_733' title='bbox 2187 3998 2731 4076; x_wconf 53' lang='lat' dir='ltr'><strong>llieronlmusepist.</strong></span> <span class='ocrx_word' id='word_1_734' title='bbox 2758 4000 2815 4066; x_wconf 75' lang='lat'><strong>2,</strong></span> <span class='ocrx_word' id='word_1_735' title='bbox 2846 4001 3331 4076; x_wconf 33' lang='lat' dir='ltr'><strong>adANepotiattttnt;</strong></span> <span class='ocrx_word' id='word_1_736' title='bbox 3363 4000 3797 4076; x_wconf 76' lang='lat' dir='ltr'><strong>Chrysostomus</strong></span> 
     </span>
    </p>
   </div>
   <div class='ocr_carea' id='block_1_104' title="bbox 2189 4068 3801 4143">
    <p class='ocr_par' dir='ltr' id='par_1_104' title="bbox 2189 4068 3801 4143">
     <span class='ocr_line' id='line_1_104' title="bbox 2189 4068 3801 4143; baseline 0 -20"><span class='ocrx_word' id='word_1_737' title='bbox 2189 4068 2336 4123; x_wconf 87' lang='lat' dir='ltr'><strong>hom.</strong></span> <span class='ocrx_word' id='word_1_738' title='bbox 2363 4068 2436 4143; x_wconf 67' lang='lat'><strong>52</strong></span> <span class='ocrx_word' id='word_1_739' title='bbox 2466 4071 2518 4125; x_wconf 93' lang='lat' dir='ltr'><strong>in</strong></span> <span class='ocrx_word' id='word_1_740' title='bbox 2546 4070 2739 4126; x_wconf 87' lang='lat' dir='ltr'><strong>Matth.</strong></span> <span class='ocrx_word' id='word_1_741' title='bbox 2794 4081 2849 4127; x_wconf 89' lang='lat' dir='ltr'><strong>et</strong></span> <span class='ocrx_word' id='word_1_742' title='bbox 2870 4072 2940 4127; x_wconf 86' lang='lat'><strong>60</strong></span> <span class='ocrx_word' id='word_1_743' title='bbox 2965 4073 3031 4126; x_wconf 87' lang='lat' dir='ltr'><strong>ad</strong></span> <span class='ocrx_word' id='word_1_744' title='bbox 3061 4073 3318 4143; x_wconf 85' lang='lat' dir='ltr'><strong>populum</strong></span> <span class='ocrx_word' id='word_1_745' title='bbox 3368 4068 3619 4127; x_wconf 79' lang='lat' dir='ltr'><strong>Antioch.</strong></span> <span class='ocrx_word' id='word_1_746' title='bbox 3646 4088 3662 4136; x_wconf 89' lang='lat'><strong>;</strong></span> <span class='ocrx_word' id='word_1_747' title='bbox 3696 4071 3801 4143; x_wconf 48' lang='lat' dir='ltr'><strong>lsig</strong></span> 
     </span>
    </p>
   </div>
   <div class='ocr_carea' id='block_1_105' title="bbox 2189 4141 3791 4213">
    <p class='ocr_par' dir='ltr' id='par_1_105' title="bbox 2189 4141 3791 4213">
     <span class='ocr_line' id='line_1_105' title="bbox 2189 4141 3791 4213; baseline 0.001 -16"><span class='ocrx_word' id='word_1_748' title='bbox 2189 4143 2353 4197; x_wconf 87' lang='lat' dir='ltr'><strong>dorus</strong></span> <span class='ocrx_word' id='word_1_749' title='bbox 2373 4141 2644 4198; x_wconf 83' lang='lat' dir='ltr'><strong>Pelusiota</strong></span> <span class='ocrx_word' id='word_1_750' title='bbox 2679 4144 2775 4199; x_wconf 82' lang='lat' dir='ltr'><strong>lib.</strong></span> <span class='ocrx_word' id='word_1_751' title='bbox 2793 4159 2853 4209; x_wconf 87' lang='grc' dir='ltr'>ιι,</span> <span class='ocrx_word' id='word_1_752' title='bbox 2876 4145 3037 4212; x_wconf 88' lang='lat' dir='ltr'><strong>epist.</strong></span> <span class='ocrx_word' id='word_1_753' title='bbox 3062 4141 3224 4209; x_wconf 73' lang='lat' dir='ltr'><strong>88,et</strong></span> <span class='ocrx_word' id='word_1_754' title='bbox 3246 4143 3705 4213; x_wconf 80' lang='lat' dir='ltr'><strong>Bernardus,cap.</strong></span> <span class='ocrx_word' id='word_1_755' title='bbox 3724 4142 3791 4201; x_wconf 78' lang='grc'><strong>11</strong></span> 
     </span>
    </p>
   </div>
   <div class='ocr_carea' id='block_1_106' title="bbox 2190 4213 3801 4284">
    <p class='ocr_par' dir='ltr' id='par_1_106' title="bbox 2190 4213 3801 4284">
     <span class='ocr_line' id='line_1_106' title="bbox 2190 4213 3801 4284; baseline -0.001 -16"><span class='ocrx_word' id='word_1_756' title='bbox 2190 4213 2497 4283; x_wconf 64' lang='lat' dir='ltr'><strong>Apologia},</strong></span> <span class='ocrx_word' id='word_1_757' title='bbox 2538 4215 2789 4270; x_wconf 81' lang='lat' dir='ltr'><strong>videntur</strong></span> <span class='ocrx_word' id='word_1_758' title='bbox 2815 4230 3102 4270; x_wconf 88' lang='lat' dir='ltr'><strong>aureorum</strong></span> <span class='ocrx_word' id='word_1_759' title='bbox 3132 4222 3585 4284; x_wconf 86' lang='lat' dir='ltr'><strong>argenteorumve</strong></span> <span class='ocrx_word' id='word_1_760' title='bbox 3629 4228 3801 4268; x_wconf 86' lang='lat' dir='ltr'><strong>orna-</strong></span> 
     </span>
    </p>
   </div>
   <div class='ocr_carea' id='block_1_107' title="bbox 2193 4284 3807 4349">
    <p class='ocr_par' dir='ltr' id='par_1_107' title="bbox 2193 4284 3807 4349">
     <span class='ocr_line' id='line_1_107' title="bbox 2193 4284 3807 4349; baseline 0.002 -11"><span class='ocrx_word' id='word_1_761' title='bbox 2193 4291 2504 4338; x_wconf 82' lang='lat' dir='ltr'><strong>mentorum</strong></span> <span class='ocrx_word' id='word_1_762' title='bbox 2546 4284 2598 4339; x_wconf 88' lang='lat' dir='ltr'><strong>in</strong></span> <span class='ocrx_word' id='word_1_763' title='bbox 2639 4285 2896 4341; x_wconf 83' lang='lat' dir='ltr'><strong>Ecclesiis</strong></span> <span class='ocrx_word' id='word_1_764' title='bbox 2933 4301 3085 4339; x_wconf 85' lang='lat' dir='ltr'><strong>usum</strong></span> <span class='ocrx_word' id='word_1_765' title='bbox 3112 4286 3509 4349; x_wconf 87' lang='lat' dir='ltr'><strong>condemnare;</strong></span> <span class='ocrx_word' id='word_1_766' title='bbox 3542 4286 3613 4341; x_wconf 87' lang='lat' dir='ltr'><strong>ita</strong></span> <span class='ocrx_word' id='word_1_767' title='bbox 3639 4300 3807 4341; x_wconf 73' lang='lat' dir='ltr'><strong>mens</strong></span> 
     </span>
    </p>
   </div>
   <div class='ocr_carea' id='block_1_108' title="bbox 3546 4373 3800 4423">
    <p class='ocr_par' dir='ltr' id='par_1_108' title="bbox 3546 4373 3800 4423">
     <span class='ocr_line' id='line_1_108' title="bbox 3546 4373 3800 4423; baseline -0.004 -11"><span class='ocrx_word' id='word_1_768' title='bbox 3546 4373 3758 4412; x_wconf 78' lang='lat' dir='ltr'><strong>tinuum</strong></span> <span class='ocrx_word' id='word_1_769' title='bbox 3784 4399 3800 4423; x_wconf 92' lang='lat'><strong>,</strong></span> 
     </span>
    </p>
   </div>
   <div class='ocr_carea' id='block_1_109' title="bbox 2195 4358 3803 4497">
    <p class='ocr_par' dir='ltr' id='par_1_109' title="bbox 2195 4358 3803 4497">
     <span class='ocr_line' id='line_1_109' title="bbox 2195 4358 3800 4428; baseline 0.001 -18"><span class='ocrx_word' id='word_1_770' title='bbox 2195 4370 2380 4411; x_wconf 89' lang='lat' dir='ltr'><strong>eorum</strong></span> <span class='ocrx_word' id='word_1_771' title='bbox 2405 4358 2809 4428; x_wconf 77' lang='lat' dir='ltr'><strong>interpretanda</strong></span> <span class='ocrx_word' id='word_1_772' title='bbox 2839 4366 2951 4421; x_wconf 87' lang='lat' dir='ltr'><strong>est,</strong></span> <span class='ocrx_word' id='word_1_773' title='bbox 3004 4365 3065 4412; x_wconf 87' lang='lat' dir='ltr'><strong>ut</strong></span> <span class='ocrx_word' id='word_1_774' title='bbox 3101 4372 3213 4413; x_wconf 84' lang='lat' dir='ltr'><strong>non</strong></span> <span class='ocrx_word' id='word_1_775' title='bbox 3241 4371 3400 4412; x_wconf 85' lang='lat' dir='ltr'><strong>usum</strong></span> <span class='ocrx_word' id='word_1_776' title='bbox 3454 4358 3758 4428; x_wconf 75' lang='lat' dir='ltr'><strong>legitimum</strong></span> <span class='ocrx_word' id='word_1_777' title='bbox 3784 4399 3800 4423; x_wconf 91' lang='lat'><strong>,</strong></span> 
     </span>
     <span class='ocr_line' id='line_1_110' title="bbox 2195 4426 3803 4497; baseline 0.003 -16"><span class='ocrx_word' id='word_1_778' title='bbox 2195 4426 2290 4481; x_wconf 90' lang='lat' dir='ltr'><strong>sed</strong></span> <span class='ocrx_word' id='word_1_779' title='bbox 2321 4427 2550 4482; x_wconf 90' lang='lat' dir='ltr'><strong>abusum</strong></span> <span class='ocrx_word' id='word_1_780' title='bbox 2584 4430 2945 4497; x_wconf 87' lang='lat' dir='ltr'><strong>proscriptum</strong></span> <span class='ocrx_word' id='word_1_781' title='bbox 2979 4429 3166 4496; x_wconf 84' lang='lat' dir='ltr'><strong>velint,</strong></span> <span class='ocrx_word' id='word_1_782' title='bbox 3202 4429 3453 4486; x_wconf 85' lang='lat' dir='ltr'><strong>videlicet</strong></span> <span class='ocrx_word' id='word_1_783' title='bbox 3486 4441 3578 4485; x_wconf 86' lang='lat' dir='ltr'><strong>aut</strong></span> <span class='ocrx_word' id='word_1_784' title='bbox 3606 4429 3803 4485; x_wconf 76' lang='lat' dir='ltr'><strong>luxum</strong></span> 
     </span>
    </p>
   </div>
   <div class='ocr_carea' id='block_1_110' title="bbox 2194 4499 3803 4570">
    <p class='ocr_par' dir='ltr' id='par_1_110' title="bbox 2194 4499 3803 4570">
     <span class='ocr_line' id='line_1_111' title="bbox 2194 4499 3803 4570; baseline 0.002 -17"><span class='ocrx_word' id='word_1_785' title='bbox 2194 4499 2467 4570; x_wconf 81' lang='lat' dir='ltr'><strong>ettastum</strong></span> <span class='ocrx_word' id='word_1_786' title='bbox 2504 4502 2668 4569; x_wconf 89' lang='lat' dir='ltr'><strong>plane</strong></span> <span class='ocrx_word' id='word_1_787' title='bbox 2712 4500 3022 4570; x_wconf 81' lang='lat' dir='ltr'><strong>profanum,</strong></span> <span class='ocrx_word' id='word_1_788' title='bbox 3067 4513 3159 4555; x_wconf 90' lang='lat' dir='ltr'><strong>aut</strong></span> <span class='ocrx_word' id='word_1_789' title='bbox 3187 4509 3573 4569; x_wconf 79' lang='lat' dir='ltr'><strong>pra-posteram</strong></span> <span class='ocrx_word' id='word_1_790' title='bbox 3606 4516 3803 4556; x_wconf 88' lang='lat' dir='ltr'><strong>eorum</strong></span> 
     </span>
    </p>
   </div>
   <div class='ocr_carea' id='block_1_111' title="bbox 2193 4569 3805 4643">
    <p class='ocr_par' dir='ltr' id='par_1_111' title="bbox 2193 4569 3805 4643">
     <span class='ocr_line' id='line_1_112' title="bbox 2193 4569 3805 4643; baseline 0.002 -19"><span class='ocrx_word' id='word_1_791' title='bbox 2193 4569 2514 4640; x_wconf 83' lang='lat' dir='ltr'><strong>religionem</strong></span> <span class='ocrx_word' id='word_1_792' title='bbox 2558 4572 2650 4643; x_wconf 90' lang='lat' dir='ltr'><strong>qui</strong></span> <span class='ocrx_word' id='word_1_793' title='bbox 2703 4569 2903 4626; x_wconf 85' lang='lat' dir='ltr'><strong>multos</strong></span> <span class='ocrx_word' id='word_1_794' title='bbox 2934 4587 3202 4643; x_wconf 83' lang='lat' dir='ltr'><strong>pauperes</strong></span> <span class='ocrx_word' id='word_1_795' title='bbox 3241 4572 3455 4642; x_wconf 89' lang='lat' dir='ltr'><strong>perire,</strong></span> <span class='ocrx_word' id='word_1_796' title='bbox 3495 4588 3657 4638; x_wconf 88' lang='lat' dir='ltr'><strong>quam</strong></span> <span class='ocrx_word' id='word_1_797' title='bbox 3702 4587 3805 4627; x_wconf 83' lang='lat' dir='ltr'><strong>au-</strong></span> 
     </span>
    </p>
   </div>
   <div class='ocr_carea' id='block_1_112' title="bbox 2193 4642 3823 4701">
    <p class='ocr_par' dir='ltr' id='par_1_112' title="bbox 2193 4642 3823 4701">
     <span class='ocr_line' id='line_1_113' title="bbox 2193 4642 3823 4701; baseline 0.002 -6"><span class='ocrx_word' id='word_1_798' title='bbox 2193 4656 2344 4697; x_wconf 88' lang='lat' dir='ltr'><strong>reum</strong></span> <span class='ocrx_word' id='word_1_799' title='bbox 2377 4642 2600 4701; x_wconf 78' lang='lat' dir='ltr'><strong>aliquod</strong></span> <span class='ocrx_word' id='word_1_800' title='bbox 2650 4643 2928 4699; x_wconf 85' lang='lat' dir='ltr'><strong>vasculum</strong></span> <span class='ocrx_word' id='word_1_801' title='bbox 2975 4658 3006 4699; x_wconf 92' lang='lat' dir='ltr'><strong>e</strong></span> <span class='ocrx_word' id='word_1_802' title='bbox 3035 4642 3275 4700; x_wconf 80' lang='lat' dir='ltr'><strong>sacrario</strong></span> <span class='ocrx_word' id='word_1_803' title='bbox 3313 4644 3583 4700; x_wconf 85' lang='lat' dir='ltr'><strong>decedere</strong></span> <span class='ocrx_word' id='word_1_804' title='bbox 3623 4643 3823 4701; x_wconf 64' lang='lat' dir='ltr'><strong>levius,</strong></span> 
     </span>
    </p>
   </div>
   <div class='ocr_carea' id='block_1_113' title="bbox 2193 4710 3805 4794">
    <p class='ocr_par' dir='ltr' id='par_1_113' title="bbox 2193 4710 3805 4794">
     <span class='ocr_line' id='line_1_114' title="bbox 2193 4710 3805 4794; baseline 0.004 -30"><span class='ocrx_word' id='word_1_805' title='bbox 2193 4710 2420 4794; x_wconf 49' lang='lat' dir='ltr'><strong>ferrent.</strong></span> <span class='ocrx_word' id='word_1_806' title='bbox 2448 4710 2561 4794; x_wconf 73' lang='lat' dir='ltr'><strong>lloc</strong></span> <span class='ocrx_word' id='word_1_807' title='bbox 2578 4726 2760 4770; x_wconf 85' lang='lat' dir='ltr'><strong>autem</strong></span> <span class='ocrx_word' id='word_1_808' title='bbox 2782 4717 2965 4772; x_wconf 88' lang='lat' dir='ltr'><strong>animo</strong></span> <span class='ocrx_word' id='word_1_809' title='bbox 2988 4716 3531 4794; x_wconf 71' lang='lat' dir='ltr'><strong>fuisseagnqscimus</strong></span> <span class='ocrx_word' id='word_1_810' title='bbox 3572 4716 3805 4770; x_wconf 87' lang='lat' dir='ltr'><strong>arianos</strong></span> 
     </span>
    </p>
   </div>
   <div class='ocr_carea' id='block_1_114' title="bbox 2192 4783 3805 4856">
    <p class='ocr_par' dir='ltr' id='par_1_114' title="bbox 2192 4783 3805 4856">
     <span class='ocr_line' id='line_1_115' title="bbox 2192 4783 3805 4856; baseline 0.003 -19"><span class='ocrx_word' id='word_1_811' title='bbox 2192 4783 2314 4842; x_wconf 86' lang='lat' dir='ltr'><strong>illos</strong></span> <span class='ocrx_word' id='word_1_812' title='bbox 2339 4827 2354 4849; x_wconf 91' lang='lat'><strong>,</strong></span> <span class='ocrx_word' id='word_1_813' title='bbox 2401 4787 2492 4856; x_wconf 87' lang='lat' dir='ltr'><strong>qui</strong></span> <span class='ocrx_word' id='word_1_814' title='bbox 2545 4797 2737 4841; x_wconf 84' lang='lat' dir='ltr'><strong>sancto</strong></span> <span class='ocrx_word' id='word_1_815' title='bbox 2776 4798 2966 4842; x_wconf 85' lang='lat' dir='ltr'><strong>nostro</strong></span> <span class='ocrx_word' id='word_1_816' title='bbox 3006 4783 3285 4854; x_wconf 77' lang='lat' dir='ltr'><strong>invidiam,</strong></span> <span class='ocrx_word' id='word_1_817' title='bbox 3311 4788 3471 4856; x_wconf 85' lang='lat' dir='ltr'><strong>hujus</strong></span> <span class='ocrx_word' id='word_1_818' title='bbox 3501 4802 3805 4855; x_wconf 88' lang='lat' dir='ltr'><strong>numquam</strong></span> 
     </span>
    </p>
   </div>
   <div class='ocr_carea' id='block_1_115' title="bbox 2193 4855 3808 4926">
    <p class='ocr_par' dir='ltr' id='par_1_115' title="bbox 2193 4855 3808 4926">
     <span class='ocr_line' id='line_1_116' title="bbox 2193 4855 3808 4926; baseline 0.002 -17"><span class='ocrx_word' id='word_1_819' title='bbox 2193 4856 2328 4910; x_wconf 88' lang='lat' dir='ltr'><strong>satis</strong></span> <span class='ocrx_word' id='word_1_820' title='bbox 2358 4855 2558 4912; x_wconf 86' lang='lat' dir='ltr'><strong>laudati</strong></span> <span class='ocrx_word' id='word_1_821' title='bbox 2587 4857 2843 4913; x_wconf 66' lang='lat' dir='ltr'><strong>facinoris</strong></span> <span class='ocrx_word' id='word_1_822' title='bbox 2872 4861 3180 4926; x_wconf 86' lang='lat' dir='ltr'><strong>occasione,</strong></span> <span class='ocrx_word' id='word_1_823' title='bbox 3221 4855 3465 4916; x_wconf 77' lang='lat' dir='ltr'><strong>conﬂare</strong></span> <span class='ocrx_word' id='word_1_824' title='bbox 3494 4859 3808 4915; x_wconf 75' lang='lat' dir='ltr'><strong>molieban-</strong></span> 
     </span>
    </p>
   </div>
   <div class='ocr_carea' id='block_1_116' title="bbox 2194 4928 3803 5003">
    <p class='ocr_par' dir='ltr' id='par_1_116' title="bbox 2194 4928 3803 5003">
     <span class='ocr_line' id='line_1_117' title="bbox 2194 4928 3803 5003; baseline 0.005 -23"><span class='ocrx_word' id='word_1_825' title='bbox 2194 4935 2301 5003; x_wconf 77' lang='lat' dir='ltr'><strong>tur.</strong></span> <span class='ocrx_word' id='word_1_826' title='bbox 2332 4928 2446 4984; x_wconf 90' lang='lat' dir='ltr'><strong>lluc</strong></span> <span class='ocrx_word' id='word_1_827' title='bbox 2477 4930 2618 4985; x_wconf 79' lang='lat' dir='ltr'><strong>refer</strong></span> <span class='ocrx_word' id='word_1_828' title='bbox 2647 4945 2768 4998; x_wconf 75' lang='lat' dir='ltr'><strong>quze</strong></span> <span class='ocrx_word' id='word_1_829' title='bbox 2786 4946 2947 4998; x_wconf 85' lang='lat' dir='ltr'><strong>supra</strong></span> <span class='ocrx_word' id='word_1_830' title='bbox 2970 4930 3239 4986; x_wconf 88' lang='lat' dir='ltr'><strong>habentur</strong></span> <span class='ocrx_word' id='word_1_831' title='bbox 3262 4947 3385 5003; x_wconf 85' lang='lat' dir='ltr'><strong>pag.</strong></span> <span class='ocrx_word' id='word_1_832' title='bbox 3414 4930 3803 5003; x_wconf 14' lang='lat' dir='ltr'><strong>86,nuut.770,</strong></span> 
     </span>
    </p>
   </div>
   <div class='ocr_carea' id='block_1_117' title="bbox 2194 4998 3803 5081">
    <p class='ocr_par' dir='ltr' id='par_1_117' title="bbox 2194 4998 3803 5081">
     <span class='ocr_line' id='line_1_118' title="bbox 2194 4998 3803 5081; baseline 0.003 -30"><span class='ocrx_word' id='word_1_833' title='bbox 2328 5016 2434 5081; x_wconf 74' lang='lat' dir='ltr'><strong>quo</strong></span> <span class='ocrx_word' id='word_1_834' title='bbox 2468 5010 2709 5081; x_wconf 80' lang='lat' dir='ltr'><strong>tempore</strong></span> <span class='ocrx_word' id='word_1_835' title='bbox 2737 5015 2797 5054; x_wconf 79' lang='lat' dir='ltr'><strong>ca</strong></span> <span class='ocrx_word' id='word_1_836' title='bbox 2827 5002 3125 5081; x_wconf 72' lang='lat' dir='ltr'><strong>acciderint</strong></span> <span class='ocrx_word' id='word_1_837' title='bbox 3163 4998 3610 5081; x_wconf 54' lang='lat' dir='ltr'><strong>s_uh:no&#39;ta_vintus,_</strong></span> <span class='ocrx_word' id='word_1_838' title='bbox 3641 5002 3803 5081; x_wconf 87' lang='lat' dir='ltr'><strong>_sic_ut</strong></span> 
     </span>
    </p>
   </div>
   <div class='ocr_carea' id='block_1_118' title="bbox 2191 5070 3796 5130">
    <p class='ocr_par' dir='ltr' id='par_1_118' title="bbox 2191 5070 3796 5130">
     <span class='ocr_line' id='line_1_119' title="bbox 2191 5070 3796 5130; baseline 0.002 -7"><span class='ocrx_word' id='word_1_839' title='bbox 2191 5080 2246 5123; x_wconf 90' lang='lat' dir='ltr'><strong>et</strong></span> <span class='ocrx_word' id='word_1_840' title='bbox 2274 5070 2325 5124; x_wconf 92' lang='lat' dir='ltr'><strong>in</strong></span> <span class='ocrx_word' id='word_1_841' title='bbox 2357 5070 2632 5125; x_wconf 86' lang='lat' dir='ltr'><strong>Admonit.</strong></span> <span class='ocrx_word' id='word_1_842' title='bbox 2667 5082 2851 5127; x_wconf 86' lang='lat' dir='ltr'><strong>nostra</strong></span> <span class='ocrx_word' id='word_1_843' title='bbox 2884 5072 2948 5127; x_wconf 89' lang='lat' dir='ltr'><strong>ad</strong></span> <span class='ocrx_word' id='word_1_844' title='bbox 2975 5076 3072 5127; x_wconf 87' lang='lat' dir='ltr'><strong>hos</strong></span> <span class='ocrx_word' id='word_1_845' title='bbox 3094 5074 3336 5130; x_wconf 83' lang='lat' dir='ltr'><strong>deOl‘lic.</strong></span> <span class='ocrx_word' id='word_1_846' title='bbox 3365 5073 3570 5130; x_wconf 86' lang='lat' dir='ltr'><strong>Minist.</strong></span> <span class='ocrx_word' id='word_1_847' title='bbox 3599 5074 3796 5127; x_wconf 84' lang='lat' dir='ltr'><strong>libros.</strong></span> 
     </span>
    </p>
   </div>
   <div class='ocr_carea' id='block_1_119' title="bbox 2266 5143 3802 5213">
    <p class='ocr_par' dir='ltr' id='par_1_119' title="bbox 2266 5143 3802 5213">
     <span class='ocr_line' id='line_1_120' title="bbox 2266 5143 3802 5213; baseline 0.001 -17"><span class='ocrx_word' id='word_1_848' title='bbox 2266 5151 2289 5180; x_wconf 69' lang='grc' dir='ltr'>ε</span> <span class='ocrx_word' id='word_1_849' title='bbox 2332 5143 2458 5213; x_wconf 72' lang='lat' dir='ltr'><strong>Era.</strong></span> <span class='ocrx_word' id='word_1_850' title='bbox 2509 5152 2567 5198; x_wconf 88' lang='lat' dir='ltr'><strong>et.</strong></span> <span class='ocrx_word' id='word_1_851' title='bbox 2609 5144 2739 5199; x_wconf 88' lang='lat' dir='ltr'><strong>edit.</strong></span> <span class='ocrx_word' id='word_1_852' title='bbox 2766 5160 2882 5213; x_wconf 87' lang='lat' dir='ltr'><strong>seq.</strong></span> <span class='ocrx_word' id='word_1_853' title='bbox 2913 5160 3036 5200; x_wconf 86' lang='lat' dir='ltr'><strong>cum</strong></span> <span class='ocrx_word' id='word_1_854' title='bbox 3063 5162 3195 5200; x_wconf 84' lang='lat' dir='ltr'><strong>mss.</strong></span> <span class='ocrx_word' id='word_1_855' title='bbox 3235 5145 3542 5205; x_wconf 82' lang='lat' dir='ltr'><strong>nonnullis.</strong></span> <span class='ocrx_word' id='word_1_856' title='bbox 3602 5146 3802 5212; x_wconf 77' lang='lat' dir='ltr'><strong>conﬁat</strong></span> 
     </span>
    </p>
   </div>
   <div class='ocr_carea' id='block_1_120' title="bbox 2190 5212 3808 5288">
    <p class='ocr_par' dir='ltr' id='par_1_120' title="bbox 2190 5212 3808 5288">
     <span class='ocr_line' id='line_1_121' title="bbox 2190 5212 3808 5288; baseline 0.002 -23"><span class='ocrx_word' id='word_1_857' title='bbox 2190 5212 2436 5267; x_wconf 83' lang='lat' dir='ltr'><strong>sacerdos</strong></span> <span class='ocrx_word' id='word_1_858' title='bbox 2460 5224 2670 5283; x_wconf 80' lang='lat' dir='ltr'><strong>propter</strong></span> <span class='ocrx_word' id='word_1_859' title='bbox 2695 5212 2998 5269; x_wconf 85' lang='lat' dir='ltr'><strong>alimoniam</strong></span> <span class='ocrx_word' id='word_1_860' title='bbox 3017 5216 3177 5287; x_wconf 85' lang='lat' dir='ltr'><strong>(edit.</strong></span> <span class='ocrx_word' id='word_1_861' title='bbox 3198 5217 3383 5283; x_wconf 67' lang='lat' dir='ltr'><strong>Rom,</strong></span> <span class='ocrx_word' id='word_1_862' title='bbox 3413 5233 3508 5288; x_wconf 82' lang='lat' dir='ltr'><strong>pro</strong></span> <span class='ocrx_word' id='word_1_863' title='bbox 3522 5216 3808 5287; x_wconf 72' lang='lat' dir='ltr'><strong>alimonia)</strong></span> 
     </span>
    </p>
   </div>
   <div class='ocr_carea' id='block_1_121' title="bbox 2192 5288 3803 5364">
    <p class='ocr_par' dir='ltr' id='par_1_121' title="bbox 2192 5288 3803 5364">
     <span class='ocr_line' id='line_1_122' title="bbox 2192 5288 3803 5364; baseline 0.003 -29"><span class='ocrx_word' id='word_1_864' title='bbox 2192 5299 2499 5364; x_wconf 71' lang='lat' dir='ltr'><strong>pauperum.</strong></span> <span class='ocrx_word' id='word_1_865' title='bbox 2533 5327 2549 5340; x_wconf 91' lang='lat'><strong>.</strong></span> <span class='ocrx_word' id='word_1_866' title='bbox 2580 5325 2593 5339; x_wconf 95' lang='lat'><strong>.</strong></span> <span class='ocrx_word' id='word_1_867' title='bbox 2630 5326 2643 5339; x_wconf 95' lang='lat'><strong>.</strong></span> <span class='ocrx_word' id='word_1_868' title='bbox 2676 5302 2830 5364; x_wconf 74' lang='lat' dir='ltr'><strong>quam</strong></span> <span class='ocrx_word' id='word_1_869' title='bbox 2853 5288 3136 5361; x_wconf 66' lang='lat' dir='ltr'><strong>sacrilegus</strong></span> <span class='ocrx_word' id='word_1_870' title='bbox 3165 5290 3516 5364; x_wconf 66' lang='lat' dir='ltr'><strong>contaminata</strong></span> <span class='ocrx_word' id='word_1_871' title='bbox 3542 5297 3803 5364; x_wconf 74' lang='lat' dir='ltr'><strong>asportet;</strong></span> 
     </span>
    </p>
   </div>
   <div class='ocr_carea' id='block_1_122' title="bbox 2189 5357 3803 5428">
    <p class='ocr_par' dir='ltr' id='par_1_122' title="bbox 2189 5357 3803 5428">
     <span class='ocr_line' id='line_1_123' title="bbox 2189 5357 3803 5428; baseline 0.004 -21"><span class='ocrx_word' id='word_1_872' title='bbox 2189 5357 2405 5423; x_wconf 86' lang='lat' dir='ltr'><strong>quidam</strong></span> <span class='ocrx_word' id='word_1_873' title='bbox 2435 5371 2587 5416; x_wconf 85' lang='lat' dir='ltr'><strong>IllSS.,</strong></span> <span class='ocrx_word' id='word_1_874' title='bbox 2606 5359 2945 5423; x_wconf 82' lang='lat' dir='ltr'><strong>contaminat,</strong></span> <span class='ocrx_word' id='word_1_875' title='bbox 2963 5357 3199 5428; x_wconf 70' lang='lat' dir='ltr'><strong>asportat</strong></span> <span class='ocrx_word' id='word_1_876' title='bbox 3227 5361 3408 5414; x_wconf 74' lang='lat' dir='ltr'><strong>hostis.</strong></span> <span class='ocrx_word' id='word_1_877' title='bbox 3440 5357 3608 5414; x_wconf 66' lang='lat' dir='ltr'><strong>Itoni.</strong></span> <span class='ocrx_word' id='word_1_878' title='bbox 3634 5358 3803 5424; x_wconf 80' lang='lat' dir='ltr'><strong>cdit..</strong></span> 
     </span>
    </p>
   </div>
   <div class='ocr_carea' id='block_1_123' title="bbox 2139 5427 3797 5501">
    <p class='ocr_par' dir='ltr' id='par_1_123' title="bbox 2139 5427 3797 5501">
     <span class='ocr_line' id='line_1_124' title="bbox 2139 5427 3797 5501; baseline 0.005 -23"><span class='ocrx_word' id='word_1_879' title='bbox 2139 5458 2142 5462; x_wconf 54' lang='grc' dir='ltr'>λ</span> <span class='ocrx_word' id='word_1_880' title='bbox 2189 5441 2344 5494; x_wconf 83' lang='lat' dir='ltr'><strong>quam</strong></span> <span class='ocrx_word' id='word_1_881' title='bbox 2375 5438 2425 5501; x_wconf 73' lang='lat' dir='ltr'><strong>ut</strong></span> <span class='ocrx_word' id='word_1_882' title='bbox 2454 5427 2733 5501; x_wconf 81' lang='lat' dir='ltr'><strong>sacrilegus</strong></span> <span class='ocrx_word' id='word_1_883' title='bbox 2754 5427 3066 5501; x_wconf 76' lang='lat' dir='ltr'><strong>contaminet</strong></span> <span class='ocrx_word' id='word_1_884' title='bbox 3096 5441 3144 5485; x_wconf 91' lang='lat' dir='ltr'><strong>et</strong></span> <span class='ocrx_word' id='word_1_885' title='bbox 3160 5442 3412 5500; x_wconf 81' lang='lat' dir='ltr'><strong>asportet,</strong></span> <span class='ocrx_word' id='word_1_886' title='bbox 3432 5440 3537 5486; x_wconf 88' lang='lat' dir='ltr'><strong>etc.</strong></span> <span class='ocrx_word' id='word_1_887' title='bbox 3564 5430 3797 5486; x_wconf 83' lang='lat' dir='ltr'><strong>Amerb.</strong></span> 
     </span>
    </p>
   </div>
   <div class='ocr_carea' id='block_1_124' title="bbox 2189 5498 3807 5574">
    <p class='ocr_par' dir='ltr' id='par_1_124' title="bbox 2189 5498 3807 5574">
     <span class='ocr_line' id='line_1_125' title="bbox 2189 5498 3807 5574; baseline 0.006 -24"><span class='ocrx_word' id='word_1_888' title='bbox 2189 5510 2313 5550; x_wconf 91' lang='lat' dir='ltr'><strong>cum</strong></span> <span class='ocrx_word' id='word_1_889' title='bbox 2345 5498 2465 5551; x_wconf 87' lang='lat' dir='ltr'><strong>aliis</strong></span> <span class='ocrx_word' id='word_1_890' title='bbox 2492 5498 2942 5574; x_wconf 63' lang='lat' dir='ltr'><strong>longeplurimis,</strong></span> <span class='ocrx_word' id='word_1_891' title='bbox 2971 5512 3029 5556; x_wconf 91' lang='lat' dir='ltr'><strong>ut</strong></span> <span class='ocrx_word' id='word_1_892' title='bbox 3054 5502 3107 5556; x_wconf 91' lang='lat' dir='ltr'><strong>in</strong></span> <span class='ocrx_word' id='word_1_893' title='bbox 3132 5498 3305 5567; x_wconf 78' lang='lat' dir='ltr'><strong>textu,</strong></span> <span class='ocrx_word' id='word_1_894' title='bbox 3334 5502 3436 5557; x_wconf 87' lang='lat' dir='ltr'><strong>nisi</strong></span> <span class='ocrx_word' id='word_1_895' title='bbox 3455 5503 3598 5573; x_wconf 88' lang='lat' dir='ltr'><strong>quod</strong></span> <span class='ocrx_word' id='word_1_896' title='bbox 3628 5502 3807 5574; x_wconf 83' lang='lat' dir='ltr'><strong>aliqui</strong></span> 
     </span>
    </p>
   </div>
   <div class='ocr_carea' id='block_1_125' title="bbox 2191 5567 3358 5651">
    <p class='ocr_par' dir='ltr' id='par_1_125' title="bbox 2191 5567 3358 5651">
     <span class='ocr_line' id='line_1_126' title="bbox 2191 5567 3358 5651; baseline 0.006 -30"><span class='ocrx_word' id='word_1_897' title='bbox 2191 5582 2323 5651; x_wconf 67' lang='lat' dir='ltr'><strong>mss.</strong></span> <span class='ocrx_word' id='word_1_898' title='bbox 2339 5583 2471 5651; x_wconf 62' lang='lat' dir='ltr'><strong>pro,</strong></span> <span class='ocrx_word' id='word_1_899' title='bbox 2502 5567 2809 5651; x_wconf 71' lang='lat' dir='ltr'><strong>sacrilegus,</strong></span> <span class='ocrx_word' id='word_1_900' title='bbox 2841 5572 3358 5651; x_wconf 69' lang='lat' dir='ltr'><strong>legunt_sacrilegiis.</strong></span> 
     </span>
    </p>
   </div>
   <div class='ocr_carea' id='block_1_126' title="bbox 2263 5636 3813 5714">
    <p class='ocr_par' dir='ltr' id='par_1_126' title="bbox 2263 5636 3813 5714">
     <span class='ocr_line' id='line_1_127' title="bbox 2263 5636 3813 5714; baseline 0.005 -19"><span class='ocrx_word' id='word_1_901' title='bbox 2263 5636 2291 5677; x_wconf 73' lang='grc' dir='ltr'>ἀ</span> <span class='ocrx_word' id='word_1_902' title='bbox 2336 5637 2494 5714; x_wconf 48' lang='grc' dir='ltr'><strong>Ειιὶιζ</strong></span> <span class='ocrx_word' id='word_1_903' title='bbox 2532 5654 2596 5694; x_wconf 90' lang='lat' dir='ltr'><strong>ac</strong></span> <span class='ocrx_word' id='word_1_904' title='bbox 2627 5636 2976 5714; x_wconf 46' lang='lat' dir='ltr'><strong>pa&#39;ucims&#39;s”</strong></span> <span class='ocrx_word' id='word_1_905' title='bbox 3029 5646 3084 5699; x_wconf 87' lang='lat' dir='ltr'><strong>in</strong></span> <span class='ocrx_word' id='word_1_906' title='bbox 3118 5636 3519 5714; x_wconf 55' lang='lat' dir='ltr'><strong>commercium,</strong></span> <span class='ocrx_word' id='word_1_907' title='bbox 3574 5661 3672 5701; x_wconf 79' lang='lat' dir='ltr'><strong>nec</strong></span> <span class='ocrx_word' id='word_1_908' title='bbox 3720 5663 3813 5703; x_wconf 63' lang='lat' dir='ltr'><strong>ree</strong></span> 
     </span>
    </p>
   </div>
   <div class='ocr_carea' id='block_1_127' title="bbox 2192 5708 3083 5783">
    <p class='ocr_par' dir='ltr' id='par_1_127' title="bbox 2192 5708 3083 5783">
     <span class='ocr_line' id='line_1_128' title="bbox 2192 5708 3083 5783; baseline 0.006 -18"><span class='ocrx_word' id='word_1_909' title='bbox 2192 5710 2426 5782; x_wconf 76' lang='lat' dir='ltr'><strong>dempti?</strong></span> <span class='ocrx_word' id='word_1_910' title='bbox 2453 5708 2559 5768; x_wconf 79' lang='lat' dir='ltr'><strong>Cur</strong></span> <span class='ocrx_word' id='word_1_911' title='bbox 2588 5708 2663 5769; x_wconf 78' lang='lat' dir='ltr'><strong>tet</strong></span> <span class='ocrx_word' id='word_1_912' title='bbox 2683 5712 2747 5768; x_wconf 83' lang='lat' dir='ltr'><strong>ab</strong></span> <span class='ocrx_word' id='word_1_913' title='bbox 2778 5715 2945 5783; x_wconf 80' lang='lat' dir='ltr'><strong>hoste,</strong></span> <span class='ocrx_word' id='word_1_914' title='bbox 2963 5708 3083 5772; x_wconf 81' lang='lat' dir='ltr'><strong>etc.</strong></span> 
     </span>
    </p>
   </div>
  </div>
