4030 6188
274 243 368 301 in

1354 246 1446 304 DE
1485 242 1774 305 OFFlCllS
1810 242 2289 305 MlMSTllOllUM
2329 246 2459 305 [ΑΒ.
2502 248 2565 303 ll.

3507 251 3620 307 142

280 353 466 426 guinis
488 363 515 392 ³
544 357 903 426 agnoscitur.
937 371 1056 413 eum
1088 357 1142 413 in
1169 365 1399 430 utroque
1428 360 1625 417 viderit
1652 361 1904 433 redemp-
1929 358 1984 423 Α
2007 361 2133 431 quia
2166 359 2457 417 humandis
2490 359 2728 416 fidelium
2754 358 2999 431 reliquiis
3027 361 3202 434 spatia
3235 362 3415 420 laxata
3446 379 3573 420 sunt
3600 382 3614 418 :

288 452 531 518 tionem;
566 460 630 507 ut
659 452 808 507 calix
844 451 915 509 ab
959 451 1112 508 hoste
1147 453 1399 518 redimat,
1449 468 1590 525 quos
1615 455 1839 528 sanguis
1871 471 1902 511 a

288 555 515 617 peccato
539 544 800 602 redimit.
831 545 1002 614 Quam
1030 545 1338 616 pulchrum,
1383 556 1440 602 ut
1471 562 1596 602 cum
1618 546 1646 587 δ
1687 548 1900 619 agmina

292 641 637 710 captivorum
693 639 768 695 ab
807 639 1049 695 Ecclesia
1091 639 1456 702 redimuntur,
1508 640 1763 696 dicatur:
1794 641 1904 698 llos

292 733 541 790 Christus
572 734 840 790 redemit!
872 733 1016 790 Ecce
1058 749 1247 790 aurum
1270 733 1412 805 quod
1447 734 1665 807 probari
1697 742 1903 805 potest,

294 842 421 883 ecce
445 842 643 883 aurum
669 827 822 893 utile,
853 842 984 884 ecce
1031 843 1222 883 aurum
1250 824 1453 883 Christi
1480 828 1623 899 quod
1651 844 1680 884 a
1730 836 1908 883 morte

289 920 508 985 liberat,
538 936 880 977 ecceaurum
912 920 1318 993 quoredimitur
1337 921 1624 995 pudicitia,
1653 931 1906 979 servatur

291 1015 543 1069 castitas.

369 1106 494 1161 159.
538 1105 652 1163 Hos
673 1121 808 1176 ergo
835 1106 1001 1161 malui
1034 1106 1190 1162 vobis
1228 1107 1431 1163 liberos
1472 1108 1708 1175 tradere,
1743 1123 1906 1179 quam

293 1217 486 1256 aurum
512 1215 819 1256 reservare.
855 1201 953 1257 llic
982 1218 1243 1257 numerus
1264 1204 1631 1273 captivorum,
1658 1204 1746 1260 hic
1772 1204 1908 1260 ordo

291 1294 654 1365 prastantior
679 1304 792 1359 est,
833 1308 996 1364 quam
1034 1305 1056 1334 ε
1109 1294 1323 1364 species
1369 1296 1714 1365 poculorum.
1769 1296 1909 1353 lluic

292 1386 510 1442 muneri
545 1386 812 1455 prolicere
836 1387 1026 1443 debuit
1048 1403 1238 1443 aurum
1266 1388 1665 1457 Redemptoris,
1691 1398 1747 1446 ut
1768 1390 1911 1446 redi-

293 1487 474 1536 meret
517 1478 912 1549 periclitantes.
958 1482 1208 1551 Agnosco
1236 1481 1472 1538 infusum
1511 1497 1645 1539 auro
1684 1482 1908 1555 sangui-

297 1588 422 1629 nem
453 1571 665 1629 Christi
693 1587 800 1629 non
830 1573 1009 1629 solum
1039 1575 1362 1641 irrutilasse,
1404 1589 1594 1632 verum
1617 1577 1780 1632 etiam
1823 1575 1909 1632 di-

297 1667 439 1721 vina:
468 1664 809 1735 operationis
831 1665 1178 1738 intpressisse
1223 1669 1476 1726 virtutem
1520 1669 1910 1741 redemptionis

299 1772 555 1812 munere.

376 1849 499 1906 HO.
543 1849 681 1906 Tale
704 1865 895 1906 aurum
925 1860 1147 1908 sanctos
1168 1862 1377 1923 martyr
1402 1851 1728 1909 Laurentius
1756 1851 1917 1926 1M

303 1941 537 1999 Domino
562 1944 888 2009 reservavit,
923 1959 951 1997 a
979 1959 1089 2015 quo
1115 1960 1239 2001 cum
1266 1955 1647 2017 quaererentur
1670 1945 1914 2002 thesauri

303 2037 588 2103 Ecclesiae,
616 2038 869 2108 promisit
898 2054 959 2094 se
982 2038 1504 2095 demonstraturum.
1538 2038 1800 2112 Sequenti
1827 2038 1916 2095 die

304 2143 571 2200 pauperes
602 2130 778 2186 duxit.
800 2130 1170 2201 interregatus
1188 2132 1276 2188 ubi
1298 2143 1483 2189 essent
1513 2132 1748 2189 thesauri
1779 2148 1917 2204 quos

306 2222 655 2293 promiserat,
684 2223 928 2279 ostendit
958 2239 1218 2295 pauperes
1234 2226 1918 2282 dicenszllisuntthesau-

309 2316 354 2370 ri
384 2315 667 2371 ECCleleB-
694 2316 760 2370 Et
788 2332 916 2371 vere
937 2317 1200 2383 thesauri,
1225 2320 1276 2372 in
1300 2318 1496 2389 quibus
1531 2318 1786 2375 Christus
1808 2329 1914 2386 est,

311 2406 365 2463 in
396 2408 592 2478 quibus
624 2406 761 2462 fides
786 2418 888 2463 est.
917 2408 1162 2478 Denique
1184 2411 1479 2478 Apostolus
1514 2411 1590 2465 ait
1616 2427 1629 2462 :
1658 2410 1921 2467 Habemus

311 2500 610 2555 thesaurum
639 2502 693 2556 in
718 2502 854 2557 vasis
884 2502 1130 2572 ﬁctilibus
1156 2504 1225 2572 (ll
1254 2504 1374 2560 Cor.
1413 2522 1484 2570 tv,
1521 2508 1598 2576 7).
1629 2506 1775 2575 Quos
1802 2524 1919 2562 nte-

314 2597 480 2653 liores
506 2596 795 2655 thesauros
828 2600 991 2656 habet
1017 2599 1287 2667 Christus,
1319 2619 1478 2674 quam
1512 2619 1606 2659 eos
1642 2606 1693 2658 in
1724 2603 1922 2674 quibus

311 2704 373 2746 se
409 2704 534 2747 esse
555 2690 743 2748 dixit?
767 2693 859 2749 Sic
888 2693 1031 2749 enim
1054 2697 1313 2765 scriptum
1339 2708 1419 2751 est
1446 2712 1459 2749 :
1496 2694 1735 2760 Esurivi,
1763 2706 1812 2752 et
1835 2696 1925 2752 de-

312 2785 465 2840 distis
491 2786 625 2840 mihi
659 2785 1016 2842 manducare:
1047 2789 1182 2842 sitivi
1200 2831 1212 2853 ,
1246 2798 1291 2841 et
1315 2788 1533 2843 dedistis
1556 2789 1685 2844 mihi
1710 2787 1880 2843 bibere
1905 2804 1923 2844 :

315 2879 501 2943 hospes
541 2896 723 2945 erant,
774 2890 820 2934 et
865 2880 1149 2953 collegistis
1192 2897 1270 2935 me
1299 2880 1494 2953 (Matt.
1524 2898 1649 2946 xxv,
1697 2880 1824 2953 55).
1859 2881 1928 2937 Et

312 2970 453 3027 infra
488 2988 505 3026 :
550 2972 706 3038 Quod
745 2975 880 3027 enim
927 2975 1019 3028 uni
1062 2974 1251 3029 horum
1301 2975 1528 3047 fecistis,
1578 2975 1705 3029 mihi
1731 2975 1925 3045 fecistis

316 3066 505 3137 (ιδιά,
535 3066 651 3139 40).
702 3068 853 3135 Quos
894 3069 1146 3125 meliores
1173 3069 1331 3125 Jcsus
1383 3069 1544 3126 habet
1597 3069 1922 3137 thesauros,

314 3175 475 3232 Quam
507 3176 604 3217 eos
627 3162 683 3216 in
708 3164 909 3233 quibus
936 3173 1081 3218 amat
1104 3164 1317 3221 videri?

387 3254 510 3309 tu.
552 3253 671 3310 Hos
718 3254 1004 3311 thesauros
1045 3257 1437 3313 demonstravit
1475 3254 1503 3295 ἀ
1554 3256 1917 3323 Laurentius,

314 3355 369 3402 et
397 3346 546 3416 vicit,
580 3347 728 3420 quod
751 3362 848 3405 eos
873 3364 975 3405 nec
1002 3361 1319 3420 persecutor
1345 3354 1521 3423 potuit
1549 3352 1787 3408 auferre.
1818 3352 1923 3407 ita-

313 3458 421 3514 qtae
448 3441 699 3499 Joachim
727 3444 819 3514 qui
850 3459 1040 3499 aurum
1074 3445 1127 3500 in
1167 3445 1455 3501 obsidione
1502 3447 1788 3514 servabat,
1819 3461 1923 3503 nec

312 3537 672 3603 dispensabat
692 3537 967 3593 alimonia:
997 3540 1412 3608 comparandze;
1470 3550 1517 3593 et
1559 3555 1751 3594 aurum
1794 3539 1926 3594 vidit

316 3630 478 3701 eripi,
507 3639 564 3686 et
585 3646 649 3688 se
673 3630 731 3686 in
752 3631 1122 3702 captivitatem
1145 3632 1341 3690 deduci
1370 3632 1461 3705 (Ν
1483 3632 1776 3704 Rrg.xxtv,
1807 3631 1921 3704 15).

315 3722 650 3778 Laurentius
677 3724 770 3793 qui
793 3739 987 3779 aurum
1015 3721 1276 3781 Ecclesiae
1323 3725 1513 3779 maluit
1541 3741 1769 3797 erogare
1796 3740 1925 3796 pau-

318 3817 540 3886 peribus
562 3860 576 3880 ,
613 3832 776 3887 quam
808 3819 1150 3888 persecutori
1194 3834 1496 3884 reservare,
1532 3835 1629 3890 pro
1659 3818 1927 3891 singulari

317 3922 430 3961 sure
476 3906 946 3978 interpretationis
974 3909 1262 3965 vivacitate
1308 3923 1518 3964 sacram
1551 3911 1795 3982 martyrii
1836 3925 1928 3968 ae-

319 3999 467 4069 cepit
488 4013 775 4055 coronam.
804 3999 1075 4071 Numquid
1106 4002 1311 4057 dictum
1352 4010 1439 4057 est
1462 4014 1654 4057 sancto
1685 4001 1930 4059 Lauren-

321 4095 430 4149 tia:
460 4092 582 4150 Non
622 4092 863 4150 debuisti
890 4111 1117 4167 erogare
1146 4096 1440 4170 thesauros
1472 4095 1764 4166 Ecclesim,
1799 4113 1928 4155 vasa

321 4199 791 4248 sacramentorum
814 4190 1095 4248 vendere?

396 4280 521 4338 142.
565 4282 718 4353 Opus
757 4292 845 4342 est
887 4295 946 4342 ut
971 4287 1094 4356 quis
1117 4285 1226 4343 ﬁde
1263 4286 1479 4343 sincera
1517 4296 1571 4342 et
1625 4285 1927 4357 perspicaci

319 4376 670 4447 mvidentia
698 4392 894 4434 munus
920 4378 1023 4435 hoc
1042 4380 1285 4451 impleat.
1309 4382 1452 4436 Sane
1472 4382 1516 4435 si
1540 4380 1591 4435 itt
1616 4395 1711 4436 sua
1735 4380 1931 4449 aliquis

318 4469 534 4526 derivat
561 4472 955 4541 emolumenta,
978 4473 1183 4530 crimen
1202 4485 1284 4530 est
1306 4495 1320 4530 :
1340 4475 1421 4529 sin
1448 4489 1577 4531 vero
1600 4474 1929 4546 pauperibus

2009 467 2173 509 nemo
2204 460 2381 523 potest
2408 452 2620 519 dolere,
2644 455 2768 523 quia
2797 452 2849 507 in
2869 452 3162 524 sepulturis
3178 451 3617 513 Christianorum

2008 551 2226 618 requies
2278 544 2660 602 defunctorum
2715 555 2818 602 est.
2876 547 2931 601 lu
2964 545 3049 602 his
3102 548 3283 604 tribus
3329 548 3622 621 generibus

2009 655 2137 696 vasa
2170 639 2431 697 Ecclesia:
2476 641 2640 698 etiam
2684 640 2896 696 initiata
2926 639 3305 712 confringere,
3362 641 3623 711 cetzllare,

2010 718 2252 790 vendere
2283 734 2430 790 licet.

2086 827 2210 883 M3.
2251 826 2401 899 Opus
2429 835 2598 883 estut
2631 826 2698 883 de
2721 827 2962 884 Ecclesia
2993 827 3206 902 mystici
3240 828 3417 901 poculi
3440 832 3615 888 forma

2012 934 2123 976 non
2155 927 2334 987 exeat,
2359 937 2427 976 ne
2465 920 2532 975 ad
2567 936 2695 976 usus
2723 921 2960 979 nefarios
2983 923 3124 979 sacri
3154 922 3341 980 calicis
3370 923 3620 982 ministe-

2013 1009 2150 1065 rium
2216 1012 2592 1067 transferatur.
2654 1011 2780 1068 ldeo
2829 1014 2968 1068 intra
3034 1013 3338 1072 Eeclesiam
3383 1018 3618 1089 primum

2012 1104 2241 1172 quaesita
2271 1113 2398 1160 sunt
2429 1120 2559 1160 vasa
2604 1120 2724 1176 qua:
2755 1102 2960 1161 initiata
2990 1122 3096 1162 non
3121 1116 3311 1165 essent
3356 1127 3369 1164 :
3431 1108 3627 1166 deinde

2011 1197 2342 1253 comminuta
2366 1240 2380 1265 ,
2429 1207 2709 1269 postremo
2737 1199 2994 1269 conflata,
3028 1210 3050 1237 ο
3079 1216 3175 1271 per
3206 1201 3464 1257 minutias
3502 1220 3626 1259 ero-

2012 1291 2246 1361 gationis
2286 1290 2601 1362 dispensata
2648 1292 2969 1362 egentibus,
3020 1293 3361 1364 captivorum
3406 1310 3626 1367 quoque

2010 1382 2202 1453 pretiis
2230 1383 2603 1453 profecerunt.
2639 1382 2795 1452 Quod
2819 1383 2864 1441 si
2882 1384 3079 1440 desunt
3110 1400 3272 1453 nova,
3298 1394 3493 1458 etquae
3522 1405 3622 1445 ne-

2006 1489 2280 1546 quaquam
2301 1476 2515 1532 initiata
2534 1475 2849 1544 videantur,
2877 1478 2929 1533 in
2960 1477 3277 1550 bujusmodi
3300 1496 3454 1549 usus,
3474 1498 3615 1552 quos

2005 1570 2449 1639 supraditimus,
2474 1572 2712 1627 arbitror
2734 1572 2914 1627 omnia
2942 1573 3030 1644 pie
3061 1587 3224 1641 posse
3254 1575 3523 1631 converti.

2485 1664 2640 1739 105
2680 1663 2913 1722 CAPUT
2955 1664 3155 1721 xxrx.

1941 1757 1989 1818 Β
2020 1754 2265 1828 Deposita
2291 1756 2585 1826 viduarum,
2610 1759 2767 1813 immo
2795 1760 3025 1814 omnium
3052 1758 3292 1831 ﬁdelium
3315 1761 3369 1816 in
3390 1760 3629 1818 Ecclesia

2090 1865 2207 1904 cum
2244 1850 2324 1904 sui
2360 1854 2515 1905 etiam
2555 1851 2787 1921 periculo
2827 1850 3037 1924 defendi
3076 1864 3359 1922 eportere:
3394 1872 3511 1925 qua:
3549 1871 3629 1910 res

2094 1943 2244 1999 Unice
2282 1944 2597 2011 sacerdotis,
2632 1944 2892 2001 Ambrosii
2941 1963 3003 2001 ac
3050 1942 3342 2003 Ticineusis
3396 1948 3629 2021 episcopi

2015 2035 2025 2043 ’
2092 2038 2342 2109 exemplis
2371 2038 2541 2093 lucem
2568 2041 2729 2112 capit.

2096 2131 2219 2186 141.
2266 2131 2399 2186 lllud
2427 2146 2558 2188 sane
2586 2133 2877 2204 diligenter
2907 2134 3225 2191 intuendum
3251 2142 3355 2205 cst,
3383 2146 3443 2191 ut
3464 2134 3636 2207 depe-

2020 2222 2123 2278 sita
2154 2222 2441 2279 viduarum
2469 2225 2791 2280 intemerata
2822 2236 3096 2295 maneant,
3125 2229 3242 2283 sine
3264 2228 3373 2283 ulla
3401 2243 3629 2285 serven-

2025 2324 2112 2372 tur
2141 2317 2464 2385 olTensione,
2497 2334 2601 2374 non
2636 2318 2812 2375 solum
2845 2319 3161 2389 viduarum,
3189 2322 3284 2378 sed
3317 2323 3478 2378 etiam
3513 2338 3633 2378 om—

2024 2409 2210 2477 nium;
2244 2411 2380 2468 ﬁdes
2412 2413 2556 2467 enim
2581 2411 2886 2469 exhibenda
2919 2412 3173 2470 omnibus
3202 2422 3309 2480 est,
3332 2412 3428 2470 sed
3457 2412 3633 2486 major

2023 2515 2106 2561 est
2140 2504 2422 2561 viduarum
2454 2521 2617 2562 causa
2647 2516 2701 2562 et
2733 2507 3088 2578 pupillorum.

2101 2597 2227 2655 145.
2271 2599 2516 2670 Denique
2547 2598 2650 2655 hoc
2677 2599 2795 2655 solo
2826 2600 3113 2655 viduarum
3146 2600 3390 2668 nomine,
3414 2596 3557 2656 sicut
3580 2600 3635 2655 in

2026 2691 2178 2747 libris
2219 2690 2655 2749 Macltabteorum
2690 2692 2926 2764 legimus
2956 2696 2974 2763 (
3001 2690 3049 2747 ll
3077 2691 3326 2747 Macltab.
3363 2708 3444 2759 ιη,
3486 2694 3554 2750 10
3593 2701 3640 2748 et

2025 2787 2194 2860 seq),
2241 2788 2684 2844 commendatum
2736 2790 2938 2859 templo
2983 2804 3147 2845 omne
3192 2798 3470 2845 servatum
3518 2798 3631 2844 est.

2026 2879 2161 2935 Nam
2187 2896 2308 2934 cum
2338 2880 2601 2936 indicium
2626 2881 2825 2937 factum
2849 2891 2994 2937 esset
3020 2882 3397 2952 pecuniarum,
3425 2898 3561 2955 quas
3583 2884 3637 2939 in

2029 2971 2231 3042 templo
2264 2971 2656 3045 Hierosolymis
2688 2974 2950 3029 maximas
2980 2974 3208 3046 reperiri
3242 2988 3405 3044 posse
3446 2972 3636 3032 Simon

2029 3065 2266 3120 nefarius
2308 3064 2579 3123 Antiocho
2632 3067 2745 3138 regi
2798 3066 3069 3139 prodidit,
3116 3065 3318 3123 missus
3369 3064 3389 3105 τ
3421 3068 3474 3123 in
3521 3085 3638 3124 rem

1949 3153 1995 3218 C
2028 3157 2353 3215 Heliodorus
2373 3202 2388 3228 ,
2419 3160 2489 3217 ad
2521 3162 2784 3232 templum
2814 3162 3000 3229 venit,
3028 3172 3082 3218 et
3112 3178 3327 3219 summo
3365 3163 3641 3221 sacerdoti

2025 3251 2237 3323 aperuit
2266 3252 2447 3309 indicii
2478 3253 2764 3321 invidiam,
2794 3263 2852 3311 et
2879 3255 3152 3312 adventus
3178 3257 3260 3312 sui
3287 3271 3528 3313 causam.

2100 3345 2223 3402 146.
2266 3345 2419 3404 Tunc
2448 3347 2705 3405 sacerdos
2732 3349 2975 3418 deposita
3018 3365 3139 3406 esse
3178 3351 3313 3406 dixit
3354 3350 3640 3408 viduarum

2026 3439 2276 3496 victualia
2328 3450 2383 3497 et
2431 3442 2799 3513 pupillorum:
2834 3451 2859 3490 κ
2890 3442 3136 3513 quaedam
3186 3456 3367 3500 autem
3420 3444 3640 3500 llircani

2025 3531 2210 3587 Tobia:
2241 3533 2347 3589 viri
2382 3535 2587 3599 sancti,
2622 3551 2794 3607 eaque
2833 3534 3244 3592 dentomtravit.
3291 3537 3516 3606 Argenti
3557 3545 3641 3593 ta-

2026 3625 2172 3682 lenta
2200 3628 2556 3700 quadraginta
2579 3642 2757 3698 erant,
2779 3631 2895 3685 auri
2920 3644 3049 3687 vero
3070 3630 3323 3686 ducenta.
3354 3628 3486 3698 Qua:
3515 3646 3637 3685 cum

2029 3720 2354 3777 lleliodorus
2372 3732 2617 3795 Cl‘eplulll
2640 3724 2721 3780 ire
2743 3722 2927 3792 vellet,
2952 3734 3005 3780 et
3028 3723 3170 3793 regis
3193 3721 3475 3779 vindicare
3491 3738 3643 3778 com-

2028 3814 2232 3882 modis,
2262 3816 2574 3872 sacerdotes
2603 3827 2732 3872 ante
2767 3816 2939 3870 altare
2967 3816 3311 3884 iactaverunt
3340 3828 3432 3878 se.
3466 3814 3655 3885 induti

2027 3908 2398 3964 sacerdotales
2426 3910 2635 3965 stolas:
2666 3917 2722 3965 et
2753 3909 2919 3964 Deum
2946 3908 3128 3963 vivum
3158 3907 3250 3979 qni
3280 3906 3346 3963 de
3373 3907 3640 3979 depositis

2025 4000 2199 4071 legem
2243 3999 2504 4066 dederat,
2536 4002 2730 4056 lientes
2760 3999 3108 4067 invocabant,
3143 4008 3201 4056 ut
3244 4000 3527 4056 custodem
3574 4014 3640 4058 se

2032 4101 2429 4163 praeceptorum
2461 4101 2742 4164 pra-staret
2770 4108 3015 4149 suorum.
3042 4092 3236 4147 Vultus
3260 4106 3390 4148 vero
3415 4102 3467 4148 et
3490 4093 3644 4148 color

2029 4187 2229 4244 summi
2284 4187 2588 4243 sacerdotis
2644 4188 2959 4243 immutatus
3016 4185 3333 4244 declarabat
3387 4185 3640 4243 dolorem

2031 4278 2220 4343 animi,
2247 4286 2300 4335 et
2322 4280 2518 4335 mentis
2546 4278 2766 4335 intentae
2796 4279 3236 4336 sollicitudinem.
3265 4277 3492 4335 Flebant
3519 4294 3641 4335 om-

2031 4388 2150 4441 nes,
2175 4373 2320 4444 quod
2348 4373 2399 4429 itt
2424 4384 2798 4444 contemptum
2821 4374 2972 4430 locus
2997 4384 3260 4430 venturus
3280 4371 3444 4439 foret,
3469 4372 3516 4427 si
3539 4385 3643 4429 nec

2032 4467 2086 4522 in
2142 4467 2235 4524 Dei
2290 4469 2495 4538 templo
2543 4478 2654 4523 tuta
2705 4467 2827 4524 fidei
2879 4476 3194 4523 servaretur
3234 4464 3642 4519 custodiazac-

317 4570 531 4630 erogat,
585 4565 860 4633 captivum
911 4565 1161 4632 redimit,
1194 4565 1563 4621 misericordia
1610 4576 1714 4622 est.
1755 4565 1925 4623 Nemo
1951 4549 2005 4609 D
2030 4560 2332 4632 cinctznque
2360 4562 2617 4619 mulieres
2644 4571 2858 4634 pectus,
2883 4570 2936 4617 et
2962 4562 3165 4616 clausae
3190 4556 3428 4629 virgines
3459 4556 3641 4629 pulsa-

317 4651 467 4709 enim
487 4660 509 4722 ς
532 4653 625 4721 12,
661 4671 715 4725 q.
746 4656 801 4724 2,
831 4672 953 4727 cap.
987 4656 1206 4723 Aurum,
1240 4656 1268 4730 ς
1300 4657 1467 4714 Nemo
1498 4660 1704 4731 potest)
1750 4670 1927 4730 potest

320 4744 510 4803 dicere
534 4764 551 4800 :
579 4748 695 4806 Cur
721 4764 925 4821 pauper
953 4750 1127 4807 vivit?
1158 4752 1327 4808 Nemo
1362 4763 1540 4824 potest
1579 4755 1766 4825 queri,
1798 4755 1924 4826 quia

323 4837 527 4906 captivi
548 4840 819 4912 redempti
845 4854 1007 4899 sunt:
1042 4860 1205 4901 nemo
1230 4854 1409 4918 potest
1442 4860 1703 4904 accusare
1728 4890 1743 4917 ,
1797 4849 1925 4921 quia

322 4931 587 5005 templum
616 4933 711 4991 Dei
742 4942 830 4992 est
848 4936 1174 4994 aedificatum
1200 4956 1216 4995 :
1250 4954 1412 4996 nemo
1439 4942 1923 5013 potestindignari,

395 5111 429 5143 ⁸
468 5109 594 5190 lira.
629 5119 689 5165 et
722 5125 845 5190 seq.
874 5111 1009 5190 edit.
1034 5127 1157 5170 cum
1189 5130 1322 5172 mss.
1354 5116 1652 5181 nonnullis,
1684 5134 1928 5190 agnosco,

320 5196 445 5254 cup
472 5183 527 5254 in
558 5192 775 5254 utroque
800 5183 996 5252 videro,
1019 5194 1125 5240 etc.

393 5250 427 5293 δ
462 5253 651 5309 Codex
687 5250 912 5310 'Thuan.
966 5250 1021 5311 et
1058 5257 1153 5314 alii
1204 5273 1400 5330 magno
1424 5275 1679 5328 numero,
1714 5263 1927 5333 agmina

321 5337 673 5398 paratarum.

400 5406 427 5468 ξ
466 5397 699 5466 Quidam
721 5414 880 5465 mss.,
919 5399 1116 5468 species
1146 5402 1498 5457 vasculorum.

397 5466 429 5508 ει
464 5468 723 5543 ljonnnlli
758 5486 923 5543 utss.,
947 5466 1283 5540 Laurentius,
1311 5485 1359 5528 et
1388 5475 1515 5530 vidit
1537 5492 1664 5543 quos
1685 5490 1793 5540 eos,
1819 5486 1924 5531 etc.

328 5538 431 5620 ‘__‘
470 5539 613 5599 ﬁtﬁt.
659 5556 727 5597 ac
775 5542 929 5620 multi
962 5556 1095 5620 mss.
1142 5561 1234 5620 per
1268 5538 1506 5601 Vminutas
1550 5538 1878 5620 erogationes
1912 5562 1930 5602 :

327 5608 709 5740 matre
729 5623 786 5669 et
803 5614 895 5670 alii
936 5608 1154 5684 aliquot
1184 5616 1340 5673 boote
1366 5627 1533 5683 uotzc,
1566 5608 1670 5691 per'
1682 5618 1931 5675 minutias

456 5750 608 5813 Idlt.
646 5767 847 5813 omnes
875 5770 941 5813 ac
970 5756 1219 5829 plerique
1245 5772 1405 5831 m35.,
1435 5760 1626 5820 missus
1652 5760 1708 5818 in
1744 5759 1938 5818 Hieru-

2034 4655 2162 4711 bant
2187 4656 2408 4727 januam
2436 4674 2448 4711 :
2476 4656 2543 4712 ad
2572 4671 2757 4712 muros
2785 4656 2878 4711 alii
2911 4654 3220 4716 currebant,
3249 4666 3344 4723 per
3369 4649 3639 4708 fenestras

2033 4747 2125 4803 alii
2164 4749 2611 4820 prospectabant,
2652 4763 2846 4805 omnes
2871 4747 2939 4802 ad
2968 4746 3164 4802 etnlum
3195 4744 3492 4800 tendebant
3520 4758 3638 4799 ma-

2034 4859 2157 4909 nus,
2183 4853 2404 4899 orantes
2432 4853 2485 4898 ut
2518 4842 2633 4897 suis
2671 4843 2933 4898 Dominus
2962 4839 3180 4896 adesset
3209 4838 3441 4911 legibus.

2106 4935 2231 4991 117.
2276 4934 2598 4991 Heliodorus
2624 4945 2807 4993 autem
2834 4949 2936 4993 nec
2970 4932 3057 4990 bis
3094 4933 3346 5000 territus,
3378 4932 3524 5005 quod
3552 4932 3641 4988 in-

2030 5115 2192 5170 salem
2215 5129 2233 5169 :
2258 5129 2444 5169 verum
2474 5113 2715 5186 potiores
2741 5112 3188 5181 antiquioresque
3212 5118 3530 5167 constanter
3557 5110 3636 5186 le-

2030 5197 2192 5258 gunt.
2239 5187 2426 5242 missus
2467 5184 2522 5240 in
2558 5201 2691 5253 rem,
2723 5188 2917 5256 supple
2957 5192 3293 5256 prtesentem,
3333 5185 3384 5240 id
3422 5194 3503 5239 est
3527 5225 3542 5249 ,
3577 5184 3633 5238 in

2033 5260 2208 5330 ipsum
2238 5259 2435 5330 locum.

2108 5340 2133 5378 ε
2165 5328 2419 5395 Quadam
2481 5338 2746 5384 autem...
2795 5329 2914 5383 auri
2967 5342 3084 5383 vero
3128 5327 3386 5393 ducenta,
3435 5325 3635 5383 desunt

2032 5396 2224 5458 ἱειΙίωο
2248 5404 2428 5457 omnia
2460 5400 2513 5457 in
2544 5401 2754 5455 Tbuan.
2788 5400 3015 5469 aliisque
3044 5400 3286 5468 pluribus
3304 5414 3366 5455 ac
3386 5399 3635 5454 melioris

2032 5475 2138 5531 aevi
2191 5473 2315 5530 cod.
2366 5474 2431 5529 Et
2483 5472 2710 5544 proinde
2768 5474 2923 5527 nobis
2977 5472 3238 5544 majorem
3299 5471 3352 5525 in
3409 5472 3632 5527 modum

2033 5554 2283 5615 suspecta
2306 5555 2453 5600 sunt.
2484 5542 2751 5615 Attamen
2770 5558 2891 5599 cum
2920 5543 2972 5596 io
2993 5542 3300 5615 nonnullis,
3331 5547 3496 5615 atque
3516 5560 3637 5599 om-

2034 5612 2195 5673 nibus
2222 5618 2356 5673 edit.
2380 5616 2684 5672 habeantur
2708 5614 2791 5670 eis
2813 5612 3099 5687 spongiam
3131 5613 3494 5670 inducendam
3524 5631 3635 5687 non

2034 5689 2363 5818 ἓυῗξνίηιιιε.
2412 5690 2656 5755 Quatuor
2698 5699 2861 5756 mss.,
2903 5686 3144 5759 quedam
3193 5696 3364 5745 autem
3412 5686 3642 5759 orphani

2082 5775 2112 5817 ο
2149 5774 2233 5817 ur.

2082 5774 2233 5817 ουιρ.
