3998 6190
284 249 370 313 ηδ

1296 254 1386 313 ΒΕ
1421 253 1715 315 οιιτιοηδ
1751 257 2232 319 MINISTRORUM
2269 260 2404 318 LIB.
2445 263 2535 321 Ill.

3442 270 3551 329 μϐ

277 371 443 428 mortis
467 385 579 427 cum
605 370 835 427 occasio
861 369 1049 436 datur,
1078 367 1335 441 rapienda
1360 377 1442 425 est
1469 368 1633 425 illico.
1669 368 1841 426 Dilata
1867 372 1923 435 Α
1946 370 2106 428 Zelus
2141 373 2326 428 domus
2371 384 2476 429 ture
2512 374 2733 431 comedit
2768 391 2848 431 me
2882 374 3061 450 (Joan.
3090 393 3149 446 ιι,
3178 377 3295 451 17).
3323 378 3408 435 Sit
3431 395 3564 453 ergo

278 466 423 534 gloria
442 464 587 535 fugit,
618 480 723 521 nec
753 464 915 519 facile
937 461 1433 533 comprehenditur.

338 559 481 631 108
515 558 636 615 151.
680 558 871 613 Fidem
913 557 1144 628 diligite,
1175 557 1427 628 quoniam
1467 571 1565 627 per
1597 556 1757 613 ﬁdem
1784 567 1841 613 et

275 652 581 709 (levationem
603 653 791 710 Josias
811 667 1064 723 magnum
1087 651 1188 706 sibi
1208 660 1233 688 ⁸
1251 650 1318 707 ab
1337 650 1670 707 adversariis
1690 666 1841 706 amo-

275 762 370 804 rem
394 748 699 819 acquisivit;
745 747 1001 818 quoniam
1046 745 1344 801 celebravit
1372 746 1566 817 pascha
1594 744 1832 813 Domini,

273 854 375 895 cum
401 849 538 896 esset
563 855 835 896 annorum
876 839 1067 895 decem
1105 848 1162 895 et
1195 848 1349 903 octo,
1381 837 1839 909 quemadmodum

272 947 408 988 nemo
432 944 553 989 ante
579 948 711 989 eum
742 932 833 1004 (IV
869 931 1001 1005 Reg.
1034 947 1185 998 xxm,
1218 931 1282 987 91
1318 930 1473 1002 seq.).
1505 930 1637 986 Zelo
1664 931 1844 1003 itaque

268 1033 318 1079 ut
339 1026 458 1079 vicit
483 1026 817 1097 superiores,
846 1025 917 1080 ita
939 1033 993 1080 et
1016 1040 1139 1090 vos,
1164 1022 1283 1092 ﬁlii,
1305 1025 1483 1080 zelum
1508 1023 1602 1079 Dei
1627 1025 1843 1081 sumite.

268 1116 500 1188 Exquirat
535 1132 637 1173 vos
678 1118 773 1173 Dei
813 1118 964 1173 zelus
1002 1128 1056 1173 et
1093 1116 1347 1179 devoret;
1379 1125 1438 1171 ut
1478 1117 1848 1187 unusquisque

263 1221 476 1266 vestrum
506 1212 692 1268 dicat:
722 1209 1013 1280 Exquisita
1039 1226 1120 1264 me
1154 1210 1294 1264 selus
1322 1210 1509 1264 domus
1539 1219 1643 1265 tum
1667 1208 1843 1281 (Psal.

263 1318 427 1370 vam,
451 1303 562 1374 l0).
588 1304 895 1374 Apostolus
914 1301 1117 1358 Christi
1144 1302 1351 1358 zelotes
1378 1302 1555 1357 dictus
1578 1311 1664 1358 est
1688 1300 1846 1374 (Luc.

259 1409 325 1463 vt,
353 1396 458 1466 15).
492 1395 639 1464 Quid
678 1394 750 1450 de
790 1393 1054 1467 Apostolo
1080 1391 1241 1449 dico?
1276 1392 1399 1465 Ipse
1433 1392 1700 1448 Dominus
1738 1393 1847 1449 ait:

318 1541 342 1569 ε
367 1530 440 1587 Ita
479 1547 616 1588 mss.
669 1532 858 1604 plures
903 1547 966 1588 ac
1007 1533 1294 1604 potiores:
1326 1548 1432 1588 non
1463 1535 1621 1604 pauci
1661 1541 1844 1589 tamen

256 1611 397 1674 atque
433 1619 627 1660 omnes
666 1603 800 1659 edit.
830 1603 895 1658 ab
925 1606 1194 1659 uniuersis.
1225 1603 1354 1660 Veri
1397 1603 1576 1659 tamen
1613 1604 1846 1662 similius

253 1685 325 1746 est
358 1675 454 1730 hoc
490 1675 614 1731 loco
656 1675 905 1731 alludere
944 1675 1288 1731 Ambrosium
1318 1677 1389 1733 ad
1423 1676 1474 1731 id
1503 1677 1648 1746 quod
1678 1676 1775 1732 lib.
1808 1697 1843 1736 ll

252 1744 462 1818 Paralip.
485 1762 611 1818 cap.
647 1762 790 1802 xxxv
815 1756 1149 1803 memoratur
1168 1762 1294 1804 eum
1322 1763 1391 1804 eo
1418 1744 1599 1821 regem
1622 1749 1842 1825 Egypti
1872 1747 1923 1810 Β

1951 466 2048 524 Dei
2077 467 2251 534 zelus,
2279 482 2388 523 non
2414 469 2518 525 iste
2545 469 2814 526 humanus
2836 468 2865 508 δ
2888 486 3050 542 quem
3084 472 3285 527 invidia
3319 483 3567 543 generat.

2022 560 2148 616 155.
2191 559 2276 617 Sit
2303 562 2447 617 inter
2487 578 2584 618 vos
2619 578 2756 634 pax,
2790 579 2910 634 qua:
2937 572 3160 635 superat
3185 546 3404 623 omnem
3433 583 3562 625 sen-

1949 666 2093 709 sum.
2136 651 2333 710 Amate
2370 670 2467 712 vos
2516 656 2773 712 invicem.
2817 655 2962 712 Nihil
3010 656 3278 714 charitate
3322 659 3558 728 dulcius,

1947 747 2084 802 nihil
2114 764 2244 818 pace
2271 751 2497 820 gratius.
2525 751 2590 805 Et
2616 765 2713 805 vos
2740 751 2839 820 ipsi
2867 751 3019 807 scitis
3043 752 3186 824 quod
3211 768 3326 824 pra:
3353 756 3567 812 exteris

1952 856 2053 897 vos
2078 858 2299 914 semper
2328 843 2497 899 dilexi
2537 855 2592 900 et
2628 844 2837 915 diligo:
2867 846 3020 916 quasi
3053 846 3207 901 unius
3252 848 3422 918 patris
3457 849 3556 904 lilii

1950 936 2236 991 coaluistis
2266 939 2318 991 in
2346 935 2601 992 allectum
2630 938 3028 1008 germanitatis.

2028 1026 2151 1084 156.
2192 1029 2324 1097 Qure
2368 1031 2506 1086 bona
2536 1041 2662 1087 sunt
2699 1040 2905 1095 tenete,
2938 1042 2993 1087 et
3032 1031 3176 1088 Deus
3204 1032 3356 1104 pacis
3385 1043 3442 1090 et
3476 1033 3565 1091 di-

1950 1120 2205 1177 lectionis
2252 1122 2356 1179 erit
2401 1123 2679 1181 vobiscum
2728 1125 2780 1180 in
2832 1124 3071 1180 Domino
3114 1124 3246 1182 Jesu
3289 1146 3303 1182 :
3347 1127 3433 1182 cui
3483 1136 3569 1183 est

1952 1213 2158 1282 honor,
2192 1216 2399 1286 gloria,
2432 1218 2867 1289 magniﬁcentia,
2905 1227 3179 1289 potestas,
3207 1235 3328 1277 cum
3358 1220 3565 1293 Spiritu

1952 1316 2141 1363 sancto
2167 1307 2222 1363 in
2250 1309 2448 1365 saecula
2476 1310 2827 1368 smeulorum.
2858 1310 3055 1369 Amen.

1952 1550 2060 1614 non
2090 1538 2190 1595 nisi
2221 1539 2473 1607 invitum,
2499 1550 2554 1597 et
2584 1550 2870 1614 postquam
2899 1552 3153 1601 amanter
3191 1560 3317 1603 eum
3341 1546 3565 1604 dissua-

1952 1606 2083 1678 dere
2109 1622 2337 1668 conatus
2364 1606 2533 1678 esset,
2562 1606 2756 1669 manus
2782 1616 3149 1675 conseruisse.

2024 1677 2051 1717 δ
2082 1678 2424 1753 Cod.Carn.,
2451 1686 2543 1758 qui
2568 1687 2818 1741 invidiam
2842 1697 3075 1759 generat.

244 1902 3466 1930 Μ

1363 2040 1713 2127 LIBER
1786 2046 2331 2133 TERTIUS.

1603 2204 2172 2236 -ᾧ-

689 2283 849 2356 107
886 2280 1116 2340 CAPUT
1152 2283 1449 2343 PRIMUM.

248 2372 288 2427 Δ
310 2370 494 2430 Decide
517 2391 584 2430 ac
618 2374 910 2431 Salomone
937 2376 1086 2430 nobis
1115 2386 1428 2447 proruptum
1448 2418 1462 2442 ,
1502 2394 1604 2445 qua
1641 2376 1841 2432 ratione

309 2485 410 2522 cum
438 2474 596 2525 corde
626 2480 809 2526 nostro
830 2471 1240 2526 conversantium
1270 2472 1356 2537 sit,
1386 2472 1701 2544 proindeque
1720 2470 1841 2527 Sci—

308 2562 498 2629 pionem
541 2563 711 2630 dicti,
747 2563 888 2633 quod
925 2564 970 2617 ei
1001 2563 1276 2630 tribuitur,
1312 2566 1534 2636 primum
1575 2575 1838 2619 auctorem

308 2669 397 2707 non
417 2655 799 2723 reputantium.
818 2656 990 2724 Quam
1013 2656 1233 2725 pulchra
1249 2656 1303 2711 in
1322 2657 1427 2712 otio
1450 2674 1544 2712 suo
1565 2667 1835 2728 perpetra-

303 2749 455 2802 uerint
485 2749 666 2805 sancti
696 2750 963 2821 propheta
987 2767 1007 2804 :
1036 2751 1221 2805 Irarum
1268 2760 1420 2817 atque
1463 2752 1687 2806 aliorum
1732 2753 1838 2807 otia

307 2845 659 2912 conferuntur,
705 2843 1096 2915 ostenditurque
1125 2860 1405 2911 numquam
1442 2844 1611 2900 solum
1649 2853 1742 2899 aut
1785 2845 1839 2900 in

302 2944 508 3006 angusto
526 2936 746 3007 justum
774 2951 909 2989 esse.

302 3047 352 3101 1.
391 3047 558 3105 David
606 3048 881 3120 propheta
902 3048 1091 3105 docuit
1121 3065 1221 3107 nos
1253 3062 1525 3123 tamquam
1566 3051 1620 3108 in
1662 3052 1837 3124 ampla

236 3136 386 3195 domo
402 3141 766 3200 deambulare
788 3143 842 3198 in
866 3143 1038 3199 corde
1063 3152 1274 3213 nostro,
1298 3153 1353 3201 et
1374 3146 1690 3201 conversari
1715 3162 1839 3201 eum

237 3242 579 3306 eotamquam
611 3251 735 3292 cum
763 3236 914 3293 bono
939 3238 1356 3301 contubernali;
1385 3249 1445 3294 ut
1475 3240 1593 3310 ipse
1620 3240 1723 3296 sibi
1751 3240 1838 3296 di-

235 3336 393 3394 ceret,
422 3337 479 3384 et
507 3330 837 3399 loqueretur
855 3345 1066 3397 secum,
1097 3340 1156 3387 ut
1182 3340 1268 3388 est
1293 3332 1423 3388 illud
1449 3349 1464 3388 :
1492 3331 1642 3399 Dixi,
1667 3344 1840 3389 custo-

238 3420 367 3475 diam
389 3424 499 3480 uias
524 3440 676 3479 meas
717 3424 736 3494 (
755 3422 906 3480 Psal.
937 3441 1164 3492 xxxvm,
1192 3426 1285 3497 2).
1329 3426 1589 3483 Salomon
1621 3441 1840 3498 quoque

236 3512 369 3569 ﬁlius
391 3516 512 3585 ejus
539 3515 662 3571 ait:
692 3514 825 3570 Bibe
848 3533 1034 3587 aquam
1059 3516 1123 3572 de
1153 3518 1257 3572 tuis
1288 3518 1453 3582 vasis,
1484 3527 1533 3573 et
1563 3518 1628 3572 de
1653 3529 1833 3589 puteo—

1944 2292 2118 2349 lentio
2148 2293 2508 2366 loquebatur,
2546 2305 2602 2352 et
2634 2297 2688 2351 in
2718 2296 2835 2352 otio
2872 2295 3223 2367 operabatur.
3253 2295 3421 2367 Cujus
3458 2311 3557 2354 au-

1942 2391 2055 2440 tem
2094 2386 2301 2457 majora
2341 2389 2582 2457 negotia,
2605 2403 2766 2460 quam
2805 2388 2969 2460 hujus
3006 2388 3140 2458 otia,
3172 2391 3264 2461 qui
3296 2390 3560 2460 quadrin-

1941 2478 2088 2549 ginta
2111 2480 2303 2535 diebus
2324 2481 2533 2552 positus
2546 2482 2598 2537 in
2615 2492 2820 2549 monte,
2837 2491 3006 2538 totam
3024 2482 3223 2553 Legem
3241 2483 3561 2551 complexus

1943 2582 2051 2636 est,
2086 2580 2140 2626 et
2169 2573 2220 2627 in
2252 2572 2341 2628 illa
2377 2574 2670 2630 solitudine
2699 2576 2793 2646 qui
2830 2591 2953 2632 cum
2984 2591 3052 2631 eo
3080 2576 3418 2648 loqueretur,
3449 2592 3556 2632 non

1943 2660 2118 2719 defuit
2162 2663 2360 2731 (Exod.
2399 2680 2549 2733 xxiv,
2584 2666 2653 2721 15
2680 2675 2727 2721 el
2756 2666 2927 2739 seq.)?
2969 2667 3125 2724 Unde
3154 2676 3210 2723 et
3234 2668 3404 2723 David
3440 2667 3555 2723 ait:

1941 2757 2167 2812 Audiam
2216 2758 2344 2828 quid
2389 2760 2632 2831 loquatur
2673 2760 2729 2814 in
2774 2776 2856 2814 me
2898 2759 3338 2815 Dominus‘lteus
3378 2760 3553 2830 (Psal.

1944 2866 2169 2919 Lxxxtv,
2191 2850 2271 2923 9).
2293 2851 2363 2907 Et
2382 2861 2589 2924 quanto
2613 2852 2735 2923 plus
2759 2863 2844 2911 est
2871 2853 2918 2909 si
2946 2869 3070 2910 cum
3096 2852 3279 2923 aliquo
3300 2852 3448 2909 Deus
3476 2854 3557 2909 lo-

1942 2956 2162 3019 quatur,
2197 2962 2359 3019 quam
2387 2948 2504 3017 ipse
2534 2962 2718 3003 secum
2739 2948 2752 3001 l

2015 3041 2070 3096 3.
2112 3040 2446 3096 Transibant
2487 3040 2752 3112 apostoli,
2791 3049 2847 3097 et
2876 3039 3070 3097 umbra
3103 3055 3296 3097 eorum
3332 3040 3559 3097 curabat

1943 3134 2213 3189 inﬁrmos.
2245 3134 2636 3206 Tangebantur
2664 3134 2990 3191 vestimenta
3018 3150 3234 3203 eorum,
3263 3142 3322 3192 et
3348 3135 3557 3191 sanitas

1944 3228 2298 3285 deferebatur
2328 3226 2467 3299 (Act.
2494 3243 2547 3293 v,
2572 3225 2688 3299 16).

2014 3319 2071 3375 4.
2113 3321 2434 3377 Sermonem
2479 3322 2694 3377 locutus
2734 3329 2820 3376 est
2852 3321 3030 3389 Elias,
3086 3330 3141 3377 et
3181 3320 3361 3392 pluvia
3399 3322 3553 3378 stetit

1945 3432 2047 3474 nee
2073 3416 2273 3473 cecidit
2301 3432 2468 3487 super
2498 3425 2698 3473 terram
2735 3415 2908 3473 tribus
2934 3416 3090 3473 annis
3131 3429 3186 3474 et
3224 3433 3324 3474 sex
3354 3420 3558 3475 mensi-

1944 3508 2068 3565 bus.
2092 3510 2293 3566 lterum
2319 3510 2534 3566 loeutus
2559 3518 2665 3576 est,
2690 3518 2746 3565 et
2766 3509 2954 3582 hydria
2986 3509 3174 3566 farina:
3200 3526 3307 3567 non
3336 3511 3552 3580 defecit,

236 3618 341 3658 mn
365 3618 574 3662 tuorum
605 3608 837 3678 fontibus
876 3605 1059 3678 (Prov.
1091 3623 1146 3675 v,
1173 3609 1295 3679 15);
1328 3610 1431 3665 hoc
1459 3620 1543 3665 est
1570 3620 1662 3666 tuo
1690 3625 1822 3667 con.
1855 3611 1901 3676 ρ
1931 3612 1989 3658 et
2016 3618 2113 3658 vas
2139 3604 2248 3659 olei
2284 3613 2399 3659 toto
2427 3603 2587 3659 famis
2603 3603 2815 3660 diurna:
2839 3614 3085 3676 tempore
3112 3620 3220 3660 non
3250 3612 3335 3660 est
3363 3605 3551 3660 exina-

235 3697 348 3752 silio
382 3711 567 3757 utere.
600 3699 754 3771 Aqua
790 3701 933 3756 enim
970 3702 1100 3767 altu,
1130 3703 1403 3758 consilium
1443 3707 1497 3760 in
1536 3706 1692 3760 corde
1736 3706 1836 3759 uiri

239 3786 406 3867 (liras.
435 3809 529 3857 xx,
555 3793 643 3863 5).
671 3792 868 3859 Nemo,
895 3794 1091 3864 inquit,
1122 3796 1325 3852 alienus
1352 3798 1609 3867 particeps
1629 3799 1697 3852 sit
1719 3798 1830 3852 tibi.

237 3854 370 3938 Fons
412 3901 565 3955 aqua
616 3895 719 3940 tua:
766 3887 835 3941 sit
876 3886 970 3940 tibi
1014 3888 1299 3960 proprius:
1323 3898 1372 3944 et
1395 3854 1692 3963 jucuudare
1719 3906 1836 3944 cum

237 3988 536 4043 uereque
557 3988 631 4032 est
658 3978 751 4033 tibi
770 3982 1109 4053 ajuoeutute.
1123 3979 1312 4036 Cervus
1324 3982 1572 4037 amicitia:
1591 3991 1638 4036 et
1662 3982 1836 4052 pullus

236 4072 506 4139 gratiarum
546 4073 948 4145 confabulemur
974 4083 1143 4129 tecum
1173 4073 1358 4148 (Prov.
1389 4092 1444 4143 ν,
1480 4078 1567 4142 17,
1598 4076 1712 4146 18).

300 4164 351 4220 2.
389 4168 508 4225 Non
552 4184 681 4240 ergo
703 4171 915 4240 primus
936 4178 962 4207 ει
980 4170 1165 4240 Scipio
1191 4170 1349 4225 scivit
1375 4171 1525 4226 solus
1554 4186 1659 4225 non
1692 4185 1836 4237 esse,

235 4270 350 4314 eum
386 4261 549 4316 solus
579 4272 761 4330 esset;
787 4260 815 4300 δ
837 4276 941 4317 nec
980 4263 1158 4317 minus
1197 4262 1427 4329 otiosus,
1460 4278 1583 4318 cum
1627 4264 1839 4319 otiosus

239 4355 607 4410 esset:seivit
632 4364 759 4410 ante
790 4355 967 4425 ipsum
1012 4354 1258 4426 Moyses,
1299 4356 1389 4426 qui
1435 4370 1559 4411 cum
1609 4364 1836 4423 taceret,

236 4441 496 4503 clamabat
540 4447 739 4516 (Exod.
777 4463 888 4514 xiv,
935 4447 1024 4518 15)
1052 4466 1066 4502 :
1094 4463 1215 4503 cum
1247 4448 1455 4504 otiosus
1481 4457 1672 4513 staret,
1702 4462 1840 4518 pra:-

238 4532 496 4606 liabatur;
525 4555 623 4595 nec
644 4541 825 4596 solum
858 4540 1229 4611 praeliabatur,
1260 4540 1356 4597 sed
1386 4541 1547 4596 etiam
1574 4540 1642 4596 de
1674 4541 1841 4596 hosti-

237 4623 349 4696 bus,
379 4647 523 4701 quos
551 4649 657 4689 non
688 4635 1034 4705 contigerat;
1078 4633 1442 4703 triumphabat
1470 4632 1668 4706 (Exod.
1705 4649 1838 4702 xvn,

243 4718 299 4774 11
328 4732 374 4776 et
401 4723 563 4795 seq.).
589 4726 739 4782 Adeo
774 4726 1006 4791 otiosus,
1037 4733 1094 4779 ut
1120 4740 1312 4781 manus
1339 4726 1457 4796 ejus
1480 4725 1573 4780 alii
1601 4726 1839 4782 sustine-

238 4823 390 4870 rent:
416 4832 523 4874 nec
553 4818 729 4875 minus
765 4819 927 4892 108
954 4835 1113 4891 quam
1158 4821 1344 4876 ueteri
1382 4820 1722 4890 negotiosus,
1749 4820 1840 4891 qui

242 4904 421 4963 otiosis
452 4911 702 4967 manibus
729 4912 1078 4983 expugnabat
1099 4912 1333 4981 hostem,
1362 4928 1521 4984 quem
1551 4928 1657 4968 non
1687 4926 1843 4984 pote-

1936 3694 2108 3750 nitum
2140 3695 2233 3769 (Ill
2266 3695 2396 3767 Reg.
2430 3712 2566 3763 xvn,
2597 3698 2620 3751 1
2652 3704 2702 3751 et
2730 3698 2890 3765 seq.).

2008 3787 2062 3842 5.
2108 3787 2174 3841 Et
2218 3789 2473 3855 quoniam
2517 3787 2812 3858 plerosque
2856 3786 3132 3842 delectant
3163 3785 3392 3855 bellica;
3423 3789 3554 3860 quid

1936 3886 2024 3936 est
2064 3881 2435 3947 praestantius,
2474 3880 2750 3934 exercitus
2784 3890 2806 3919 ε
2836 3880 3016 3950 magni
3046 3881 3285 3950 lacertis,
3319 3897 3387 3937 an
3417 3884 3551 3939 solis

1937 3970 2148 4028 meritis
2201 3971 2503 4026 confecisse
2556 3970 2837 4040 prrelium?
2902 3970 3141 4028 Sedebat
3196 3974 3426 4030 Elisteus
3490 3975 3545 4030 in

1938 4080 2050 4121 uno
2076 4065 2218 4132 loco,
2240 4074 2296 4120 et
2317 4080 2411 4119 rex
2435 4064 2606 4137 Syria:
2635 4079 2884 4136 magnam
2907 4065 3034 4122 belli
3058 4068 3254 4124 molem
3282 4067 3549 4125 inferebat

1940 4158 2142 4229 populo
2180 4167 2395 4228 patrum
2420 4200 2434 4224 ,
2476 4156 2819 4229 diversisque
2859 4158 3213 4217 consiliorum
3261 4159 3551 4217 acervabat

1941 4249 2245 4317 fraudibus,
2277 4258 2334 4307 et
2366 4251 2766 4307 circumvenire
2806 4251 3022 4308 insidiis
3059 4253 3425 4311 moliebatur:
3454 4255 3554 4311 sed

1940 4360 2135 4401 omnes
2175 4345 2297 4416 ejus
2339 4356 2635 4418 apparatus
2679 4346 2944 4418 propheta
2989 4349 3462 4418 deprehendebat.
3496 4359 3554 4405 et

1941 4438 2133 4508 vigore
2159 4437 2359 4492 mentis
2385 4452 2482 4507 per
2504 4437 2735 4509 gratiam
2762 4438 2859 4494 Dei
2890 4437 3091 4509 ubique
3118 4453 3383 4509 praesens,
3406 4440 3557 4508 cogi-

1945 4533 2185 4587 taliones
2218 4532 2454 4588 hostium
2488 4534 2601 4588 suis
2635 4532 3030 4599 annuntiabat,
3067 4539 3124 4587 et
3151 4531 3410 4587 monebat
3435 4532 3557 4602 qui-

1946 4628 2048 4684 bus
2082 4627 2241 4700 109
2270 4638 2532 4685 caverent
2559 4629 2713 4685 locis.
2738 4629 2892 4697 Quod
2924 4628 3012 4683 ubi
3036 4627 3153 4700 regi
3180 4628 3353 4700 Syria:
3384 4628 3558 4683 mani-

1945 4722 2202 4778 festatum
2252 4733 2367 4787 est,
2418 4723 2586 4778 misso
2636 4724 2912 4787 exercitu,
2960 4722 3155 4777 clausit
3206 4721 3546 4791 prophetam.

1947 4816 2135 4872 Oravit
2163 4814 2419 4881 Elisaeus,
2442 4824 2498 4870 et
2524 4829 2717 4871 omnes
2747 4815 2869 4870 illos
2892 4814 3139 4869 erecitate
3160 4812 3369 4883 percuti
3398 4811 3552 4876 fecit,

1948 4919 2001 4965 et
2027 4908 2278 4977 captivos
2306 4909 2511 4962 intrare
2539 4907 2593 4961 in
2625 4907 2951 4972 Samariam,
2983 4906 3073 4976 qui
3103 4913 3362 4961 venerant
3400 4903 3551 4960 obsi-

237 5012 356 5059 rant
385 5003 605 5062 vincere
633 5004 729 5077 qui
755 5005 1109 5062 dimicabant.
1143 5005 1287 5077 Ergo
1319 5005 1531 5077 Moyses
1578 5014 1635 5060 et
1673 5006 1726 5060 in
1768 5005 1841 5061 si-
1865 4999 1921 5060 D
1947 5002 2078 5060 dere
2103 5017 2227 5058 eum
2254 5000 2349 5074 (IV
2382 4999 2513 5073 Reg.
2541 5016 2615 5068 γι,
2642 5003 2676 5057 8
2702 5010 2749 5055 et
2777 5000 2935 5072 seq.).

308 5168 332 5198 ⁸
360 5161 484 5217 Cic.
521 5163 612 5218 lib.
651 5178 711 5219 ut
754 5163 912 5219 Ollio.
944 5162 1127 5218 statim
1166 5163 1324 5217 initio
1363 5179 1379 5219 :
1427 5160 1680 5217 Publium
1723 5162 1842 5218 Sci-

239 5233 467 5304 pionem,
500 5232 671 5289 Marce
700 5236 802 5304 liti,
832 5250 951 5289 eum
979 5235 1069 5303 qui
1098 5236 1319 5305 primus,
1352 5242 1460 5289 etc.
1496 5235 1569 5289 De
1603 5233 1706 5288 hae
1734 5249 1834 5288 au-

239 5306 626 5430 itamssaelgltentia
641 5311 815 5361 multo
831 5305 1002 5361 fusius
1016 5304 1251 5374 disputat
1266 5304 1588 5361 Ambrosius
1598 5305 1763 5377 epist.
1779 5307 1834 5370 5,

452 5392 618 5430 tnum.

452 5392 618 5431 ιηιιιη.

306 5443 336 5483 δ
372 5445 499 5502 Vet.
537 5448 691 5513 edit.,
710 5463 804 5502 nec
819 5448 987 5502 minus
1006 5448 1320 5518 negotiosus,
1333 5464 1448 5501 cum
1468 5448 1663 5502 otiosus
1683 5456 1831 5511 esset,

243 5514 404 5572 Rom.
446 5533 566 5574 eum
601 5536 736 5576 mss.
773 5533 943 5590 prope
977 5514 1253 5586 omnibus,
1290 5535 1384 5572 nec
1419 5519 1590 5574 mium
1617 5519 1832 5590 otiosus,

241 5602 393 5654 cum,
432 5597 541 5645 etc.
579 5588 924 5648 Sententiam
970 5600 1151 5645 autem
1203 5590 1346 5645 hanc
1387 5605 1513 5645 eum
1556 5604 1666 5644 non
1707 5588 1839 5643 satis

408 5673 690 5726 uerentur,
718 5663 812 5734 qui
841 5662 1049 5716 ultimis
1086 5661 1261 5716 Paris.
1306 5660 1438 5716 edit.
1485 5660 1837 5734 praefuerunt,

244 5731 570 5806 particulam
592 5731 768 5806 quani,
793 5743 1128 5806 antevoces,
1153 5749 1270 5806 cum
1288 5735 1493 5806 otiosus
1514 5739 1666 5806 esset,
1685 5731 1843 5806 quasi

246 5800 444 5858 sensui
490 5800 844 5863 necessariam
876 5804 1158 5861 addidere.
1191 5803 1302 5861 Sed
1345 5819 1409 5860 ea
1456 5804 1558 5858 hoc
1597 5801 1699 5856 loci
1737 5817 1842 5855 non

1947 5170 2033 5218 est
2077 5174 2243 5229 opus,
2267 5174 2392 5231 eum
2425 5159 2615 5230 procul
2652 5159 2819 5215 dubio
2849 5159 3063 5231 ellipsis
3092 5158 3341 5231 quzedam
3373 5160 3447 5214 sit
3477 5160 3548 5214 ita

1946 5232 2248 5301 supplenda
2277 5249 2290 5286 :
2326 5229 2440 5286 Nec
2470 5231 2669 5303 primus
2695 5229 3039 5303 scivitrmiuus
3060 5230 3255 5286 otiosus
3282 5247 3407 5294 esse,
3432 5246 3548 5285 cum

1946 5306 2144 5358 otiosus
2174 5313 2325 5359 esset.
2372 5301 2485 5358 Duo
2523 5313 2708 5358 tamen
2753 5301 2970 5357 codices
3007 5302 3226 5369 legunt,
3256 5318 3347 5357 nec
3375 5303 3549 5356 minus

1944 5386 2203 5447 pugnaret
2228 5392 2381 5445 quam
2411 5374 2602 5441 ueteri,
2626 5391 2719 5429 nec
2746 5374 2937 5429 otiosus
2964 5381 3114 5440 esset,
3142 5379 3248 5428 etc.
3274 5372 3392 5427 Non
3413 5374 3548 5427 satis

1942 5457 2091 5503 ante.

1979 5462 2324 5585 pteAmerbq
2343 5517 2473 5574 Gill.
2496 5531 2561 5571 ac
2584 5532 2714 5571 mss.
2746 5531 2850 5570 non
2876 5516 3055 5585 pauci,
3080 5513 3280 5587 magnis
3303 5513 3549 5587 lacertis;

1946 5589 2144 5645 melius
2175 5597 2379 5654 tamen,
2412 5589 2588 5659 magni
2619 5587 2859 5659 lacertis,
2885 5596 2944 5641 ut
2971 5588 3025 5642 in
3053 5585 3291 5659 caeteris.
3326 5585 3390 5659 Et
3418 5599 3555 5640 eon-

1946 5663 2104 5716 tinuo
2136 5670 2282 5729 post,
2311 5661 2439 5714 Era.
2472 5657 2526 5713 et
2555 5672 2672 5727 seq.
2708 5658 2840 5713 edit.
2874 5673 2996 5714 cum
3042 5657 3387 5729 paucissimis
3414 5667 3562 5729 mss.

1948 5733 2057 5788 suis
2088 5726 2314 5794 meritis;
2344 5729 2568 5785 Amerb;
2614 5726 2743 5784 vero
2772 5744 2896 5785 cum
2932 5726 3057 5787 aliis
3097 5729 3258 5799 longe
3300 5726 3550 5799 pltlrlmis

1949 5818 2015 5857 ac
2046 5801 2463 5870 probatissimis,
2497 5801 2622 5857 solis
2649 5800 2863 5855 meriti-5'.
