4030 6188
393 230 498 289 147

1728 229 1978 293 SANC'H
2015 231 2338 295 ANBROSN

3596 237 3705 298 448

458 350 516 407 6.
545 348 904 409 Conferamus
925 358 949 387 α
973 348 1078 404 hoc
1098 349 1269 405 otium
1298 362 1423 404 cum
1449 346 1684 404 aliorum
1716 348 1851 407 otio.
1884 346 1993 409 Alii
2021 349 2078 415 Α
2102 350 2233 407 utile
2250 364 2315 407 an
2341 350 2532 409 inutile
2564 369 2578 413 ;
2609 352 2860 410 similiter
2890 356 2992 411 hoc
3017 353 3390 420 loco,utrumd
3414 352 3705 411 liOilO.-lillll

388 444 536 499 cnim
566 442 940 515 requiescendi
965 458 1127 498 causa
1150 441 1418 498 abducere
1439 443 1681 498 animum
1710 458 1738 499 a
1767 442 1997 517 negotiis

388 541 592 606 solent,
626 550 678 594 et
706 554 734 593 a
762 544 1032 594 conventu
1065 548 1321 609 coetuque
1357 535 1639 593 hominum
1675 536 1998 593 subtrahere

389 648 542 700 sese;
577 640 632 686 et
661 640 751 685 aut
779 631 920 686 ruris
944 639 1130 701 petere
1160 641 1460 697 secretum,
1491 638 1715 701 captare
1742 644 1997 703 agrorum

389 725 737 791 solitudines,
769 735 862 780 aut
881 725 1018 780 intra
1050 725 1240 780 urbem
1270 740 1467 782 vacare
1488 725 1695 792 animo,
1721 725 2001 797 indulgere

394 820 561 893 quieti
595 829 650 877 et
680 820 1058 892 tranquillitati
1093 837 1106 873 :
1140 819 1368 876 Elisazus
1394 830 1576 874 autem
1608 828 1698 873 aut
1728 819 1779 874 in
1808 818 2004 874 solitu-

391 914 523 970 dine
540 912 833 970 Jordanem
864 913 1095 969 transitu
1121 927 1220 968 suo
1245 911 1437 968 dividit
1464 910 1554 986 (IV
1587 910 1799 984 Βρεμι,
1830 910 1918 984 8);
1945 919 2007 966 ut

393 1025 521 1082 pars
548 1009 749 1065 deﬂuat
773 1009 1064 1081 posterior,
1099 1008 1354 1079 superior
1380 1016 1561 1061 autem
1591 1006 1646 1061 in
1674 1004 1879 1061 fontem
1912 1019 2002 1059 re-

393 1113 582 1160 currat
610 1124 621 1157 :
655 1112 750 1158 aut
782 1104 833 1158 in
860 1099 1117 1159 Carmclo
1144 1101 1384 1157 resoluta
1425 1098 1452 1139 ι’
1483 1098 1807 1156 difficultate
1840 1112 2006 1170 gene—

397 1199 577 1268 randi,
610 1197 827 1269 inopina
859 1196 1103 1253 sterilem
1146 1194 1505 1265 conceptione
1548 1191 1801 1249 fecundat
1845 1209 1858 1246 :
1910 1198 2007 1247 aut

392 1293 684 1349 resuscitat
710 1292 970 1346 'mortuos
999 1307 1012 1343 :
1042 1297 1137 1347 aut
1166 1289 1413 1345 ciborum
1447 1294 1717 1358 temperat
1746 1284 2007 1343 amaritu-

398 1386 577 1453 diues,
605 1392 662 1442 et
708 1384 838 1440 facit
882 1382 1070 1438 farinae
1116 1379 1453 1437 admixtione
1497 1378 1865 1435 dulcescere:
1915 1384 2011 1432 aut

396 1480 585 1537 decem
639 1478 867 1549 panibus
918 1475 1245 1541 distributis,
1279 1472 1538 1545 reliquias
1586 1473 1817 1544 colligit,
1850 1471 2008 1542 plebe

394 1580 674 1627 saturata:
710 1576 808 1624 aut
846 1568 1049 1625 ferrum
1079 1568 1291 1624 securis
1314 1579 1635 1633 excussum,
1674 1574 1730 1621 et
1771 1565 1827 1619 in
1856 1562 2007 1619 tlnvii

397 1664 655 1722 Iordanis
687 1677 925 1720 mersum
963 1659 1316 1734 profundum,
1349 1658 1518 1715 misso
1549 1659 1601 1714 in
1632 1672 1799 1729 aquas
1835 1657 2007 1729 ligno,

2102 442 2174 498 sit
2201 459 2266 496 an
2299 444 2429 499 utile
2462 444 2706 503 nonnulli
2734 446 3124 517 requirendum
3153 456 3361 518 putant.

2175 535 2229 592 9.
2262 533 2371 591 Nos
2415 546 2598 593 autem
2648 554 2952 605 movemur,
2989 555 3054 595 ne
3106 540 3220 595 Inec
3257 541 3400 596 inter
3447 554 3509 599 se
3556 540 3711 598 velut

2103 628 2523 698 compugnantia
2572 629 2829 685 inducere
2879 631 3185 698 videamur,
3225 646 3347 702 qua:
3388 631 3499 703 jam
3540 647 3710 703 supra

2105 735 2272 773 unum
2303 734 2427 775 esse
2453 721 2795 777 Ostendimus
2822 740 2835 776 :
2862 737 2962 777 nec
2987 732 3010 759 θ
3051 722 3339 779 honestum
3368 738 3488 780 esse
3516 740 3709 796 posse,

2106 811 2208 867 nisi
2234 812 2378 885 quod
2411 813 2576 869 utile:
2613 829 2713 870 nec
2742 815 2898 882 utile,
2933 816 3033 873 nisi
3062 817 3205 887 quod
3239 817 3709 890 honestum;quia

2106 921 2214 961 non
2237 908 2519 977 sequimur
2541 908 2864 979 sapientiam
2891 910 3096 977 carnis,
3130 911 3274 983 apud
3305 927 3466 983 quam
3502 911 3714 970 utilitas

2110 1001 2437 1072 pecuniaria»
2455 1002 2613 1060 istius
2629 1004 3035 1060 commoditatis
3052 1005 3227 1077 pluris
3242 1005 3493 1072 habetur,
3508 1007 3606 1065 sed
3624 1022 3717 1063 sa-

2109 1095 2370 1166 pientiam
2402 1111 2522 1166 quae
2560 1112 2623 1151 ex
2659 1097 2768 1152 Deo
2793 1106 2901 1164 est,
2928 1097 3068 1167 apud
3093 1114 3253 1168 quam
3283 1113 3348 1156 ea
3375 1114 3496 1167 qute
3525 1102 3580 1159 in
3611 1100 3717 1157 hoc

2109 1189 2315 1245 sarculo
2338 1205 2530 1263 magna
2552 1192 2911 1258 aestimantur,
2942 1207 3039 1261 pro
3061 1192 3394 1250 detrimento
3421 1194 3716 1253 habentur.

2182 1282 2269 1339 10.
2315 1280 2428 1341 Hoc
2483 1286 2687 1341 etenim
2728 1287 3054 1364 κατορθώμα,
3099 1287 3245 1358 quod
3276 1285 3294 1329 τ
3324 1288 3627 1358 perfectum
3660 1297 3721 1351 et
3784 1316 3788 1319 ·

2106 1375 2416 1433 absolutum
2447 1377 2689 1435 oliiciutn
2718 1388 2827 1447 est,
2859 1394 2891 1433 a
2923 1395 3055 1439 vero
3091 1381 3311 1437 virtutis
3354 1379 3507 1444 fonte
3549 1381 3723 1454 proﬁ-

2110 1467 2353 1522 ciscitur.
2384 1468 2485 1523 Cui
2511 1469 2810 1525 secundum
2837 1480 2925 1526 est
2950 1486 3245 1528 commune
3278 1472 3544 1539 officium,
3574 1474 3720 1545 quod

2108 1559 2231 1629 ipso
2260 1576 2514 1618 sermone
2540 1564 2880 1635 significatur
2910 1580 3017 1621 non
3051 1580 3173 1623 esse
3198 1567 3387 1625 arduae
3414 1569 3634 1628 virtutis
3655 1584 3725 1629 ac

2111 1652 2428 1725 singularis,
2453 1656 2602 1729 quod
2627 1665 2804 1725 potest
2833 1657 3081 1728 plurimis
3106 1673 3229 1715 esse
3249 1674 3564 1721 commune.
3585 1660 3725 1718 Nam

397 1757 526 1813 facit
557 1765 913 1828 supernatare
945 1773 958 1808 :
991 1762 1083 1810 aut
1130 1753 1521 1810 emundatioue
1561 1752 1865 1824 leprosum,
1917 1760 2011 1807 aut
2041 1743 2089 1809 Β
2116 1749 2360 1818 pecunias
2383 1750 2707 1820 compendia
2728 1762 2952 1820 captare
2978 1751 3248 1810 familiare
3266 1753 3476 1821 multis,
3498 1755 3727 1824 elegan-

406 1853 707 1910 siccitatem
751 1851 1040 1918 imbribus,
1090 1858 1183 1904 aut
1234 1849 1433 1904 famem
1469 1853 1643 1904 mutat
1681 1846 2012 1904 fecunditate

402 1945 496 2021 (iV
526 1945 651 2017 Reg.
686 1961 759 2011 tv,
794 1943 862 1999 i6
883 1952 929 1997 et
956 1959 1084 2013 seq.,
1108 1951 1154 1996 et
1174 1940 1348 2012 alibi.)

476 2040 528 2094 7.
563 2038 792 2109 Quando
818 2052 949 2107 ergo
971 2037 1148 2107 justus
1178 2036 1325 2091 solus
1345 2042 1449 2101 est,
1476 2035 1567 2106 qui
1590 2049 1712 2090 cum
1735 2033 1853 2089 Deo
1871 2047 2015 2087 sem-

408 2147 507 2203 per
536 2130 658 2187 est?
695 2129 924 2197 Quando
952 2127 1228 2184 solitarius
1260 2136 1364 2194 est,
1396 2127 1485 2198 qui
1522 2141 1813 2196 numquam
1852 2139 2015 2194 sepa-

402 2234 558 2280 ratur
575 2239 603 2278 a
632 2223 887 2279 Christo?
916 2223 1042 2289 Quis
1065 2238 1179 2287 nos,
1199 2220 1715 2292 iuquit,separabita
1741 2218 2015 2273 dilectione

408 2317 646 2374 Christi?
672 2317 894 2387 Conﬁdo
934 2317 1057 2386 quia
1086 2331 1248 2387 neque
1285 2331 1449 2382 mors,
1491 2329 1658 2383 neque
1692 2313 1817 2378 vita,
1855 2326 2017 2382 neque

404 2412 622 2482 angelus
671 2409 851 2484 (Rom.
902 2424 1020 2475 rm,
1049 2407 1165 2479 35).
1219 2406 1448 2476 Quando
1487 2415 1669 2462 autem
1716 2404 1948 2461 furiatur
1985 2417 2017 2459 ι

407 2503 654 2575 negotio,
695 2503 785 2571 qui
817 2515 1114 2572 numquam
1157 2499 1384 2556 feriatur
1413 2513 1444 2553 a
1485 2498 1706 2563 merito,
1739 2511 1851 2568 quo
1881 2511 2017 2551 eon-

409 2604 713 2654 summatur
756 2593 1322 2666 nqutiurleuibus
1374 2600 1559 2647 autem
1610 2590 1742 2645 locis
1787 2590 2021 2644 circum-

407 2692 685 2755 scribitur,
714 2689 799 2745 cui
826 2698 974 2743 tutus
1005 2687 1238 2743 mundus
1260 2684 1573 2741 divitiarum
1606 2682 1883 2753 possessio
1902 2682 2021 2738 est!

409 2785 526 2854 Qua
563 2782 927 2838 mstimatione
964 2779 1248 2845 delinitur,
1295 2778 1388 2849 qui
1423 2790 1720 2846 numquam
1765 2776 2022 2846 opinione

409 2874 934 2947 comprehenditur?
977 2873 1193 2929 Etenim
1248 2872 1403 2943 quasi
1464 2871 1746 2942 ignoratur
1794 2878 1853 2925 et
1893 2884 2024 2941 eug-

415 2975 661 3029 uoscitur
691 2990 705 3027 :
738 2971 892 3040 quasi
923 2970 1180 3034 moritur,
1200 2976 1256 3022 et
1274 2981 1404 3022 ecce
1433 2966 1565 3020 vivit
1598 2982 1610 3015 :
1642 2965 1799 3034 quasi
1824 2965 2019 3030 tristis,

412 3076 468 3122 et
509 3077 727 3133 semper
768 3063 946 3117 laetior
997 3076 1009 3113 :
1061 3069 1120 3114 ut
1165 3071 1390 3130 egenus,
1424 3068 1480 3111 et
1534 3057 1715 3128 largus
1765 3074 1777 3109 :

2121 1841 2243 1896 tiori
2272 1843 2522 1898 convivio
2560 1853 2617 1898 et
2663 1845 3005 1901 suavioribns
3033 1846 3295 1902 delectari
3330 1847 3509 1919 epulis
3549 1848 3728 1904 usita-

2118 1945 2231 2017 tum
2262 1944 2346 1991 est
2380 1954 2392 1990 :
2427 1934 2682 2008 Jejuuare
2713 1950 2895 1995 autem
2932 1950 2987 1997 et
3026 1943 3396 1998 continentem
3440 1957 3565 2000 esse
3594 1959 3734 2012 pau-

2114 2042 2304 2087 corum
2332 2039 2448 2095 est;
2488 2040 2543 2089 et
2562 2031 2726 2089 alieni
2753 2032 3007 2102 cupidum
3031 2050 3139 2089 non
3164 2049 3308 2100 esse,
3341 2049 3523 2090 rarum
3548 2053 3562 2090 :
3590 2050 3732 2092 con-

2121 2133 2200 2180 tra
2230 2133 2411 2181 autem
2438 2125 2732 2183 detrahere
2763 2128 2904 2184 velle
2929 2129 3112 2194 alteri,
3146 2137 3199 2184 rt
3222 2143 3327 2185 uou
3351 2143 3472 2185 esse
3498 2139 3736 2186 conten-

2121 2227 2232 2273 tum
2263 2233 2391 2285 suo;
2428 2235 2550 2275 nam
2580 2220 2632 2274 in
2668 2220 2770 2276 hoc
2795 2236 2915 2277 cum
2953 2222 3225 2297 plerisque
3254 2224 3591 2278 consortium
3620 2232 3732 2280 est.

2121 2313 2239 2368 Alia
2283 2314 2446 2384 igitur
2478 2314 2669 2382 prima,
2715 2314 2819 2369 alia
2854 2324 2879 2361 κ
2909 2316 3088 2372 media
3135 2313 3334 2372 ofﬁcia.
3380 2315 3562 2372 Prima
3602 2331 3736 2376 cum

2121 2406 2327 2479 paucis,
2355 2409 2533 2464 media
2563 2424 2685 2464 cum
2715 2409 2981 2480 pluribus.

2196 2500 2285 2556 ii.
2318 2499 2564 2572 Denique
2593 2501 2648 2556 in
2676 2502 2870 2557 iisdem
2901 2501 3084 2559 verbis
3112 2502 3432 2575 frequenter
3463 2503 3738 2563 discretio

2123 2602 2227 2649 est.
2271 2592 2449 2651 Aliter
2473 2596 2619 2651 enim
2649 2596 2852 2651 bonum
2885 2596 3052 2652 Deum
3078 2597 3330 2664 dicimus,
3364 2597 3524 2653 aliter
3552 2597 3741 2654 homi-

2126 2703 2249 2745 nem
2282 2705 2296 2743 ι
2331 2689 2490 2745 aliter
2515 2689 2725 2759 justum
2754 2687 2780 2726 ιι
2817 2690 2986 2746 Deum
3028 2691 3386 2765 appellamus,
3432 2690 3591 2751 aliter
3636 2690 3745 2748 ito-

2122 2784 2351 2838 minem.
2386 2784 2654 2839 Similiter
2682 2793 2737 2839 et
2764 2786 3068 2854 sapientem
3100 2785 3270 2840 Deum
3299 2787 3455 2841 aliter
3475 2783 3743 2855 dicimus,

2126 2879 2289 2933 aliter
2341 2876 2636 2934 hominem.
2688 2879 2844 2946 Quod
2897 2888 2954 2935 et
3000 2880 3052 2934 in
3099 2879 3391 2951 Evangelia
3421 2879 3687 2936 docentur
3725 2899 3740 2939 :

2131 2971 2305 3027 Estote
2328 2989 2450 3043 ergo
2485 2982 2533 3027 et
2560 2989 2648 3027 vos
2679 2974 2916 3044 perfecti,
2959 2974 3090 3028 sicut
3131 2982 3177 3028 et
3204 2984 3348 3044 pater
3373 2985 3536 3029 vester
3561 2975 3654 3043 qui
3682 2976 3743 3031 in

1834 3066 1890 3109 ιιι
1928 3057 2018 3127 qui

2137 3066 2265 3120 tortis
2292 3076 2389 3128 est,
2424 3068 2678 3137 perfectus
2707 3075 2779 3119 est
2824 3064 3039 3136 (Matth.
3070 3081 3123 3132 ν,
3148 3062 3260 3139 48).
3289 3064 3471 3135 Ipsum
3506 3064 3745 3123 Paulum

414 3159 547 3214 nihil
581 3157 798 3220 haheat,
818 3164 873 3210 et
900 3152 1178 3225 possideat
1199 3153 1381 3205 omnia
1411 3149 1480 3222 (li
1504 3148 1626 3207 Cor.
1656 3165 1733 3215 v1,
1766 3149 1844 3219 8).
1876 3148 2020 3204 Nihil
2049 3137 2095 3199 C
2128 3159 2253 3229 tego
2282 3158 2585 3229 pel-rectum
2624 3169 2679 3213 ει
2710 3173 2819 3213 mm
2859 3158 3184 3229 perrectum.
3216 3137 3351 3214 Nam
3392 3173 3518 3214 cum
3563 3159 3746 3215 ams-

415 3253 560 3308 enim
595 3259 803 3319 spectat
846 3246 929 3301 vir
969 3246 1171 3315 justus,
1207 3244 1309 3299 nisi
1343 3244 1491 3314 quod
1537 3253 1799 3298 constans
1832 3251 1886 3297 et
1926 3242 2026 3296 ho-

420 3352 636 3400 nestum
687 3353 794 3397 est.
848 3340 915 3395 Et
962 3339 1085 3393 ideo
1114 3337 1326 3393 etiamsi
1374 3337 1465 3390 alii
1513 3336 1757 3390 videatur
1794 3348 2020 3404 pauper,

418 3437 521 3492 sibi
554 3436 710 3490 dives
735 3440 858 3488 est:
888 3432 979 3502 qui
1009 3445 1116 3485 non
1160 3445 1352 3485 eorum
1382 3442 1505 3499 quae
1530 3428 1759 3492 caduca,
1790 3427 1887 3482 sed
1933 3441 2024 3481 eo-

420 3547 542 3587 rum
572 3542 699 3600 quas
724 3537 930 3581 interna
957 3533 1106 3589 sunt,
1134 3522 1497 3577 mstimatioue
1526 3532 1802 3576 censetur.

1058 3615 1292 3673 CAPUT
1332 3613 1397 3670 ll.

420 3718 573 3786 Quod
603 3715 902 3786 philosophi
941 3713 1005 3768 de
1034 3710 1236 3767 honesti
1276 3718 1431 3779 atque
1462 3706 1611 3765 utilis
1636 3707 2027 3779 cotuparatioue

490 3810 786 3881 disputant,
821 3808 921 3861 hoc
942 3804 1091 3878 apud
1120 3802 1456 3859 Christianos
1483 3800 1652 3855 locum
1682 3817 1790 3855 non
1815 3801 2025 3867 habere,

492 3904 679 3973 quibus
700 3900 834 3957 nihil
862 3901 991 3955 utile
1010 3899 1114 3955 nisi
1141 3896 1278 3968 quod
1298 3898 1527 3970 justum.
1562 3895 1697 3964 Qus
1720 3896 1886 3966 ofﬁcia
1912 3912 2028 3967 per-

495 3999 651 4067 fecta,
693 4008 869 4065 quartae
896 3992 1112 4047 media?
1140 3990 1364 4045 Easdem
1392 4004 1539 4044 uoces
1582 3989 1798 4044 diversis
1827 3990 2028 4043 diverse

492 4087 767 4143 eoumire
794 4100 814 4141 :
848 4094 1108 4157 postremo
1134 4083 1303 4137 virum
1320 4086 1527 4155 justum
1550 4097 1830 4151 numquam
1854 4081 2027 4136 alieno

492 4181 821 4239 incommodo
864 4176 1190 4233 commodum
1231 4180 1385 4230 suum
1426 4190 1676 4245 "terere,
1704 4174 1798 4229 sed
1843 4185 2028 4233 contra

496 4289 697 4344 semper
712 4272 939 4327 aliorum
958 4271 1162 4326 studere
1184 4268 1418 4323 utilitati.

497 4367 552 4425 8.
583 4368 649 4423 Et
678 4364 938 4439 quoniam
966 4364 1038 4419 de
1064 4361 1283 4419 duobus
1311 4360 1682 4431 superioribus
1724 4361 1859 4419 locis
1886 4361 2029 4417 dixi-

423 4476 571 4529 mus,
603 4462 658 4515 in
678 4459 881 4532 quibus
900 4468 924 4498 ο
944 4457 1234 4515 honestum
1266 4453 1396 4508 illud
1423 4461 1481 4510 et
1497 4454 1627 4510 utile
1645 4456 2023 4525 "notavimus,

423 4557 675 4628 sequitur
713 4563 898 4609 utrum
950 4550 1294 4605 honestatem
1341 4557 1399 4603 et
1445 4547 1733 4604 utilitatem
1790 4548 1934 4604 inter
1973 4563 2034 4607 se

424 4661 752 4719 comparare
777 4644 1103 4710 debeamus,
1132 4652 1189 4697 et
1224 4655 1476 4712 quterere
1503 4641 1635 4712 quid
1682 4642 1754 4701 sit
1798 4655 2035 4713 eoque"-

2128 3261 2214 3308 aet
2244 3270 2259 3308 :
2292 3251 2415 3306 Non
2445 3253 2585 3318 quod
2609 3254 2714 3321 iam
2736 3253 3044 3321 acceperim,
3068 3262 3159 3306 aut
3174 3254 3291 3325 jam
3313 3254 3567 3321 perfectus
3592 3251 3694 3305 sim
3724 3266 3746 3307 :

2127 3362 2312 3415 sequor
2344 3355 2515 3399 autem
2544 3347 2590 3400 si
2617 3344 3049 3413 comprehendam
3074 3344 3243 3415 (Phil.
3278 3359 3358 3407 ιιι,
3404 3342 3515 3415 12),
3547 3343 3742 3400 statim

2127 3429 2398 3508 subjecit:
2434 3438 2754 3507 Quicumque
2782 3452 2902 3508 ergo
2928 3437 3144 3508 perfecti
3182 3452 3357 3490 sumus
3384 3434 3578 3508 (lbid.,
3614 3430 3739 3508 15).

2132 3530 2337 3601 Duplex
2367 3530 2513 3584 enim
2563 3531 2738 3611 forma
2781 3528 3136 3601 perfectionis
3178 3546 3192 3582 ι
3223 3528 3326 3582 alia
3356 3528 3588 3593 medios,
3624 3527 3747 3587 alia

2132 3625 2320 3694 plenos
2350 3638 2613 3679 numeros
2652 3623 2897 3679 habens:
2928 3625 3034 3677 alia
3068 3624 3177 3688 hic,
3210 3623 3317 3677 alia
3343 3622 3417 3678 ibi
3451 3642 3464 3679 :
3503 3622 3609 3677 alia
3640 3636 3744 3680 se-

2125 3717 2361 3773 cundum
2398 3718 2634 3774 hominis
2664 3717 3104 3788 possibilitatem,
3140 3717 3244 3772 alia
3282 3717 3582 3772 secundum
3608 3730 3748 3787 per-

2129 3811 2420 3868 fectionem
2454 3811 2648 3867 futuri.
2682 3812 2825 3867 Deus
2854 3824 3033 3867 autem
3057 3812 3239 3883 justus
3272 3824 3371 3882 per
3398 3815 3602 3875 omnia,
3636 3824 3751 3883 sa-

2129 3908 2285 3978 piens
2309 3922 2473 3976 super
2499 3907 2707 3972 omnia,
2734 3905 3007 3977 perfectus
3042 3906 3097 3959 in
3128 3904 3405 3961 omnibus.

2204 4000 2292 4054 η.
2320 3999 2469 4055 Inter
2497 4000 2646 4071 ipsos
2675 4015 2890 4071 queque
2920 3998 3172 4055 homines
3197 3999 3452 4054 distantia
3482 4008 3588 4055 eet.
3617 3994 3746 4056 Ali-

2132 4101 2216 4149 ter
2246 4094 2429 4149 Daniel
2462 4095 2705 4166 sapiens.
2734 4094 2803 4150 de
2829 4110 2938 4165 quo
2960 4094 3169 4150 dictum
3198 4101 3318 4150 est:
3356 4093 3485 4161 Quis
3520 4092 3752 4152 Daniel:

2128 4187 2413 4256 sapientior
2443 4187 2657 4260 (Emit.
2692 4203 2886 4255 xxvnt,
2919 4189 3013 4257 ‘5)?
3058 4187 3236 4243 Aliter
3274 4187 3369 4241 alii
3423 4187 3747 4259 sapientes,

2128 4279 2291 4333 aliter
2337 4278 2621 4348 Salomon,
2671 4281 2762 4351 qui
2819 4281 3062 4350 repletus
3116 4287 3199 4334 est
3251 4278 3517 4346 sapientia
3568 4292 3751 4349 super

2130 4385 2348 4426 omnem
2371 4370 2694 4439 sapientiam
2734 4372 3105 4442 antiquorum,
3136 4378 3192 4425 et
3218 4383 3381 4439 super
3410 4383 3601 4425 omnes
3645 4384 3750 4426 sa-

2131 4464 2344 4535 pientes
2375 4464 2598 4537 Egypti
2629 4465 2724 4537 (lli
2767 4466 2893 4538 Reg.
2940 4480 3018 4531 tv,
3067 4464 3139 4521 29
3178 4474 3225 4519 et
3270 4464 3425 4536 ιαμ).
3458 4463 3620 4520 Aliud
3651 4474 3756 4525 est

2136 4560 2282 4614 enim
2326 4560 2690 4615 communiter
2736 4573 2971 4630 sapere,
3031 4558 3178 4613 aliud
3230 4571 3424 4628 sapere
3470 4556 3747 4628 perfecte.

2145 4648 2281 4719 iQui
2314 4652 2677 4708 communiter
2695 4654 2857 4724 sapit,
2892 4665 2993 4722 pro
3021 4650 3413 4721 temporalibus
3441 4650 3604 4720 sapit,
3638 4665 3755 4720 pro

427 4742 580 4799 dum.
603 4742 756 4799 Sicut
780 4738 926 4794 enim
952 4751 1114 4808 supra
1144 4734 1303 4807 ιιο
1333 4734 1702 4802 tractavimus,
1729 4744 1909 4790 utrum
1934 4736 2018 4791 ho.

2139 4759 2200 4800 se
2229 4746 2403 4815 sapit;
2442 4755 2501 4800 ut
2525 4746 2681 4803 alteri
2709 4746 2909 4818 aliquid
2938 4744 3214 4811 detrahat,
3242 4752 3300 4800 et
3324 4745 3425 4801 sibi
3457 4743 3752 4815 adiungat.

430 4851 646 4898 nestum
671 4834 804 4897 illud
834 4848 905 4889 an
931 4841 1091 4902 turpe
1120 4841 1297 4897 esset;
1329 4837 1387 4885 et
1410 4830 1653 4885 secundo
1689 4829 1830 4898 loco,
1848 4840 2027 4888 utrum

505 5014 531 5042 ιι
553 5004 668 5078 Cic.
698 5000 796 5055 lib.
849 5013 930 5078 ιιι⁸
952 4994 1138 5078 pllio,
1169 5008 1294 5078 pag.
1336 4993 1466 5078 “587,
1506 4992 1602 5051 lin.
1747 5011 1770 5078 τ’
1795 4993 1904 5078 Sed
1940 5012 2034 5055 nec

432 5077 595 5130 otium
626 5073 725 5127 hoc
752 5086 869 5125 cum
898 5063 1135 5138 Africani
1155 5063 1282 5138 otio,
1316 5080 1407 5118 nec
1438 5066 1547 5119 ha’e
1572 5063 1823 5138 solitudo,
1850 5073 1957 5121 etc.

503 5146 531 5185 b
576 5145 708 5201 Mss.
767 5136 995 5209 aliquot,
1045 5136 1355 5209 Difficultate
1400 5146 1447 5189 et
1502 5137 1784 5209 generandi
1836 5137 2031 5207 inopia,

432 5217 657 5272 sterilem
684 5206 1072 5281 conceptionem
1090 5206 1400 5281 {quidamL
1413 5206 1746 5281 confeptione
1764 5206 2032 5281 [ecundah

507 5298 529 5327 ε
560 5286 674 5347 Cic.
708 5285 801 5343 lib.
834 5274 912 5350 in,
942 5293 1061 5353 pag.
1239 5279 1340 5332 lin.
1368 5274 1442 5333 ‘50
1461 5296 1473 5332 :
1494 5274 2031 5350 Pauretius'igitur....

430 5358 594 5415 tribus
616 5354 884 5431 generibus
909 5351 1213 5476 propositis,
1248 5356 1352 5403 etc.
1414 5414 1417 5429 λ

501 5427 529 5467 d
564 5426 691 5476 Mss.
721 5432 908 5476 nonuu
929 5423 991 5476 lt.
1022 5432 1076 5476 et
1103 5421 1309 5474 ultitnte
1344 5416 1410 5475 ed

501 5427 529 5467 ἀ
563 5414 691 5483 Mss.
721 5414 991 5487 nonnulli,
1012 5414 1076 5476 ἐι
1103 5421 1309 5474 uitium
1344 5414 1476 5475 edit.
1518 5414 1720 5486 Paris.,
1764 5420 2031 5481 honestum

429 5502 495 5556 sit
523 5517 591 5557 an
617 5498 803 5553 inutile
827 5512 845 5550 :
874 5494 1195 5562 concinnins
1222 5491 1513 5562 reliqtti,...
1548 5506 1615 5544 an
1646 5491 1791 5547 utile.
1828 5493 2033 5549 Rursus

428 5584 562 5628 vero
589 5570 682 5625 ubi
711 5580 907 5622 omnes
926 5563 1087 5633 edit.,
1114 5560 1225 5617 Nos
1248 5560 1418 5615 autem
1440 5576 1734 5627 mouemus;
1757 5577 1887 5619 mss.
1917 5564 2033 5625 fere

431 5641 500 5697 ad
531 5652 698 5710 unum
728 5635 1048 5710 prteferunt,
1086 5633 1199 5710 Nos
1225 5642 1398 5688 autem
1444 5632 1902 5710 mouemur,_haud
1941 5633 2030 5710 in.

434 5702 753 5777 commode}
793 5705 935 5761 idem
985 5702 1255 5776 siquidem
1310 5710 1416 5771 est,
1445 5716 1512 5759 ac
1555 5703 1598 5758 si
1644 5705 1906 5775 scriptum
1934 5702 2030 5777 sit,

436 5778 548 5843 Nos
579 5786 749 5836 autem
774 5790 1026 5847 ueremur,
1054 5784 1163 5835 etc.
2014 5779 2021 5783 ‘

2135 4836 2244 4904 Qui
2270 4834 2512 4907 perfecte
2540 4839 2702 4910 sapit,
2748 4839 2927 4895 nescit
2973 4852 3071 4894 sua
3115 4847 3371 4908 spectare
3397 4836 3688 4894 commoda
3730 4855 3749 4897 :

2215 5010 2237 5038 ο
2269 5000 2386 5058 Cic.
2421 5003 2516 5059 lib.
2551 5019 2609 5059 ιιι
2650 5003 2828 5070 Ollio,
2869 5019 2992 5076 pag.
3029 5005 3159 5069 589,
3202 5005 3300 5060 lin.
3331 5004 3366 5059 5
3397 5021 3412 5059 :
3463 5002 3600 5058 Nam
3634 5005 3757 5063 sive

2142 5070 2411 5148 honestum
2441 5077 2606 5148 solum
2638 5076 2824 5148 bonum
2856 5070 3033 5143 estut,
3065 5077 3240 5130 stoicis
3267 5077 3452 5148 plactt,
3485 5084 3588 5130 etc.

2217 5142 2238 5182 ί
2273 5145 2433 5209 lbid.,
2466 5147 2564 5203 lin.
2614 5148 2717 5202 l5:
2753 5147 2954 5203 Etenim
2992 5149 3131 5215 quod
3168 5142 3445 5205 summum
3480 5148 3665 5202 bonum
3712 5168 3755 5207 ιι

2141 5214 2317 5270 stoicis
2342 5216 2535 5272 dicitur
2562 5220 2937 5285 conuenienter,
2966 5231 3072 5277 etc.

2215 5294 2240 5361 εξ
2268 5287 2432 5356 Ibid.,
2468 5289 2567 5347 lin.
2598 5290 2670 5346 23
2696 5309 2709 5344 :
2743 5288 2868 5347 licet:
2895 5291 3054 5360 igitur
3073 5289 3248 5347 omnia
3276 5288 3533 5361 (νωθῆ...
3567 5290 3755 5353 media

2140 5358 2288 5427 stoici
2311 5361 2599 5426 appellant,
2623 5378 2684 5414 ea
2713 5358 3026 5427 communia,
3051 5369 3157 5415 etc.

2212 5425 2240 5464 h
2273 5425 2433 5495 lbid’.,
2466 5431 2561 5487 lin.
2607 5433 2674 5487 3o
2706 5451 2718 5485 :
2752 5431 2862 5487 Nec
2897 5425 3156 5487 verorum
3184 5431 3289 5487 duo
3321 5429 3486 5498 Decii,
3517 5439 3611 5485 aut
3634 5431 3755 5490 duo

2143 5498 2414 5581 Scipiones
2444 5504 2600 5572 fortes
2637 5503 2731 5559 uiri
2768 5513 3256 5571 commemorantur,
3286 5513 3373 5559 aut
3399 5519 3516 5558 cum
3545 5500 3757 5568 Fabri.

2140 5579 2271 5636 ctus,
2293 5579 2399 5628 etc.

2220 5641 2236 5678 ¹
2272 5642 2433 5708 ibid.,
2473 5641 2569 5699 lin.
2599 5642 2673 5700 48
2704 5662 2716 5697 :
2749 5646 2854 5714 Qui
2881 5653 3056 5700 autem
3084 5644 3258 5703 omnia
3288 5644 3567 5703 vestiuntur
3596 5661 3759 5709 emo-

2142 5711 2380 5773 lumentis
2402 5724 2448 5779 et
2469 5711 2789 5785 commodis:
2810 5732 2970 5793 neque
2991 5731 3050 5770 ea
3070 5716 3270 5782 volunt,
3297 5723 3406 5777 etc.
