3998 6190
238 243 324 298 lib
1244 245 1330 301 DE
1369 245 1661 305 OFFICIIE
1698 246 2180 310 IINISTBORUM
2220 253 2351 310 LIB.
2397 253 2488 312 ΙΙΙ.

3402 267 3505 324 150

231 361 311 416 sed
339 359 398 415 sd
423 359 548 415 illud
569 361 718 431 quod
751 370 1015 416 alet-nu
1038 371 1143 426 est,
1174 362 1316 434 quod
1337 363 1597 420 decorum
1627 375 1790 436 atque
1817 367 1870 429 Δ
1898 367 2127 424 membri
2153 369 2333 426 ofﬁcia
2363 371 2468 427 sibi
2485 372 2746 441 vindicat,
2777 384 2870 430 aut
2887 377 3084 435 oculos
3105 380 3346 438 ofﬁcium
3370 385 3504 452 oris,

231 454 511 518 honestum,
533 463 652 509 toto
683 456 880 511 aﬂectu
923 457 1174 524 intendit,
1220 473 1471 529 quarens
1497 473 1608 514 non
1647 459 1791 530 quod

227 547 314 602 sibi
342 545 462 601 utile
487 555 592 612 est,
621 547 724 602 sed
756 548 898 618 quod
921 550 1195 605 munibus.

293 640 366 692 ιδ.
408 637 589 708 Itaque
632 648 661 675 ι
693 639 809 694 haec
856 643 926 694 sit
957 641 1213 709 formula,
1263 652 1320 697 ut
1358 644 1501 698 inter
1525 643 1638 698 duo
1670 645 1789 713 illa,

231 733 486 788 honestum
520 743 688 802 atque
735 734 886 800 utile,
919 750 1107 792 errare
1154 751 1516 808 nequeamus;
1543 753 1612 794 eo
1645 739 1793 809 quod

234 828 362 897 ll],
383 826 556 894 juszus
586 827 726 880 nihil
751 829 906 883 alteri
939 829 1330 885 detrahendum
1359 841 1534 902 putet,
1576 847 1678 888 nec
1715 833 1794 886 :tl-

229 922 372 973 terius
424 919 774 976 incommodo
817 937 974 976 suum
1017 925 1361 980 commodum
1415 927 1602 997 augeri
1639 927 1792 982 velit.

227 1010 356 1066 Hauc
406 1010 637 1066 fortnam
686 1014 782 1068 tibi
838 1017 1143 1084 praescribit
1192 1018 1492 1088 Apostolus
1541 1020 1728 1076 dicens
1776 1039 1789 1075 :

230 1103 392 1157 Omnia
414 1106 586 1168 licent,
615 1105 710 1160 sed
730 1123 833 1161 non
862 1109 1039 1162 omnia
1069 1112 1348 1177 expediunt
1367 1127 1386 1165 :
1413 1114 1590 1166 omnia
1615 1114 1792 1180 licent,

221 1197 301 1250 sed
323 1214 412 1250 non
435 1200 608 1252 otrttsia
632 1199 916 1266 aediﬁcant.
951 1199 1119 1254 Nemo
1139 1204 1276 1272 quod
1302 1219 1455 1257 suum
1479 1215 1553 1259 est
1571 1215 1790 1274 quierat,

211 1287 300 1342 sed
321 1290 448 1358 quod
471 1289 692 1345 alterius
721 1291 766 1364 (l
792 1292 912 1347 Cor.
942 1309 996 1359 ι,
1038 1293 1164 1363 22);
1195 1296 1300 1351 hoc
1337 1307 1420 1352 est
1453 1313 1615 1353 neruo
1643 1314 1793 1354 com-

221 1385 410 1438 modam
438 1399 596 1440 suum
627 1398 860 1457 quaerat,
891 1389 987 1444 sed
1019 1389 1244 1445 alterius
1276 1408 1289 1442 :
1327 1407 1491 1448 nemo
1522 1393 1790 1450 honorem

219 1491 356 1534 suum
379 1491 612 1549 quaerat,
643 1481 744 1537 sed
773 1484 1020 1537 alterius.
1048 1483 1202 1540 Unde
1232 1497 1287 1540 et
1314 1487 1444 1541 alibi
1488 1487 1622 1542 dicit
1655 1505 1668 1540 :
1700 1487 1794 1542 Αι-

222 1582 283 1624 ter
323 1575 536 1626 alterum
591 1577 949 1630 existimantes
1007 1580 1328 1648 superiorem
1376 1581 1498 1648 sibi,
1549 1599 1651 1635 non
1678 1599 1793 1652 quia

221 1681 300 1718 sua
321 1676 431 1720 sunt
457 1668 653 1739 singuli
677 1671 986 1740 cogitantes,
1013 1674 1103 1725 sed
1131 1688 1246 1742 qua:
1262 1673 1490 1728 aliorum
1521 1673 1788 1747 (Philipp.

220 1773 272 1825 ιι,
295 1761 344 1823 5,
376 1762 446 1834 4).

280 1853 357 1908 Η.
384 1853 547 1910 Nemo
574 1857 748 1912 etiam
771 1871 924 1911 suam
951 1859 1179 1927 gratiam
1201 1868 1431 1930 qutcrat,
1453 1876 1614 1917 nemo
1635 1877 1788 1917 suam

222 1949 426 2019 laudem,
457 1953 549 2006 sed
577 1953 834 2008 alterius.
870 1953 1027 2021 Quod
1059 1955 1344 2010 evidenter
1375 1956 1536 2011 etiam
1575 1957 1629 2012 in
1660 1959 1793 2013 Pro-

222 2043 393 2098 verbiis
435 2044 778 2100 declaratum
847 2060 1139 2116 possumus
1207 2048 1514 2116 advertere,
1574 2048 1792 2106 dicente

222 2147 378 2190 sancto
404 2155 496 2205 per
537 2139 893 2194 Salomouem
938 2139 1143 2210 Spiritu
1171 2158 1184 2194 :
1219 2139 1349 2209 Fili,
1384 2145 1427 2196 si
1453 2145 1658 2214 sapiens
1681 2147 1793 2216 fue-

223 2230 298 2295 ris,
317 2231 398 2282 tibi
424 2233 633 2300 sapiens
660 2233 764 2286 eris
789 2243 838 2286 et
871 2234 1120 2301 proximis
1147 2251 1165 2298 ;
1201 2236 1244 2288 si
1272 2246 1444 2289 autem
1474 2237 1644 2291 malus
1673 2253 1792 2292 eua-

223 2326 345 2389 seris,
392 2326 526 2379 solsts
572 2325 796 2379 hauries
855 2327 993 2380 mala
1036 2325 1223 2398 (Prov.
1274 2343 1348 2395 is,
1401 2329 1516 2400 12).
1557 2330 1791 2400 Sapiens

225 2420 342 2472 enim
381 2421 496 2474 aliis
546 2421 816 2487 consulit,
861 2423 1000 2475 sicut
1040 2422 1251 2491 justus;
1305 2427 1525 2494 quando
1571 2427 1789 2496 quidem

223 2526 418 2567 consors
445 2514 526 2568 sui
553 2524 674 2580 est,
707 2513 993 2583 utriusque
1019 2513 1194 2569 forma
1224 2517 1462 2573 virtutis.

809 2608 1038 2665 CAPUT
1085 2609 1176 2664 ΙΙΙ.

223 2701 519 2760 Prmissuut
577 2705 644 2758 tle
692 2721 798 2758 non
854 2704 1135 2774 querendo
1186 2707 1398 2773 proprio
1449 2710 1792 2766 emolumento

277 2808 574 2867 praceptuns
601 2807 835 2868 urgetur,
869 2801 1096 2868 primum
1115 2817 1146 2852 a
1165 2799 1363 2853 Christi
1388 2803 1644 2872 exemplo,
1684 2815 1792 2858 tum

274 2889 329 2941 ob
352 2892 772 2961 interpretatione
791 2893 1039 2957 nominis,
1061 2893 1282 2963 denique
1306 2896 1369 2948 ab
1393 2897 1505 2968 ipsa
1529 2901 1788 2953 membro-

277 3003 382 3038 rum
411 2993 586 3056 {arma
605 2997 655 3039 et
701 2987 900 3041 usibus.
936 2986 1086 3042 Unde
1109 2991 1337 3042 ostendit
1370 3007 1526 3058 quam
1565 2994 1795 3063 ﬂagitio-

280 3095 379 3132 sum
402 3081 466 3134 sit
494 3081 692 3134 aliena:
716 3080 930 3132 utilitati
971 3081 1271 3146 detrahere;
1299 3097 1419 3134 cum
1469 3084 1565 3136 hoc
1606 3085 1795 3140 scelere

277 3174 512 3231 naturalis
547 3175 636 3228 lea:
660 3187 802 3244 usque
836 3189 900 3226 ac
924 3173 1098 3227 divina
1126 3174 1365 3239 violetur,
1395 3184 1546 3246 atque
1582 3178 1792 3246 insuper

274 3266 393 3320 illud
415 3269 693 3322 amittatur
717 3283 818 3338 quo
845 3277 1154 3338 prestamus
1195 3269 1391 3322 steteris
1422 3270 1793 3338 animantibus,

277 3363 340 3414 ad
375 3373 690 3431 postremum
738 3363 873 3433 leges
923 3362 1101 3416 civiles
1161 3377 1278 3415 cum
1326 3379 1529 3417 summa
1575 3365 1796 3433 infantia

275 3459 651 3512 conculcentur.

283 3550 356 3604 15.
386 3550 440 3606 Si
468 3551 598 3620 quis
627 3550 790 3620 igitur
805 3552 923 3604 vult
949 3551 1164 3620 placere
1193 3551 1466 3616 omnibus,
1493 3566 1590 3621 per
1611 3551 1793 3605 omnia

219 3653 394 3711 quaerat
439 3657 551 3696 non
582 3643 727 3713 quod
779 3643 885 3697 sibi
929 3643 1064 3697 utile
1099 3651 1208 3708 est,
1256 3642 1351 3698 sed
1395 3643 1539 3712 quod
1582 3642 1792 3709 multis,

221 3736 336 3789 sicut
360 3738 640 3807 qumrebat
660 3746 718 3790 et
749 3736 965 3790 Paulus.
1017 3735 1132 3790 Hoc
1160 3742 1244 3790 est
1283 3740 1432 3790 enim
1465 3734 1794 3789 conformari

222 3826 440 3899 Christo,
497 3831 736 3886 alienum
790 3845 902 3885 non
953 3843 1241 3901 qumrere,
1293 3829 1429 3884 nihil
1481 3830 1640 3884 alteri
1700 3828 1797 3884 de-

224 3921 410 3979 trahere
440 3966 457 3990 ,
509 3934 571 3978 ut
612 3926 863 3995 acquirat
900 3923 1004 3978 sibi
1074 3921 1341 3997 (Philipp.
1395 3938 1464 3985 u,
1497 3924 1532 3976 6
1565 3933 1612 3976 et
1637 3923 1791 3995 seq.).

223 4011 444 4071 Christus
489 4017 634 4072 enim
687 4018 950 4072 Dominus
1001 4033 1124 4072 cum
1161 4026 1312 4072 esset
1363 4017 1420 4070 in
1471 4016 1566 4070 Dei
1595 4015 1792 4082 forma,

227 4107 494 4164 cxinanivit
520 4125 600 4176 se,
629 4119 691 4165 ut
716 4111 950 4166 formam
994 4113 1298 4181 susciperet
1335 4109 1595 4174 hominis,
1634 4123 1795 4179 quam

230 4215 423 4267 ονετιιηι
461 4220 683 4258 suorum
748 4205 1112 4273 locupletaret
1162 4202 1480 4257 virtutibus.
1540 4199 1620 4255 Tu
1664 4215 1796 4270 ergo

225 4293 426 4359 spolias,
451 4311 607 4366 quem
628 4294 881 4350 Christus
910 4295 1121 4350 induit?
1147 4295 1420 4360 Tuesuis,
1443 4309 1602 4365 quem
1632 4291 1799 4347 vesti-

231 4384 292 4438 vit
332 4384 605 4444 Christus?
649 4389 764 4446 lloc
811 4390 957 4444 enim
997 4387 1131 4459 agis,
1169 4389 1385 4460 quando
1434 4387 1656 4442 alterius
1700 4383 1797 4440 de-

228 4479 456 4538 trimento
484 4493 571 4540 tua
599 4483 890 4539 commoda
921 4498 1122 4552 augere
1143 4483 1380 4553 expetis.

289 4573 370 4628 ιιι.
399 4572 714 4643 Considera,
744 4593 776 4631 ο
800 4577 988 4641 homo,
1020 4577 1162 4631 unde
1209 4591 1408 4631 nomen
1457 4574 1792 4644 sumpseris;

234 4663 289 4718 ab
331 4668 484 4726 bumo
533 4672 736 4742 utique,
786 4688 906 4741 quze
966 4671 1100 4726 nihil
1167 4672 1416 4742 cuiquam
1471 4672 1655 4740 eripit,
1701 4669 1796 4723 sed

233 4760 393 4814 omnia
417 4762 635 4835 largitur
660 4765 937 4828 omnibus,
963 4774 1018 4819 et
1035 4765 1281 4821 diversos
1300 4766 1350 4819 in
1372 4780 1525 4819 usum
1552 4763 1795 4818 omnium

233 4855 552 4912 animantium
603 4859 810 4916 fruetus
859 4861 1156 4914 ministrat.
1205 4858 1336 4914 Inde
1387 4859 1654 4928 appellata
1704 4859 1800 4911 Iut—

234 4949 442 5004 manitas
467 4952 715 5021 specialis
758 4963 812 5008 et
841 4952 1141 5008 domestica
1172 4953 1344 5007 virttts
1375 4950 1634 5022 hominis,
1679 4965 1800 5022 quze

235 5053 513 5102 consortem
535 5049 775 5118 adjuvet.

297 5134 377 5190 Π.
403 5138 511 5209 ipsa
543 5151 594 5197 te
621 5142 866 5198 doceatb
897 5141 1071 5197 forma
1103 5142 1176 5196 tui
1206 5140 1474 5212 corporis,
1522 5139 1798 5195 membro-

238 5239 436 5302 rumque
489 5249 633 5290 usus.
689 5236 962 5308 Numquid
1016 5236 1319 5292 membrum
1353 5243 1528 5304 '_tuum
1577 5234 1804 5289 alterius

305 5391 558 5477 “Cic-xliii.
586 5415 642 5454 ιιι
661 5398 857 5477 Ollic.,_
876 5414 929 5468 p.
959 5397 1088 5462 390.
1111 5397 1226 5477 _Iin.
1259 5401 1317 5477 ll
1354 5416 1368 5454 :
1406 5397 1590 5477 Itaque
1615 5408 1669 5449 ut
1698 5395 1809 5477 sine

243 5479 386 5547 more
398 5467 680 5541 dijudicare
714 5467 1326 5547 polisitittl}....-formula
1354 5471 1591 5547 quatdqm
1620 5467 1810 5547 τρυφή.

245 5539 404 5592 tuenda
441 5539 546 5602 est,
602 5539 724 5598 etc.’
767 5542 829 5597 Et
874 5541 1013 5595 infra
1069 5543 1165 5597 lin.
1199 5543 1261 5600 2i
1295 5561 1308 5598 :
1346 5542 1626 5597 Detrahere
1654 5541 1812 5607 igitur

249 5608 413 5672 aliquid
436 5613 601 5677 alteri,
632 5625 679 5668 et
708 5612 1001 5678 hominem,
1031 5623 1138 5667 elc.

317 5677 457 5736 δατ.
485 5683 580 5752 ιρι».
613 5701 671 5740 ιιι
702 5684 861 5756 Ollio.
895 5677 1021 5756 pag.
1055 5685 1181 5748 590,
1210 5685 1306 5739 lin.
1339 5685 1407 5740 ‘27
1429 5701 1456 5756 _:
1503 5681 1572 5737 Ut
1599 5679 1735 5734 enim
1778 5679 1820 5734 si

260 5759 613 5832 tumulique
637 5754 924 5818 membrum
949 5754 1156 5816 sensum
1185 5757 1325 5813 hunc
1349 5754 1579 5818 haberet,
1603 5758 1707 5811 etc.

1823 4533 1875 4595 Ι)

1895 471 1990 517 aut
1998 478 2062 518 os
2073 464 2216 518 oculi
2233 463 2296 519 of
2297 467 2471 520 licium
2487 467 2590 522 sibi
2603 469 2815 525 vindica
2825 480 2838 524 ι
2849 513 2863 537 ,
2878 480 2974 526 aut
2986 486 3177 530 uiantis
3190 477 3384 547 pedum
3398 479 3474 533 mi
3486 507 3505 520 -

1896 557 2206 625 nisterium,
2236 568 2329 613 aut
2349 576 2449 630 pes
2478 564 2768 617 manuum?
2793 566 2935 632 Quin
2959 567 3124 622 etiam
3153 571 3287 638 ipsae
3311 586 3507 628 manus

1895 650 2127 707 dextera
2171 668 2237 707 ac
2277 654 2503 708 sinistra
2531 657 2820 726 dispnl'liia
2859 657 3064 715 habent
3101 659 3282 717 ofﬁcia
3329 666 3504 732 plera-

1895 758 2027 813 que,
2059 753 2117 797 ut
2143 744 2189 798 si
2220 760 2376 800 usum
2403 761 2712 803 commutes
2741 751 3050 822 utriusque,
3080 754 3372 810 adversum
3407 773 3505 812 na-

1897 846 2073 892 turam
2103 838 2207 905 sit;
2251 841 2514 910 priusque
2561 852 2737 897 totum
2785 844 3062 901 hominem
3109 863 3302 916 exuas,
3337 865 3501 921 quam

1897 933 2263 989 membrorum
2296 947 2514 991 tuorum
2544 939 2846 994 ministeria
2877 951 3170 997 convertas
3197 962 3209 998 :
3234 946 3279 998 si
3301 955 3396 1000 aut
3435 946 3504 1002 de

1892 1027 2115 1082 sinistra
2137 1030 2318 1085 cibum
2351 1046 2638 1103 suggeras,
2671 1045 2765 1088 aut
2793 1034 2860 1090 de
2884 1035 3112 1092 dextera
3141 1039 3380 1108 fungaris
3403 1043 3502 1096 mi-

1895 1122 2122 1177 nisterio
2177 1123 2436 1190 sinistra,
2489 1133 2548 1180 ut
2594 1128 2853 1198 reliquias
2884 1131 3133 1186 ciborum
3163 1133 3356 1188 abluas
3397 1136 3500 1190 nisi

1896 1212 2037 1270 forte
2068 1225 2256 1285 poscat
2287 1220 2606 1274 necessitas.

1968 1312 2054 1365 l8.
2079 1310 2250 1381 Finge
2277 1312 2421 1368 hanc
2441 1322 2496 1368 et
2520 1315 2588 1370 da
2615 1316 2776 1370 oculo
2807 1318 3089 1387 virtutem,
3121 1329 3181 1375 ut
3207 1325 3381 1390 possit
3405 1324 3501 1379 dc-

1894 1403 2112 1459 trabere
2137 1419 2356 1459 sensum
2385 1407 2570 1476 capiti,
2592 1409 2832 1464 auditum
2867 1412 3112 1479 auribus,
3144 1417 3301 1487 112
3324 1421 3496 1472 menti

1893 1497 2273 1567 cogitationes,
2300 1499 2584 1555 odoratum
2617 1502 2864 1570 naribus,
2907 1505 2993 1558 ori
3017 1521 3290 1574 saporem,
3319 1519 3372 1564 et
3396 1512 3502 1567 sibi

1895 1593 2168 1656 conferat;
2211 1607 2395 1648 nonne
2434 1609 2652 1649 onmem
2697 1605 2896 1651 statum
2934 1597 3200 1653 dissolvet
3242 1607 3500 1658 naturm?

1898 1684 2051 1740 Unde
2075 1687 2298 1754 pulchre
2320 1687 2618 1758 Apostolus
2649 1688 2725 1744 ait
2762 1708 2776 1744 :
2809 1691 2868 1746 Si
2889 1701 3050 1746 totum
3081 1709 3270 1766 corpus
3296 1698 3500 1763 oculus,

1896 1778 1984 1831 ubi
2004 1779 2258 1832 auditus?
2290 1779 2352 1835 Si
2404 1790 2571 1835 totum
2619 1781 2854 1850 auditus,
2889 1785 2976 1838 ubi
3022 1786 3269 1840 odoratus
3308 1787 3353 1858 (Ι
3382 1788 3504 1844 Cor.

1895 1888 1992 1938 stt,
2028 1871 2156 1944 l'l)?
2181 1872 2388 1928 Omnes
2416 1889 2547 1945 ergo
2569 1890 2734 1930 unum
2767 1891 2966 1945 corpus
2996 1893 3182 1933 sumus
3213 1888 3266 1935 et
3292 1880 3504 1936 diversa

1896 1964 2164 2030 membra,
2213 1965 2308 2018 sed
2339 1968 2521 2020 omnia
2568 1968 2787 2036 corpori
2821 1969 3171 2036 necessaria;
3205 1985 3312 2026 non
3356 1973 3502 2028 enim

1897 2066 2076 2127 potest
2109 2069 2130 2096 ο
2157 2058 2466 2113 membrum
2498 2059 2565 2114 de
2593 2061 2841 2115 membro
2863 2061 3047 2118 dicere
3073 2079 3086 2115 :
3112 2063 3226 2118 Non
3256 2072 3340 2120 est
3365 2065 3501 2121 mihi

1896 2151 2442 2219 necessarium.Quin
2459 2153 2623 2206 etiam
2648 2154 2765 2223 ipsa
2784 2169 2905 2224 qua
2929 2156 3184 2210 videntur
3205 2156 3504 2215 inﬁrmiora

1897 2246 2138 2301 membra
2172 2261 2316 2311 esse,
2347 2248 2519 2301 multo
2550 2248 2721 2318 magis
2751 2249 3059 2303 necessaria
3089 2259 3236 2317 sunt,
3283 2261 3339 2307 et
3389 2269 3504 2307 ma-

1893 2337 2070 2406 jorem
2103 2341 2427 2407 plerumque
2453 2337 2637 2393 luendi
2662 2353 2721 2394 se
2740 2340 3028 2410 requirunt
3051 2343 3498 2400 sollicitudinem.

1899 2429 1968 2484 Et
1998 2431 2042 2484 si
2088 2431 2216 2500 quid
2257 2429 2408 2484 dolet
2436 2431 2742 2485 membrum
2773 2446 2966 2498 unum,
3015 2434 3421 2504 compatiuntur
3449 2438 3501 2492 ei

1897 2523 2139 2577 membra
2171 2525 2375 2577 omnia.

1969 2617 2057 2671 19.
2094 2615 2249 2672 Unde
2285 2630 2447 2687 quam
2488 2632 2653 2688 grave
2694 2625 2863 2674 estut
2890 2618 3244 2674 detrahamus
3293 2621 3501 2690 aliquid

1896 2712 1969 2774 ei,
2003 2712 2086 2765 cui
2109 2726 2210 2765 nos
2238 2712 2474 2781 compali
2499 2719 2724 2781 oportet
2749 2729 2766 2766 :
2797 2721 2850 2767 et
2871 2714 2957 2767 cui
2989 2713 3248 2767 debemus
3271 2727 3501 2768 consor-

1896 2806 2029 2860 tium
2061 2805 2372 2870 ministerii,
2403 2805 2452 2860 ei
2483 2804 2656 2859 fraudi
2681 2813 2739 2860 et
2760 2819 2918 2861 noxae
2935 2805 3127 2861 sitnus!
3159 2805 3286 2861 Huic
3309 2808 3502 2876 utique

1898 2898 1983 2952 lex
2011 2911 2219 2952 natura:
2244 2908 2346 2962 est,
2381 2913 2502 2967 qure
2529 2913 2628 2952 nos
2670 2898 2734 2953 ad
2764 2911 2982 2954 omnem
3029 2900 3279 2969 astringit
3309 2899 3502 2954 buma-

1899 2992 2147 3054 nitatem,
2182 2993 2388 3046 utalter
2413 2992 2567 3046 alteri
2601 3001 2872 3061 tamquam
2903 2993 3065 3046 unius
3097 3000 3276 3061 partes
3305 3007 3504 3063 corpor-

1899 3085 1972 3138 ris
1998 3083 2232 3138 invicem
2263 3083 2595 3138 deferamus.
2629 3083 2739 3138 Nec
2778 3085 3170 3139 detrahendum
3205 3087 3500 3158 quidquam

1899 3188 2169 3249 putemus,
2203 3194 2325 3232 cum
2358 3189 2546 3234 contra
2578 3186 2782 3232 natura:
2812 3181 2983 3248 legem
3015 3180 3088 3234 sit
3132 3196 3236 3235 non
3281 3181 3493 3250 juvarc.

1901 3271 1992 3327 Sic
2017 3273 2160 3326 enim
2189 3271 2470 3325 nascimur
2499 3280 2556 3324 ut
2576 3272 2920 3326 consentiant
2945 3273 3187 3327 membra
3214 3275 3494 3338 membris,

1897 3376 1954 3421 et
1977 3367 2205 3420 alterunt
2231 3366 2388 3419 alteri
2417 3363 2719 3429 adhaereat,
2744 3371 2800 3419 et
2827 3365 3200 3436 obsequantur
3242 3366 3343 3421 sibi
3374 3379 3496 3421 mus

1900 3471 1991 3514 tuo
2019 3460 2342 3515 ministerio.
2371 3458 2523 3528 Quod
2555 3460 2599 3514 si
2639 3474 2805 3513 unum
2845 3458 2986 3513 desit
3013 3458 3192 3513 ofllcio
3229 3473 3352 3525 suo,
3393 3460 3496 3514 im-

1901 3554 2184 3624 pediantur
2210 3563 2409 3608 castora
2437 3570 2449 3607 :
2485 3562 2542 3606 ut
2563 3552 2608 3606 si
2630 3561 2784 3608 eruat
2814 3553 3028 3606 oculum
3059 3566 3271 3616 manus,
3307 3565 3493 3608 nonne

1899 3647 2000 3702 sibi
2035 3648 2220 3716 operis
2273 3647 2353 3700 sui
2400 3661 2555 3699 usum
2607 3644 2861 3715 negavit?
2903 3641 2962 3699 Si
3005 3645 3196 3713 pedem
3222 3644 3496 3710 vulneret,

1899 3748 2221 3810 quantorum
2277 3740 2381 3793 sibi
2439 3748 2654 3794 actuum
2731 3737 3030 3806 profectum
3078 3735 3377 3790 inviderit?
3432 3735 3504 3792 Et

1900 3845 2102 3902 quanto
2160 3833 2379 3903 gravius
2428 3843 2508 3887 est
2559 3841 2730 3886 totum
2786 3832 3065 3885 hominem
3117 3843 3280 3899 quam
3329 3841 3494 3883 unum

1901 3927 2202 3983 membrum
2233 3925 2484 3980 detrahi“!
2529 3925 2650 3979 Jam
2705 3927 2749 3978 si
2789 3926 2840 3978 in
2893 3938 3002 3977 uno
3035 3921 3279 3976 membro
3327 3931 3497 3977 totum

1899 4035 2100 4088 corpus
2145 4019 2401 4082 violatur,
2451 4017 2635 4086 utique
2667 4016 2720 4070 in
2766 4031 2873 4069 uno
2919 4014 3144 4070 homine
3185 4015 3502 4069 communio

1901 4115 2063 4168 totius
2093 4111 2443 4165 humanitatis
2485 4109 2715 4163 solvitur
2741 4124 2755 4172 ;
2802 4107 3032 4161 violatur
3063 4114 3254 4160 natura
3277 4105 3304 4142 ά
3331 4121 3503 4176 gene-

1900 4207 1973 4260 ris
2006 4204 2251 4269 humani,
2281 4214 2335 4257 ct
2359 4210 2563 4258 sancta!
2596 4198 2854 4256 Ecclesiae
2887 4201 3260 4269 congregatio,
3297 4215 3416 4267 qua!
3445 4198 3498 4252 in

1899 4315 2064 4354 unum
2095 4309 2402 4353 connexum
2435 4309 2636 4366 corpus
2685 4302 2852 4365 atque
2899 4304 3244 4363 compactum
3295 4292 3501 4346 unitate

1902 4391 2024 4448 ﬁdei
2044 4401 2092 4444 et
2108 4387 2391 4446 cbaritatis
2406 4387 2674 4458 assurgit:
2697 4385 2948 4441 Christus
2975 4399 3188 4454 quoque
3216 4384 3503 4450 Dominus,

1899 4483 1989 4552 qui
2019 4497 2115 4551 pro
2146 4479 2417 4534 universis
2461 4487 2713 4534 mortuus
2741 4485 2851 4543 est,
2881 4475 3188 4531 mercedem
3217 4473 3504 4543 austrinis

1905 4576 1985 4629 sui
2017 4585 2332 4630 evacuatam
2364 4571 2590 4628 dolebit.

1974 4667 2064 4724 20.
2095 4667 2271 4736 Quid!
2298 4665 2439 4736 quod
2471 4665 2637 4720 etiam
2671 4674 2693 4700 θ
2719 4664 2834 4733 ipsa
2865 4661 2952 4716 lex
2983 4658 3195 4716 Domini
3230 4658 3369 4713 banc
3395 4657 3504 4710 for-

1907 4778 2047 4816 mam
2075 4761 2361 4814 tcuemlam
2394 4758 2610 4823 edocet,
2654 4765 2714 4811 ut
2744 4755 2878 4810 nihil
2917 4755 3075 4808 alteri
3113 4751 3392 4813 detrahas,
3428 4749 3507 4804 tui

1904 4852 2179 4910 commodi
2204 4851 2457 4906 servandi
2487 4851 2680 4921 gratia,
2713 4865 2834 4902 cum
2863 4847 2991 4901 dicit
3023 4863 3036 4899 :
3071 4845 3191 4899 Non
3223 4847 3509 4913 transferas

1907 4947 2172 5008 terminos,
2203 4961 2328 5014 quos
2355 4953 2648 4995 statuerunt
2691 4952 2862 5010 patres
2905 4939 2978 4992 tui
3007 4936 3187 5009 (Prov.
3228 4949 3362 4999 sint,
3392 4931 3510 5004 28);

1907 5056 2030 5096 cum
2062 5037 2287 5092 vitulum
2319 5043 2594 5090 errantem
2625 5032 2806 5086 fratris
2837 5033 2910 5084 tui
2957 5030 3326 5086 reducendum
3367 5041 3509 5098 prte-

1910 5134 2038 5203 cipit
2072 5129 2270 5203 (Exod.
2303 5143 2458 5193 nm,
2488 5125 2566 5197 4),
2593 5139 2715 5180 cum
2746 5123 2917 5177 furem
2949 5121 3084 5177 mori
3119 5120 3272 5191 jubet
3305 5117 3510 5191 (Exod.

1912 5241 2046 5294 xm,
2077 5225 2158 5299 2),
2204 5239 2326 5280 cum
2377 5233 2530 5280 vetat
2578 5217 2972 5276 mercenarium
3025 5214 3206 5270 debita
3258 5209 3517 5268 mercede

1985 5402 2008 5431 α
2037 5389 2181 5447 Edit.
2212 5405 2276 5445 ac
2318 5388 2471 5459 pauci
2502 5400 2657 5448 mss.,
2700 5379 2980 5436 membrum
3024 5377 3251 5432 membro
3296 5375 3468 5434 dicere
3493 5392 3518 5433 :

1915 5463 2290 5591 Νῗιέῖοἶηῖίῖίῖ
2316 5472 2563 5586 ῗιζοῦιιὶε.
2600 5542 2719 5598 pag.
2753 5522 2880 5592 390,
2933 5521 3027 5576 lin.
3075 5519 3183 5577 δεῖ
3213 5515 3362 5574 Illud
3391 5519 3505 5588 qui-

1919 5610 2031 5661 dem
2061 5620 2247 5660 natura
2274 5622 2375 5657 non
2403 5603 2616 5673 patitur,
2649 5610 2754 5673 etc.
2939 5667 2948 5673 ‘
3157 5661 3168 5673 .
3289 5661 3300 5672 .
3343 5661 3354 5672 .
3410 5661 3421 5670 _

1999 5689 2020 5716 θ
2056 5679 2213 5736 lbid..
2250 5676 2345 5730 lin.
2383 5667 2449 5728 '57
2482 5688 2498 5729 :
2530 5671 2693 5736 Atque
2719 5670 2814 5721 hoc
2840 5667 3002 5722 uiulto
3033 5667 3195 5735 magis
3215 5667 3375 5734 exigit
3403 5667 3521 5732 ipsa

1926 5760 2124 5808 natura:
2151 5749 2305 5814 ratio,
2334 5760 2449 5818 qua:
2470 5753 2540 5799 est
2571 5745 2654 5800 lea:
2673 5741 2850 5798 divina
2881 5748 2929 5796 et
2958 5737 3208 5802 humana,
3236 5741 3323 5792 etc
