3998 6190
437 266 540 324 {Si

1774 260 2023 318 SANCTI
2061 259 2394 319 AMBROSII

3649 262 3757 321 159

435 385 701 449 fraudari,
734 397 856 440 cum
890 380 1174 451 pecuniam
1201 379 1323 433 sine
1351 376 1532 433 usuris
1552 374 1884 432 reddendam
1909 391 2038 431 cen-
2063 376 2121 439 Α
2214 384 2391 430 noceat
2414 375 2585 441 alteri,
2610 390 2790 447 graues
2801 374 3130 430 conscientia
3149 390 3258 431 suae
3270 378 3745 447 pwnas'luiturum,

436 480 551 533 suit
577 478 768 552 (Leuit.
807 489 920 539 xxx,
954 473 1069 543 15).
1127 471 1435 528 Subvenire
1474 469 1624 526 enim
1669 483 1779 524 non
1822 469 2044 525 habenti

438 569 795 626 humanitatis
858 576 943 623 est
986 584 999 621 :
1049 567 1264 622 duritize
1316 574 1500 621 autem
1551 564 1671 634 plus
1714 571 2044 635 extorquere

436 678 600 734 quam
652 659 871 716 dederis
924 659 1106 731 (Deut.
1160 675 1313 728 mu,
1350 658 1463 731 l9).
1516 657 1783 714 EtenimIn
1847 658 1893 714 si
1918 656 2045 714 ideo

436 754 649 810 auxilio
679 762 771 808 tuo
798 754 904 808 erit
930 767 1089 823 opus,
1119 754 1249 824 quia
1291 767 1398 807 non
1450 750 1643 806 habuit
1675 750 1817 807 unde
1841 749 1911 806 de
1946 765 2046 807 suo

433 846 727 913 redderet;
763 860 944 901 nonne
984 845 1210 917 impium
1238 852 1322 900 est
1362 853 1419 900 ut
1462 844 1563 900 sub
1594 843 1948 899 humanitatis
1972 844 2046 899 si-

437 938 739 994 mulatione
766 938 1004 1009 amplius
1047 938 1117 995 ab
1157 952 1225 994 eo
1268 953 1483 1009 poscas,
1509 937 1603 1009 qui
1653 952 1762 992 non
1811 935 2046 993 habebat

442 1035 589 1091 unde
617 1035 800 1090 minus
828 1033 1117 1090 solveret?
1150 1034 1408 1089 Absolvis
1448 1033 1611 1103 igitur
1644 1032 1804 1087 alteri
1831 1030 2049 1087 debito-

439 1139 639 1196 torem,
669 1135 729 1183 ut
752 1126 1091 1183 condemnes
1115 1125 1211 1181 tibi
1239 1145 1253 1181 :
1276 1136 1332 1181 et
1371 1125 1513 1180 hanc
1535 1123 1929 1181 humanitatem
1952 1139 2049 1180 vo-

435 1237 552 1288 cas.
586 1221 679 1277 ubi
701 1228 787 1276 est
814 1219 843 1259 δ
877 1220 1176 1291 iniquitatis
1206 1218 1428 1274 auctio?

503 1314 598 1370 2|.
634 1314 746 1369 iloc
768 1320 1095 1384 praestamus
1116 1311 1331 1368 caeteris
1351 1310 1742 1376 animantibus,
1769 1309 1914 1381 quod
1940 1310 2046 1364 alia

429 1420 634 1478 genera
663 1405 1022 1461 animantium
1057 1401 1309 1458 conferre
1341 1401 1545 1474 aliquid
1583 1402 1878 1457 nesciunt:
1912 1399 2047 1457 fera:

430 1510 615 1556 autem
645 1498 906 1569 eripiunt,
936 1496 1189 1552 homines
1210 1494 1474 1550 tribuunt.
1504 1493 1655 1550 Unde
1678 1501 1734 1550 et
1761 1493 2049 1549 Psalmista

435 1594 556 1648 ait:
603 1592 792 1645 Justus
840 1592 1139 1655 miseretur,
1171 1597 1220 1643 et
1246 1586 1428 1645 tribuit
1475 1585 1651 1657 (Psal.
1704 1603 1895 1656 sxxvt,
1923 1586 2041 1660 21).

435 1684 573 1739 Sunt
601 1692 787 1739 tamen
813 1682 1013 1753 quibus
1043 1690 1099 1738 et
1128 1682 1254 1737 terte
1272 1679 1658 1735 coul'erant.Si
1688 1678 1911 1751 quidem
1940 1680 2051 1735 col-

2218 469 2483 540 colligitur
2531 469 2623 523 uni
2651 468 2778 522 utile
2804 467 2937 522 nihil
2964 483 3107 535 esse,
3155 468 3294 538 quod
3330 470 3515 525 itidem
3542 487 3647 525 non
3685 472 3752 527 sit

2219 561 2497 617 omnibus:
2543 569 2694 629 atque
2735 559 2865 615 adeo
2913 561 3196 630 propositae
3239 578 3272 615 a
3312 562 3640 635 philosophis
3689 563 3757 619 de

2218 653 2492 725 naufragis
2545 654 2744 708 duobus
2785 653 3056 724 qutestioni
3099 653 3268 708 locum
3308 671 3410 709 non
3450 671 3562 710 esse
3605 656 3751 726 apud

2218 745 2561 813 Christianos,
2593 746 2776 818 quibus
2805 746 2995 816 ubique
3025 747 3257 803 cltaritas
3284 758 3437 819 atque
3480 747 3753 805 humilitas

2218 840 2516 895 exercenda:
2545 849 2683 897 sunt.

2219 934 2310 990 24.
2346 934 2484 991 Hinc
2509 950 2643 1007 ergo
2667 934 2688 973 ί
2721 936 2997 1008 colligitur
3026 939 3173 1011 quod
3206 940 3392 1008 homo,
3423 940 3515 1012 qui
3560 955 3761 998 secun-

2147 1028 2277 1085 dum
2308 1038 2514 1085 natura:
2538 1029 2803 1086 formatus
2823 1040 2910 1087 est
2937 1032 3319 1100 directionem,
3349 1042 3407 1090 ut
3433 1035 3658 1091 obediat
3677 1035 3753 1104 ei,

2150 1137 2350 1179 nocere
2379 1137 2486 1178 non
2515 1122 2686 1193 possit
2714 1123 2872 1179 alteri
2898 1142 2910 1178 :
2961 1125 3104 1196 quod
3135 1126 3179 1181 si
3224 1126 3311 1182 cui
3339 1136 3556 1195 noceat,
3589 1136 3751 1184 natu—

2157 1226 2274 1269 ram
2309 1212 2509 1269 violet:
2542 1229 2719 1285 neque
2746 1221 2954 1270 tantum
2991 1231 3114 1272 esse
3144 1217 3417 1272 commodi
3456 1218 3603 1290 quod
3642 1218 3761 1275 adi-

2152 1306 2290 1377 pisci
2318 1321 2443 1362 sese
2495 1315 2681 1377 putet,
2710 1316 2973 1378 quantum
3003 1309 3370 1377 incommodi,
3396 1312 3541 1382 quod
3582 1327 3651 1368 ex
3690 1327 3758 1368 eo

2151 1399 2256 1456 sibi
2287 1399 2514 1455 accidat.
2547 1400 2680 1469 Qua:
2703 1401 2848 1456 enim
2880 1416 3038 1473 poena
3066 1401 3307 1473 graviur,
3339 1419 3500 1475 quam
3527 1405 3761 1461 interio-

2152 1492 2230 1548 ris
2275 1493 2471 1548 vulnus
2521 1494 2918 1550 conscientiaa?
2947 1493 3103 1563 Quod
3150 1496 3400 1553 severius
3448 1496 3755 1567 judicium,

2154 1600 2314 1657 quam
2346 1586 2732 1654 domesticum,
2764 1602 2872 1659 quo
2901 1589 3275 1660 unusquisque
3321 1589 3427 1646 sibi
3457 1599 3544 1646 est
3597 1606 3758 1660 reus,

2153 1692 2322 1749 seque
2361 1679 2478 1749 ipse
2521 1678 2702 1750 arguit
2735 1680 2879 1750 quod
2930 1680 3181 1751 injuriam
3229 1680 3383 1738 fratri
3418 1683 3641 1755 indigne
3671 1683 3757 1740 ie-

438 1777 645 1833 latione
671 1775 919 1831 sobolem
947 1789 1101 1831 suam
1132 1775 1400 1840 nutriunt,
1431 1781 1487 1829 et
1508 1787 1637 1828 aves
1657 1772 1781 1828 cibo
1797 1787 1899 1829 suo
1924 1773 2045 1844 pul-
2074 1774 2123 1835 B
2148 1771 2323 1827 cerit?
2346 1770 2500 1838 Quod
2530 1785 2638 1828 non
2660 1771 3014 1829 mediocriter
3044 1782 3069 1821 8
3101 1773 3385 1845 Scriptura
3412 1776 3763 1832 commendat

434 1869 520 1924 los
545 1868 746 1924 satiant
775 1882 941 1923 suos:
976 1866 1185 1922 homini
1212 1873 1391 1921 autem
1414 1865 1519 1920 soli
1547 1865 1806 1921 tributum
1845 1874 1950 1932 est,
1986 1874 2045 1922 ut

439 1977 633 2018 omnes
648 1971 923 2032 tamquam
943 1975 1074 2016 suos
1103 1967 1310 2030 pascat.
1339 1959 1509 2015 Debet
1534 1959 1675 2015 istud
1694 1959 1813 2031 ipso
1836 1971 2043 2017 natum

434 2056 582 2126 jure.
602 2054 759 2124 Quod
784 2054 827 2109 si
853 2069 960 2109 non
989 2054 1117 2109 licet
1144 2068 1252 2108 non
1275 2052 1427 2118 dare,
1455 2052 1730 2123 quomodo
1754 2053 2044 2111 detrahere

438 2148 602 2204 licet?
625 2148 737 2204 Nec
763 2147 1094 2218 ipsaecleges
1124 2146 1280 2219 113
1294 2159 1393 2199 nos
1420 2144 1662 2200 docent?
1691 2159 1756 2200 ea
1785 2160 1909 2215 qute
1939 2145 2042 2202 de-

439 2250 751 2296 tractasuut
776 2240 962 2306 alicui,
985 2255 1107 2296 cum
1132 2239 1333 2308 injuria
1360 2253 1628 2308 personae,
1661 2238 1847 2293 autrei
1874 2238 2042 2309 ipsius

439 2336 681 2399 cumulo,
698 2336 911 2391 restitui
925 2334 1158 2404 jubent;
1185 2348 1293 2404 quo
1323 2331 1498 2389 furem
1521 2346 1551 2385 a
1571 2329 1935 2397 detrahendo,
1951 2340 2044 2386 aut

437 2432 616 2503 prunis
641 2431 978 2496 deterreant,
1009 2439 1105 2484 aut
1133 2430 1337 2485 mulcta
1368 2436 1653 2485 revocent.

508 2524 599 2579 22.
623 2524 769 2579 Pone
792 2533 973 2579 tamen
994 2522 1138 2594 quod
1164 2523 1363 2594 aliquis
1394 2523 1567 2593 possit
1587 2529 1682 2576 aut
1699 2536 1914 2593 ptenam
1934 2536 2040 2577 non

441 2617 655 2682 timere,
684 2624 778 2671 aut
814 2615 1032 2672 mulctae
1061 2614 1330 2680 illudcre;
1390 2614 1651 2685 numquid
1695 2614 1918 2685 dignum
1958 2622 2044 2670 est

443 2708 472 2747 (ι
498 2719 555 2764 ιιι
575 2709 743 2779 aliqui
768 2708 926 2764 alteri
948 2709 1269 2765 detrahant?
1289 2707 1500 2764 Servile
1529 2708 1629 2764 hoc
1643 2707 1853 2774 vitium,
1876 2717 1933 2764 et
1957 2707 2039 2763 fa-

445 2802 659 2859 miliare
686 2801 892 2857 ultimas
921 2801 1220 2857 conditioni
1246 2818 1262 2867 ;
1296 2801 1431 2857 adeo
1461 2809 1652 2857 contra
1681 2811 1957 2866 naturam,
1985 2811 2044 2857 ut

444 2898 631 2966 inopia
662 2896 835 2967 magis
862 2894 967 2951 hoc
996 2904 1326 2966 extorquere
1353 2894 1619 2959 videatur,
1652 2909 1814 2965 quam
1846 2903 2040 2949 natura

438 2989 696 3045 suadere.
731 2989 1027 3046 Servorum
1059 2997 1240 3045 tamen
1260 2987 1473 3043 occulta
1503 2987 1669 3069 furta,
1698 2988 1924 3043 divitum
1955 3002 2041 3044 ra-

443 3085 586 3155 pina:
615 3083 866 3155 publicat.

2148 1862 2338 1918 dicens
2362 1880 2375 1916 :
2406 1862 2492 1918 Ea:
2519 1880 2608 1919 ore
2635 1864 2912 1919 stultorum
2940 1864 3182 1920 baculum
3223 1867 3545 1922 contumeliae
3573 1866 3757 1937 (Prov.

2147 1974 2258 2023 xxv,
2290 1961 2323 2015 '5
2342 1956 2385 2031 ).
2415 1957 2659 2015 Stultitia
2688 1959 2850 2030 igitur
2879 1960 3297 2029 condemnatur,
3325 1962 3450 2031 quia
3475 1971 3764 2018 contume-

2148 2050 2275 2107 liam
2333 2052 2477 2108 lacit.
2507 2049 2537 2090 h
2570 2051 2765 2109 Nonne
2817 2052 2924 2109 hoc
2967 2054 3141 2124 magis
3192 2053 3545 2125 fugiendum,
3595 2070 3760 2128 quam

2146 2160 2317 2210 mors,
2350 2160 2514 2215 quam
2554 2144 2928 2216 dispendium,
2957 2161 3119 2217 quam
3164 2147 3413 2216 inopia,l
3458 2164 3620 2218 quam
3660 2164 3762 2205 ex-

2144 2237 2360 2304 silium,
2391 2252 2552 2308 quam
2604 2238 2899 2294 debilitatis
2947 2238 3148 2295 dolor?
3195 2239 3332 2308 Quis
3376 2241 3521 2296 enim
3565 2242 3758 2299 vitium

2145 2330 2413 2400 corporis,
2447 2338 2542 2385 aut
2568 2332 2876 2402 patrimonii
2909 2333 3173 2389 damnum
3205 2348 3312 2389 non
3364 2335 3541 2392 levius
3587 2336 3758 2395 ducat

2144 2424 2279 2480 vitio
2306 2425 2498 2491 animi,
2524 2434 2581 2482 et
2606 2426 3027 2483 existimationis
3056 2427 3374 2499 dispendio?

2223 2515 2383 2589 114
2427 2517 2520 2572 25.
2574 2527 2589 2580 i
2643 2518 2845 2590 Liquet
2892 2519 3058 2591 igitur
3111 2519 3138 2559 ¹ι
3193 2520 3245 2576 id
3293 2521 3653 2592 spectandum
3701 2530 3758 2580 ct

2146 2611 2440 2666 tenendum
2508 2613 2797 2680 omnibus,
2853 2614 3000 2686 quod
3048 2613 3241 2671 eadem
3289 2615 3628 2687 singulorum
3685 2620 3755 2675 sit

2146 2708 2388 2773 utilitas,
2430 2725 2552 2780 qua:
2605 2710 2678 2765 sit
2716 2711 3096 2768 universorum
3148 2729 3162 2766 :
3214 2712 3459 2783 nihilque
3501 2713 3754 2784 judican-

2144 2800 2272 2856 dum
2302 2801 2466 2868 utile,
2499 2803 2601 2859 nisi
2632 2802 2777 2873 quod
2809 2805 2861 2859 in
2911 2819 3201 2860 commune
3233 2806 3424 2877 prosit.
3465 2806 3755 2875 Quomodo

2144 2894 2293 2950 enim
2327 2902 2507 2964 potest
2558 2892 2575 2935 ι
2601 2895 2693 2950 uni
2725 2895 2989 2966 prodesse
3012 2896 3035 2950 ‘l
3061 2896 3218 2965 Quod
3251 2897 3443 2954 inutile
3470 2900 3542 2955 sit
3571 2899 3753 2956 omni-

2144 2986 2267 3055 bus,
2297 2999 2476 3045 nocet.
2524 2988 2654 3047 Mihi
2690 2998 2841 3047 certe
2885 3007 2991 3046 non
3024 2991 3238 3049 videtur
3262 3035 3277 3059 ,
3304 2994 3395 3064 qui
3425 2994 3633 3050 inutilis
3667 3003 3753 3053 est

2145 3080 2436 3148 omnibus,
2472 3083 2574 3138 sibi
2627 3083 2773 3138 utilis
2810 3098 2936 3140 esse
2985 3098 3166 3155 posse.
3202 3084 3414 3142 Etenim
3450 3086 3498 3142 si
3526 3102 3632 3142 una
3663 3088 3751 3145 lex

514 3175 605 3230 23.
632 3174 771 3242 Quid
800 3182 979 3229 autem
1011 3182 1119 3229 tam
1154 3183 1178 3212 ε
1208 3183 1396 3229 contra
1425 3181 1696 3241 naturam,
1728 3189 1891 3245 quam
1920 3175 2039 3231 vio-
2066 3168 2113 3232 C
2146 3182 2354 3230 natura:
2382 3175 2663 3242 omnibus,
2699 3192 2803 3232 una
2852 3175 3038 3248 utique
3075 3178 3282 3234 utilitas
3331 3179 3751 3250 universorum,

439 3268 556 3322 lare
583 3266 817 3320 alterum
863 3265 937 3319 tui
968 3265 1243 3321 commodi
1272 3280 1467 3332 causa;
1499 3281 1621 3321 cum
1653 3280 1751 3337 pro
1790 3267 2042 3324 omnibus

443 3356 867 3424 excubandum,
896 3356 1222 3413 'suheundas
1272 3359 1582 3425 molestias,
1632 3358 2039 3430 suscipiendum

441 3449 687 3504 laborem
719 3449 985 3504 naturalis
1012 3448 1240 3505 affectus
1268 3450 1589 3520 persuadeat
1619 3468 1632 3505 :
1657 3463 1708 3507 et
1739 3453 2038 3522 gloriosum

443 3541 737 3612 unicuique
766 3540 1017 3604 ducatur,
1047 3541 1094 3595 si
1126 3541 1384 3611 periculis
1411 3543 1643 3613 propriis
1687 3545 2042 3615 quieratuni-

436 3647 720 3688 versorum
752 3632 1241 3703 tranquillitatem:
1289 3633 1568 3703 multoque
1592 3634 1692 3690 sibi
1744 3637 2037 3707 unusquis-

436 3739 543 3797 que
568 3725 864 3781 arbitretur
883 3725 1094 3797 gratins
1115 3724 1328 3781 excidia
1355 3727 1542 3797 patria:
1569 3729 1856 3799 repulisse,
1876 3746 2036 3802 quam

435 3819 654 3888 propria
678 3818 951 3888 pericula:
975 3820 1433 3889 prtestantinsque
1452 3833 1575 3876 esse
1599 3821 1872 3879 existimet
1893 3824 2037 3893 quod

436 3924 661 3979 operam
716 3925 869 3965 suam
929 3912 1121 3981 patria:
1152 3912 1512 3983 impenderit,
1546 3928 1706 3984 quam
1737 3916 1779 3970 si
1822 3917 1875 3971 in
1924 3920 2038 3973 otio

436 4002 648 4071 positus
675 4003 1021 4074 tranquillam
1052 4004 1217 4060 vitam
1243 4006 1581 4079 voluptatum
1610 4008 1785 4079 capiis
1823 4008 2037 4067 iunctus

435 4094 658 4165 egisset.

1065 4190 1295 4249 CAPUT
1326 4192 1417 4247 lV.

439 4280 541 4336 Ubi
561 4282 795 4337 strictius
837 4292 1097 4338 ostensum
1131 4293 1204 4339 est
1226 4302 1341 4339 eum
1362 4286 1451 4357 qui
1473 4288 1730 4343 commodi
1770 4290 1852 4344 sui
1879 4306 2036 4348 causa

505 4413 631 4489 {illa
658 4430 791 4470 mss.
824 4415 982 4484 longe
1013 4417 1229 4484 plurimi
1259 4427 1421 4487 atque
1448 4420 1811 4489 antiquissimi
1838 4440 1852 4478 :
1891 4438 2032 4481 non-

432 4487 565 4572 nulli
597 4495 779 4543 tamen
810 4498 866 4543 et
894 4502 1085 4544 omnes
1112 4490 1270 4556 edit.,
1308 4492 1353 4544 si
1388 4491 1504 4545 ideo
1545 4487 1696 4562 inops
1723 4494 1920 4550 auxilio
1944 4506 2031 4551 tuo

433 4567 947 4704 egttglgfaliquot,
970 4632 1258 4704 iniquittais
1287 4634 1443 4687 actio.
1470 4634 1643 4689 Minus
1682 4637 1987 4694 commode.

504 4710 527 4738 ε
558 4698 885 4774 Cic.lib.'n_t
913 4698 1093 4768 Ofﬁcl,
1141 4720 1265 4774 pag.
1302 4703 1431 4772 390,
1459 4706 1557 4761 lin.
1590 4706 1659 4763 36
1688 4725 1701 4761 :
1751 4707 1861 4763 Hoc
1889 4711 2028 4765 enim

425 4781 653 4842 spectant
676 4773 832 4844 leges,
855 4771 953 4827 hoc
974 4771 1170 4841 volunt,
1205 4771 1312 4830 étc.
1420 4771 1423 4772 ν

498 4839 526 4881 ἀ
560 4843 717 4898 Rom.
748 4844 908 4909 edit.,
938 4855 994 4899 ut
1021 4848 1153 4900 alter
1177 4847 1329 4901 alteri
1353 4848 1614 4903 detrahat.

500 4921 531 5002 ογ
554 4913 683 5002 ὀξυ.
712 4916 806 4970 lib.
842 4931 899 5002 ιιι
941 4915 1129 5002 Oilie.,
1180 4934 1299 4986 pag.
1335 4918 1475 4984 590,
1506 4922 1603 5002 lin.
1635 4918 2025 5002 45:__ltemque

424 4988 591 5050 maqis
611 4997 684 5038 est
702 4988 981 5041 secundum
998 4997 1236 5041 naturam
1253 5007 1347 5057 pro
1377 4991 1614 5045 omnibus
1631 4994 1887 5061 gentibus,
1912 4988 1998 5050 etc
2012 5037 2024 5050 .

502 5042 520 5092 ί
555 5055 717 5131 Ibid._,
750 5074 869 5131 pag.
903 5059 1030 5123 59!,
1059 5059 1155 5113 lin.
1182 5061 1205 5113 1
1234 5078 1247 5112 :
1280 5060 1362 5115 Ea:
1390 5077 1488 5129 quo
1512 5064 1737 5131 efﬁcitur
1766 5063 2024 5120 hominem

555 5093 717 5122 ιιι-νο,
751 5093 869 5126 μηδ.
903 5093 1030 5123 uas,
1059 5093 1155 5113 ιιιι.
1188 5093 1205 5113 ι
1234 5101 1245 5112 .
1280 5093 1362 5115 ua;
1390 5093 1488 5129 ιμιυ
1512 5093 1707 5131 Cusum

423 5140 624 5201 natura:
644 5128 957 5183 obedientem
980 5131 1176 5184 homini
1197 5147 1380 5185 nocere
1411 5148 1514 5185 non
1541 5149 1707 5201 posse.

494 5207 519 5243 κ
551 5198 753 5276 Omnes
768 5201 901 5254 edit.
927 5202 1166 5276 acpauci
1192 5216 1351 5276 mss,
1379 5198 1651 5272 Scriptura
1677 5206 2021 5276 condemnat;

422 5267 724 5336 elegantius
745 5281 923 5325 autem
943 5272 1056 5335 alii,
1079 5269 1354 5338 Scriptura
1371 5267 1712 5328 commendat.
1732 5277 1844 5332 Hoc
1870 5267 2017 5335 enini

416 5338 655 5418 refertur
670 5340 736 5395 ad
750 5340 1113 5397 domesticum
1138 5343 1405 5413 judicium
1426 5346 1802 5415 conscientiae,
1826 5348 1894 5405 de
1911 5366 2019 5422 quo

418 5419 657 5561 ἠϐἱιιᾷἒ.
813 5499 873 5538 m
897 5484 1078 5549 Ome”
1126 5499 1250 5561 μελε,
1278 5430 1419 5561 591ῗ
1439 5486 1537 5561 lin.
1581 5488 1604 5542 1
1632 5504 1644 5540 :
1677 5487 1774 5544 Sin
1814 5492 2018 5561 fugien-

416 5548 537 5604 dum
564 5552 621 5604 id
640 5554 844 5622 quidem
871 5548 1175 5622 censet,sed
1196 5548 1243 5609 Et
1260 5558 1421 5611 multo
1443 5558 1537 5612 illa
1549 5560 1749 5629 pejora,
1778 5548 2012 5632 mortem,

419 5633 794 5690 paupertatem,
827 5635 934 5679 etc.

486 5698 509 5767 ,ι
538 5693 798 5767 ﬁonnulli
827 5709 991 5767 mss.1
1006 5713 1160 5767 quam
1188 5697 1448 5764 exsilium,
1473 5700 1731 5765 debilitas,
1765 5705 1935 5760 dolor.

482 5759 497 5806 ἱ
534 5761 696 5833 lbid.,
730 5765 830 5820 lin.
854 5766 920 5820 8:
946 5759 1092 5836 Ergo
1120 5784 1282 5821 unum
1309 5759 1455 5824 debet
1483 5787 1592 5827 esse
1616 5759 1870 5846 omnibus,
1894 5787 2000 5835 etc.

2143 3266 2211 3322 ad
2240 3267 2633 3325 consulendum
2680 3270 2864 3340 utique
2910 3270 3164 3326 omnibus
3195 3279 3409 3327 natura:
3440 3271 3565 3343 lege
3607 3287 3746 3328 con-

2142 3363 2480 3435 stringimur.
2515 3363 2632 3420 Non
2664 3373 2749 3419 est
2795 3379 2929 3436 ergo
2965 3364 3084 3435 ejus
3123 3365 3216 3436 qui
3258 3366 3572 3421 consultum
3618 3366 3749 3423 velit

2143 3458 2298 3513 alteri
2328 3457 2625 3513 secundum
2653 3467 2927 3527 naturam,
2962 3473 3164 3515 nocere
3192 3459 3241 3514 ei
3273 3459 3536 3516 adversus
3568 3460 3746 3533 legem

2143 3560 2371 3607 naturae.

2212 3645 2304 3701 26.
2338 3645 2555 3702 Etenim
2582 3647 2628 3702 si
2674 3646 2728 3702 hi
2764 3657 2806 3685 ω
2829 3647 2923 3720 qui
2968 3648 3023 3704 in
3058 3648 3235 3705 stadio
3279 3659 3530 3718 currunt,
3563 3651 3637 3708 ita
3668 3650 3748 3709 fe-

2140 3747 2339 3795 runtur
2376 3742 2663 3812 praeceptis
2694 3741 2978 3798 informari
3003 3751 3167 3814 atque
3198 3742 3416 3807 instrui.
3464 3752 3523 3799 ut
3573 3759 3744 3801 unus-

2140 3833 2369 3903 quisque
2395 3833 2677 3889 celeritate
2707 3849 2816 3889 non
2845 3836 3031 3890 fraude
3072 3835 3394 3903 contendat,
3441 3851 3741 3909 cursuque,

2139 3936 2398 3998 quantum
2429 3936 2628 3997 potest,
2650 3928 2718 3984 ad
2749 3928 3029 3985 victoriam
3059 3940 3346 4001 properet;
3388 3930 3744 4002 supplantare

2138 4029 2318 4076 autem
2342 4021 2573 4077 alterum
2596 4030 2689 4077 aut
2711 4037 2875 4078 manu
2900 4023 3138 4094 dejicere
3173 4039 3280 4079 non
3310 4024 3489 4079 ausit:
3533 4034 3743 4096 quanto

2140 4112 2311 4184 magis
2338 4114 2391 4169 in
2411 4114 2513 4170 hoc
2540 4129 2703 4171 cursu
2726 4117 2849 4171 vita:
2875 4117 3053 4182 istius,
3073 4117 3191 4172 sine
3218 4115 3409 4173 fraude
3437 4116 3662 4173 alterius
3688 4126 3742 4173 et

2137 4204 2644 4277 circumscriptione
2667 4214 2697 4244 ιι
2722 4209 2958 4279 gerenda
2987 4209 3145 4266 nobis
3171 4210 3397 4265 victoria
3424 4210 3554 4266 est?

2186 4298 2300 4354 ⁴27.
2329 4299 2592 4367 Quaerunt
2619 4302 2807 4371 aliqui,
2828 4311 2853 4338 ο
2873 4302 2919 4357 si
2949 4303 3168 4373 sapiens
3200 4303 3255 4358 in
3284 4302 3567 4375 naufragio
3592 4302 3742 4374 posi-

2212 4428 2237 4468 ¹ί
2267 4431 2395 4487 Mss.
2421 4432 2624 4500 aliquot
2654 4442 2711 4489 et
2734 4432 2867 4489 edit.
2896 4450 3119 4499 omnes,
3144 4435 3200 4489 id
3229 4436 3613 4504 expetendum,-
3642 4438 3741 4493 alii

2137 4517 2244 4577 non
2278 4507 2467 4577 pauci,
2497 4505 2553 4557 id
2599 4507 3001 4572 exspectandum
3024 4548 3040 4570 ,
3073 4507 3267 4577 reliqui
3303 4508 3521 4561 tandem
3568 4510 3738 4565 etiam

2056 4567 2112 4627 D
2138 4567 2315 4640 multi,
2347 4574 2403 4627 id
2441 4567 2812 4644 spectandum;
2847 4578 2990 4647 quod
3028 4567 3164 4633 aliis
3197 4567 3470 4650 'prazstare
3514 4581 3740 4650 negabit

2135 4661 2316 4701 nemo.

2208 4716 2228 4791 ξ
2261 4716 2407 4791 Edit.
2435 4732 2645 4782 onincs,
2674 4728 2731 4774 at
2755 4720 2909 4787 pauci
2940 4736 3040 4776 nec
3071 4720 3542 4791 nongreceutiores
3571 4739 3737 4791 mss.,

2134 4787 2224 4864 uni
2277 4788 2520 4864 prodesse
2562 4791 2701 4864 quod
2738 4791 2922 4864 inutile
2968 4793 3033 4845 sit
3087 4787 3368 4847 omnibus?
3410 4794 3521 4849 Alii
3572 4787 3740 4864 paulu

2133 4857 2334 4933 plures,
2367 4860 2458 4912 uni
2494 4860 2755 4927 prodesse,
2786 4862 2924 4930 quod
2962 4863 3200 4917 omnibus
3228 4865 3445 4917 noceat?
3491 4857 3732 4933 Quidam

2132 4929 2294 5002 etiam
2318 4938 2702 5002 utrumque....
2733 4929 2870 5002 quod
2894 4934 3074 4988 inutile
3098 4943 3177 4987 est
3207 4945 3253 4988 et
3284 4929 3740 4992 omnibus'itocet?

2132 5000 2323 5067 Aptius
2344 5015 2473 5053 vero
2494 5001 2705 5057 'l‘huan.
2731 5000 2792 5057 ut
2817 5004 2871 5057 in
2894 5013 3177 5059 contextu.
3207 5005 3405 5060 lterum
3438 5016 3622 5063 autem
3641 5009 3736 5064 ubi

2130 5070 2501 5145 cunctaeedit.
2532 5086 2655 5145 cum
2690 5089 2798 5129 uno
2826 5084 2920 5128 aut
2943 5075 3117 5130 altero
3141 5076 3331 5132 codice
3349 5076 3591 5145 junioris
3615 5093 3738 5133 ma-

2130 5155 2250 5201 nus.
2281 5142 2477 5218 utilitas
2506 5144 2884 5218 universorum;
2913 5147 3053 5218 quod
3077 5149 3121 5201 si
3149 5164 3253 5202 una
3290 5142 3494 5203 utilitas
3525 5154 3738 5205 univer-

2126 5228 2304 5266 sorunt
2327 5254 2342 5277 ,
2372 5214 2441 5267 ad
2470 5215 2839 5272 consulendum
2859 5261 2871 5283 ,
2906 5214 3040 5286 etc"
3072 5220 3256 5274 cmteri
3301 5234 3435 5275 mss.
3467 5223 3738 5279 omittunt

2125 5298 2246 5355 qua)
2272 5286 2634 5355 resecuimns.

2160 5364 2235 5443 ,³³³
2257 5354 2370 5411 Cic.
2406 5357 2500 5440 lib.
2535 5373 2592 5443 ut
2618 5357 2801 5443 9mm,
2837 5374 2956 5443 pag.
2982 5359 3109 5421 593.
3136 5360 3229 5414 lin.
3253 5359 3357 5443 26:
3387 5361 3533 5417 Scite
3561 5363 3739 5436 ειη-

2251 5444 2377 5481 ns...
2407 5445 2496 5485 σαι
2516 5444 2709 5485 staata.
2739 5444 2927 5485 ιηαιιιι.
2956 5444 3188 5485 currunt.
3216 5444 3323 5485 θιο.

2126 5432 2377 5495 sippns...
2407 5432 2496 5498 qui
2516 5432 2709 5494 stadia,
2739 5432 2927 5500 inquit,
2956 5443 3188 5492 currunt.
3216 5441 3323 5487 etc.
3670 5432 3686 5436 ⁷

2200 5506 2227 5532 ιι
2258 5497 2349 5576 Sic
2373 5499 2599 5553 Amerh.
2643 5516 2764 5555 cum
2809 5501 3277 5576 longerlut‘imis
3306 5505 3740 5576 veterrimisqne

2122 5583 2256 5691 msbs:
2289 5570 2417 5694 Ειὶςι.
2450 5580 2629 5626 autem
2672 5580 2728 5625 et
2767 5586 2884 5643 seq.
2910 5570 3049 5628 edit.
3077 5588 3202 5628 cum
3231 5575 3353 5630 aliis
3377 5616 3392 5642 ,
3442 5570 3738 5644 qua-renda

2122 5655 2186 5693 no
2224 5657 2290 5694 is.
2320 5657 2349 5694 e
2376 5655 2432 5694 c.

2118 5655 2290 5703 nonis.
2320 5655 2432 5696 etc.

2136 5742 2141 5745 -
2190 5720 2215 5786 ξ)
2243 5711 2355 5786 llic.
2388 5712 2481 5786 lib.
2532 5727 2586 5786 nt
2632 5711 2788 5786 (Πῦρ.
2810 5756 2822 5777 ,
2853 5729 2975 5786 pag.
3007 5714 3105 5769 591
3132 5757 3147 5780 ,
3174 5714 3271 5769 Ιίιι.
3320 5714 3394 5769 24
3415 5733 3441 5786 εί
3469 5713 3737 5777 Forsitan

2113 5778 2371 5851 quispiam
2392 5781 2613 5837 dixerit:
2644 5782 2832 5840 Nonne
2851 5778 3011 5856 igiiur
3033 5778 3256 5856 sapiens,
3288 5797 3395 5842 etc.
3429 5785 3565 5844 Item
3592 5798 3705 5862 pug
