4030 6188
203 273 297 332 153

1266 276 1357 332 DE
1394 275 1680 336 OFFICIIS
1710 275 2187 335 MINISTROBUM
2225 275 2357 333 LIB.
2400 273 2491 331 ιιι.

3423 270 3530 331 158

212 403 291 451 tas
323 392 625 466 insipienti
653 393 934 467 naufrago
964 393 1197 451 tabulam
1253 403 1581 466 extorquere
1608 395 1778 467 possit
1800 435 1815 461 ,
1845 394 1900 456 Α
1921 395 2099 452 denda
2121 393 2262 466 apud
2291 408 2414 450 eum
2446 391 2743 465 publicatio
2769 391 2978 464 ﬂagitii,
3010 399 3035 429 ο
3055 405 3215 463 quam
3236 390 3524 448 conscient-

220 500 384 546 utrum
414 487 669 544 debeat?
692 487 829 543 Mihi
857 487 1104 559 quidem,
1145 486 1247 542 etsi
1276 487 1643 557 praestabilius
1669 501 1823 543 com-

230 582 366 640 muni
395 580 658 638 videatur
707 581 833 637 usui
881 581 1181 651 sapientem
1221 578 1292 635 de
1330 577 1612 650 naufragio
1660 594 1821 649 quam

229 674 568 745 insipientem
604 672 878 739 evadere;
928 683 1109 728 tamen
1154 686 1262 727 non
1304 671 1522 727 videtur
1560 671 1701 742 quod
1740 671 1825 727 vir

227 768 575 835 christianos,
603 774 663 823 et
676 766 884 839 justus,
909 774 965 822 et
991 764 1229 837 sapiens,
1261 779 1507 835 quaerere
1534 765 1636 819 sibi
1656 765 1821 820 vitam

230 862 403 918 aliena
442 871 628 917 morte
657 860 860 917 debeat
895 879 910 915 :
943 868 1129 930 utpote
1165 859 1257 931 qui
1296 858 1457 914 etiam
1487 860 1531 913 si
1555 859 1820 914 latronem

222 966 488 1012 armatum
536 953 781 1021 incidat,
811 963 838 991 ³
866 953 1151 1010 ferientem
1194 952 1427 1010 referire
1469 969 1577 1010 non
1610 954 1819 1025 possit;

220 1067 288 1107 ne
315 1051 447 1107 dum
476 1050 719 1106 salutem
761 1048 1027 1116 defendit,
1058 1050 1314 1120 pietatem
1357 1050 1713 1105 contaminet.
1746 1048 1825 1105 De

214 1158 325 1216 quo
353 1143 409 1198 in
438 1141 727 1212 Evangelii
757 1141 918 1198 libris
955 1150 1147 1214 aperta
1187 1150 1239 1197 et
1285 1142 1510 1198 evidens
1553 1144 1823 1200 sententia

210 1243 335 1292 est:
366 1233 613 1289 Reconde
650 1234 887 1308 gladium
923 1242 1102 1302 tuum;
1141 1235 1311 1290 omnis
1348 1236 1484 1289 enim
1513 1236 1601 1307 qui
1643 1235 1820 1306 gladio

208 1329 525 1402 percusserit
568 1328 749 1401 gladio
781 1330 994 1401 ferietur
1043 1328 1279 1399 (Matth.
1321 1344 1482 1395 xxvi,
1514 1328 1645 1400 b2).
1687 1329 1822 1398 Quis

209 1420 355 1476 latro
397 1418 785 1477 detestabilior
806 1461 820 1485 ,
848 1434 1008 1491 quam
1038 1430 1358 1490 persecutor
1383 1421 1476 1492 qui
1514 1429 1737 1476 venerat
1763 1429 1823 1477 ut

208 1513 487 1572 Christum
529 1514 853 1571 occideret?
878 1514 987 1571 Sed
1015 1514 1189 1570 noluit
1209 1530 1269 1572 se
1289 1517 1539 1572 Christus
1562 1532 1819 1587 persecu-

209 1618 392 1666 torum
417 1606 643 1665 defendi
666 1607 917 1673 vulnere,
942 1608 1035 1679 qui
1062 1608 1232 1664 voluit
1257 1624 1358 1665 suo
1383 1609 1609 1665 vulnere
1632 1624 1821 1667 omnes

206 1716 429 1759 sanare.

1927 490 2003 546 tia
2021 497 2124 545 est.
2149 488 2305 558 Quod
2352 503 2459 543 non
2493 487 2634 543 lictis
2667 486 2897 555 fabulis,
2924 493 2983 540 ut
3007 484 3316 557 philosophi
3342 484 3529 555 dispua

1926 582 2148 648 tabant,
2178 580 2274 637 sed
2314 578 2616 636 verissimis
2658 578 2932 650 justorum
2972 576 3215 633 virorum
3261 576 3527 649 exemplis

1930 675 2131 733 docere
2163 688 2478 746 possumus.

1994 769 2086 827 50.
2110 768 2227 826 Non
2260 770 2421 841 igitur
2434 784 2535 841 ego
2556 768 2825 827 simulabo
2844 775 3005 825 terra:
3026 767 3259 835 hiatum,
3278 781 3398 838 qua:
3416 780 3531 822 ma-

1922 865 2046 937 gnis
2069 864 2393 935 quibusdam
2414 862 2715 919 dissiluerit
2739 862 2758 901 ί
2785 861 2962 917 soluta
2978 861 3265 928 imbribus,
3286 859 3338 915 in
3370 873 3530 931 quem

1923 957 2274 1016 descendisse
2329 958 2551 1030 Gyges,
2596 967 2758 1027 atque
2816 956 2891 1011 ibi
2938 965 2964 1003 8
3012 954 3320 1011 fabularum
3375 954 3528 1009 illum

1922 1068 2119 1125 equum
2149 1067 2360 1109 aeneum
2392 1050 2737 1107 offendissea
2773 1049 3000 1105 Platone
3026 1048 3319 1115 inducitur,
3352 1046 3441 1118 qui
3475 1046 3529 1102 in

1923 1148 2187 1212 lateribus
2224 1147 2338 1202 suis
2366 1144 2513 1202 fores
2547 1146 2803 1201 haberet:
2847 1160 2983 1214 quas
3014 1142 3105 1200 ubi
3128 1140 3379 1214 aperuit,
3405 1140 3530 1196 auio

1922 1242 2214 1299 madvertit
2236 1241 2493 1297 annulum
2519 1254 2747 1297 aureum
2769 1240 2822 1295 in
2840 1238 3010 1309 digito
3037 1236 3237 1293 mortui
3266 1235 3524 1301 hominis,

1921 1338 2077 1408 cujus
2104 1336 2217 1392 illic
2237 1334 2550 1391 exanimum
2576 1332 3026 1405 corpusjaeeret,
3055 1331 3281 1401 aurique
3306 1343 3529 1384 avarum

1920 1431 2207 1487 sustulisse
2257 1429 2545 1484 annulum.
2590 1427 2698 1484 Sed
2728 1442 2854 1482 cum
2903 1440 2962 1482 se
2991 1425 3056 1479 ad
3088 1434 3337 1495 pastores
3374 1437 3531 1479 rece-

1920 1524 2091 1598 pisset
2112 1524 2293 1594 regios
2315 1523 2383 1578 de
2409 1536 2641 1594 quorum
2666 1520 2783 1591 ipse
2812 1532 3042 1576 numero
3062 1517 3227 1585 foret,
3248 1532 3378 1574 casu
3396 1530 3532 1588 quo—

1920 1617 2072 1683 dam,
2097 1613 2125 1654 ιι
2149 1615 2295 1687 quod
2328 1615 2507 1686 palam
2540 1614 2658 1685 ejus
2688 1614 2872 1669 annuli
2905 1612 2975 1668 ad
3022 1611 3256 1684 palmam
3298 1625 3531 1668 conver-

1923 1718 2085 1775 terat,
2117 1710 2235 1781 ipse
2267 1725 2462 1765 omnes
2489 1708 2730 1777 videbat,
2759 1716 2922 1780 atque
2950 1722 2982 1763 a
3028 1706 3178 1762 nullo
3202 1705 3528 1762 videbatur:

278 1797 505 1858 38-6“?
524 1801 673 1857 enim
704 1799 735 1840 δ
768 1808 820 1856 ιθ
840 1801 1105 1873 potiorem
1130 1798 1555 1870 θιίθτοὶυάῖεοε,
1574 1813 1695 1855 cum
1715 1797 1819 1855 viri
1850 1788 1899 1849 Β
1925 1803 2124 1861 deinde
2153 1819 2275 1859 cum
2316 1803 2371 1859 in
2422 1802 2602 1859 locum
2651 1816 2809 1858 suum
2855 1809 3174 1857 revocasset
3225 1798 3489 1855 annulum
3510 1839 3526 1866 ,

208 1892 283 1949 sit
311 1892 605 1949 christiani
635 1892 899 1964 praeferre
923 1894 1029 1949 sibi
1057 1893 1292 1950 alterum
1311 1933 1328 1960 ,
1361 1891 1497 1948 nihil
1527 1892 1630 1948 sibi
1662 1907 1820 1947 arro-

216 2000 374 2056 gare,
404 1985 616 2041 nullum
648 1985 754 2041 sibi
778 1984 1042 2041 honorem
1073 2001 1374 2053 assumere,
1407 2001 1512 2041 non
1546 1984 1823 2041 vindicare

216 2077 408 2133 meriti
437 2078 524 2133 sui
574 2077 855 2148 pretium?
892 2078 1099 2134 Deinde
1126 2093 1225 2134 cur
1265 2093 1372 2133 non
1402 2086 1551 2133 tuum
1594 2078 1826 2134 tolerare

212 2170 397 2241 potius
436 2169 875 2239 incommodum,
904 2187 1064 2242 quam
1096 2172 1335 2227 alienum
1359 2170 1705 2228 commodum
1735 2170 1823 2226 di-

209 2263 394 2333 ripere
419 2264 740 2321 assuescas?
768 2264 909 2334 Quid
946 2275 1051 2319 tam
1072 2265 1339 2321 adversus
1357 2277 1632 2330 naturam,
1661 2280 1821 2336 quam

210 2368 322 2410 non
347 2370 471 2412 esse
495 2365 815 2412 contentum
848 2372 918 2412 eo
944 2357 1087 2426 quod
1111 2358 1334 2423 habeas,
1351 2358 1526 2413 aliena
1552 2372 1820 2428 quaerere,

209 2448 427 2504 ambire
451 2449 716 2519 turpiter?
738 2450 872 2505 Nam
892 2450 937 2505 si
952 2451 1211 2506 honestas
1233 2450 1530 2506 secundum
1555 2457 1822 2515 naturam,

210 2541 399 2596 omnia
428 2542 574 2597 enim
601 2540 729 2598 fecit
761 2543 902 2598 Deus
940 2543 1080 2599 bona
1111 2543 1290 2609 valde,
1328 2544 1608 2613 turpitudo
1634 2545 1826 2615 utique

213 2634 499 2690 contraria
528 2645 634 2691 est.
657 2635 779 2691 Non
804 2644 984 2706 potest
1003 2652 1135 2707 ergo
1155 2636 1427 2693 honestati
1456 2638 1748 2692 convenire
1772 2645 1826 2692 et

215 2726 585 2799 turpitudini,
619 2744 746 2785 cum
779 2728 895 2786 haec
928 2729 1068 2785 inter
1097 2746 1159 2786 se
1205 2729 1439 2786 discreta
1466 2737 1678 2787 naturae
1709 2730 1825 2801 lege

212 2821 352 2876 sint.

766 2918 923 2991 115
953 2915 1180 2976 CAPUT
1219 2916 1287 2972 v.

208 3006 429 3066 Iustum
477 3008 609 3065 nihil
633 3026 786 3081 agere
819 3012 956 3079 quod
996 3012 1063 3065 sit
1090 3020 1274 3068 contra
1317 3012 1553 3084 ofﬁcium
1580 3054 1595 3080 ,
1624 3013 1828 3068 etiamsi

289 3101 488 3156 latendi
514 3118 657 3173 spem
682 3102 957 3170 habuerit;
987 3103 1057 3157 ad
1090 3102 1187 3158 hoc
1214 3104 1390 3175 ipsum
1424 3103 1825 3177 signiﬁcandum

286 3195 524 3267 fabulam
562 3197 626 3252 de
655 3195 817 3269 Gygis
841 3199 1035 3253 annulo
1075 3173 1417 3269 excogitatam
1454 3173 1563 3251 esse
1588 3215 1620 3252 a
1649 3198 1822 3269 philo-
1849 3173 1896 3238 Ο

285 3291 490 3359 sapitis,
519 3307 618 3361 qua
647 3290 895 3360 explosa,
941 3290 1159 3346 Davidis
1208 3308 1270 3346 ac
1309 3290 1533 3347 Joannis
1570 3290 1819 3364 Baptista:

287 3394 434 3437 certa
452 3393 499 3438 et
526 3400 642 3439 tera
660 3384 898 3458 exentpla
928 3386 1283 3456 proferuntur.

284 3473 379 3531 29.
419 3486 443 3513 ε
476 3474 581 3532 Sed
603 3476 716 3547 jam
743 3485 801 3532 ut
821 3478 983 3533 etiam
1005 3479 1059 3533 in
1087 3478 1188 3534 hoc
1206 3478 1346 3535 libro
1374 3493 1636 3549 ponamus
1666 3479 1821 3537 fasti-

208 3566 391 3639 gium,
420 3568 476 3623 in
502 3584 610 3638 quo
648 3571 798 3626 velut
827 3570 880 3625 in
914 3570 1019 3627 fine
1044 3572 1427 3642 disputationis
1459 3584 1657 3629 nostra:
1688 3573 1822 3629 diri-

208 3678 410 3735 gamus
434 3665 796 3721 sententiam:
823 3674 881 3720 ut
902 3666 1033 3722 nihil
1058 3667 1418 3739 expetendum
1440 3668 1531 3733 sit,
1554 3668 1654 3725 nisi
1676 3668 1822 3740 quod

210 3756 531 3813 honestum.
560 3755 587 3795 ἀ
606 3757 753 3815 Nihil
781 3759 894 3831 agit
922 3762 1160 3831 sapiens,
1193 3762 1296 3816 nisi
1325 3761 1469 3832 quod
1496 3776 1618 3817 cum
1646 3763 1824 3820 since-

215 3852 404 3918 ritate,
424 3853 543 3909 sine
565 3852 753 3910 fraude
782 3854 884 3910 sit:
918 3871 1094 3926 neque
1121 3854 1412 3926 quidquam
1445 3855 1590 3921 facit,
1628 3856 1680 3911 in
1714 3871 1822 3927 quo

216 3959 280 4003 se
309 3947 544 4003 crimine
570 3963 843 4019 quoquam
887 3949 1126 4019 obliget,
1174 3949 1385 4004 etiamsi
1430 3949 1599 4004 latere
1631 3949 1819 4019 possit.

217 4037 339 4096 Sibi
361 4039 510 4095 enim
538 4049 620 4096 est
648 4054 779 4095 reus
817 4041 1128 4112 priustjuam
1159 4041 1405 4107 caeteris;
1437 4055 1537 4096 nec
1579 4052 1686 4095 tam
1719 4057 1820 4112 pu-

214 4179 329 4237 400
352 4224 367 4255 ,
395 4181 496 4236 lin.
527 4181 631 4238 20:
675 4181 738 4238 Si
776 4181 1006 4236 tabulam
1045 4182 1110 4237 de
1155 4183 1435 4255 naufragio
1463 4182 1649 4238 stultus
1683 4183 1820 4238 arri-

596 4341 634 4381 ιι
649 4324 841 4399 Offic.,
860 4340 977 4396 pag.
1003 4325 1132 4399 576,
1149 4325 1244 4381 lin.
1273 4325 1373 4399 εει
1396 4325 1456 4380 Si
1475 4326 1600 4397 quid
1625 4326 1821 4399 impor-

215 4403 356 4450 tetur
370 4396 517 4451 nobis
529 4398 865 4461 incommodi,
888 4398 1243 4466 propulsemus
1263 4396 1816 4466 ulciscamurque,etc.

1923 1897 2217 1956 videbatur
2240 1898 2310 1953 ab
2339 1896 2615 1953 omnibus.
2644 1894 2811 1967 Cujus
2845 1896 3023 1951 solers
3062 1895 3237 1950 factus
3257 1891 3530 1961 miraculi,

1923 2005 2022 2061 per
2067 1990 2254 2046 annuli
2302 1990 2764 2061 opportunitatem
2797 1989 3000 2060 regium
3045 1996 3236 2059 stupro
3285 1988 3526 2058 potitus,

1924 2097 2113 2139 necem
2152 2082 2266 2153 regi
2293 2082 2508 2149 intulit,
2537 2081 2862 2152 exterisque
2884 2080 3248 2151 interemptis,
3272 2095 3412 2151 quos
3435 2094 3530 2136 ue-

1922 2175 2129 2234 candos
2160 2184 2459 2246 putaverat,
2487 2190 2555 2231 ne
2580 2175 2681 2231 sibi
2713 2173 3100 2245 impedimento
3126 2173 3324 2242 forent,
3346 2171 3531 2245 Lydize

1925 2284 2150 2339 regnum
2178 2268 2407 2339 adeptus
2436 2278 2542 2325 est.

1997 2361 2088 2415 3f.
2117 2360 2213 2427 Da,
2248 2361 2439 2430 inquit,
2476 2365 2494 2406 i
2529 2360 2670 2416 hunc
2699 2360 2958 2415 annulum
2986 2360 3241 2430 sapienti,
3273 2370 3328 2415 ιιι
3355 2360 3526 2417 bene-

1928 2453 2051 2510 ficio
2079 2453 2196 2523 ejus
2242 2453 2413 2524 possit
2444 2453 2612 2509 latere
2638 2495 2653 2519 ,
2682 2467 2805 2508 cum
2850 2452 3182 2524 deliquerit:
3227 2468 3335 2508 non
3378 2454 3526 2509 enim

1926 2547 2106 2603 minus
2151 2546 2319 2617 fugiet
2361 2554 2704 2616 peccatorum
2739 2546 3081 2617 contagium,
3127 2562 3288 2618 quam
3330 2547 3374 2602 si
3418 2562 3525 2602 non

1926 2640 2099 2711 possit
2138 2640 2327 2695 latere.
2367 2639 2484 2694 Non
2515 2640 2661 2695 enim
2693 2639 2898 2695 latebra
2941 2639 3169 2709 sapienti
3198 2654 3324 2711 spes
3353 2640 3529 2710 impu-

1928 2732 2135 2799 nitatis,
2167 2732 2261 2789 sed
2294 2732 2602 2787 innocentia
2621 2741 2723 2786 est.
2753 2731 2996 2801 Denique
3020 2730 3104 2786 lea:
3129 2748 3231 2787 non
3253 2731 3531 2806 justo,sed

1926 2827 2125 2900 injuste
2165 2824 2334 2896 posita
2375 2833 2450 2879 est
2492 2823 2544 2897 (Ι
2574 2822 2711 2879 Tim.
2756 2840 2794 2891 ι,
2829 2821 2928 2896 9);
2975 2822 3098 2894 quia
3125 2823 3303 2894 justus
3350 2822 3525 2896 legem

1930 2919 2094 2976 habet
2123 2920 2323 2975 mentis
2353 2934 2469 2975 sua:
2489 2960 2506 2987 ,
2539 2926 2595 2974 et
2623 2919 2891 2990 aequitatis
2919 2933 2983 2973 ac
3004 2918 3232 2990 justitite
3259 2933 3372 2974 sua:
3398 2932 3529 2974 nor-

1928 3028 2073 3070 mam
2102 3030 2115 3068 :
2147 3012 2377 3084 ideoque
2399 3027 2505 3068 non
2540 3021 2755 3071 terrore
2779 3027 2950 3084 parum
2973 3022 3261 3069 revocatur
3288 3027 3316 3068 a
3344 3013 3526 3085 culpa,

1928 3105 2024 3163 sed
2054 3106 2351 3163 h‘bnestatis
2382 3104 2586 3177 regula.

1998 3198 2089 3256 52.
2122 3198 2269 3269 Ergo
2298 3208 2357 3253 nt
2386 3198 2454 3253 ad
2484 3198 2819 3269 propositum
2876 3197 3197 3265 redeamus,
3240 3212 3346 3253 non
3377 3196 3528 3253 fabu-

1924 3291 2039 3349 losa
2071 3306 2170 3362 pro
2199 3290 2363 3357 veris,
2388 3290 2484 3347 sed
2515 3306 2642 3346 vera
2670 3305 2767 3360 pro
2796 3290 3049 3346 fabulosis
3072 3291 3315 3360 exempla
3349 3288 3529 3360 profe-

1925 3401 2066 3442 ram.
2087 3384 2226 3454 Quid
2257 3385 2402 3441 enim
2436 3384 2568 3440 mihi
2589 3400 2727 3454 opus
2753 3392 2839 3439 est
2871 3384 3077 3455 fingere
3107 3383 3310 3438 hiatum
3341 3390 3524 3451 terrae,

1926 3497 2125 3553 equum
2171 3495 2383 3537 aeneum
2408 3522 2423 3547 ,
2455 3480 2826 3550 annulumque
2865 3493 3093 3534 aureum
3136 3478 3188 3533 in
3235 3477 3402 3548 digito
3429 3476 3528 3533 de-

1929 3574 2097 3632 functi
2131 3582 2439 3644 repertum;
2486 3572 2641 3644 cujus
2687 3570 2870 3627 annuli
2901 3579 3050 3625 tanta
3078 3570 3148 3625 sit
3176 3570 3256 3625 vis
3278 3611 3292 3635 ,
3326 3577 3385 3624 ut
3430 3583 3526 3639 pro

1929 3667 2156 3724 arbitrio
2184 3680 2282 3721 suo
2314 3666 2405 3736 qui
2431 3680 2552 3721 eum
2577 3666 2650 3720 sit
2674 3664 2898 3719 indutus
2931 3661 3215 3727 annulum,
3252 3660 3412 3732 116
3433 3674 3529 3729 ap-

1928 3773 2138 3835 pareat,
2161 3777 2283 3818 cum
2323 3761 2483 3818 velit:
2514 3776 2640 3816 eum
2666 3768 2847 3816 autem
2879 3758 3012 3813 nolit
3037 3799 3051 3823 ,
3082 3772 3113 3812 c
3145 3764 3437 3824 conspectu
3466 3770 3527 3812 se

1927 3855 2280 3927 praesentium
2312 3852 2616 3918 subtrahat,
2645 3860 2703 3906 ut
2732 3863 2969 3920 praesens
2994 3863 3102 3903 non
3128 3846 3297 3917 possit
3317 3844 3530 3901 videri?

1930 3954 1945 4002 t
1982 3949 2189 4019 Nempe
2217 3961 2283 4003 eo
2317 3947 2489 4003 tendit
2504 3945 2667 4011 istud,
2690 3954 2874 3999 utrum
2906 3943 3128 4013 sapiens
3153 3941 3316 3996 etiam
3346 3941 3390 3995 si
3423 3940 3528 3996 isto

1927 4053 2107 4100 utatur
2132 4041 2357 4107 annulo,
2386 4055 2492 4110 quo
2537 4037 2711 4111 possit
2752 4035 2968 4107 propria
2999 4034 3199 4107 ﬂagitia
3242 4033 3443 4101 celare,
3475 4042 3532 4089 et

1928 4190 2035 4237 ctc.
2068 4181 2133 4236 Et
2155 4180 2293 4235 infra
2314 4180 2408 4235 lin.
2433 4179 2531 4235 '57:
2562 4178 2724 4248 Atque
2742 4177 2899 4231 etiam
2922 4176 2975 4230 in
2996 4174 3137 4230 omni
3162 4172 3529 4231 deliberatione

1930 4253 2134 4307 celandi
2156 4262 2204 4307 et
2234 4251 2532 4306 occultandi
2556 4268 2692 4323 spes,
2723 4258 2828 4304 etc.

2003 4334 2027 4362 ο
2056 4323 2213 4378 Rom.
2257 4323 2416 4390 edit.,
2469 4316 2623 4390 quam
2679 4319 3006 4376 conscientia:
3053 4328 3146 4372 est.
3199 4316 3348 4390 Ilaud
3390 4318 3526 4390 satis

1929 4407 2112 4460 recte;
2148 4411 2249 4451 nec
2284 4388 2428 4451 enim
2459 4388 2545 4449 hic
2594 4392 2934 4465 signiﬁcatur
2979 4392 3156 4465 minus
3212 4388 3518 4465 pudendam

213 4466 360 4549 Item
386 4482 487 4549 pro
516 4468 715 4523 Milone
731 4509 765 4549 ,_
780 4469 840 4524 Si
854 4459 964 4522 ’v'ita
985 4459 1183 4549 nostra
1208 4459 1810 4549 in‘aliquasjnsi‘diasn...
1848 4489 1898 4549 ι)
1926 4483 2049 4549 esse
2077 4466 2266 4538 flagitii
2304 4459 2747 4549 publicationem,
2778 4479 2940 4547 quam
2964 4459 3529 4549 OCOIISCleltnlitB‘pllllli‘

216 4538 385 4592 omnis
419 4537 633 4594 honesta
662 4541 798 4593 ratio
824 4549 953 4593 esset
998 4539 1332 4609 expedienda:
1357 4540 1562 4594 salutis.
1612 4537 1816 4595 Confer

213 4623 339 4664 cum
372 4611 475 4665 hac
504 4611 777 4666 Ambrosii
809 4611 1058 4665 dnctrina
1087 4625 1209 4679 qua:
1241 4626 1408 4679 super
1436 4615 1625 4665 eodem
1656 4626 1817 4681 argu-

216 4688 404 4770 mento
449 4682 1026 4770 t_rtt_dit.'l'ertulli‘ann§‘
1062 4682 1118 4764 in
1146 4682 1819 4770 .Aptilliget.;”9ypriinus

216 4751 378 4820 epist.
408 4751 479 4806 ad
499 4753 794 4809 Thebanos
823 4754 956 4808 edit.
985 4752 1282 4807 Priorianm
1307 4751 1379 4809 56
1409 4763 1462 4805 et
1482 4751 1574 4818 57,
1602 4752 1667 4807 ad
1687 4752 1823 4807 Cor-

216 4823 422 4896 nelium
452 4839 679 4895 papam;
711 4824 955 4896 synodus
978 4824 1183 4895 Ancyr.
1215 4839 1338 4879 can.
1369 4822 1568 4896 22,Ade
1590 4824 1821 4896 homici-

214 4893 312 4949 dio
350 4893 759 4960 involunlario,
794 4904 849 4950 ei
875 4893 1113 4951 Basilius
1152 4896 1313 4963 epist.
1359 4897 1425 4948 ad
1470 4894 1815 4963 Atupltiloclt.

211 4978 343 5021 can.
376 4966 465 5022 il.
498 4964 580 5021 Es
613 4966 702 5022 his
728 4966 875 5023 enim
909 4966 1066 5021 facile
1097 4966 1369 5035 intelliges
1398 4966 1683 5020 Ductorem
1724 4981 1821 5021 no-

209 5045 388 5091 strum
417 5053 525 5092 non
555 5037 611 5093 in
630 5036 919 5094 Ciceronis
938 5038 1279 5107 aliorumque
1299 5038 1420 5093 licet
1445 5036 1817 5092 honestiorum

211 5107 362 5163 inter
403 5123 674 5179 paganos,
720 5110 819 5167 sed
862 5113 915 5163 in
960 5110 1151 5164 eadem
1197 5108 1400 5165 Christi
1450 5108 1671 5174 schola,
1715 5123 1819 5178 qua

210 5180 393 5250 sancti
424 5180 502 5235 illi
533 5189 719 5250 patres
743 5180 997 5236 edoctum
1033 5195 1177 5235 esse.

280 5248 315 5333 ξ
346 5249 510 5334 Ibid...
535 5248 665 5334 pag.
695 5251 975 5334 59!,ili‘n.,
1009 5251 1113 5306 59:
1155 5249 1316 5334 Modo
1339 5248 1438 5304 hoc
1453 5251 1525 5304 ita
1551 5250 1731 5321 faciat,
1764 5260 1822 5304 ut

209 5336 277 5376 ne
294 5324 409 5393 ipse
435 5324 502 5375 de
529 5339 583 5377 se
603 5324 730 5377 bene
756 5324 1082 5384 existimans,
1116 5330 1223 5405 etc.
1423 5392 1434 5405 .

284 5392 770 5466 {Quidamntssn
803 5394 1012 5466 Seddne
1031 5396 1149 5466 jam
1177 5411 1229 5447 ιη
1260 5392 1357 5466 hoc
1374 5392 1527 5466 Alibth
1568 5408 1823 5466 ponamus

541 5463 786 5549 (licam):
823 5480 881 5549 tu
910 5463 1097 5549 orae,
1135 5480 1259 5536 pag.
1294 5463 1435 5549 7392”,
1459 5465 1560 5548 lin.
1592 5464 1663 5549 2:
1688 5463 1823 5549 rSed

207 5536 464 5607 ῃσιίρω
487 5537 635 5607 operi
659 5536 974 5591 inchoato...
1001 5546 1260 5606 tamquam
1293 5536 1583 5607 fastigium,
1615 5545 1722 5589 etc.

283 5603 317 5645 ‘
334 5608 542 5663 (lintres
567 5608 707 5664 edit.
739 5605 892 5661 Nihil
920 5622 1138 5675 namque
1166 5606 1273 5678 agit
1304 5607 1534 5678 sapiens,
1557 5606 1656 5660 nisi
1684 5605 1824 5669 quod

209 5678 491 5747 Mm
515 5679 585 5733 sit
608 5693 631 5734 :
652 5694 843 5736 verum
862 5694 985 5747 qua:
1005 5679 1309 5743 omisimus,
1332 5678 1385 5731 in
1408 5678 1663 5731 omnibus
1688 5691 1818 5730 mss.

206 5744 631 5823 diuiderentur.
656 5744 1207 5823 ειεξηψιηιιιριῖιίε..
1239 5763 1363 5819 pag.
1399 5748 1535 5823 ξω,
1578 5749 1672 5801 lin.
1716 5747 1821 5823 ἵῷξι

586 5812 691 5879 hoc
718 5807 1116 5875 deliberantium
1144 5807 1552 5891 geuus'pellatur
1581 5834 1608 5873 e
1628 5807 1822 5887 medio;

1924 4530 2218 4601 cntionem,
2243 4530 2336 4592 sed
2361 4554 2521 4606 quam
2550 4530 2938 4593 conscientiam
2964 4532 3159 4606 ipsum,
3189 4530 3364 4606 idest,
3387 4530 3524 4606 intc—

1923 4610 2120 4666 riorem
2137 4600 2357 4665 admissi
2379 4600 2564 4679 flagitii
2581 4603 3126 4679 cognitionem.Alnl‘ra
3153 4602 3315 4657 etiam
3329 4600 3519 4655 eadem

1922 4682 2052 4736 edit.
2087 4681 2271 4746 liom.,
2301 4674 2673 4750 quemvmagna
2707 4679 2931 4747 quadam
2970 4674 3526 4750 imbriumtempestatc

1921 4765 2120 4817 exorta,
2152 4744 2345 4806 terram
2373 4744 2588 4819 jecisseI
2621 4762 2666 4803 et
2698 4744 2752 4803 in
2780 4762 2945 4818 quem,
2976 4753 3085 4819 etc.
3123 4744 3227 4798 Sed
3258 4757 3520 4811 quorsum

1922 4838 1985 4879 ea
2016 4823 2245 4877 mutatio
2271 4817 2499 4890 Spectet.
2544 4837 2650 4874 non
2682 4821 2814 4874 satis
2837 4817 3196 4890 assequimur.

2000 4893 2020 4931 ί
2063 4894 2177 4948 Cic.
2211 4883 2315 4945 lihf
2335 4908 2388 4945 ιιι
2417 4892 2601 4956 Ollic.,
2641 4905 2762 4960 pag.
2795 4889 2937 4951 392,
2980 4883 3079 4942 lin.
3111 4884 3235 4960 40:_
3257 4883 3393 4960 Hinc
3433 4883 3523 4938 ille

1925 4963 2094 5036 Gyges
2120 4962 2390 5018 inducitur
2416 4979 2449 5016 a
2487 4955 2736 5028 Platone,
2766 4961 2996 5031 quicum
3024 4967 3162 5012 terra
3201 4955 3517 5022 decessisset,

1924 5046 2028 5092 etc.

1998 5117 2023 5156 Β
2056 5106 2198 5162 Edit.
2230 5104 2456 5161 Amerb.
2475 5113 2530 5159 et
2557 5100 3127 5172 Erasm.,{abularium
3140 5097 3288 5151 illum
3311 5113 3520 5167 equum;

1925 5178 2056 5236 Gill.
2087 5188 2142 5232 et
2173 5177 2360 5238 Rom.,
2396 5175 2706 5249 fabularem,
2736 5184 2842 5249 etc.

1994 5249 2024 5287 ιι
2055 5249 2184 5305 Mss.
2216 5239 2407 5302 omnes
2436 5248 2705 5309 scribunt,
2734 5245 2969 5316 paleam;
2990 5250 3101 5296 tres
3128 5251 3394 5316 tamenex
3415 5239 3523 5297 illis

1925 5320 2312 5386 extilicatiouis
2341 5334 2471 5387 ergo
2516 5319 2631 5372 Ita-c
2673 5311 2876 5371 habent
2907 5316 2957 5368 in
2990 5311 3383 5387 tn:irgine;_Al.
3429 5329 3525 5379 pa-

1927 5383 2033 5447 lam
2056 5409 2076 5456 ;
2099 5394 2172 5446 sic
2199 5392 2332 5445 enim
2359 5383 2504 5445 vocat
2533 5390 2846 5460 superiorem
2878 5394 3072 5457 partem
3100 5383 3303 5449 annuli,
3341 5384 3394 5436 in
3419 5399 3522 5454 qua

1926 5463 2283 5538 lapisAinﬁagus
2309 5471 2504 5538 θεὴ-η
2769 5528 2870 5538 _“
2927 5527 2963 5538 η
3068 5526 3122 5538 ,Α
3197 5531 3209 5538 _
3371 5525 3435 5538 Η

2006 5534 2021 5571 ί
2053 5526 2167 5589 Cie.
2196 5534 2288 5588 lib.
2323 5549 2381 5587 ιιι
2405 5532 2589 5599 Ofllc.,
2617 5546 2737 5602 pag.
2769 5528 2897 5595 592,
2927 5527 3026 5582 lin.
3056 5526 3154 5583 49:
3189 5531 3340 5581 hunc
3364 5526 3525 5597 igitur

1927 5606 2095 5676 ipsum
2115 5606 2365 5658 annulum
2392 5607 2434 5658 si
2458 5604 2641 5676 [tabent
2666 5603 2894 5676 sapiens,
2927 5609 3035 5655 etc.

2003 5676 2017 5726 i
2058 5677 2219 5739 lbid.,
2246 5690 2368 5745 pag.
2396 5676 2524 5743 593,
2549 5675 2640 5730 lin.
2666 5675 2701 5731 3
2718 5669 2737 5726 εν
2764 5672 2893 5727 Hac
2915 5681 2988 5726 est
3003 5671 3078 5726 vis
3099 5669 3259 5743 hujus
3281 5670 3462 5725 annuli
3482 5682 3530 5727 et

1928 5747 2087 5819 hujus
2109 5747 2351 5814 eaentpli,
2382 5756 2491 5802 etc.
