4030 6188
534 276 639 335 155

1880 266 2127 331 SANCTI
2158 268 2485 330 AMiiiiOSll

3744 284 3849 343 l56

532 410 757 470 regnum
798 398 1013 470 assequi
1039 413 1053 461 ;
1086 395 1294 451 uolitne
1322 408 1550 467 peccare
1573 434 1589 462 ,
1631 400 1687 450 et
1724 393 1940 465 gravius
1968 391 2132 448 ducat
2158 392 2214 455 Α
2236 391 2506 448 Praestare
2525 393 3204 465 lnociilipotuitsilentium
3223 411 3404 465 suum,
3424 408 3547 455 utet
3569 400 3850 457 videretur

535 493 758 550 sceleris
786 492 1095 564 contagium
1124 505 1404 560 poenarum
1434 489 1748 544 doloribus:
1781 502 1848 542 an
1877 502 2009 542 vero
2035 500 2132 557 spe

538 584 873 655 impunitatis
908 592 1091 638 utatur
1129 582 1197 637 ad
1250 579 1669 652 perpetrandum
1702 580 1923 635 scelus?
1948 578 2088 646 Quid
2113 617 2129 645 ,

539 679 775 749 inquam,
814 676 942 731 mibi
981 691 1117 747 opus
1145 685 1228 731 est
1256 676 1512 747 ligtnento
1537 674 1746 739 annuli,
1774 689 1895 729 cum
1927 674 2129 744 possim

535 772 733 827 docere
761 784 830 826 ex
863 769 1027 825 rebus
1057 768 1227 839 gestis
1256 768 1401 839 quod
1443 768 1522 822 vir
1545 768 1767 838 sapiens
1793 782 1915 822 cum
1943 766 2046 821 sibi
2077 766 2130 821 in

534 874 759 937 peccato
788 880 895 919 non
923 864 1096 920 solum
1130 864 1405 919 latendum
1432 904 1445 929 ,
1478 863 1573 918 sed
1604 865 1768 918 etiam
1796 861 2131 933 regnandum

531 958 764 1021 videret,
794 958 838 1012 si
867 966 1147 1027 peccatum
1188 954 1540 1021 admitteret;
1570 963 1757 1010 contra
1778 963 1956 1008 autem
1990 952 2135 1024 peri-

534 1050 717 1105 culum
751 1048 942 1103 salutis
975 1058 1261 1113 cerneret,
1294 1047 1338 1101 si
1367 1046 1666 1102 declinaret
1686 1044 1946 1116 ﬂagitium
1975 1060 1990 1111 ;
2020 1044 2135 1101 ele~

534 1143 675 1214 gerit
703 1151 881 1197 tamen
911 1142 1082 1212 magis
1107 1141 1298 1196 salutis
1341 1139 1637 1210 periculum
1659 1181 1675 1207 ,
1704 1149 1762 1193 ut
1796 1146 2010 1194 vacaret
2038 1137 2135 1191 ila-

533 1234 689 1306 gitio,
718 1249 881 1305 quam
910 1232 1173 1303 ﬂagitium
1203 1247 1312 1303 quo
1343 1232 1447 1287 sibi
1473 1247 1697 1303 regnum
1733 1231 1991 1301 pararet?

606 1329 696 1384 53.
734 1327 977 1397 Denique
1004 1326 1174 1381 David
1194 1342 1317 1381 cum
1346 1326 1559 1397 fugeret
1584 1341 1614 1381 a
1642 1325 1780 1381 facie
1808 1326 1953 1396 regis
1978 1324 2131 1393 Sani,

532 1422 675 1494 quod
708 1436 831 1477 eum
854 1435 950 1476 rex
965 1436 1087 1476 cum
1114 1421 1289 1477 tribus
1312 1420 1551 1475 millibus
1572 1420 1811 1475 virorum
1832 1420 2133 1475 electorum

534 1517 601 1571 ad
626 1513 964 1572 inferendam
994 1528 1179 1568 necem
1214 1513 1266 1568 in
1293 1513 1512 1569 deserto
1539 1523 1829 1583 quaereret,
1859 1511 2135 1582 ingressus

538 1609 590 1663 in
632 1616 816 1663 castra
858 1607 1034 1676 regis,
1076 1620 1197 1660 cum
1240 1605 1599 1661 dormientem
1628 1603 1979 1671 oft‘cttdisset,
2027 1618 2135 1659 non

537 1703 716 1758 solum
746 1702 863 1772 ipse
893 1715 1000 1756 non
1035 1702 1326 1771 percussit,
1358 1700 1454 1756 sed
1483 1701 1645 1755 etiam
1672 1702 1940 1771 protexit;
1972 1715 2039 1755 ne
2065 1700 2135 1754 ab

2236 493 2291 539 et
2308 500 2416 540 non
2436 487 2781 544 occideretur
2799 506 2813 543 :
2830 489 2926 545 sed
2950 492 3071 561 quia
3098 506 3206 547 non
3239 493 3414 547 solum
3438 495 3594 567 117
3616 510 3849 565 peccare

2235 590 2295 632 se
2322 586 2547 648 prepter
2564 580 2757 636 salutis
2770 580 3146 638 defensionem
3176 598 3368 655 passus
3397 600 3503 640 non
3528 597 3635 655 est,
3653 590 3750 643 sed
3780 605 3849 646 ne

2236 670 2472 726 alienum
2489 672 2709 743 quidem
2725 685 3005 745 peccatum
3023 677 3169 734 ferre
3184 694 3246 734 ac
3268 682 3475 749 perpeti
3498 682 3706 750 potuit;
3726 682 3848 739 ideo

2237 762 2289 817 in
2301 778 2361 818 se
2376 778 2593 819 causam
2615 768 2763 822 necis
2776 769 3049 825 excitavit.
3078 768 3238 826 Certe
3259 771 3360 827 hoc.
3374 788 3570 843 negare
3588 790 3696 829 non
3721 791 3848 846 pns-

2236 867 2363 912 sunt
2389 862 2635 927 potuisse
2659 861 2775 916 lieri
2808 869 2871 917 ut
2895 874 3117 930 taceret,
3145 868 3233 935 qui
3256 867 3323 921 de
3353 866 3447 921 illo
3474 868 3625 941 Gyge
3648 878 3850 940 negant

2237 950 2481 1020 potuisse
2519 950 2633 1006 ﬁeri
2667 961 2727 1008 ut
2755 955 2943 1008 annuli
2968 955 3235 1012 beneﬁcio
3262 959 3721 1015 absconderetur.

2309 1041 2400 1098 36.
2444 1043 2551 1099 Sed
2582 1045 2785 1115 rabula,
2804 1047 2911 1103 etsi
2939 1051 3043 1105 vim
3079 1067 3184 1106 non
3212 1052 3382 1109 habet
3408 1055 3678 1123 veritatis,
3705 1053 3847 1112 itane

2238 1145 2417 1192 tamen
2464 1139 2729 1195 rationem
2768 1142 2971 1208 habet,
3004 1153 3063 1199 ut
3107 1145 3155 1200 si
3206 1147 3381 1215 possit
3429 1148 3611 1203 celare
3659 1162 3720 1202 se
3766 1151 3847 1205 vir

2231 1229 2448 1301 ju~tus;
2492 1240 2674 1289 tamen
2723 1236 2795 1288 ita
2824 1245 3110 1304 peccatum
3158 1237 3401 1295 declinet
3427 1283 3442 1305 ,
3474 1242 3628 1312 quasi
3662 1244 3844 1299 celare

2240 1337 2347 1379 non
2380 1326 2551 1395 possit
2577 1345 2589 1380 :
2614 1322 2642 1363 ἀ
2670 1341 2770 1383 nec
2800 1342 3089 1398 personam
3116 1345 3269 1385 suam
3303 1332 3527 1387 indutus
3548 1334 3840 1403 annulum,

2235 1417 2332 1473 sed
2360 1420 2521 1473 vitam
2569 1434 2722 1474 suam
2753 1419 3029 1478 Christum
3061 1423 3282 1480 indutus
3311 1425 3613 1482 abscondat
3641 1471 3653 1488 .
3704 1430 3844 1484 sicut

2236 1510 2527 1581 Apostolus
2568 1511 2687 1566 ait:
2731 1512 2868 1577 Quia
2898 1516 3002 1569 vita
3048 1524 3227 1570 nostra
3268 1517 3569 1573 abscondita
3614 1529 3692 1573 est
3722 1535 3838 1575 cum

2237 1603 2440 1660 Christo
2471 1606 2525 1659 in
2559 1604 2666 1661 Deo
2694 1605 2919 1679 (Coloss.
2948 1623 3051 1675 ιιι,
3083 1608 3163 1680 '5).
3212 1609 3383 1665 Nemo
3423 1626 3555 1682 ergo
3599 1611 3691 1667 ltic
3737 1611 3842 1667 ful-

2236 1711 2367 1767 gere
2407 1707 2654 1766 quterat,
2704 1715 2867 1754 nemo
2918 1700 3021 1755 sibi
3067 1711 3325 1771 arroget,
3367 1718 3528 1758 nemo
3574 1720 3636 1758 se
3668 1704 3842 1775 jactet
3902 1692 3913 1697 ’

535 1795 723 1865 aliquo
749 1793 841 1863 qui
869 1793 1029 1848 simul
1061 1793 1339 1865 ingressus
1361 1792 1557 1857 fuerat,
1586 1793 1970 1864 perimeretur.
2002 1793 2134 1848 Nam
2166 1798 2215 1859 Β
2242 1789 2410 1863 (Luc.
2452 1807 2507 1845 ιιι
2533 1833 2547 1855 ,
2593 1792 2718 1862 56).
2750 1792 2983 1849 Nulebat
3030 1808 3093 1850 se
3137 1795 3388 1850 Christus
3426 1796 3516 1851 hic
3546 1803 3841 1869 cognosci,

539 1903 664 1944 cum
690 1886 898 1942 diceret
929 1886 978 1942 ei
1010 1886 1216 1942 Abesse
1243 1904 1256 1940 ε
1285 1884 1549 1941 Conclusit
1577 1884 1731 1939 hodie
1751 1883 2005 1939 Dominus
2027 1885 2134 1939 ius}

535 1981 725 2036 micam
768 1988 915 2034 tuum
953 1980 1007 2034 in
1051 1979 1287 2034 manibus
1317 1980 1421 2034 tuis
1441 2019 1457 2047 ,
1486 1988 1534 2034 et
1574 1994 1708 2033 nunc
1737 1977 1968 2033 occidam
1990 1978 2133 2033 eum?

530 2074 799 2146 respondit
824 2091 843 2129 :
869 2073 994 2131 Non
1019 2090 1299 2129 consume
1323 2089 1460 2142 eum,
1484 2074 1732 2145 quoniam
1786 2074 1900 2145 quis
1934 2073 2132 2140 inficiet

538 2182 748 2222 manum
770 2182 919 2221 suam
952 2169 1006 2220 in
1025 2168 1281 2222 christum
1319 2163 1553 2233 Domini,
1585 2175 1633 2221 et
1662 2182 1824 2238 purus
1847 2167 1944 2221 erit
1964 2167 1990 2221 .9
2010 2174 2037 2204 ι
2069 2167 2133 2223 Et

530 2261 781 2318 addidit:
817 2261 956 2317 Viuit
998 2260 1292 2330 Dominus,
1321 2264 1566 2333 quoniam
1589 2264 1690 2318 nisi
1721 2263 1977 2319 Dominus
2016 2281 2135 2334 per-

534 2357 751 2412 cusserit
778 2356 951 2423 illum,
979 2366 1072 2412 aut
1101 2358 1203 2412 nisi
1222 2356 1352 2412 liora
1376 2358 1521 2413 illius
1542 2359 1752 2425 uenerit,
1778 2366 1831 2413 ut
1852 2361 2129 2429 moriatur,

531 2448 560 2491 ι’
591 2460 682 2505 aut
703 2451 756 2504 in
782 2466 958 2524 pugna
978 2450 1311 2519 discesserit,
1334 2462 1382 2506 et
1410 2462 1707 2523 apponatur
1729 2454 1856 2507 mihi
1879 2471 1899 2520 ;
1929 2470 2033 2509 non
2067 2453 2135 2508 sit

530 2562 562 2599 a
590 2541 816 2598 Domino
844 2545 1059 2615 injicere
1088 2562 1299 2600 manum
1333 2563 1496 2600 meam
1532 2548 1586 2601 in
1629 2548 1879 2603 christum
1923 2547 2133 2603 Domini

515 2637 592 2710 .(l
621 2637 750 2708 Reg.
776 2652 905 2691 xtm
932 2678 947 2703 ,
978 2638 1012 2692 8
1039 2647 1086 2692 et
1111 2638 1268 2709 seq.).

606 2733 696 2785 54.
743 2732 930 2803 itaque
957 2746 1063 2786 non
1109 2732 1356 2803 permisit
1401 2734 1582 2789 necari
1615 2748 1737 2790 eum
1762 2776 1776 2801 ,
1806 2734 1903 2790 sed
1957 2737 2129 2792 solam

533 2824 776 2879 lanceam
803 2840 924 2895 quae
962 2834 1079 2880 erat
1104 2825 1169 2881 ad
1204 2836 1365 2895 caput
1391 2827 1537 2897 ejus,
1570 2837 1625 2884 et
1654 2827 1969 2883 lenticulam
2008 2842 2129 2886 sus-

535 2916 676 2970 tulit.
705 2916 890 2987 Itaque
907 2916 1309 2974 dormientibus
1326 2920 1559 2986 cunctls,
1582 2934 1836 2991 egressus
1848 2920 1918 2977 de
1938 2924 2131 2979 castris

536 3009 786 3064 transivit
817 3009 869 3064 ln
896 3023 1156 3066 cacumen
1184 3013 1405 3079 montis,
1438 3021 1488 3069 et
1521 3027 1820 3085 coarguere
1843 3015 2008 3085 cmpit
2032 3017 2129 3072 sti-

537 3111 754 3173 patores
776 3104 976 3175 regios,
994 3114 1049 3159 et
1072 3106 1343 3176 prmeipue
1369 3106 1669 3178 principem
1699 3107 1902 3164 militia
1923 3109 2125 3175 Abuer,

2237 1883 2455 1938 nolebat
2487 1885 2771 1953 prredicari
2803 1887 2855 1941 in
2904 1887 3201 1957 Evangelio
3239 1902 3438 1944 nomen
3479 1904 3683 1959 suum,
3717 1907 3841 1949 cum

2235 1975 2290 2031 in
2323 1975 2483 2031 terris
2512 1990 2860 2034 versaretur:
2894 1979 3042 2035 venit
3080 1991 3138 2034 ut
3175 1980 3367 2036 lateret
3410 1982 3671 2039 sarculum
3717 1985 3837 2043 hoc.

2236 2069 2304 2125 Et
2352 2086 2450 2126 nos
2491 2086 2621 2141 ergo
2665 2072 2828 2128 simili
2869 2073 3034 2129 modo
3076 2075 3485 2132 abscondamus
3540 2079 3704 2134 vitam
3748 2097 3843 2136 no-

2235 2174 2402 2219 stram
2433 2163 2639 2221 Cltristi
2668 2169 2946 2239 exemplo,
2982 2169 3248 2240 fugiamus
3271 2170 3615 2241 iactantiam,
3653 2184 3678 2211 ε
3706 2190 3843 2245 prm-

2236 2258 2402 2314 dicari
2434 2275 2543 2315 non
2570 2269 2979 2330 exspectemus.
3009 2262 3203 2317 Melius
3233 2272 3317 2318 est
3359 2263 3447 2320 hic
3474 2280 3598 2321 esse
3644 2268 3697 2321 in
3744 2271 3841 2322 ltil-

2234 2351 2460 2407 militate
2480 2393 2495 2419 ,
2529 2352 2600 2407 ibi
2641 2352 2692 2407 in
2723 2354 2921 2424 gloria.
2950 2351 3081 2409 Cum
3109 2352 3347 2411 Christus
3371 2397 3385 2422 ,
3428 2357 3607 2428 inquit
3629 2401 3642 2423 ,
3675 2374 3840 2433 appa-

2232 2447 2415 2513 ruerit,
2448 2456 2572 2502 tunc
2612 2458 2660 2503 et
2708 2465 2797 2504 vos
2825 2465 2941 2503 cunt
2967 2448 3064 2504 illo
3092 2448 3407 2520 apparebitis
3430 2452 3485 2505 in
3511 2453 3683 2523 gloria
3713 2451 3837 2522 (Co-

2233 2539 2358 2595 loss.
2386 2555 2444 2595 ιιι
2468 2584 2483 2607 ,
2517 2539 2598 2611 4).

2855 2633 3086 2691 CAPUT
3131 2635 3217 2691 Vl.

2238 2726 2526 2783 Prcoalere
2554 2727 2695 2801 apud
2730 2742 2825 2780 nos
2852 2726 3253 2782 emolumentum
3278 2744 3385 2782 non
3411 2739 3668 2800 oportere.
3698 2730 3837 2796 Quid

2306 2823 2577 2876 obtendere
2618 2821 2813 2875 soleant
2843 2822 2933 2892 qui
2972 2838 3003 2875 a
3044 2821 3318 2890 frumentis
3350 2822 3549 2876 lucrum
3579 2832 3838 2892 captant:

2306 2919 2487 2989 quidve
2529 2917 2634 2971 illis
2674 2917 2853 2972 debeat
2895 2917 3245 2988 responderi?
3286 2916 3387 2972 Ubi
3428 2918 3619 2972 eisdem
3662 2918 3834 2974 Erano

2304 3014 2469 3084 gelica
2508 3010 2756 3082 parabole
2785 3019 2832 3065 et
2875 3010 3176 3066 Salomonis
3217 3009 3375 3079 effata
3414 3011 3507 3065 sub
3550 3012 3713 3066 oculis
3744 3027 3838 3084 po—

2302 3115 2520 3160 nuntur.

532 3194 674 3266 quod
698 3212 1038 3268 nequaquam
1072 3198 1233 3254 lidam
1260 3201 1559 3255 custodiam
1581 3202 1766 3273 regict
1789 3201 2012 3258 domino
2031 3218 2130 3259 suo
2155 3190 2200 3253 C
2304 3199 2396 3255 37.
2440 3198 2555 3254 Non
2584 3200 2766 3254 vincat
2807 3198 2975 3272 igitur
3004 3197 3025 3236 ί
3062 3196 3404 3255 honestatem
3448 3198 3658 3254 utilitas
3681 3242 3694 3263 ,
3738 3200 3838 3255 sed

533 3288 853 3345 adhiberet:
885 3290 1123 3361 denique
1152 3292 1597 3362 demonstraret,
1630 3295 1720 3350 ubi
1764 3306 1910 3352 esset
1940 3296 2125 3352 lant-ea

535 3382 713 3452 regis,
750 3383 841 3438 vel
886 3383 1139 3440 lenticula
1176 3400 1300 3457 quae
1325 3388 1529 3442 eratad
1557 3398 1717 3459 caput
1748 3389 1888 3460 eius.
1932 3388 1999 3446 Et
2035 3407 2128 3463 ap-

533 3474 766 3545 pellatus
786 3491 813 3529 a
840 3492 967 3548 rege
987 3478 1226 3534 lanceam
1253 3480 1519 3536 reddidit:
1544 3480 1613 3535 Et
1641 3482 1907 3552 Dominus,
1932 3484 2121 3553 inquit,

528 3569 765 3623 restituat
790 3570 1064 3641 unicuique
1091 3574 1330 3645 justitias
1352 3590 1492 3640 suas,
1516 3584 1565 3629 et
1584 3576 1739 3645 ﬁdem
1779 3592 1958 3632 suam:
1994 3564 2129 3634 sicut

533 3663 746 3719 tradidit
768 3673 815 3719 te
828 3663 1082 3721 Dominus
1109 3668 1164 3720 in
1179 3683 1362 3723 atauus
1382 3684 1543 3735 meas,
1573 3679 1621 3724 et
1651 3671 1794 3725 nolui
1818 3681 1841 3709 ο
1867 3672 2128 3729 vindicare

535 3773 688 3811 manu
714 3774 825 3813 mea
847 3759 902 3813 in
932 3760 1184 3815 christum
1230 3760 1460 3818 Domini.
1509 3762 1575 3817 Et
1599 3778 1723 3819 cum
1757 3765 1873 3821 base
1899 3765 2124 3835 diceret,

530 3853 756 3909 timebat
786 3861 967 3911 tamen
1002 3855 1228 3911 insidias
1258 3856 1377 3927 ejus
1396 3898 1413 3926 ,
1440 3866 1495 3914 et
1520 3858 1683 3929 t‘uglt,
1711 3860 1895 3916 sedem
1935 3862 2128 3920 exsilio

533 3955 768 4002 mutans.
826 3947 937 4004 Nec
965 3958 1146 4005 tamen
1187 3950 1415 4007 salutem
1471 3954 1706 4022 prartulit
1755 3954 2082 4012 innocentiae
2112 3999 2126 4022 ,

532 4040 780 4109 cuntjam
805 4041 1044 4097 secundo
1069 4043 1319 4099 facultate
1341 4043 1447 4101 sibi
1495 4046 1694 4102 tributa
1716 4047 1860 4119 regis
1876 4049 2125 4117 necandi,

532 4132 796 4191 uoluisset
837 4136 910 4191 uti
940 4136 1244 4195 occasionis
1277 4137 1583 4196 beneﬁcio:
1614 4156 1737 4210 qua:
1764 4152 1819 4197 et
1861 4144 2126 4198 securita-

537 4234 646 4278 tem
672 4225 867 4280 salutis
898 4210 1183 4292 metuenti,
1209 4236 1265 4283 et
1293 4244 1518 4300 regnum
1548 4229 1811 4287 oﬂ‘erebat
1833 4234 2024 4289 exsuli.

603 4318 695 4373 55.
724 4316 827 4374 Ubi
857 4333 998 4389 Opus
1036 4319 1136 4375 fuit
1181 4319 1377 4376 .loanni
1419 4320 1606 4393 Gygeo
1650 4324 1854 4379 annulo
1881 4367 1896 4391 ,
1950 4329 2041 4397 qui
2080 4328 2128 4383 si

531 4411 810 4477 tacuisset,
838 4425 945 4467 non
969 4421 1115 4468 esset
1136 4412 1350 4470 occisus
1371 4414 1440 4471 ab
1462 4414 1884 4489 llerode(Marc.
1912 4435 1986 4488 vt,
2011 4418 2128 4493 13)?

601 4580 627 4610 ι
658 4572 818 4628 Rom.
848 4573 984 4641 edit,
1006 4586 1053 4630 et
1080 4576 1154 4630 ait
1174 4574 1345 4631 David
1384 4593 1403 4632 :
1438 4577 1570 4634 Vicit
1603 4576 1879 4635 Dominus.

598 4642 626 4682 ιι
658 4643 782 4718 _V_et.
805 4645 937 4718 edit.
971 4662 1037 4701 ac
1068 4648 1224 4704 ltum.
1255 4648 1360 4706 hoc
1385 4649 1503 4707 loco
1528 4664 1635 4706 non
1666 4651 1996 4718 discrepant.
2021 4650 2128 4709 nisi

527 4715 669 4791 quod
700 4715 817 4791 base
835 4717 1358 4791 sicinterpungit,...
1380 4732 1425 4775 et
1445 4733 1759 4791 apponatur,
1784 4715 1908 4777 milii
1932 4739 2034 4776 non
2064 4726 2133 4781 sit

440 4846 445 4849 _
527 4786 831 4863 ¢_t__D_ont:'no,
866 4798 972 4843 etc.
1001 4786 1267 4863 Nimirum
1299 4801 1358 4848 ut
1384 4786 1712 4863 respondeat
1741 4786 1824 4846 his
1852 4793 2033 4851 verbis
2057 4810 2127 4853 ex

527 4856 718 4939 LXX;_
735 4864 826 4915 Καὶ
856 4870 1081 4939 πρυστῇ.
1106 4862 1355 4938 μηδαμῶς
1382 4856 1489 4937 pot,
1520 4873 1627 4920 etc.
1653 4865 1782 4939 Mss.
1803 4875 1982 4939 autem
2003 4882 2125 4920 cum

527 4931 804 5006 veteribus
824 4931 1004 5006 magis
1018 4931 1501 5005 lacittut,'exrepto
1522 4936 1666 5006 quod
1694 4936 1776 4989 ita-
1806 4936 2123 5004 prmieruut,

526 5002 605 5079 uel
625 5003 685 5079 in
711 5020 962 5079 pugnam,
988 5005 1046 5079 bi
1086 5021 1236 5067 vero,
1262 5018 1317 5062 ut
1344 5010 1396 5061 in
1411 5002 1682 5079 pugnam;
1713 5017 1769 5063 et
1800 5002 1901 5079 pro
1920 5002 2132 5063 descené-

526 5074 680 5149 derit,
710 5073 919 5149 'l‘hnan.
959 5077 1267 5133 discesserit.
1305 5079 1368 5134 Et
1414 5073 1537 5149 post
1585 5094 1752 5148 pauca
1777 5073 1909 5142 {ubi
1938 5094 2131 5135 omnes

526 5143 688 5222 edit”
719 5156 764 5198 et
791 5147 1095 5222 lenticulam
1123 5149 1237 5222 tulit
1265 5143 1436 5218 aqua,
1468 5143 1959 5219 dormientibusque,
1992 5159 2127 5222 etc.,

528 5216 784 5271 scribitur
812 5221 863 5274 in
889 5236 1021 5275 mss.
1053 5235 1105 5277 ut
1140 5221 1190 5275 itt
1221 5231 1391 5276 textu.

604 5296 625 5323 ο
660 5287 860 5364 anes
888 5292 1044 5364 edit.,
1101 5293 1316 5364 injicere
1354 5308 1567 5347 manum
1603 5308 1771 5347 meam
1800 5291 2129 5354 in'christutn

531 5354 782 5412 Domini:
812 5361 1031 5442 quidam
1074 5354 1200 5419 mss.
1243 5364 1485 5419 inducere
1512 5381 1741 5431 manum,
1774 5373 1908 5431 οιεά
1936 5367 2126 5424 caeteri

529 5440 720 5484 omnes
752 5442 806 5483 ιιι
839 5440 890 5486 in
918 5440 1089 5488 textu.

598 5496 624 5538 ἀ
658 5499 784 5575 iis-5.
811 5504 1049 5573 aliquot,
1080 5521 1174 5559 nec
1197 5521 1467 5575 personam
1500 5524 1643 5564 suam
1668 5508 1886 5565 indutus
1910 5506 2135 5561 abscon-

526 5569 635 5625 dat.
663 5569 917 5646 [inmanis
948 5569 1229 5646 Apostolus
1258 5580 1352 5634 ait.

604 5652 628 5683 ο
659 5643 787 5725 Era.
841 5658 899 5705 et
940 5643 1063 5720 seq.
1112 5653 1281 5719 edit.,
1325 5655 1599 5725 praedicari
1643 5669 1747 5710 non
1791 5661 2131 5723 expetamus;

540 5718 762 5801 Quaerit.
790 5730 841 5773 et
874 5737 1002 5801 mss.
1028 5718 1239 5801 aliquot
1264 5718 1280 5794 ,
1311 5718 1586 5801 praedicari
1615 5744 1717 5782 non
1739 5718 2133 5795 exspectatum:

532 5788 625 5849 alii
651 5787 871 5847 demunt
903 5787 1206 5870 elegantius
1225 5787 1441 5864 non
1471 5787 1846 5871 exspectemus:

2239 3294 2493 3349 honestat
2526 3293 2849 3349 utilitatem:
2885 3292 3024 3347 hanc
3061 3291 3187 3347 dico
3214 3291 3506 3347 utilitatem
3534 3334 3549 3357 ,
3580 3307 3706 3364 quae
3736 3307 3839 3348 tes-

2238 3388 2460 3441 timatnr
2479 3386 2772 3441 secundum
2805 3384 2945 3456 vulgi
2969 3383 3302 3455 Opinionem.
3326 3384 3687 3440 Mortiﬂcetur
3712 3401 3837 3441 ara-

2237 3483 2355 3538 ritia
2376 3526 2390 3547 ,
2426 3482 2688 3535 moriatur
2716 3480 3183 3551 concupiscentia.
3216 3480 3452 3535 Sanctus
3496 3478 3552 3534 in
3594 3481 3841 3550 negotia-

2237 3576 2438 3631 tionem
2481 3575 2738 3631 introisse
2783 3588 2844 3629 se
2874 3583 3070 3645 negat;
3103 3573 3228 3644 quia
3271 3572 3569 3643 pretiorum
3619 3586 3842 3645 captare

2236 3674 2568 3728 incrementa
2616 3684 2723 3725 non
2761 3668 3164 3739 simplicitatis.
3193 3666 3291 3723 sed
3334 3667 3588 3722 versutia!
3618 3674 3725 3724 est.
3767 3666 3841 3725 Et

2236 3768 2371 3823 allus
2398 3768 2473 3823 ait
2496 3786 2508 3821 :
2542 3764 2771 3837 Captans
2793 3764 2957 3838 pretia
2985 3763 3265 3835 frumenti,
3293 3761 3607 3817 maledictus
3633 3763 3693 3818 in
3724 3762 3838 3834 pte-

2236 3863 2295 3917 be
2321 3869 2397 3917 est
2433 3861 2619 3935 (Prov.
2648 3861 2732 3924 xi,
2760 3858 2878 3929 ‘26).

2304 3956 2395 4011 58.
2440 3954 2665 4009 Dciinita
2698 3959 2785 4007 est
2830 3950 3099 4006 sententia
3127 3991 3140 4016 ,
3176 3948 3312 4004 nihil
3350 3947 3712 4018 disputationi
3754 3964 3842 4007 re-

2236 4052 2483 4122 linquens
2510 4093 2525 4117 ,
2571 4056 2596 4094 ς
2641 4046 2803 4119 quale
2859 4053 3279 4101 controversum
3334 4057 3507 4115 genus
3569 4043 3713 4098 solet
3758 4043 3840 4099 di-

2230 4145 2387 4203 cendi
2431 4158 2587 4210 esse,
2620 4156 2743 4197 cum
2792 4140 2930 4196 alius
2969 4140 3163 4208 allegat
3209 4137 3599 4207 agriculturam
3647 4137 3837 4197 lauda-

2232 4237 2393 4293 bilem
2425 4234 2565 4304 apnd
2599 4246 2790 4288 omnes
2831 4232 3021 4287 haberi
3050 4276 3063 4298 ,
3109 4230 3315 4285 fruetus
3358 4238 3515 4284 terra:
3557 4230 3841 4300 simplices

2231 4342 2392 4393 esse,
2442 4327 2562 4395 plus
2610 4327 2700 4396 qtti
2748 4324 3098 4379 seminaverit
3140 4338 3207 4379 eo
3255 4323 3628 4394 probatiorem
3678 4326 3840 4393 fore,

2232 4420 2258 4459 ¹ι
2301 4419 2579 4479 uberiores
2618 4416 2826 4475 reditus
2871 4416 3152 4474 industriae
3184 4430 3289 4473 non
3343 4415 3623 4487 fraudari,
3671 4418 3845 4490 negli-

2156 4570 2213 4633 D
2314 4578 2333 4618 τ
2369 4577 2485 4636 Cic.
2522 4578 2620 4635 lib.
2653 4592 2713 4633 ιιι
2755 4573 2950 4640 Oiiic.,
2997 4590 3121 4645 pag.
3149 4573 3256 4630 59‘
3280 4615 3296 4642 ,
3330 4573 3402 4629 litt
3451 4572 3522 4630 26
3558 4591 3572 4627 :
3623 4573 3841 4630 Maneat

2236 4668 2388 4722 ergo,
2418 4654 2558 4721 quod
2582 4663 2733 4715 turpe
2761 4650 2864 4713 sit,
2894 4647 2948 4699 id
2975 4663 3253 4722 numquam
3267 4662 3391 4722 esse
3415 4645 3544 4722 utile
3562 4687 3575 4708 ,
3601 4655 3714 4700 etc.

2310 4717 2333 4770 Β
2368 4717 2512 4779 Edit.
2544 4735 2768 4781 omnes,
2798 4731 2851 4773 et
2892 4733 3023 4773 mss.
3056 4717 3328 4779 nonnulli,
3359 4721 3513 4786 quale
3538 4728 3839 4773 controuer-

2236 4793 2433 4848 siarum
2458 4809 2618 4864 genus
2635 4809 2654 4859 ;
2681 4790 2770 4864 alii
2798 4800 2976 4843 autem
3002 4804 3227 4844 numero
3249 4798 3300 4843 el
3327 4791 3650 4864 antiquitate
3702 4806 3840 4864 pra}:

2237 4859 2550 4932 stantinr'es,
2580 4863 2733 4934 quale
2760 4871 3140 4915 controversum
3170 4876 3353 4934 genus.
3384 4859 3527 4916 Infra
3550 4862 3717 4934 etiam
3748 4860 3837 4914 ubi

2237 4937 2289 4991 in
2333 4931 2689 4991 iisdetnedit.
2721 4949 2785 4986 ac
2829 4946 2963 4985 mss.
2997 4931 3242 4999 pauculis
3272 4932 3501 5003 habetur
3525 4972 3539 4996 ,
3573 4931 3838 5003 simplices

2234 5024 2343 5063 esse
2364 5008 2584 5076 triplos;
2610 5008 2662 5061 in
2688 5006 2845 5073 longe
2872 5003 3120 5074 plurimis
3142 5002 3649 5073 probatiss‘imisque
3676 5002 3841 5060 emit-

2236 5082 2367 5149 titur
2390 5121 2406 5149 ,
2440 5079 2643 5149 triplos.

2305 5121 2759 5205 ii'lill‘l'lltrit'n-t'nem
2793 5145 2970 5201 locum
3016 5161 3081 5202 ex
3114 5142 3227 5200 Cic.
3262 5143 3357 5202 lib.
3391 5144 3834 5206 (Ecnnomicén.

2230 5224 2321 5292 qui
2345 5222 2456 5292 jam
2489 5236 2592 5276 non
2621 5226 2873 5292 exstant,
2903 5216 3248 5292 destttnptum
3275 5231 3397 5273 esse
3429 5215 3658 5292 forsitan
3691 5216 3834 5292 baud

2231 5287 2538 5347 sine'eausa
2568 5291 2687 5359 quis
2714 5288 3031 5356 coniecerit.
3065 5287 3278 5343 Etenim
3307 5288 3452 5359 quod
3483 5288 3570 5341 hic
3594 5287 3833 5343 dicitur:

2235 5363 2512 5420 liberiores
2554 5362 2751 5416 reditus
2805 5360 3118 5427 industriae,
3166 5372 3317 5425 etc.,
3376 5359 3426 5415 id
3483 5359 3835 5427 apertissime

2240 5431 2986 5511 eum__Xenopltontis,_ruins
3017 5430 3214 5511 librum
3253 5430 3496 5511 ejusdem
3526 5430 3834 5511 argumenti

2240 5509 2310 5560 ab
2365 5501 2593 5563 Oratore
2645 5502 2968 5559 translatum
3032 5503 3272 5568 Scimus,
3328 5504 3409 5556 bis
3462 5501 3645 5555 verbis
3698 5518 3835 5568 qua.

2240 5579 2362 5652 drat
2391 5595 2422 5652 7:
2447 5578 2595 5652 Iob;
2639 5578 2741 5652 ’γὰρ
2781 5571 3387 5652 ἄριρταλθερατςεροντᾳς
3433 5574 3592 5632 αὐτὴν
3617 5572 3835 5652 altiora

2241 5651 2407 5724 ἁγαθά
2435 5646 2720 5724 assumat,"
2739 5659 2787 5697 et
2816 5646 2950 5724 illis.
2979 5646 3104 5719 ἀνὴρ
3128 5647 3186 5705 οὐ
3212 5646 3459 5724 λαμϐάνει
3479 5652 3631 5724 ,σῖτον
3658 5648 3721 5724 in
3747 5650 3836 5724 rei}

2248 5716 2433 5800 ἀιροῦι
2478 5720 2535 5800 φ)
2577 5716 3134 5800 interdum.“
3183 5717 3326 5800 αὖτῆ
3367 5718 3651 5800 “vitam
3689 5716 3727 5800 ᾖ
3772 5718 3838 5800 tit

2250 5788 3022 5873 ﬁumgyiunsatAlia'sititilia
3043 5791 3160 5860 ipse
3188 5801 3283 5860 per
3311 5794 3366 5852 te
3389 5788 3655 5849 observes
3689 5788 3834 5851 licei.
