4030 6188
169 295 266 351 {57

1185 290 1274 346 DE
1313 288 1603 347 OFFICIB
1639 289 2114 350 HINISTBORUM
2148 292 2276 351 LIB.
2310 293 2400 350 lli.

3343 299 3445 357 ΓΒ

162 406 384 479 gentiam
416 405 577 478 magis
603 413 665 463 et
716 403 982 463 incuriam
1018 404 1157 461 ruris
1187 404 1369 464 inculti
1413 403 1740 477 reprehendi
1766 405 1823 471 Α
1848 406 2054 460 minam
2095 404 2267 461 durus
2314 406 2602 463 insidiator
2633 409 2887 479 obrepas.
2918 412 3163 481 Augetur
3211 414 3445 482 pretium

169 500 353 556 tulere.

228 595 311 651 59.
350 592 506 651 Arari
529 635 542 656 ,
573 593 756 664 inquit
781 632 797 660 ,
827 591 1159 659 Studiosius.
1188 593 1404 651 uberius
1440 591 1701 649 seminavi
1726 632 1743 659 ,

166 684 460 755 diligentius
488 684 706 739 excolui
730 724 745 749 ,
780 684 954 740 bonos
990 685 1180 755 collegi
1227 693 1524 756 proventus
1552 725 1568 750 ,
1592 683 1749 741 solli—

167 776 314 831 citius
358 774 635 831 recondidi
661 816 678 843 ,
728 775 943 833 servavi
986 774 1252 842 ﬁdeliter,
1294 775 1528 846 provide
1564 784 1747 831 custo-

166 869 286 926 divi.
311 866 460 923 Nunc
486 868 537 922 in
567 876 819 937 tempore
849 865 1011 925 famis
1032 876 1061 906 ι
1087 867 1264 924 vendo
1285 907 1301 936 ,
1331 868 1598 924 subvenio
1622 882 1748 924 esu—

168 962 423 1018 rientibus
468 978 481 1015 :
532 960 717 1019 vendo
774 960 1103 1017 frumentum
1154 978 1260 1017 non
1319 962 1597 1026 alienum,
1649 960 1746 1016 sed

164 1070 362 1123 meum;
393 1069 503 1111 non
543 1055 714 1125 pluris
753 1070 913 1127 quam
955 1054 1140 1111 ca-teri
1166 1095 1182 1122 ,
1230 1056 1395 1110 immo
1435 1055 1602 1111 etiam
1646 1053 1745 1109 mi-

164 1151 267 1205 nori
296 1151 487 1219 pretio.
517 1147 658 1216 Quid
703 1148 790 1202 hic
822 1147 995 1203 fraudi
1025 1157 1109 1203 est
1133 1191 1147 1215 ,
1189 1164 1311 1203 rum
1342 1148 1498 1204 multi
1526 1154 1751 1218 possent

161 1241 474 1311 periclitari,
501 1240 547 1296 si
576 1256 682 1295 nou
715 1240 984 1297 haberent
1008 1239 1151 1307 quod
1182 1242 1470 1297 emerent?
1497 1239 1635 1297 Num
1666 1240 1750 1295 in-

160 1333 347 1390 dustria
397 1336 449 1389 in
499 1334 708 1393 crimen
755 1333 1027 1390 vocatur?
1066 1334 1205 1389 Num
1234 1335 1512 1405 diligentia
1561 1350 1751 1406 repre-

161 1427 437 1484 henditur?
477 1427 617 1483 Num
674 1427 1018 1498 providentia
1066 1427 1447 1499 vituperatur?
1493 1427 1750 1485 Fortasse

164 1518 327 1575 dicat:
357 1520 424 1576 Et
451 1518 659 1590 Josepb
696 1521 858 1593 118
887 1521 1151 1575 frumenta
1188 1521 1239 1575 in
1275 1520 1607 1577 abundantia
1635 1520 1751 1576 colu

172 1613 325 1683 legit,
367 1615 424 1673 in
469 1613 739 1671 charitate
789 1612 1050 1670 vendidit.
1098 1613 1235 1669 Num
1285 1614 1503 1671 citerius
1555 1614 1751 1684 aliquis

168 1721 332 1765 emere
379 1708 773 1780 compellitur?
823 1707 959 1765 Num
1005 1708 1086 1763 vis
1140 1707 1428 1765 adhibetur
1470 1708 1749 1779 emptori?

1848 507 2126 569 tamquam
2160 509 2314 556 sorte
2348 501 2681 555 cumulatum
2726 500 2933 558 fenoris
2956 543 2972 570 ,
2999 518 3109 574 quo
3149 505 3448 574 perieulum

1849 589 2044 660 capitis
2088 600 2394 646 acervatur.
2427 592 2546 649 Tibi
2579 593 2811 648 conditae
2842 593 3009 665 frugis
3057 596 3449 666 multiplicatur

1849 698 2011 739 usura
2039 701 2052 738 :
2080 693 2135 739 tu
2166 683 2496 740 frumentum
2520 687 2676 756 quasi
2704 686 2978 743 fenerator
3002 690 3242 744 occultas
3259 732 3272 754 ,
3298 691 3450 761 quasi

1848 778 2107 834 venditor
2126 778 2484 835 auctionaris.
2511 779 2648 845 Quid
2676 780 2991 848 imprecaris
3014 782 3154 837 male
3175 782 3450 852 omnibus,

1847 869 1973 935 quia
2005 870 2181 943 major
2210 872 2386 926 futura
2429 871 2499 926 sit
2531 873 2734 938 fames,
2761 874 2915 943 quasi
2947 873 3078 928 nihil
3108 873 3325 944 frugum
3357 889 3451 931 su-

1846 964 2022 1034 persit
2045 1006 2058 1027 ,
2095 966 2250 1036 quasi
2290 965 2633 1022 infecundior
2660 982 2836 1023 annus
2871 968 3173 1040 sequatur?
3216 969 3449 1026 Lucrum

1846 1068 1998 1115 tuum
2029 1058 2285 1115 damnum
2318 1060 2596 1131 publicum
2626 1071 2730 1117 est.

1920 1150 2010 1206 η.
2052 1150 2257 1223 Josepb
2296 1162 2521 1208 sanctus
2548 1152 2801 1208 omnibus
2830 1154 3044 1223 aperuit
3080 1153 3274 1211 horrea
3297 1197 3313 1222 ,
3343 1169 3452 1211 non

1849 1244 2084 1299 clausit:
2124 1261 2225 1301 nec
2270 1247 2441 1315 pretia
2479 1248 2721 1315 captavit
2756 1262 3023 1311 snnonaz,
3068 1246 3165 1303 sed
3211 1262 3453 1317 perenne

1848 1336 2153 1395 subsidium
2187 1337 2654 1395 collocavitznibil
2679 1340 2779 1394 sibi
2812 1339 3236 1410 acquisivit,sed
3263 1355 3455 1411 quem-
3537 1408 3540 1410 γ

1850 1429 2145 1486 admodum
2219 1428 2392 1485 fames
2450 1430 2615 1485 etiam
2668 1430 2722 1484 in
2777 1442 3052 1502 posterum
3102 1431 3450 1500 vinceretur,

1850 1522 2083 1594 provida
2112 1522 2458 1580 ordinatione
2484 1523 2757 1594 disposuit
2786 1523 2948 1595 (Gen.
2974 1540 3096 1589 xu,
3128 1524 3243 1596 56).

1923 1616 2016 1675 ιδ.
2057 1616 2257 1687 Legisti
2288 1615 2747 1688 quemadmodum
2798 1615 2992 1673 bunt:e
3038 1617 3455 1677 frumentarium

1851 1713 2008 1783 pretii
2035 1721 2370 1783 eaptatorem
2396 1721 2636 1782 exponat
2664 1713 2718 1766 in
2749 1711 3046 1782 Evangelio
3075 1711 3335 1766 Dominus
3363 1715 3456 1768 ιθ-

164 1799 401 1863 Omnibus
427 1801 682 1860 defertur
721 1802 936 1864 emendi
962 1802 1148 1872 capia.
1180 1801 1315 1858 nulli
1353 1804 1624 1874 irrogatur
1665 1801 1746 1857 in-
1775 1797 1826 1863 B
1852 1821 1981 1870 sus,
2012 1805 2168 1877 cuius
2211 1806 2486 1875 possessio
2527 1805 2726 1860 divites
2767 1803 2976 1863 fruetus
3020 1806 3238 1872 attulit,
3270 1813 3328 1860 et
3365 1804 3457 1861 ille

158 1908 305 1967 juna.

229 1992 310 2049 ω.
351 1991 449 2053 His
494 1990 667 2064 igitur
707 1999 971 2061 quantum
1015 1989 1280 2062 cujusque
1324 1991 1429 2046 fert
1475 1991 1749 2063 ingenium

162 2086 424 2161 disputatis
451 2128 469 2153 ,
516 2085 771 2156 exsurgit
814 2084 953 2145 alius
979 2126 994 2151 ,
1042 2084 1233 2142 dicens
1272 2103 1288 2140 ε
1342 2085 1489 2145 Bona
1533 2085 1750 2156 quidem

168 2182 475 2252 agricultura
500 2222 518 2249 ,
562 2195 689 2252 quae
737 2180 944 2240 fructus
984 2180 1257 2235 ministrat
1296 2179 1587 2245 omnibus,
1631 2195 1753 2250 quas

171 2277 379 2347 simplici
424 2275 704 2335 industria
762 2274 1071 2333 accumulat
1123 2284 1393 2331 terrarum
1448 2272 1752 2331 fecundita-

165 2380 299 2437 tem,
346 2369 477 2429 nihil
527 2369 669 2435 doli,
716 2368 851 2425 nihil
900 2367 1076 2424 fraudi
1122 2368 1476 2424 interserens.
1512 2368 1756 2438 Denique

162 2466 205 2519 si
240 2464 356 2536 quid
389 2465 500 2523 vitii
546 2463 712 2521 fuerit
734 2500 752 2529 ,
787 2462 906 2532 plus
930 2460 1195 2530 dispendii
1222 2469 1342 2528 est;
1375 2461 1498 2531 quia
1539 2461 1587 2517 si
1616 2461 1756 2519 bene

170 2557 343 2627 aliquis
368 2556 735 2615 seniiuaverit
756 2595 773 2621 ,
807 2554 1002 2613 melius
1027 2563 1234 2609 metet:
1265 2553 1310 2609 si
1344 2555 1618 2611 sincerum
1652 2556 1754 2609 tri-

168 2650 247 2708 tici
275 2664 496 2725 granum
534 2648 747 2707 severit
767 2687 783 2711 .
813 2648 1088 2719 puriorem
1118 2663 1183 2703 ac
1217 2646 1487 2703 sinceram
1520 2663 1752 2706 messem

168 2744 371 2817 colligit.
412 2743 674 2803 Fecunda
704 2750 867 2804 terra
907 2741 1318 2812 multiplicatum
1361 2741 1581 2809 reddit,
1612 2743 1756 2813 quod

170 2840 414 2910 acceperit
437 2859 452 2895 :
479 2839 668 2899 fidelis
690 2853 823 2909 eger
846 2838 1125 2898 feneratos
1149 2836 1294 2893 solet
1315 2837 1605 2894 restituere
1628 2853 1755 2910 pro.

170 2943 362 2991 ventus.

229 3028 311 3083 ii.
352 3028 427 3084 De
471 3024 752 3084 reditibus
799 3024 961 3096 igitur
993 3023 1173 3081 uberis
1215 3022 1389 3095 glebas
1436 3031 1757 3093 exspectare

1849 1902 2006 1972 quasi
2037 1915 2205 1971 egens
2235 1901 2452 1956 dicebat
2483 1918 2496 1955 :
2543 1900 2686 1968 Quid
2715 1900 2951 1972 faciam?
2979 1898 3103 1955 Non
3146 1899 3308 1954 habeo
3357 1914 3459 1971 quo

1853 2010 2158 2068 congregem
2177 2034 2192 2058 ,
2224 1994 2491 2050 destruant
2520 1993 2707 2049 horrea
2728 2035 2743 2061 ,
2775 2002 2824 2049 et
2851 1997 3052 2068 majora
3086 1993 3277 2066 faciam
3304 1991 3457 2063 (Luc.

1854 2105 1961 2157 xu,
1988 2089 2084 2151 17,
2116 2085 2239 2160 18);
2272 2089 2431 2161 119
2449 2104 2572 2144 cum
2602 2088 2744 2145 scire
2770 2103 2879 2144 non
2912 2097 3129 2158 posset.
3161 2098 3342 2143 utrum
3374 2100 3459 2143 se-

1852 2179 2038 2251 quenti
2077 2190 2236 2235 nocte
2265 2181 2447 2234 anima
2476 2194 2572 2234 sua
2600 2180 2672 2235 ab
2714 2195 2783 2235 eo
2811 2191 3210 2251 reposceretur.
3242 2179 3460 2235 Nescio.

1857 2273 1948 2328 bat
1984 2271 2113 2341 quid
2140 2270 2382 2327 faceret:
2413 2274 2567 2343 quasi
2593 2273 2643 2327 ei
2676 2272 2935 2328 alimenta
2963 2274 3255 2338 deessent,
3286 2273 3461 2327 barro.

1854 2367 1948 2422 bat
1971 2365 2247 2437 ambiguo.
2272 2366 2388 2421 Non
2412 2366 2702 2437 capiebant
2732 2367 2925 2421 horrea
2955 2380 3225 2420 annonam
3248 2408 3263 2432 ,
3287 2374 3342 2422 et
3369 2367 3462 2422 ille

1857 2477 1918 2518 se
1941 2477 2107 2535 egere
2139 2461 2421 2517 credebat.

1928 2557 2020 2612 ιι.
2050 2556 2223 2613 Recte
2267 2556 2436 2626 igitur
2462 2554 2726 2610 Solomon
2755 2570 2769 2607 :
2802 2553 2906 2620 Qui
2935 2554 3165 2610 continet
3185 2595 3201 2621 ,
3244 2552 3461 2625 inquit,

1858 2653 2172 2723 {ramentum
2198 2688 2214 2717 ,
2245 2650 2500 2722 relinquet
2526 2648 2663 2703 illud
2692 2646 2983 2701 nationibus
3014 2645 3198 2719 (Prov.
3225 2661 3277 2700 χι
3295 2686 3309 2711 ,
3333 2644 3462 2717 '16),

1859 2760 1967 2800 non
2001 2743 2343 2809 boeredibus,
2376 2745 2635 2814 quoniam
2667 2743 2908 2798 avaritiae
2937 2742 3365 2798 emolumentum
3394 2740 3463 2797 ad

1859 2852 2240 2897 successorum
2285 2840 2406 2909 jura
2439 2852 2548 2893 non
2582 2838 2848 2907 pervenit.
2877 2835 3035 2904 Quod
3067 2848 3174 2891 non
3224 2834 3467 2906 legitime

1859 2936 2202 3005 acquiritur,
2246 2935 2399 3005 quasi
2443 2934 2620 2988 ventis
2664 2930 2984 3000 quibusdam
3013 2971 3029 2997 ,
3071 2931 3142 2984 ita
3191 2929 3468 2985 extraneis

1857 3026 2242 3097 diripientibus
2269 3024 2591 3094 dissipatur.
2627 3022 2694 3077 Et
2736 3020 2991 3077 addidit:
3026 3017 3258 3090 Capram
3299 3036 3466 3073 anno-

169 3121 314 3178 ιίώοε
340 3122 415 3183 ωε
461 3120 786 3181 mercedum
828 3117 1032 3177 laboris
1059 3159 1073 3185 ,
1104 3118 1174 3176 de
1220 3119 1501 3174 fertilitate
1542 3119 1758 3190 pinguis
1808 3189 1814 3190 ί
1862 3135 1983 3173 nam
2009 3118 2316 3173 maludictus
2346 3118 2399 3169 in
2442 3116 2587 3184 plebe
2613 3123 2729 3169 est:
2761 3111 2780 3153 ί
2810 3112 3094 3168 benedictio
3136 3121 3307 3165 autem
3351 3113 3464 3184 ejus

170 3217 255 3271 soli
278 3217 418 3287 justo
445 3231 681 3289 sperare
697 3212 1041 3286 compendia.
1070 3212 1097 3258 δ
1118 3211 1229 3270 Cur
1253 3213 1319 3268 ad
1352 3213 1593 3269 fraudem
1625 3189 1756 3268 con—
1784 3189 1830 3258 (ἶ
1861 3212 1949 3283 qui
1995 3211 2271 3284 participat
2314 3208 2542 3282 (IbidJ.
2581 3206 2742 3262 Vides
2779 3221 2910 3276 ergo
2953 3204 3100 3275 quod
3146 3202 3462 3276 largitorem

172 3318 323 3369 vertis
348 3325 369 3354 ε
401 3322 624 3368 natura:
666 3308 1033 3367 industriam?
1057 3306 1165 3363 Cur
1190 3306 1411 3363 invides
1445 3308 1630 3362 usibus
1659 3307 1761 3363 lit)

174 3405 351 3461 utinam
378 3403 405 3444 ά
438 3405 698 3474 publicos
732 3400 952 3472 partus?
974 3400 1089 3457 Cur
1117 3399 1338 3470 pupulis
1365 3398 1565 3455 minuis
1588 3398 1760 3455 abun:-

171 3497 432 3553 dantiam?
458 3497 581 3553 Cur
613 3492 838 3553 aii‘ectas
889 3491 1172 3561 inopiam?
1205 3489 1317 3547 Cur
1355 3491 1534 3561 optari
1569 3490 1699 3546 locis
1727 3504 1759 3544 a

176 3592 480 3660 pauperibus
528 3586 925 3644 sterilitatem?
969 3584 1104 3641 Cum
1158 3588 1303 3640 enim
1360 3600 1466 3639 non
1514 3585 1761 3640 sentiunt

181 3684 416 3743 beneﬁcia
464 3680 825 3741 fecunditatis
848 3722 863 3746 .
901 3689 957 3735 te
1000 3678 1350 3735 auctionante
1387 3678 1620 3749 pretium
1646 3721 1662 3743 ,
1710 3688 1761 3733 te

175 3776 419 3831 condocta
470 3774 864 3837 frumentum,
912 3778 1102 3841 aptent
1152 3770 1330 3839 potius
1380 3768 1511 3823 nihil
1568 3768 1758 3836 nasci,

180 3880 314 3935 quam
340 3876 389 3923 te
416 3867 483 3922 de
532 3865 688 3923 fame
718 3862 931 3934 publica
971 3862 1257 3933 negotiari.
1290 3861 1478 3918 Ambis
1521 3860 1763 3918 frumen-

185 3966 333 4012 tornm
375 3958 737 4031 indigentiam
759 3998 775 4022 ,
805 3956 1185 4011 alimentorum
1216 3954 1497 4025 penuriam
1519 3997 1534 4021 ,
1566 3955 1765 4010 uberes

179 4050 269 4107 soli
302 4061 481 4123 partus
532 4048 893 4121 ingemiscis,
935 4047 1034 4105 les
1072 4050 1342 4120 publicam
1388 4047 1761 4115 fertilitatem,

183 4143 350 4200 homo
374 4147 593 4218 frugum
629 4144 786 4216 plena
810 4143 1099 4215 deploras,
1130 4143 1384 4213 exploras
1405 4141 1627 4212 quando
1654 4149 1766 4197 ste-

184 4236 317 4297 l’ilior
355 4250 662 4315 proventus
693 4237 804 4303 sit,
847 4235 1066 4309 quando
1113 4236 1311 4293 exilior
1361 4243 1568 4309 partus.
1614 4233 1764 4295 Votis

185 4331 276 4389 luis
300 4333 499 4402 gaudes
527 4330 787 4390 arrisisse
823 4327 1172 4389 maledictum
1197 4368 1211 4394 ,
1243 4338 1302 4384 ut
1346 4328 1485 4384 nihil
1514 4330 1762 4400 cuiquam

185 4434 497 4481 nasceretur.
522 4423 682 4480 Tunc
704 4436 938 4477 messem
963 4429 1114 4476 tuam
1142 4420 1357 4477 venisse
1380 4422 1604 4490 laetaris,
1636 4431 1767 4477 tunc

187 4512 269 4569 tibi
303 4516 367 4572 de
395 4516 643 4572 omnium
679 4514 897 4570 miseria
928 4514 1180 4589 congeris
1220 4528 1392 4583 epes:
1429 4523 1483 4569 et
1528 4512 1667 4573 hanc
1708 4522 1762 4568 tu

189 4604 483 4669 industriam
514 4622 721 4676 vocas,
755 4608 894 4667 hanc
937 4604 1269 4676 diligentiam
1317 4607 1568 4663 nominas
1590 4647 1608 4676 ,
1642 4621 1765 4678 quae

186 4698 471 4762 calliditatis
496 4703 778 4772 versutia,
806 4717 928 4772 qute
965 4701 1163 4756 astutia
1190 4699 1397 4756 fraudis
1424 4712 1547 4770 est;
1574 4713 1628 4757 et
1658 4702 1765 4759 hoc

191 4803 240 4851 tu
272 4798 567 4857 remedium
615 4810 785 4854 vocas
811 4838 826 4864 ,
856 4796 999 4869 quod
1041 4802 1125 4851 est
1161 4790 1527 4851 “commentum
1574 4796 1765 4869 nequi-

189 4894 283 4949 lita.
306 4892 670 4955 larroeinium
702 4892 805 4953 hoc
821 4934 834 4959 ,
857 4906 924 4947 an
956 4891 1114 4947 fenus
1133 4891 1439 4961 appellem?
1466 4890 1767 4962 Captuntur

190 4996 437 5059 tamquam
478 4985 755 5045 latrocinii
787 4993 1073 5054 tempore,
1100 4984 1298 5056 quibus
1339 4985 1391 5039 in
1431 4985 1639 5040 viscera
1668 4989 1770 5041 ho-

248 5114 275 5145 ι
308 5102 464 5162 Rom.
485 5104 622 5163 edit.
651 5103 778 5160 inde
798 5113 1131 5174 expunxerat
1155 5105 1379 5160 verbum
1401 5146 1415 5171 ,
1439 5104 1600 5165 vendo
1622 5122 1642 5162 .'
1665 5104 1760 5167 sed

189 5191 299 5247 ruta
323 5179 556 5239 aliarum
580 5186 638 5233 et
667 5192 800 5247 mss.
828 5176 1322 5247 omniuminjuria.

248 5244 276 5295 δ
300 5248 412 5313 Cic.
438 5248 545 5309 lib.
574 5262 632 5304 ut
661 5244 820 5303 Ollic.
843 5288 860 5314 ,
891 5264 1011 5317 pag.
1035 5244 1178 5314 594,
1208 5248 1303 5305 lin.
1335 5248 1396 5305 51
1434 5266 1447 5301 :
1481 5247 1546 5305 Si
1570 5248 1647 5303 uir
1676 5246 1766 5307 beo

188 5334 277 5383 itu
294 5318 615 5389 ﬂammida
641 5317 889 5379 Rhodam
911 5335 1153 5389 maguum
1183 5318 1429 5388 frumenti
1450 5360 1464 5382 .
1495 5330 1600 5374 etc.

255 5400 278 5432 ι
310 5390 455 5449 Edit.
480 5406 549 5448 ac
574 5406 707 5446 mss.
740 5391 1020 5455 nonnulli,
1055 5401 1257 5445 natura:
1284 5392 1590 5445 industriam
1618 5390 1768 5448 etin.

250 5462 668 5605 milia”!
694 5528 785 5589 hic
813 5541 871 5591 et
894 5524 1033 5593 infra
1057 5549 1164 5591 non
1194 5542 1407 5605 partus,
1431 5528 1527 5605 sed
1561 5541 1774 5605 pastus.

192 5598 442 5675 mihi.
478 5598 683 5675 lterum
714 5619 847 5660 vero
878 5613 1003 5675 post
1043 5598 1209 5674 manu
1244 5598 1484 5663 nonnulli
1512 5598 1636 5660 eod.
1680 5598 1780 5675 ba;

368 5684 421 5761 ιι
436 5670 776 5743 aestima
788 5710 807 5749 δ
831 5670 895 5741 si
906 5670 1118 5750 propter
1136 5676 1357 5751 pretium
1394 5675 1646 5737 candente
1665 5674 1781 5746 {rte

264 5828 289 5865 ⁸
308 5814 533 5895 Μ*
562 5826 621 5893 9i
650 5834 778 5907 υς.
807 5814 942 5888 edit-
960 5867 977 5894 ,
1004 5827 1335 5903 frumentarii
1360 5826 1511 5904 pretii
1537 5838 1781 5898 agrorum

1865 3303 2123 3360 frumenti
2162 3319 2285 3361 esse
2332 3305 2559 3370 deceat,
2591 3318 2699 3357 non
2752 3302 2908 3371 pretii
2955 3310 3313 3371 captatorem.
3344 3299 3464 3355 Non

1858 3408 1945 3455 est
1970 3399 2132 3467 igitur
2161 3400 2260 3454 ista
2294 3397 2498 3451 utilitas
2519 3438 2533 3461 ,
2566 3395 2619 3449 in
2646 3409 2752 3465 qua
2786 3395 2902 3465 plus
2928 3393 3203 3449 honestati
3222 3391 3464 3449 detrahi-

1862 3504 1983 3560 tur,
2015 3507 2177 3563 quam
2204 3491 2423 3549 utilitati
2453 3489 2789 3560 adiungitur.

2472 3580 2704 3638 CAPUT
2746 3580 2857 3636 VII.

1865 3676 2178 3750 Peregrinos
2207 3685 2439 3745 tenipore
2460 3674 2615 3745 {auiis
2646 3689 2710 3728 ea:
2738 3671 2863 3727 urbe
2885 3673 3180 3742 neutiquam
3205 3670 3468 3737 expellen-

1932 3772 2047 3827 ἀοι.
2080 3770 2359 3843 Egregium
2387 3770 2482 3822 hac
2510 3771 2564 3821 in
2605 3784 2662 3823 re
2707 3766 2976 3821 christiani
3013 3767 3149 3819 senis
3194 3765 3467 3819 consilium

1933 3869 2155 3928 refertur
2179 3882 2196 3918 :
2229 3866 2311 3917 cui
2336 3864 2617 3935 opponitur
2640 3861 2912 3932 indignum
2935 3860 3137 3927 {acinus
3167 3856 3348 3913 Romae
3372 3857 3467 3910 ad-

1938 3960 2190 4021 missum;
2219 3974 2312 4012 nec
2354 3974 2456 4011 non
2487 3964 2707 4021 utroque
2736 3955 2870 4008 inter
2897 3970 2950 4006 se
2982 3963 3281 4021 comparato
3305 3996 3320 4021 ,
3354 3956 3465 4023 pri-

1936 4065 2076 4107 mum
2100 4065 2216 4105 cum
2243 4050 2504 4103 honestate
2528 4056 2683 4112 atque
2706 4047 2926 4100 utilitate
2948 4047 3281 4116 conjuuclum
3308 4047 3469 4119 fuisse

1937 4141 2257 4211 ostenditur,
2285 4154 2433 4195 secus
2458 4153 2576 4195 vero
2603 4137 2903 4192 secundum.

1937 4240 2028 4296 45.
2069 4238 2178 4295 Sed
2223 4247 2279 4293 et
2322 4236 2397 4291 illi
2430 4237 2519 4307 qui
2550 4234 2927 4305 etperegrinos
2956 4235 3089 4292 urbe
3137 4234 3462 4306 prohibent,

1867 4346 2207 4405 nequaquam
2256 4328 2522 4401 probandi
2565 4345 2579 4383 ε
2625 4327 2905 4398 expellere
2946 4344 3014 4384 eo
3058 4337 3305 4399 tempore
3352 4344 3461 4405 quo

1866 4427 2070 4483 debent
2110 4428 2303 4501 juvare
2329 4466 2343 4493 ,
2375 4437 2631 4495 separare
2671 4437 2700 4477 a
2730 4423 3077 4479 commerciis
3106 4419 3134 4459 ¹ι
3164 4424 3469 4479 communis

1869 4522 2109 4590 parentis
2134 4560 2148 4586 .
2196 4518 2348 4574 fusos
2384 4517 2644 4572 omnibus
2686 4526 2870 4586 partus
2902 4530 3142 4584 negare.
3192 4515 3323 4569 inita
3354 4514 3465 4584 jam

1796 4584 1841 4643 υ
1873 4613 2147 4671 consortia
2179 4611 2391 4669 vivendi
2442 4625 2806 4668 averruncare
2831 4628 2843 4664 :
2873 4625 2994 4665 eum
3034 4609 3232 4680 quibus
3270 4608 3473 4664 fuerint

1869 4707 2179 4764 communia
2209 4706 2330 4776 jura
2358 4746 2372 4771 ,
2400 4716 2522 4759 cum
2551 4703 2639 4759 his
2677 4703 2824 4758 nolle
2866 4702 2917 4759 iu
2954 4711 3200 4773 tempore
3230 4700 3471 4759 necessi-

1872 4801 1998 4857 tatis
2029 4798 2271 4857 subsidia
2306 4795 2516 4866 partiri.
2550 4794 2704 4851 Ferae
2734 4811 2839 4849 non
2878 4795 3154 4864 expellunt
3199 4794 3379 4859 feras,
3417 4802 3472 4848 et

1876 4897 2036 4950 homo
2061 4889 2305 4947 excludit
2335 4888 2629 4942 hominem.
2663 4886 2799 4942 Fere
2825 4902 2886 4941 ae
2913 4888 3103 4942 bestiae
3128 4900 3472 4942 communem

1874 4994 2067 5058 putant
2093 4981 2344 5039 omnibus
2372 4978 2572 5034 victum
2598 5018 2614 5044 ,
2645 4990 2806 5053 quem
2848 4989 2993 5035 terra
3035 4980 3326 5034 ministrat.
3367 4976 3475 5040 illa:

1869 5116 2203 5229 ταξνὸῗιτὲθε
2230 5169 2360 5224 edit.
2386 5184 2449 5224 ac
2474 5166 2627 5237 pauci
2655 5178 2789 5237 mss.
2806 5207 2821 5231 ,
2853 5165 3138 5219 benedictio
3162 5175 3332 5220 autem
3357 5167 3476 5234 eius

1871 5248 1925 5302 ἄη
1955 5245 2144 5312 capite.
2182 5243 2306 5297 Era.
2330 5253 2387 5296 et
2413 5236 2529 5311 seq.
2557 5237 2724 5312 edit._,
2758 5236 2809 5288 in
2841 5238 3010 5307 capite
3037 5238 3149 5302 eius
3176 5239 3265 5307 qui
3311 5238 3474 5312 parti—

1875 5307 2032 5387 cipat.
2063 5315 2198 5383 ρηω
2242 5316 2404 5387 lectio
2447 5307 2571 5368 cum
2620 5307 2837 5387 hebraeo
2894 5317 3042 5387 textu
3089 5317 3142 5361 rt
3188 5310 3475 5387 prtecipuis

1878 5379 2219 5443 vérsionibus
2250 5385 2520 5454 quadrat:
2553 5379 2914 5447 antiquissimi
2962 5386 3141 5454 tamen
3172 5379 3325 5454 _cod._
3349 5395 3474 5454 eum

1880 5459 2141 5529 Parapbr.
2184 5450 2669 5529 Chaldaomittunt
2698 5463 2921 5529 vocem,
2967 5451 3020 5504 in
3064 5450 3270 5519 capite,
3313 5451 3477 5520 idque

1878 5532 1999 5588 sine
2022 5521 2139 5585 ulle
2168 5527 2457 5584 sententia:
2480 5521 2851 5581 incommodo.

1952 5612 1978 5650 s
2009 5603 2123 5661 Cic.
2157 5602 2249 5657 lib.
2277 5617 2334 5655 Ill
2361 5598 2519 5654 Oflic.
2544 5638 2559 5661 ,
2592 5611 2710 5665 pag.
2736 5592 2840 5646 594
2859 5633 2873 5655 ,
2910 5593 3003 5646 lin.
3030 5592 3065 5648 6
3092 5611 3106 5647 t
3140 5591 3283 5648 Male
3320 5594 3479 5650 etiam

1878 5675 1969 5746 qui
2000 5673 2295 5743 peregrinos
2321 5670 2536 5746 urbibus
2568 5667 2650 5746 uti
2668 5665 2968 5746 prohibent,
2991 5674 3096 5721 etc.

1952 5746 1983 5787 ιι
2001 5738 2141 5805 ua}
2166 5761 2273 5803 non
2304 5744 2490 5815 pauci,
2516 5758 2618 5800 nec
2638 5738 2839 5815 intima
2861 5749 3361 5815 notae,_ooinaiunes
3387 5757 3488 5815 pa.

1878 5833 2069 5886 rentes.
2106 5821 2258 5878 Haud
2288 5810 2363 5872 ita
2392 5810 2575 5890 male;
2607 5822 2664 5871 ut
2694 5810 2964 5871 referatur
2989 5812 3059 5875 ad
3090 5814 3143 5871 id
3172 5811 3318 5889 quod
3343 5810 3490 5877 infra
