4030 6188
544 244 650 308 159

1907 237 2154 296 SANCTI
2189 238 2511 300 AMBROSII

3752 243 3877 303 160

540 363 709 421 etiam
749 357 1091 417 conformem
1134 355 1221 414 sui
1264 354 1483 429 generis
1523 354 1820 426 adjuvant,
1849 354 2015 412 homo
2045 356 2151 410 im-
2178 357 2234 420 Α
2324 357 2417 414 48.
2458 357 2597 427 Quid
2636 357 2836 429 plura?
2864 358 3077 414 Collato
3115 372 3250 415 auro
3274 399 3290 428 ,
3340 367 3528 416 coacta
3576 359 3879 417 frumenta

536 462 780 529 pugnat,
811 453 904 525 qui
950 451 1094 509 nihil
1120 466 1154 507 a
1181 465 1242 509 se
1270 451 1508 509 alienum
1540 450 1704 509 debet
1732 450 1963 509 credere
1991 450 2148 523 quid-

539 547 669 621 quid
695 545 924 603 humani
952 553 1057 604 est.

610 643 703 700 46.
745 642 961 712 Quanto
1009 640 1105 696 ille
1148 639 1354 696 rectius
1381 680 1396 706 ,
1435 640 1527 711 qui
1571 654 1694 696 cum
1735 638 1847 711 jam
1892 646 2148 709 provecta

545 738 911 811 processisset
939 743 1105 792 aetate
1126 777 1142 803 ,
1172 745 1230 792 et
1265 734 1443 791 famen
1491 734 1757 792 toleraret
1786 734 1982 791 civitas
2006 773 2021 800 ,
2069 743 2152 788 at-

540 847 645 905 que
670 831 833 907 (utin
867 830 1065 886 talibus
1091 828 1257 902 solet)
1285 837 1540 899 peterent
1561 828 1722 902 vulgo
1758 836 1817 884 ut
1873 827 2150 899 peregrini

541 935 568 966 ι
611 926 745 984 urbe
790 924 1252 995 prohiberentur,
1300 923 1642 995 prmfectura':
1692 921 1915 978 urbanae
1961 934 2148 976 curam

541 1020 760 1077 caeteris
807 1018 1073 1089 majorem
1121 1017 1434 1083 sustinens,
1477 1015 1808 1072 convocavit
1851 1013 2150 1070 honoratos

539 1123 596 1171 et
626 1112 1016 1183 locupletiores
1044 1111 1192 1167 viros
1217 1153 1233 1178 ,
1278 1111 1525 1183 poposcit
1557 1119 1617 1166 ut
1662 1110 1716 1165 in
1747 1108 1986 1165 medium
2019 1122 2151 1164 con-

540 1207 828 1275 sulerent,
861 1204 890 1245 b
934 1205 1124 1262 dicens
1168 1218 1330 1276 quam
1380 1203 1622 1262 immane
1664 1218 1786 1261 esse
1834 1204 2151 1275 peregrinos

541 1300 665 1372 ejici
692 1342 706 1365 ,
745 1314 906 1373 quam
950 1299 1226 1354 hominem
1262 1298 1331 1354 ab
1379 1297 1603 1354 homine
1642 1297 1803 1366 exui,
1836 1299 1928 1368 qui
1967 1297 2150 1355 cibum

545 1393 802 1452 morienti
832 1398 1075 1463 negaret.
1099 1390 1279 1446 Canes
1303 1398 1429 1446 ante
1460 1405 1706 1446 mensam
1738 1391 2002 1463 impastus
2028 1403 2152 1444 esse

543 1501 657 1542 non
690 1485 958 1555 patimur,
986 1493 1043 1541 et
1072 1484 1323 1540 homines
1351 1482 1697 1539 excludimus
1722 1500 1736 1538 :
1769 1497 1930 1552 quam
1958 1482 2152 1539 inutile

544 1590 764 1649 quoque
794 1585 875 1632 tot
920 1575 1158 1647 populos
1185 1575 1389 1631 mundo
1419 1575 1631 1646 perire,
1663 1590 1806 1646 quos
1833 1574 1948 1630 dira
1981 1575 2153 1630 conli-

547 1670 731 1725 ciebat
755 1668 946 1726 tabes:
975 1676 1207 1741 quantos
1234 1666 1354 1723 urbi
1378 1683 1492 1723 sua:
1523 1667 1735 1738 perire,
1772 1667 1865 1738 qui
1907 1666 2150 1723 solerent

2248 459 2396 506 sunt.
2428 450 2502 506 lta
2534 466 2634 507 nec
2658 450 3045 507 abundantiam
3076 452 3225 507 urbis
3254 452 3488 521 minuit,
3516 463 3575 509 et
3612 456 3883 527 peregri-

2251 544 2336 600 nis
2363 543 2675 599 alimoniam
2704 544 3153 601 subministravit.
3184 546 3412 615 Quautte
3441 546 3546 603 hoc
3572 562 3881 604 commen-

2248 635 2485 693 dationis
2525 636 2667 707 apud
2714 637 2882 692 Deum
2919 636 3021 693 fuit
3049 639 3397 695 sanctissimo
3437 638 3559 695 seni
3585 682 3600 705 ,
3634 650 3880 711 quantae

2248 728 2393 800 apud
2430 729 2683 787 homines
2711 730 2937 801 glorim!
2981 729 3077 787 llic
3126 747 3351 802 magnus
3382 748 3511 789 vere
3550 735 3827 804 probatus
3852 778 3876 805 ,

2250 822 2340 892 qui
2370 835 2502 877 vere
2530 820 2703 891 potuit
2732 821 3043 891 imperatori
3070 822 3253 879 dicere
3273 864 3288 889 ,
3313 822 3699 880 demonstrans
3730 842 3877 898 pro-

2250 913 2445 969 vinciae
2483 914 2650 969 totius
2694 914 2969 985 populos:
3016 914 3124 970 llos
3168 914 3263 971 tibi
3303 930 3496 972 omnes
3540 919 3874 986 reservavi,

2252 1005 2307 1062 hi
2335 1007 2524 1063 vivunt
2546 1006 2813 1064 benelieio
2854 1008 2931 1063 tui
2959 1017 3182 1064 senatus
3206 1049 3220 1075 ,
3252 1007 3352 1062 hos
3383 1016 3470 1063 tua
3498 1009 3657 1065 curia
3691 1011 3877 1066 morti

2250 1098 2498 1155 abstulit.

2322 1194 2413 1250 49.
2455 1192 2671 1263 Quanto
2720 1194 2825 1251 hoc
2876 1195 3064 1251 utilius
3102 1210 3265 1268 quam
3316 1196 3444 1252 illud
3483 1197 3631 1269 quod
3677 1199 3883 1269 proxi—

2252 1301 2339 1342 me
2376 1286 2567 1343 Romae
2597 1287 2793 1344 factum
2834 1299 2957 1355 est,
2999 1290 3205 1360 ejectos
3234 1304 3357 1347 esse
3399 1291 3535 1348 urbe
3578 1292 3877 1364 amplissi-

2253 1393 2376 1446 ma,
2417 1380 2506 1448 qui
2544 1379 2656 1451 jam
2689 1380 2976 1450 plurimam
3015 1382 3128 1439 illic
3176 1392 3396 1439 aetatem
3434 1394 3876 1456 transegerant,

2251 1470 2448 1527 ﬂentes
2475 1486 2597 1528 cum
2629 1471 2753 1527 {iliis
2776 1472 3005 1541 abiisse,
3052 1476 3249 1547 quibus
3278 1477 3424 1533 velut
3461 1478 3678 1535 civibus
3709 1496 3881 1537 amo-

2251 1561 2491 1619 liendum
2533 1565 2783 1620 exsilium
2814 1565 3164 1637 deplorarent
3189 1610 3204 1636 ,
3234 1569 3563 1640 interruptas
3599 1572 3878 1643 complu-

2251 1658 2393 1713 rium
2426 1658 2855 1717 necessitudines
2880 1701 2896 1728 ,
2929 1661 3227 1734 diremptas
3269 1662 3562 1722 afﬁnitates
3589 1667 3604 1722 Ξ
3635 1666 3704 1721 Ει
3733 1682 3878 1724 cer-

543 1761 861 1834 adiumemo
890 1776 1049 1828 esse,
1087 1761 1246 1834 120
1268 1761 1350 1816 vel
1382 1761 1436 1815 in
1461 1758 1813 1816 conferendis
1852 1757 2146 1825 subsidiis,
2179 1757 2227 1817 Β
2256 1757 2309 1805 te
2357 1751 2618 1807 arriserat
2661 1752 2789 1808 anni
2829 1753 3132 1810 fecunditas
3155 1797 3171 1822 ,
3221 1756 3501 1813 invectitio
3554 1758 3687 1815 urbs
3743 1762 3879 1817 sola

542 1855 631 1911 vel
673 1855 728 1909 in
776 1852 1122 1910 celebrandis
1149 1852 1536 1908 commerciis:
1574 1861 1598 1890 ε
1636 1852 1912 1907 neminem
1954 1849 2156 1906 famem

547 1947 782 2003 alienam
807 1945 1040 2017 juvare:
1073 1944 1393 2015 protrahere
1418 1952 1477 1999 ut
1520 1943 1811 2013 plurimum
1839 1941 1983 1998 diem
2032 1955 2159 2012 pos-

548 2053 611 2095 se
632 2080 647 2107 ,
680 2052 791 2094 non
822 2038 1058 2109 inopiam
1091 2036 1391 2109 repellere;
1425 2037 1593 2093 immo
1620 2044 1703 2092 tot
1729 2034 2030 2091 cultoribus
2056 2049 2157 2091 ex-

546 2130 777 2199 stinctis,
812 2137 890 2185 tot
917 2130 1173 2202 agricolis
1201 2130 1575 2187 occidentibus
1594 2172 1611 2198 ,
1640 2143 1904 2187 occasura
1933 2129 1986 2184 in
2034 2143 2159 2199 per-

547 2230 775 2293 petuum
824 2221 1067 2278 subsidia
1111 2221 1493 2279 frumentaria.
1538 2222 1650 2278 llus
1699 2222 1867 2294 igitur
1913 2220 2161 2279 excludi-

551 2331 705 2382 mus,
735 2316 829 2387 qui
864 2317 1065 2371 victunt
1097 2316 1255 2372 nobis
1296 2315 1498 2373 inferre
1527 2324 1901 2373 consuerunt:
1936 2318 2036 2373 bos
2063 2331 2162 2372 no-

555 2407 737 2463 lumus
764 2408 817 2463 in
852 2419 1100 2479 tempore
1129 2409 1477 2466 necessitatis
1504 2424 1761 2480 pascere,
1792 2410 1885 2481 qui
1916 2423 2015 2466 nos
2044 2425 2161 2465 um-

556 2501 612 2557 ni
639 2509 799 2557 aetate
844 2503 1150 2571 paverunt?
1175 2502 1393 2571 Quanta
1416 2511 1544 2557 sunt
1586 2518 1710 2572 quae
1738 2503 1807 2557 ab
1836 2501 1969 2572 ipsis
1999 2501 2161 2558 nobis

553 2593 657 2649 hoc
682 2594 799 2666 ipso
828 2602 1073 2665 tempore
1100 2595 1515 2652 ministrantur!
1545 2594 1668 2648 Non
1699 2595 1756 2649 in
1784 2594 1898 2649 solo
1927 2612 2059 2667 pane
2085 2595 2162 2648 vi-

550 2688 622 2743 vit
643 2682 799 2743 homo
826 2687 1011 2762 (Deut.
1036 2704 1132 2744 vnt
1152 2731 1167 2755 ,
1192 2688 1271 2760 '5).
1298 2689 1492 2745 Nostra
1521 2689 1630 2744 illic
1654 2688 1852 2744 familia
1873 2730 1889 2756 ,
1916 2689 2161 2760 plerique

555 2780 719 2835 etiam
753 2780 923 2837 nostri
970 2792 1224 2853 parentes
1250 2790 1395 2837 sunt.
1427 2779 1738 2837 lteddatnus
1771 2779 1915 2850 quod
1944 2782 2159 2852 accepi-

560 2887 704 2929 mus.

630 2967 724 3022 47.
757 2965 866 3025 Sed
893 2982 1149 3024 veremur
1168 2983 1238 3024 ne
1263 2967 1604 3025 cumulemus
1634 2970 1893 3042 impiam.
1918 2972 2157 3028 Primum

556 3061 801 3117 omnium
836 3062 1206 3118 misericordia
1239 3078 1532 3134 numquam
1562 3063 1876 3121 destituitur
1895 3108 1912 3135 ,
1939 3067 2036 3123 sed
2065 3065 2160 3122 ad-

2259 1842 2454 1914 egebat
2483 1843 2796 1900 frumento:
2830 1846 3095 1916 potuisset
3131 1848 3346 1918 juvari,
3390 1850 3435 1905 si
3474 1858 3758 1920 peteretur
3802 1854 3883 1909 ab

2258 1935 2408 1991 Italis
2449 1935 2818 2006 frumentum,
2850 1953 3080 2009 quorum
3111 1938 3206 1995 lilii
3249 1942 3690 2012 expellebantur.
3714 1944 3882 2002 Nihil

2261 2027 2364 2085 boc
2406 2030 2653 2100 turpius,
2701 2031 2992 2088 excludere
3030 2033 3180 2104 quasi
3219 2033 3497 2103 alienum,
3539 2045 3595 2092 et
3641 2037 3883 2109 exigere

2259 2122 2413 2192 quasi
2442 2137 2621 2178 suum.
2651 2122 2790 2191 Quid
2819 2122 2971 2179 illum
3001 2124 3155 2195 ejicis
3179 2166 3195 2194 ,
3226 2125 3319 2196 qui
3348 2125 3419 2183 de
3461 2141 3560 2182 suo
3584 2130 3883 2199 pascitur?

2260 2215 2399 2285 Quid
2443 2216 2594 2273 illum
2626 2218 2809 2289 ejicis,
2839 2219 2931 2289 qui
2975 2228 3027 2275 te
3075 2220 3290 2290 pascit?
3334 2221 3567 2277 Servum
3616 2223 3836 2280 retines
3862 2264 3880 2293 ,

2263 2309 2436 2365 trudis
2463 2313 2784 2382 parentem?
2810 2311 3166 2368 Frumentum
3195 2314 3448 2385 suscipis,
3482 2328 3582 2371 nec
3608 2315 3882 2374 allectum

2264 2403 2552 2475 impertis‘.’
2579 2406 2792 2463 Victum
2820 2416 3135 2479 extorques.
3170 2423 3272 2464 nec
3299 2409 3556 2479 rependis
3582 2411 3831 2481 gratiam
3857 2413 3884 2467 2

2335 2498 2618 2568 50.Quam
2649 2498 2897 2555 deforme
2924 2499 3058 2567 hoc,
3088 2515 3249 2571 quam
3282 2500 3514 2556 inutile!
3545 2502 3883 2569 Quomodo?

2263 2592 2408 2648 enim
2442 2603 2620 2663 poteSt
2651 2592 2781 2647 utile
2806 2607 2928 2648 esse
2953 2592 3095 2662 quod
3128 2607 3238 2647 non
3264 2591 3465 2648 decet?
3500 2594 3657 2667 121
3685 2594 3887 2661 Quan-

2264 2685 2335 2740 tis
2363 2694 2387 2723 ο
2417 2695 2831 2755 corporatorum
2878 2686 3140 2741 subsidiis
3165 2686 3367 2742 dudum
3397 2686 3568 2742 Roma
3620 2688 3887 2744 fraudata

2264 2780 2386 2835 est?
2412 2780 2594 2836 Potuit
2618 2790 2674 2837 et
2700 2781 2824 2837 illos
2851 2797 2958 2836 non
2985 2781 3265 2846 amittere,
3297 2791 3351 2837 et
3381 2781 3618 2837 evadere
3643 2784 3881 2851 famem,

2264 2877 2594 2947 exspectatis
2626 2887 2908 2932 ventorum
2941 2875 3266 2946 opportunis
3296 2874 3518 2931 ﬂatibus
3542 2916 3558 2944 ,
3585 2883 3645 2932 et
3681 2891 3884 2948 spera-

2266 2981 2444 3028 tarum
2475 2981 2781 3028 commealu
2808 2971 3051 3026 navium.

2338 3067 2429 3124 5i.
2461 3066 2631 3133 Quam
2665 3080 2795 3121 vero
2819 3064 2953 3120 illud
2983 3064 3237 3137 superius
3264 3063 3548 3121 honestum
3571 3075 3740 3139 atque
3770 3069 3883 3125 uti-

559 3152 803 3225 juvatur.
848 3154 1051 3212 Deinde
1093 3154 1336 3210 subsidia
1373 3170 1637 3227 annonae,
1670 3172 1792 3229 quae
1832 3158 1916 3214 his
1959 3159 2163 3229 impar-
2192 3161 2238 3224 C
2271 3159 2352 3215 lel
2395 3158 2534 3228 Quid
2564 3158 2709 3215 enim
2742 3169 2849 3213 tam
2880 3158 3140 3214 decorum
3168 3168 3329 3230 atque
3359 3157 3673 3227 honestum,
3710 3177 3879 3234 quam

559 3248 747 3304 tienda
775 3258 930 3316 sunt,
953 3249 1246 3306 collatione
1275 3250 1635 3315 redimamus,
1663 3267 1981 3324 reparemns
2005 3268 2160 3308 auro.

564 3341 838 3413 Numquid
864 3343 948 3399 his
973 3343 1352 3400 delicieutibus
1372 3384 1387 3409 ,
1417 3360 1524 3399 non
1555 3345 1647 3401 alii
1680 3345 1835 3401 nobis
1861 3345 2164 3402 redimendi

561 3435 802 3491 cultores
827 3435 1114 3491 videntur?
1138 3433 1167 3474 ἀ
1188 3436 1401 3503 Quanto
1425 3438 1584 3493 vilius
1610 3449 1695 3493 est
1723 3453 1977 3509 pascere,
2002 3454 2164 3510 quam

564 3541 750 3584 emere
779 3527 1089 3584 cultorem!
1121 3527 1222 3585 Ubi
1269 3530 1434 3585 etiam
1483 3545 1743 3601 repares,
1789 3531 1879 3588 ubi
1921 3531 2167 3588 invenias

565 3638 724 3695 quem
757 3622 1057 3680 reformes?
1086 3623 1237 3680 Adde
1273 3625 1320 3680 si
1363 3625 1644 3694 invenias,
1689 3626 1833 3696 qttod
1881 3628 2162 3698 ignarum,

563 3723 622 3774 et
672 3716 840 3773 alieni
899 3732 1068 3786 usus,
1122 3732 1354 3774 numero
1401 3719 1580 3791 possis
1632 3720 2004 3788 substituere,
2054 3736 2162 3776 non

562 3808 754 3866 cultui.

559 3990 779 4063 legitur,
799 3991 1042 4065 Plerique
1055 3995 1210 4050 etiam
1230 3995 1394 4050 nostri
1412 4004 1648 4066 parentes
1664 4004 1782 4050 sunt
1798 4012 1817 4062 ;
1838 3992 2162 4052 concinnius

567 4073 778 4138 tamen,
811 4068 1099 4121 communis
1128 4068 1353 4136 parentis
1374 4108 1390 4132 ,
1418 4067 1470 4121 id
1505 4076 1629 4130 est,
1662 4066 1878 4133 Romae,
1912 4083 2033 4138 qua:
2082 4075 2164 4122 to-

569 4135 677 4191 tius
705 4136 917 4209 imperii
945 4146 1063 4209 erat
1092 4135 1241 4205 quasi
1277 4146 1483 4203 mater,
1516 4138 1603 4193 vel
1633 4138 1813 4208 potius
1839 4135 2001 4193 terrae
2042 4152 2163 4209 qua:

565 4207 874 4261 communis
901 4208 1143 4261 omnium
1175 4217 1351 4262 mater
1380 4217 1483 4262 est.

640 4286 668 4314 ι
699 4277 858 4331 Rom.
888 4277 1056 4344 edit.,
1089 4277 1213 4332 urbe
1257 4279 1588 4348 pellerentur.
1630 4277 1735 4346 Qui
1786 4293 1951 4348 porro
2002 4279 2165 4335 fuerit

570 4345 693 4419 pius
721 4348 811 4402 ille
842 4362 1004 4404 senex
1028 4390 1042 4412 ,
1070 4349 1228 4418 cujus
1255 4345 1484 4403 consilio
1516 4345 1685 4404 Roma
1714 4345 1888 4405 exacti
1918 4364 2027 4405 non
2056 4352 2165 4407 sint

2270 3254 2567 3311 collatione
2593 3254 2924 3325 locupletum
2953 3250 3128 3323 juvari
3154 3263 3409 3324 egentes,
3444 3254 3746 3311 miuiSIrari
3797 3259 3885 3315 vi-

2271 3356 2418 3403 ctum
2437 3346 2827 3412 esurientibus;
2846 3344 2977 3400 nulli
2994 3345 3173 3401 cibum
3191 3345 3412 3402 defore?
3431 3345 3569 3414 Quid
3592 3357 3704 3403 tam
3721 3352 3877 3417 utile.

2272 3454 2431 3509 quam
2468 3437 2486 3476 τ
2522 3440 2760 3495 cultores
2784 3451 2914 3509 agro
2942 3438 3234 3506 reservari,
3264 3452 3372 3493 non
3404 3439 3630 3495 interire
3659 3441 3879 3512 plebem

2273 3530 2706 3587 ruSticanorum?

2347 3622 2438 3681 52.
2479 3622 2630 3691 Quod
2678 3622 2965 3678 honestum
3007 3622 3192 3695 igitur,
3224 3631 3280 3678 et
3321 3623 3451 3679 utile
3476 3631 3598 3679 est:
3637 3633 3695 3680 et
3731 3626 3877 3698 quod

2274 3717 2407 3773 utile
2432 3757 2448 3782 ,
2488 3714 2796 3771 honestum.
2830 3715 2898 3770 Et
2914 3724 3100 3769 contra
3130 3714 3274 3784 quod
3301 3714 3512 3783 inutile,
3530 3714 3877 3784 indecorum;

2274 3807 2421 3880 quod
2449 3815 2629 3864 autem
2664 3806 3002 3873 indecorum,
3027 3804 3082 3861 id
3103 3805 3266 3862 etiam
3294 3806 3504 3862 inutile.

2267 3992 2672 4063 Qumstiouibus
2691 4033 2707 4055 ,
2735 3991 2826 4046 ubi
2854 3993 3012 4047 etiam
3040 3991 3179 4048 duos
3202 3992 3385 4061 locos,
3414 3992 3647 4048 alterum
3680 3992 3875 4049 Hiero-

2267 4065 2416 4135 nymi
2436 4106 2451 4131 ,
2484 4063 2765 4119 Prudentii
2794 4064 3063 4135 alterum.
3092 4063 3160 4118 de
3188 4063 3379 4119 eadem
3418 4063 3744 4133 przefectura
3776 4082 3873 4121 ex-

2268 4134 2451 4207 plicat.
2482 4136 2591 4192 Sed
2621 4137 2673 4190 in
2716 4135 2820 4190 hoc
2864 4151 2984 4189 eum
3017 4134 3339 4207 Gothofrido
3373 4135 3717 4190 llermannus
3746 4139 3874 4191 vita:

2266 4206 2456 4263 Ambr.
2490 4207 2586 4263 lib.
2613 4222 2627 4261 I
2651 4249 2666 4271 ,
2695 4221 2818 4277 cap.
2846 4206 2914 4273 6,
2949 4222 3053 4261 non
3096 4206 3376 4274 concinit,
3424 4211 3569 4261 sicut
3612 4222 3717 4263 nec
3747 4222 3874 4263 eum

2267 4278 2503 4334 Baronio
2528 4278 2596 4333 de
2648 4278 2789 4332 fame
2841 4279 2969 4332 anni
2998 4279 3104 4334 585
3130 4318 3145 4340 ,
3177 4280 3408 4347 primam
3454 4277 3656 4348 quippe
3695 4278 3873 4334 conti-

2266 4350 2413 4421 gisse
2446 4349 2550 4405 hoc
2596 4364 2740 4404 anno
2783 4348 2981 4405 ibidem
3032 4349 3130 4404 lib.
3160 4365 3250 4417 ιιι,
3283 4363 3408 4420 cap.
3438 4350 3472 4406 8
3494 4389 3511 4419 ,
3537 4364 3671 4405 vero
3719 4357 3877 4421 putat

572 4418 844 4500 peregrini
864 4460 893 4500 ,_
914 4434 1064 4500 aegre
1089 4420 1383 4500 intelligas.
1429 4419 1697 4500 litamen
1749 4431 1956 4500 eertum
1997 4421 2159 4500 videri

2273 4418 2630 4500 simillimum.

571 4499 787 4563 potest,
822 4489 987 4547 fuisse
1018 4489 1418 4563 videlicet’eum
1450 4489 1772 4547 Christianae
1802 4493 2048 4563 religioni
2069 4492 2166 4548 ad-

575 4561 777 4635 dictum
800 4603 816 4626 ,
846 4577 969 4617 cum
999 4564 1068 4617 ab
1099 4561 1388 4616 Ambrosio
1435 4565 1813 4635 sanctissimus
1854 4561 2022 4619 senex
2070 4580 2167 4635 ap—

572 4633 807 4704 pelletur
832 4648 847 4686 :
876 4648 940 4688 ac
981 4643 1243 4704 praeterea
1273 4648 1379 4687 non
1417 4647 1650 4689 annonae
1680 4633 1994 4703 praefectum
2020 4676 2035 4699 ,
2067 4633 2162 4691 sed

570 4702 721 4776 urbis
761 4704 1075 4771 exstitisse;
1113 4702 1262 4759 illum
1306 4706 1449 4760 enim
1499 4706 1600 4759 sub
1652 4702 1812 4776 hujus
1842 4707 2165 4764 auctoritate

572 4773 742 4831 fuisse
761 4815 777 4841 ,
809 4790 873 4830 ac
903 4785 1195 4845 utrumque
1236 4790 1468 4830 annona:
1497 4776 1674 4831 civilis
1716 4773 1902 4833 curam
1931 4780 2165 4845 gessisse

566 4856 758 4918 auctor
803 4855 888 4901 est
912 4846 962 4901 J.
987 4847 1049 4902 C.
1078 4846 1412 4918 Bulengerus
1445 4847 1539 4902 lib.
1567 4863 1623 4902 vt
1643 4848 1712 4904 de
1741 4847 1975 4917 Imperio
2003 4850 2158 4903 Rom.

568 4931 689 4985 cap.
731 4915 806 4981 2,
855 4932 956 4972 nec
1007 4918 1116 4973 alio
1167 4915 1417 4987 spectare
1461 4918 1766 4975 dixerimus
1807 4915 2163 4976 Atubrosiana

568 4987 732 5062 verba
758 5028 774 5053 ,
825 4988 1146 5060 prmfectura:
1192 4989 1404 5044 urbana:
1450 5006 1627 5043 curam
1667 4992 1866 5046 caneris
1916 4992 2165 5062 majorem

490 5112 497 5113 ,
567 5059 874 5133 sustinens:
903 5062 1097 5129 quibus
1123 5062 1304 5133 verbis
1333 5076 1457 5116 cum
1482 5062 1602 5116 aliae
1632 5064 1870 5117 minores
1889 5104 1902 5125 ,
1930 5059 2042 5116 tuin
2070 5077 2166 5133 po-

569 5129 838 5185 tissimum
870 5147 1103 5187 annonae
1129 5132 1448 5201 praefectura
1477 5132 1802 5196 includitur,
1835 5134 1974 5187 sicut
1999 5129 2162 5188 etiam

568 5200 825 5274 frumenti
853 5200 1160 5266 dividendi,
1187 5204 1254 5258 de
1285 5219 1387 5273 qua
1421 5202 1561 5258 idem
1595 5203 1931 5274 Bulengerus
1963 5204 2162 5259 ibidem

570 5272 669 5345 lib.
704 5285 771 5345 ν,
813 5289 935 5345 cap.
978 5277 1065 5331 15.
1099 5274 1256 5343 Quod
1300 5284 1480 5329 autem
1525 5272 1791 5330 Baronius
1818 5275 1920 5330 hoc
1963 5275 2161 5330 factum

570 5341 1244 5416 Graccltohascribcndum
1302 5354 1587 5409 autumat,
1638 5361 1962 5416 quamquam
2015 5346 2164 5401 nullo

567 5414 759 5486 nititur
786 5414 1013 5486 alicujus
1061 5416 1401 5486 auctoritatis
1445 5414 1720 5471 momento
1743 5460 1757 5483 ,
1800 5419 1993 5472 saltem
2027 5418 2161 5472 nihil

564 5484 799 5540 involvit
822 5484 1243 5543 conirarietatis.
1274 5485 1408 5542 Cum
1438 5487 1584 5543 enim
1618 5487 1663 5541 is
1690 5488 1985 5544 secundam
2015 5487 2160 5543 illaut

564 5555 823 5630 frumenti
851 5561 1131 5628 penuriam
1160 5560 1228 5615 de
1248 5574 1352 5628 qua
1384 5560 1642 5613 continuo
1670 5570 1787 5630 post
1819 5562 2026 5630 agitur,
2051 5560 2164 5615 col-

560 5625 710 5700 locet
736 5625 877 5681 anno
903 5630 1031 5696 385,
1063 5631 1191 5699 quid
1216 5625 1532 5697 prohibeat,
1563 5625 2035 5700 quoininus'prior
2072 5646 2164 5687 ac-

564 5695 751 5774 cidere
790 5701 1025 5765 potuerit
1067 5695 1158 5774 an.
1189 5695 1297 5774 516
1335 5712 1429 5774 aut
1458 5695 1597 5774 ξπζ
1629 5700 1828 5774 quibus
1854 5695 2159 5774 Gracchum

563 5764 940 5835 praefecturam
988 5773 1224 5841 gessisse
1256 5764 1420 5827 t'radit
1463 5764 1824 5829 Gothofridus
1868 5764 1963 5829 lib.
1994 5787 2048 5827 ιιι
2092 5773 2161 5827 do

2343 4490 2372 4530 ι’
2399 4492 2532 4564 Era.
2561 4503 2614 4546 et
2642 4507 2760 4561 seq.
2785 4490 2916 4547 edit.
2934 4534 2950 4557 ,
2982 4492 3157 4546 dicens
3182 4508 3339 4562 quam
3367 4492 3591 4546 immane
3615 4502 3754 4548 esset
3781 4509 3874 4564 pe-

2268 4563 2500 4634 regrinos
2523 4564 2641 4637 ejici
2654 4603 2669 4627 ,
2692 4580 2845 4628 quam
2868 4563 3121 4618 hominem
3143 4574 3346 4637 exueret
3367 4564 3455 4634 qui
3473 4605 3487 4627 ,
3511 4572 3618 4619 etc.
3637 4563 3866 4637 Amerb.

2268 4633 2731 4703 etpropemodutn
2754 4649 2944 4689 omnes
2973 4649 3102 4691 mss.
3127 4645 3185 4688 ιιι
3213 4635 3265 4689 in
3290 4645 3566 4696 contextu,
3596 4635 3698 4690 nisi
3722 4633 3868 4705 quod

2270 4706 2522 4778 nonnulli
2566 4722 2690 4775 pro,
2723 4706 2786 4760 ab
2822 4705 3291 4778 homine,gh.tbent
3312 4747 3327 4772 ,
3360 4722 3424 4761 ea:
3450 4706 3656 4761 homine
3685 4722 3704 4761 :
3749 4707 3869 4778 qtti-

2269 4776 2391 4832 dam
2423 4792 2552 4831 vero
2578 4785 2865 4846 utrumque
2890 4776 3226 4832 confodiunt.

2344 4859 2367 4887 ο
2401 4847 2492 4904 Sic
2513 4848 2736 4903 Amerh.
2763 4863 2827 4902 ac
2857 4864 2989 4903 mss.
3019 4848 3207 4918 majori
3235 4863 3507 4903 consensu
3534 4866 3548 4902 :
3578 4848 3706 4903 Era.
3731 4864 3868 4905 vero

2269 4927 2325 4975 et
2354 4933 2472 4994 seqt
2498 4921 2660 4994 edit.,
2683 4920 2935 4973 neminem
2960 4921 3641 4994 ﬁtmealienajuvari;_qua
3672 4920 3869 4976 lectio-

2271 5005 2338 5074 ne
2368 4991 2690 5062 ambiguitas
2717 4991 2980 5058 evitatur,
3014 4992 3109 5047 sed
3138 4991 3377 5047 auctoris
3426 4991 3589 5048 verba
3621 5007 3732 5046 non
3779 5007 3870 5048 re-

2271 5070 2536 5116 tinentur.

2339 5129 2368 5169 ἀ
2398 5130 2526 5204 Gill.
2555 5132 2610 5187 in
2647 5148 2817 5202 marg.
2845 5144 2899 5189 et
2926 5132 3171 5203 quaedam
3199 5133 3372 5188 Paris.
3420 5133 3554 5190 edit.
3585 5133 3638 5189 in
3672 5146 3872 5204 corpo-

2268 5218 2363 5271 re,
2396 5202 2600 5268 Quanto
2647 5204 2829 5259 utilius
2871 5202 2984 5271 est,
3014 5216 3120 5259 etc.
3148 5205 3482 5273 Perperatn:
3525 5206 3678 5260 uilius
3722 5202 3867 5259 enim

2268 5273 2372 5358 hoc
2403 5275 2523 5329 loco
2568 5274 2710 5330 idem
2741 5284 2865 5342 est,
2894 5289 2956 5330 ac
2988 5277 3181 5331 minori
3233 5276 3406 5347 pretio
3446 5287 3610 5347 atque
3654 5276 3871 5347 impen-

2268 5362 2365 5402 SIS.

2343 5427 2368 5456 θ
2405 5415 2691 5485 Corporati
2721 5416 2979 5472 dicuntur
3019 5417 3071 5473 in
3112 5416 3381 5472 variarum
3412 5419 3609 5473 artium
3638 5417 3870 5474 societa-

2268 5498 2352 5545 tes
2376 5497 2432 5544 et
2474 5487 2702 5560 collegia
2736 5490 2996 5557 coeptati,
3031 5500 3093 5545 ut
3134 5497 3263 5557 puta
3293 5491 3656 5560 sculptorum,
3690 5489 3869 5560 picto-

2267 5576 2411 5634 rum,
2445 5568 2549 5634 etc.
2585 5559 2775 5634 Deliis
2808 5562 3047 5634 loquitur
3089 5559 3427 5634 Symmach.’
3459 5563 3551 5616 lib.
3579 5576 3660 5634 _x,
3700 5561 3866 5634 epist.

2265 5633 2337 5688 27
2383 5642 2436 5687 et
2476 5631 2568 5686 58.
2614 5630 2751 5704 ΥἱόΣ
2795 5629 3106 5688 Gothofrid.
3132 5629 3201 5704 ἰιι
3236 5629 3334 5687 lib.
3369 5649 3406 5688 II
3460 5634 3523 5687 de
3564 5629 3869 5704 Privileg‘iii

2264 5712 2682 5782 corporntorum,
2712 5701 2849 5782 Cod.
2883 5704 3097 5782 ΤιιοᾳάΪ
3121 5745 3136 5769 ,
3167 5702 3645 5781 Scalig.,et_alios.
3725 5758 3728 5765 ,

2342 5775 2361 5813 τ
2406 5772 2526 5830 Edil
2558 5774 2614 5830 Ct
2644 5773 2799 5845 ρειὶίςί
2828 5784 2984 5843 mss.,
3010 5772 3228 5830 sultare:
3249 5772 3495 5842 agrorum
3514 5772 3791 5831 reservari;
