4030 6188
136 244 217 304 161
1092 233 1183 297 DE
1219 228 1511 297 OFFICIIS
1551 233 2032 301 MINISTRORUM
2071 241 2202 300 LIB.
2244 239 2335 302 III.
3270 253 3377 312 I62

666 355 899 415 CAPUT
937 355 1068 414 VIII.
1694 361 1746 421 Α
1771 371 2010 414 amorem
2040 357 2364 427 honestatis,
2389 369 2447 416 et
2469 373 2566 416 usu
2599 360 2831 432 quodam
2862 361 3148 434 degeneris
3171 381 3377 423 merca-

134 454 564 524 Eosquiltonestum
586 451 1034 523 utilianteponant
1055 450 1207 506 aDeo
1229 451 1460 524 probari,
1482 450 1664 518 Josue,
1775 457 1931 515 lttrtl‘,
1966 458 2175 519 qurestu
2213 451 2492 507 sollicitari
2522 452 2768 524 ignobili,
2800 471 2964 510 avaro
2991 464 3230 514 mstuare
3258 475 3380 514 cor-

189 548 347 615 Caleb,
377 557 419 601 et
441 547 662 602 aliorum
692 549 1075 619 exploratorum
1112 559 1284 618 patere
1310 548 1581 619 exemplis.
1774 541 1866 608 de,
1896 541 2088 598 diebus
2113 558 2176 598 ac
2206 543 2454 600 noctibus
2483 545 2632 601 hiare
2659 546 2710 600 in
2735 546 2899 602 alieni
2932 547 3259 604 detrimenta
3286 565 3376 620 pa-

186 644 260 698 55,
289 642 499 711 Quando
530 642 769 712 majores
802 643 972 698 nostri
1016 643 1237 698 servitio
1271 643 1427 698 exire
1465 643 1670 712 pomis-
1772 636 2030 701 trimouii,
2067 650 2174 691 non
2207 637 2423 693 elevare
2445 640 2681 693 animum
2706 639 2773 696 ad
2797 640 3095 697 honestatis
3122 643 3376 712 nitorem,

129 747 245 802 sent,
267 735 354 791 nisi
381 735 431 790 id
460 751 564 791 non
592 737 768 792 solum
798 745 974 804 turpe,
1005 735 1097 790 sed
1130 735 1292 790 etiam
1335 736 1524 792 inutile
1551 751 1669 792 cre—
1770 747 1878 786 non
1903 732 2253 788 considerare
2281 749 2422 789 verae
2446 733 2620 789 laudis
2648 735 3128 805 pulchritudinem.

128 830 347 885 uidissent
373 827 481 900 regi
503 827 714 885 servire
755 827 1136 902 Egyptiorum
1167 826 1365 900 (Exod.
1397 843 1494 896 xn,
1524 827 1592 884 54
1620 838 1669 883 et
1842 827 1930 882 58.
1960 825 3376 902 cIlincunsountur<1aucupioquaesitcebmreditates,

126 921 265 993 mp)?
1771 922 2124 979 continentiae
2173 933 2335 994 atque
2385 923 2665 994 gravitatis
2707 925 3055 981 simulatione
3099 934 3328 996 captatzn
3363 948 3378 984 :

179 1017 251 1070 bl.
287 1014 433 1071 lesus
458 1029 673 1088 quoque
707 1023 762 1070 et
790 1012 957 1070 Caleb
997 1013 1148 1070 missi
1179 1013 1246 1069 ad
1278 1013 1665 1085 explorandam
1769 1015 1913 1084 quod
1943 1015 2200 1072 abhorret
2229 1030 2258 1070 a
2291 1017 2573 1086 pr0posito
2589 1016 2870 1073 christiani
2891 1017 3022 1083 viri;
3053 1033 3214 1074 omne
3231 1019 3376 1075 enim

124 1119 307 1174 terram,
329 1108 540 1165 uberem
571 1107 793 1180 quidem
839 1118 1036 1164 terram
1059 1149 1073 1173 ,
1117 1109 1214 1164 sed
1243 1123 1274 1163 a
1317 1106 1669 1164 ferocissimis
1771 1108 1918 1178 qttod
1944 1119 2062 1164 arte
2088 1108 2326 1164 elicitum
2347 1151 2364 1179 ,
2406 1120 2461 1165 et
2483 1109 2671 1167 fraude
2699 1113 3059 1183 compositum
3092 1123 3198 1180 est,
3231 1123 3384 1169 caret

119 1202 356 1257 inhabitari
378 1201 626 1272 gentibus
648 1201 1053 1257 nuntiaverunt.
1082 1200 1314 1256 Terrore
1340 1200 1470 1257 belli
1495 1217 1669 1272 popu-
1769 1201 1964 1256 merito
1993 1200 2379 1271 simplicitatis.
2409 1199 2466 1256 In
2500 1202 2633 1271 ipsis
2657 1203 2747 1273 qui
2781 1202 2986 1258 nullum
3013 1202 3381 1259 Ecclesiastici

119 1294 181 1347 lus
215 1294 495 1362 infractus,
547 1294 835 1350 recusabat
885 1303 1043 1349 terra:
1096 1293 1212 1363 ejus
1263 1293 1667 1363 possessionem
1769 1293 1976 1348 ordinis
2009 1292 2250 1348 officium
2278 1294 2609 1362 receperint,
2661 1295 2956 1366 incongrua
3005 1294 3276 1365 judicatur
3299 1297 3378 1350 af-

121 1387 273 1457 (Nam.
295 1405 403 1454 aut,
433 1389 505 1445 28
529 1396 579 1444 et
599 1391 756 1460 scq.).
787 1387 1668 1457 Suadebantmissicxploratores
1769 1385 1979 1441 fectatai
2020 1386 2245 1440 ambitio
2295 1386 2650 1442 hmreditatis.
2701 1386 2758 1443 In
2805 1403 3065 1459 supremo
3110 1389 3216 1446 fine
3253 1389 3377 1445 vita:

117 1478 242 1535 Jesus
259 1491 305 1535 et
323 1480 483 1537 Caleb
511 1490 714 1536 terram
737 1495 858 1536 esse
888 1481 1078 1536 utilem
1121 1479 1484 1534 :indccorum
1512 1490 1668 1550 puta-
1770 1464 1978 1549 positos
2015 1495 2172 1534 suum
2217 1479 2418 1535 habere
2445 1479 2730 1550 judicium,
2781 1491 2838 1537 ut
2886 1483 3058 1538 libere
3109 1492 3377 1540 testentur

117 1572 215 1624 bant
238 1571 414 1628 cedere
454 1572 770 1627 nationibus
801 1590 814 1627 :
866 1571 1094 1641 Iapidari
1143 1572 1323 1641 potius
1359 1571 1665 1642 eligebant,
1768 1573 1911 1642 quod
1932 1572 2191 1638 sentiunt,
2223 1573 2315 1643 qui
2343 1584 2528 1643 postea
2558 1589 2667 1629 non
2699 1583 2826 1630 sunt
2846 1575 3189 1631 emendaturi
3219 1593 3375 1632 :cum

116 1666 227 1733 quod
251 1667 547 1721 minabatur
566 1666 819 1737 populus,
844 1681 1004 1736 quam
1029 1666 1294 1722 decedere
1321 1665 1391 1722 de
1413 1665 1670 1722 honesta-
1770 1662 2060 1720 honestum
2110 1680 2219 1719 non
2261 1665 2332 1719 sit
2364 1676 2386 1701 υ
2414 1667 2778 1736 competentia
2836 1665 2855 1705 ί
2907 1655 3227 1739 compendia
3259 1670 3382 1726 aliis

117 1769 173 1813 te.
207 1759 582 1816 Dissuadebant
611 1759 743 1826 alii;
788 1768 815 1796 α
855 1759 1008 1830 plebs
1055 1759 1390 1815 reclamabat
1411 1802 1424 1825 ,
1479 1757 1665 1814 dicens
1695 1752 1744 1814 B
1774 1757 1861 1813 vel
1889 1758 2094 1825 debita,
2126 1757 2214 1812 vel
2246 1767 2430 1828 parata
2461 1767 2747 1826 avertere;
2793 1775 2916 1816 cum
2948 1761 3032 1817 vel
3079 1762 3384 1820 sacerdotis

117 1854 328 1909 adversus
353 1854 496 1910 diras
546 1863 604 1910 et
642 1869 863 1924 asperas
908 1863 1097 1925 gentes
1147 1853 1357 1909 bellum
1395 1853 1532 1918 fore,
1573 1868 1669 1908 ea-
1771 1853 1858 1908 vel
1889 1853 2121 1908 ministri
2151 1855 2221 1908 sit
2259 1854 2555 1925 prodesse,
2609 1854 2657 1912 si
2684 1854 2804 1914 ﬁeri
2840 1865 3054 1929 potest,
3084 1857 3340 1915 omnibus
3363 1899 3382 1929 ,

119 1945 305 2002 dentium
325 1947 420 2004 sibi
449 1948 504 2002 in
536 1946 1023 2018 pratlio,mulieres
1043 1962 1167 2004 suas
1189 1956 1242 2003 et
1265 1961 1466 2018 pueros
1486 1946 1670 2017 direp—
1772 1948 1966 2004 obesse
1998 1949 2225 2004 nemini.

120 2041 224 2094 tit-ni
248 2040 461 2099 futuros.
1845 2042 1937 2098 59.
1983 2042 2227 2114 Denique
2268 2041 2393 2116 (M,
2437 2053 2619 2115 quazst.
2651 2044 2717 2110 5,
2750 2060 2870 2115 cap.
2907 2043 3158 2117 Denique)
3192 2047 3237 2101 si
3269 2062 3377 2102 non

281 2136 484 2195 Exarsit
536 2138 754 2194 Domini
805 2137 1102 2209 indignatio
1127 2178 1144 2205 ,
1189 2147 1247 2192 ut
1286 2151 1477 2194 omnes
1506 2137 1673 2194 vellet
1774 2144 1954 2206 pOtest
1992 2137 2146 2192 alteri
2177 2135 2486 2206 subveniri,
2539 2139 2644 2193 nisi
2676 2137 2818 2194 alter
2847 2137 3097 2208 laniatur,
3140 2153 3384 2196 commo-

121 2229 342 2296 pcrdere:
373 2231 463 2287 sed
488 2242 726 2302 rogante
752 2228 1670 2303 Moyse,temperavitsententiam,
1775 2231 1896 2287 dius
1950 2241 2034 2287 est
2079 2239 2332 2287 neutrum
2377 2232 2593 2301 juvari,
2640 2247 2804 2303 quant
2861 2233 3076 2303 gravari
3122 2232 3379 2289 alterum.

119 2322 332 2379 ultionem
349 2325 734 2391 distulit,satis
749 2339 872 2380 esse
893 2322 1114 2393 perfidis
1132 2322 1670 2392 suppliciijudicans,
1776 2324 2009 2395 Ideoque
2038 2325 2090 2379 in
2118 2325 2296 2380 causis
2321 2325 2653 2394 pecuniariis
2677 2327 3011 2381 intervenire
3040 2343 3148 2382 non
3182 2336 3267 2383 est
3295 2343 3386 2383 sa-

121 2417 201 2470 etsi
223 2429 448 2488 parceret
489 2418 741 2486 interim,
779 2432 880 2472 nec
913 2425 1222 2488 percuteret
1244 2414 1577 2482 incredulos,
1607 2415 1674 2470 ad
1777 2420 2014 2476 cerdotis
2047 2438 2060 2476 :
2092 2419 2145 2473 in
2169 2420 2363 2490 quibus
2393 2435 2498 2473 non
2522 2427 2702 2489 potest
2732 2418 2870 2486 ﬁeri,
2902 2421 3034 2490 quin
3063 2419 3386 2492 frequenter

120 2523 218 2565 eam
245 2520 398 2567 tamen
438 2520 655 2568 terram
686 2526 847 2582 quam
887 2518 1303 2576 recusaverant,
1337 2519 1559 2580 propter
1587 2510 1674 2563 in-
1778 2512 2007 2568 laldatur
2028 2513 2167 2568 alter
2195 2513 2286 2584 qui
2312 2511 2564 2579 vincitur,
2590 2511 2846 2583 quoniam
2874 2512 3260 2570 intercessoris
3291 2514 3386 2570 be-

123 2604 403 2663 credulitatis
428 2624 542 2663 sua:
567 2605 806 2678 pretium
848 2622 954 2661 non
982 2605 1331 2676 pervenirent
1362 2604 1492 2659 :sed
1519 2603 1676 2675 pueri
1779 2605 1976 2662 neficio
2003 2620 2063 2660 se
2095 2605 2294 2660 victum
2343 2605 2660 2661 arbitratur.
2716 2605 3031 2662 Sacerdotis
3086 2617 3171 2663 est
3222 2608 3388 2679 igitur

125 2703 166 2750 et
188 2697 407 2755 mulieres
427 2700 516 2770 qui
541 2715 657 2754 non
684 2699 1254 2764 immurmuraverant,
1279 2697 1368 2753 vel
1393 2712 1558 2763 sexu,
1589 2697 1676 2751 vel
1779 2702 1914 2756 nulli
1945 2715 2164 2767 nocere,
2191 2700 2454 2771 prodesse
2485 2700 2629 2756 velle
2666 2700 2920 2756 omnibus
2951 2718 2963 2754 :
3003 2715 3164 2770 posse
3195 2712 3378 2757 autem

124 2800 252 2846 :ctate
283 2794 575 2849 veniabiles
606 2834 620 2858 ,
672 2801 931 2863 caperent
975 2792 1094 2862 ejus
1141 2801 1298 2846 terrre
1350 2790 1674 2861 promissam
1782 2795 1954 2851 solius
1983 2805 2067 2851 est
2099 2795 2218 2850 Dei.
2246 2793 2379 2848 Nam
2415 2793 2468 2848 in
2501 2808 2662 2849 causa
2685 2794 2880 2864 capitis
2911 2808 3112 2849 nocere
3138 2794 3186 2849 ei
3217 2809 3378 2865 quem

123 2881 466 2944 hrredilatem.
499 2889 754 2959 Denique
794 2890 1122 2960 quicumque
1154 2896 1309 2944 erant
1338 2903 1367 2942 a
1414 2887 1678 2956 vigesimo
1777 2893 1969 2963 juvare
2007 2889 2209 2945 debeas
2253 2887 2675 2959 periclitantem,
2724 2903 2830 2942 non
2865 2888 2984 2943 sine
3033 2897 3261 2958 peccato
3302 2897 3389 2944 est

123 2990 238 3031 anno
261 2990 474 3052 etsupra
501 2983 827 3053 inﬁdeserIO,
853 2996 1040 3036 eorum
1071 2980 1314 3036 membra
1341 2979 1674 3045 CCCiderlmt.
1781 2984 1934 3056 gravi
1968 3002 1979 3038 ε
2007 2984 2062 3039 in
2107 2998 2270 3038 causa
2297 2991 2476 3036 autem
2509 2981 2752 3051 pecunia:
2779 2981 2902 3034 odia
2941 2997 3212 3051 quaerere,
3258 2981 3392 3037 insi-

121 3070 196 3126 scd
219 3075 424 3130 aliorum
456 3076 631 3131 dilata
659 3083 746 3130 est
774 3089 954 3144 pmna.
984 3074 1085 3142 Qui
1116 3082 1296 3127 autem
1315 3071 1681 3127 ascenderunt
1783 3077 2002 3147 pientiae
2031 3087 2112 3132 est
2133 3091 2147 3141 ;
2171 3091 2292 3130 cum
2320 3090 2416 3144 pro
2442 3073 2621 3128 salute
2651 3072 2890 3128 hominis
2917 3089 3112 3143 graves
3134 3073 3392 3145 frequen-

123 3178 216 3219 tant
241 3166 378 3234 Iesu,
409 3179 459 3224 et
486 3168 924 3224 dissuadendum
955 3174 1300 3237 putaverunt,
1332 3163 1359 3203 ι’
1388 3165 1540 3236 plaga
1572 3179 1685 3218 ma-
1711 3148 1757 3212 C
1792 3178 1875 3226 ter
1913 3172 2046 3224 ﬁant
2077 3170 2339 3224 molestiae
2371 3185 2383 3221 :
2417 3168 2470 3222 in
2516 3183 2624 3238 quo
2656 3170 2818 3222 etiam
2853 3169 3148 3238 periclitari
3189 3169 3396 3241 glorio-

123 3271 203 3328 gna
220 3263 382 3318 statim
406 3263 618 3319 mortui
639 3270 766 3317 sunt
793 3277 806 3315 :
831 3261 990 3316 Jesns
1012 3277 1141 3316 vero
1171 3270 1225 3315 et
1251 3259 1419 3315 Caleb
1447 3274 1569 3314 cum
1604 3258 1687 3312 in-
1787 3278 1908 3318 sum
1941 3263 2030 3318 sit.
2063 3261 2348 3331 Proposita
2381 3259 2537 3330 igitur
2569 3261 2742 3316 forma
2779 3261 2830 3314 in
2859 3260 3168 3316 sacerdotis
3209 3261 3396 3319 officio

123 3357 250 3409 noxia
275 3369 420 3414 aetate
444 3360 528 3414 vel
559 3373 700 3413 sexu
732 3356 785 3412 in
819 3367 1017 3413 terram
1050 3354 1422 3427 promissionis
1449 3353 1687 3410 intrave-
1790 3367 2070 3423 teneatur;
2098 3367 2123 3404 ε
2155 3366 2215 3411 ιιι
2243 3357 2374 3411 nulli
2407 3364 2620 3424 noceat,
2646 3371 2716 3412 ne
2747 3356 3032 3412 lacessitus
3062 3355 3302 3426 quidem,
3335 3365 3395 3414 et

125 3457 225 3502 runt
252 3449 424 3524 (Num.
451 3469 564 3520 xiv,
601 3451 637 3506 6
664 3461 710 3505 et
736 3451 892 3522 seq.).
1454 3495 1465 3504 .
1789 3453 1967 3524 aliqua
1995 3453 2190 3522 injuria
2216 3451 2475 3508 offensus.
2504 3451 2680 3506 Bonus
2710 3451 2855 3506 enim
2885 3458 2968 3505 est
2989 3451 3069 3505 vir
3091 3451 3182 3521 qui
3213 3451 3390 3507 dixit:

181 3543 258 3597 56.
293 3545 414 3600 Pars
457 3546 634 3616 igitur
680 3543 873 3600 melior
917 3543 1150 3616 gloriam
1195 3542 1355 3598 saluti
1403 3542 1636 3614 prmtulit
1667 3582 1682 3608 ,

1803 3550 1854 3605 Si
1876 3548 2078 3604 reddidi
2098 3547 2491 3602 retribuentibus
2513 3545 2638 3599 mihi
2668 3546 2803 3600 mala
2833 3544 3004 3615 (Psal.
3035 3560 3126 3613 vn,
3153 3543 3230 3616 5).
3260 3543 3394 3612 Qum

126 3631 326 3692 deterior
351 3639 586 3695 salutem
641 3636 933 3692 honestati.
986 3637 1176 3691 Divina
1205 3646 1384 3692 autem
1419 3634 1687 3691 sententia
1792 3644 1934 3699 enim
1965 3653 2048 3698 est
2095 3642 2291 3714 gloria,
2325 3642 2368 3696 si
2402 3657 2524 3696 eum
2557 3657 2663 3695 non
2694 3640 2966 3708 hedimus,
3009 3641 3098 3711 qui
3145 3655 3245 3695 nos
3287 3655 3399 3696 non

125 3741 202 3781 eos
227 3733 472 3799 probavit,
515 3733 614 3804 qui
658 3731 882 3786 honesta
913 3730 1138 3786 utilibus
1173 3740 1429 3800 praestare
1459 3729 1691 3784 arbitra-

1621 3745 1691 3783 ‘a-
1792 3736 2031 3793 lmserit?
2062 3736 2168 3791 Sed
2203 3735 2294 3789 illa
2327 3735 2498 3789 virtus
2529 3741 2645 3800 est,
2676 3735 2718 3787 si
2752 3735 2913 3788 laesus
2945 3733 3212 3788 remittas.

127 3822 324 3882 bantur:
367 3844 460 3884 eos
497 3844 643 3886 vero
681 3827 1089 3893 condemnavit,
1135 3825 1277 3895 apud
1310 3841 1446 3895 quos
1483 3839 1544 3880 ca
1571 3839 1691 3895 qua:
1867 3830 1956 3886 60.
1998 3829 2168 3896 Quam
2200 3827 2514 3892 honestum,
2539 3824 2567 3862 ιι
2607 3825 2750 3896 quod
2802 3841 2924 3880 cum
2969 3825 3235 3895 potuisset
3283 3825 3398 3897 regi

127 3917 404 3978 videbantur
427 3923 594 3978 saluti
625 3921 804 3993 potius
833 3935 996 3992 quam
1027 3919 1296 3976 honestati
1316 3917 1688 3984 accommoda,
1795 3923 2014 3980 inimico
2043 3935 2264 3985 nocere,
2294 3919 2486 3974 maluit
2535 3933 2766 3989 parcere
2819 3917 2861 3990 (l
2907 3918 3036 3988 Reg.
3083 3933 3230 3984 xxrv,
3279 3919 3314 3974 5
3351 3927 3400 3974 et

128 4016 600 4083 praponderabant.
1796 4016 1928 4091 seq.)
1955 4019 1968 4072 !
1999 4017 2170 4085 Quam
2199 4015 2364 4072 etiam
2389 4014 2684 4084 utile,quia
2712 4013 3014 4067 successori
3043 4011 3144 4067 hoc
3167 4013 3401 4082 profuit,

613 4112 773 4183 122
810 4108 1039 4165 CAPUT
1077 4109 1172 4165 IX.
1796 4123 1855 4168 ut
1881 4111 2152 4167 discerent
2179 4123 2370 4164 omnes
2403 4105 2559 4161 fidem
2592 4106 2704 4176 regi
2733 4105 2953 4174 proprio
2983 4119 3204 4160 servare
3225 4145 3241 4173 ,
3296 4119 3398 4161 nec

131 4191 329 4255 Ὲταιάεδ
355 4214 397 4256 ιε
423 4205 602 4276 turpia
624 4205 772 4257 lucra
796 4205 1018 4257 maxime
1049 4202 1290 4256 dedecere
1309 4201 1544 4268 clericos,
1569 4217 1697 4272 quo-
1799 4220 2059 4277 usurpare
2110 4201 2395 4273 imperium
2418 4242 2433 4268 ,
2466 4200 2562 4256 sed
2610 4199 2818 4254 vereri!
2854 4197 3038 4270 Itaque
3063 4205 3116 4254 et
3139 4196 3400 4253 honestas

184 4307 284 4345 Tum
306 4308 375 4349 es!
417 4297 638 4352 utilitati
677 4297 906 4350 omnium
936 4297 1180 4351 inservire
1208 4313 1228 4351 :
1275 4297 1394 4351 illos
1434 4300 1489 4350 in
1531 4295 1698 4350 causis
1798 4301 2016 4356 utilitati
2043 4297 2261 4369 praelata
2287 4305 2392 4360 est,
2414 4305 2468 4350 et
2490 4293 2693 4349 utilitas
2719 4302 2899 4349 secuta
2928 4292 3267 4349 honestatem
3295 4301 3401 4349 est.

188 4391 470 4452 pecuniariis
493 4392 808 4448 intervenire
839 4407 1162 4461 nequaquam
1188 4392 1387 4458 debere,
1410 4407 1556 4445 secus
1581 4405 1697 4444 vero
1876 4393 2032 4466 123
2071 4392 2162 4448 61.
2200 4391 2394 4445 Parum
2423 4397 2506 4445 est
2532 4385 2676 4458 quod
2708 4386 2980 4458 pepercit,
3015 4385 3228 4441 addidit
3253 4385 3398 4456 quod

187 4481 230 4532 ίη
254 4486 574 4554 ίαρίιαίὶὺιιε-
612 4483 826 4540 Eisdem
857 4501 920 4540 ηε
948 4485 1052 4553 συί,
1099 4485 1254 4539 etiam
1304 4483 1548 4551 lacessiti.
1601 4500 1697 4537 ηο·
1729 4548 1771 4554 _
1805 4489 1966 4545 etiam
1999 4488 2050 4542 in
2083 4486 2224 4542 bello
2255 4484 2432 4540 doluit
2459 4481 2720 4549 occisum,
2745 4492 2798 4537 et
2821 4480 3075 4537 flebiliter
3100 4477 3410 4550 deploravit

188 4588 333 4644 reatu,
359 4581 657 4653 exemplum
689 4579 895 4645 David;
920 4596 1017 4635 neu
1058 4589 1229 4635 autem
1259 4582 1413 4636 vitam
1439 4580 1704 4637 honestati
1729 4548 1782 4610 D
1809 4583 1996 4640 dicens
2023 4598 2035 4634 :
2070 4578 2271 4634 Montes
2292 4576 2381 4648 qui
2400 4577 2524 4631 estis
2555 4577 2608 4629 in
2634 4573 2847 4629 Gelbeal
2869 4615 2882 4640 ,
2913 4588 3077 4642 neque
3108 4589 3215 4640 ros,
3246 4588 3407 4642 neque

188 4675 462 4741 praferant,
489 4674 666 4729 ardes
698 4673 945 4729 Nabuthe
969 4675 1300 4745 proponitur.
1806 4678 1981 4751 pluvia
2011 4675 2162 4728 cadat
2207 4687 2364 4741 super
2408 4685 2519 4724 vos.
2571 4667 2774 4722 Montes
2811 4666 3012 4734 mortis,
3054 4664 3297 4736 quoniam
3342 4664 3414 4719 ibi

187 4758 263 4817 57.
298 4764 434 4822 Nihil
474 4770 665 4839 itaque
702 4765 999 4823 deformius
1044 4783 1205 4838 quam
1253 4768 1458 4826 nulluttt
1483 4771 1702 4840 ,ltabere
1809 4770 2012 4826 sublata
2039 4775 2112 4822 est
2142 4764 2391 4836 protectio
2415 4761 2720 4832 potentium,
2749 4759 3001 4830 protectio
3033 4757 3193 4814 Saul.
3225 4755 3241 4794 ί
3280 4755 3409 4813 Νοη

187 4929 206 5000 ς
239 4923 353 5000 llas.
385 4929 624 5000 aliquot,
661 4928 834 5000 plebes
860 4928 1208 4984 reclamabant
1231 4929 1484 4984 dicentes.

1879 4925 1898 4964 ί
1939 4923 2056 5000 _Cie.
2091 4919 2187 4974 lib.
2215 4915 2489 5000 ιιιυρςϊίε).2
2513 4931 2638 4984 pag.
2676 4915 2805 5000 ’598ξ
2837 4915 2936 4999 lin.
2972 4917 3029 5000 il
3069 4931 3084 4970 :
3114 4915 3287 5000 Il_omo
3309 4934 3408 5000 au-

187 4988 210 5029 ¹³
245 4996 381 5052 Edit.
420 4988 548 5056 cu'm
594 4988 702 5057 un'o
731 5001 817 5055 vel
847 5002 1021 5057 altero
1048 5016 1206 5068 mss.,
1243 5001 1399 5074 plaga
1428 4999 1568 5054 mala
1586 5009 1693 5056 sta-
1803 5008 1907 5074 teut
1923 4997 2196 5063 justus....
2230 4988 2362 5043 nihil
2401 4988 2640 5056 cuiquam
2665 4989 2805 5056 quod
2831 4988 2883 5042 in
2911 5005 2966 5044 se
3002 4990 3412 5060 transferat,de-

124 5075 353 5218 Ἴ
381 5144 478 5218 lib.
519 5161 581 5201 ιιι
603 5145 788 5211 0ftic.,
815 5161 938 5218 pag.
967 5145 1095 5212 ⁸598,
1133 5145 1206 5200 lin
1235 5144 1270 5198 2
1295 5162 1308 5199 ε
1334 5142 1471 5197 Mihi
1496 5144 1701 5213 quidem
1803 5069 2143 5218 (militum?
2170 5127 2378 5215 lim.”
2414 5128 2580 5218 Nam
2611 5147 2678 5218 ,ξε
2706 5132 2816 5199 ipse
2863 5130 3046 5218 deceat
3091 5147 3205 5218 eum
3245 5131 3412 5216 vitam

123 5209 256 5282 ait!!!
277 5229 403 5271 rem
431 5203 1148 5273 hereditates'nori’honeslw
1167 5217 1426 5282 videntur,
1450 5203 1556 5270 etc.
1806 5213 1997 5268 bonum
2038 5224 2148 5282 esse
2167 5247 2182 5272 ,
2215 5204 2308 5282 qui
2347 5203 2716 5282 prositquibus
2747 5205 2946 5282 possit;
2979 5213 3158 5282 noceat
3188 5206 3411 5274 nemini,

184 5277 296 5336 dIta
334 5303 468 5343 mss.
504 5289 672 5360 longe
700 5289 918 5360 plut-imi
945 5305 1010 5344 ac
1042 5273 1441 5351 vetustissimi}
1488 5287 1700 5360 quidam
1806 5285 1908 5339 nisi
1935 5280 2200 5336 lacessitus
2231 5275 2454 5360 injuria.
2487 5273 2628 5360 Vide
2661 5275 2806 5360 quod
2841 5274 3071 5360 bancmin
3099 5290 3212 5331 rem
3241 5273 3416 5332 anno-

125 5356 282 5432 Pliten
323 5366 492 5430 atque
533 5346 728 5417 omnes
770 5361 926 5430 edit.,
961 5361 1186 5432 aucupia
1221 5346 1452 5431 quwsita:
1479 5346 1702 5414 It'azredi-
1817 5364 1993 5432 tat_un_t_
2015 5363 2098 5432 est
2129 5366 2156 5402 ει
2191 5349 2505 5432 noni-snpag':
2533 5348 2661 5432 Mil,
2685 5348 2935 5432 adnnum.
2956 5346 3048 5432 Ξῖ.

127 5425 285 5502 tatis._
397 5416 414 5430 ⁸
682 5416 689 5417 ⁷
785 5416 820 5417 7'
872 5416 878 5417 ⁷
912 5416 926 5430 ’
1100 5416 1111 5432 ’
1234 5416 1246 5431 ’
1886 5424 1912 5463 h
1940 5424 2118 5502 ‘Ibid.,
2145 5435 2270 5502 pag.
2306 5419 2437 5502 596,
2467 5416 2562 5472 lin.
2592 5419 2663 5502 28
2693 5436 2706 5472 :
2741 5417 2969 5502 Siuevir
3006 5419 3168 5474 bonus
3208 5427 3303 5486 est,
3330 5422 3420 5491 qui

193 5505 214 5532 ε
247 5497 367 5555 Era.
415 5512 470 5559 et
520 5518 641 5576 seq.
691 5505 826 5561 edit.
879 5511 1292 5575 expunxerunt,
1336 5502 1704 5576 competentia,
1816 5499 2046 5576 prodest,
2067 5497 2250 5566 quibus
2279 5501 2479 5576 potest,
2511 5497 2893 5576 nocetnemini,
2921 5500 3028 5576 etc.

129 5577 235 5632 ίιιιιτ
258 5585 352 5647 vox
381 5583 570 5630 tamen
604 5562 656 5630 in
702 5577 927 5632 Amerb.
955 5562 1023 5631 ac
1053 5591 1186 5630 mss.
1231 5562 1402 5647 prope
1445 5562 1700 5629 omnibus
1816 5562 1827 5569 ’
1957 5570 2032 5647 Ila
2066 5562 2198 5647 tuss-
2237 5563 2430 5647 _l)l“"e§
2479 5575 2542 5647 j‘lc
2589 5563 2852 5647 Ροιξοτθεν
2892 5562 3128 5647 ,αυίὺ¹¹Ξ,
3154 5562 3429 5647 ειεθεάυῃι

130 5644 399 5718 reperitur.
423 5648 566 5714 Qum
591 5661 753 5717 porro
780 5631 847 5704 de
864 5647 1045 5704 causis
1068 5659 1181 5704 tum
1216 5631 1562 5716 pecuniariis.
1593 5654 1704 5699 tum
1816 5640 1950 5696 edit.
1981 5641 2083 5694 nisi
2106 5636 2250 5718 quod
2278 5631 2583 5718 praefertur,
2606 5634 2696 5718 sed
2717 5631 3008 5718 sanguine;
3038 5634 3130 5718 alii
3169 5650 3300 5718 νειζο
3323 5637 3430 5693 aii-

135 5705 308 5788 fapitis
335 5705 734 5785 bicdicuntur,
770 5734 891 5774 cum
933 5720 1021 5775 his
1053 5705 1384 5776 conferenda
1431 5727 1560 5774 sunt
1589 5732 1709 5788 quae
1817 5725 1969 5781 quot,
1998 5705 2148 5782 quasi
2183 5724 2282 5762 non
2313 5705 2380 5758 sit
2404 5716 2592 5762 unctus
2633 5705 2750 5763 oleo
2777 5705 2824 5762 et
2852 5724 2884 5763 a
2911 5708 3160 5782 sanguine
3185 5707 3434 5779 vulneras

143 5774 385 5846 tamur
414 5803 543 5862 sup.
580 5806 701 5864 pag.
722 5774 798 5849 '93
825 5800 881 5848 et
905 5774 1028 5849 too.
1065 5774 1104 5776 τε
1147 5774 1200 5775 εί
1259 5774 1266 5775 θ
1329 5774 1334 5775 ί
1605 5774 1620 5788 ’
1817 5774 2004 5842 arum.
