4030 6188
563 244 666 305 163

1909 235 1991 292 SA
2000 225 2161 291 Νετι
2196 222 2525 290 AMBROSII

3772 222 3868 281 161

558 369 631 417 est
658 368 839 414 unctus
859 356 914 410 in
940 354 1051 408 oleo
1078 361 1128 409 et
1152 352 1410 422 sanguine
1433 349 1843 415 uulneratorum,
1882 356 1927 401 et
1948 363 2013 402 ea;
2039 347 2156 401 udi-
2182 347 2235 409 Α
2260 344 2362 406 cia,
2396 351 2450 398 et
2484 339 2825 397 fraudulenta
2854 352 3129 397 mensura.
3170 336 3229 396 Si
3260 336 3315 394 in
3346 336 3467 393 foro
3492 352 3673 394 rerum
3705 353 3866 393 vena-

557 468 622 524 pe
651 446 1081 522 belligerantium.
1117 443 1324 516 Sagitta
1349 441 1599 498 Jonatlue
1619 459 1722 497 non
1744 450 1816 497 est
1847 456 2051 496 reversa
2073 456 2155 495 re-

562 556 663 612 tro,
693 552 739 598 et
765 541 972 616 gladius
1004 538 1138 597 Saul
1167 554 1270 593 non
1309 548 1382 592 est
1412 553 1645 592 reuersus
1687 551 1901 590 vacuus.
1937 533 2071 590 Saul
2110 542 2159 587 et

561 634 819 692 Jonatltas
849 634 1071 704 speciosi
1098 641 1149 688 et
1178 631 1470 687 charissimi
1491 671 1508 697 ,
1540 627 1911 700 inseparabiles
1953 627 2007 680 in
2058 625 2165 680 uita

564 748 681 796 sua,
700 736 748 781 et
770 728 823 782 in
850 736 1010 780 morte
1039 741 1143 779 non
1162 732 1282 778 sunt
1303 721 1558 796 separati.
1595 721 1767 793 Super
1788 719 1990 790 aquilas
2008 717 2166 772 levio-

558 841 660 891 res,
691 838 847 892 super
875 821 1047 876 leones
1073 819 1409 893 potentiores.
1445 815 1599 871 Filia:
1632 813 1823 881 Israel,
1848 814 2052 885 plorata
2078 828 2168 866 su-

562 931 652 986 per
670 912 819 980 Saul,
855 913 941 984 qui
966 911 1206 968 vestiebat
1231 927 1320 964 vos
1346 910 1643 965 vestimenta
1672 906 1913 961 coccinea
1938 920 2053 958 cum
2087 918 2171 956 or—

560 1019 800 1064 namento
835 1017 1018 1074 vestro,
1055 1007 1142 1076 qui
1169 1005 1471 1076 imponebat
1500 1018 1687 1057 aurum
1717 1015 1871 1073 super
1897 1000 2172 1053 vestimen-

564 1111 615 1157 ta
637 1111 824 1158 vestra.
862 1100 1133 1170 Quomodo
1171 1098 1470 1154 ceciderunt
1499 1105 1731 1165 potentes
1777 1095 1834 1149 in
1878 1093 2049 1149 media
2079 1108 2175 1164 pu-

566 1194 706 1266 gna?
751 1190 1006 1249 Jonatltas
1033 1194 1085 1247 in
1114 1201 1277 1247 morte
1306 1191 1604 1245 vulneratus
1647 1197 1744 1242 est.
1786 1185 1950 1241 Doleo
1991 1186 2044 1240 in
2096 1193 2172 1251 te,

576 1290 741 1361 frater
767 1304 933 1355 meus,
964 1285 1214 1354 Ionatha,
1243 1285 1507 1357 speciosus
1546 1283 1674 1336 mihi
1709 1280 1880 1336 valde.
1913 1277 2181 1335 Ceciderat

567 1398 714 1436 amor
740 1392 858 1436 laus
887 1382 939 1435 in
971 1396 1073 1448 me,
1106 1379 1236 1434 sicut
1275 1394 1422 1433 amor
1452 1377 1753 1432 mulierum.
1789 1373 2067 1442 Quomodo
2097 1388 2180 1427 ce-

571 1475 804 1530 ciderunt
853 1484 1111 1548 potentes,
1168 1485 1216 1528 et
1260 1474 1522 1545 perierunt
1571 1488 1720 1527 arma
1766 1469 2183 1542 concupiscenda

572 1567 642 1641 (Il
672 1567 803 1642 Reg.
835 1584 882 1632 ι,
908 1567 976 1622 21
1002 1577 1048 1623 et
1080 1566 1263 1639 seq.)‘!

2262 440 2418 506 lium,
2454 438 2507 493 in
2538 453 2639 494 usu
2667 434 3124 493 commerciorum
3159 432 3309 489 fraus
3348 433 3625 502 plectitur,
3668 439 3874 502 potest-

2265 551 2333 591 ne
2379 529 2877 604 irrcprehensibilis
2924 528 3097 584 videri
3130 527 3271 582 inter
3300 525 3476 583 ofﬁcia
3515 526 3675 600 124
3707 527 3873 582 virtu-

2267 627 2421 683 tum?
2449 624 2729 682 Clamabat
2765 622 3068 679 Salomon:
3118 620 3339 677 Pontias
3382 636 3630 695 magnum
3666 631 3716 675 et
3762 620 3871 676 exi-

2267 738 2451 797 guum,
2502 729 2550 775 et
2587 732 2844 774 mensura:
2885 716 3123 787 duplices
3164 714 3445 771 immunda
3480 724 3610 783 sunt
3636 711 3664 751 ά
3703 730 3876 768 eorum

2270 817 2494 872 Domino
2525 813 2712 887 (Prov.
2741 829 2813 868 xx
2833 854 2847 877 ,
2881 810 2996 882 10).
3040 812 3214 881 Supra
3246 824 3466 882 quoque
3503 807 3582 864 ait
3610 826 3623 862 :
3666 807 3877 865 Statera

2272 909 2541 976 adultera,
2585 905 2901 961 abominatio
2961 913 3036 959 est
3120 902 3382 969 Domino,
3432 900 3636 969 pondus
3709 909 3878 957 autem

2273 1019 2482 1074 aequum
2506 1001 2826 1073 acceptabile
2850 1009 2927 1056 est
2953 998 3035 1054 illi
3058 997 3248 1069 (Prov.
3268 1014 3345 1064 XI,
3363 997 3442 1070 1).

2911 1090 3141 1148 CAPUT
3181 1090 3249 1147 Χ.

2277 1187 2356 1247 De
2380 1187 2566 1261 fraude
2584 1188 2641 1243 in
2663 1186 2803 1243 omni
2822 1194 3094 1241 contractu
3114 1182 3368 1257 fugienda
3385 1198 3488 1239 non
3518 1183 3686 1237 solum
3712 1181 3768 1236 in
3794 1197 3879 1252 po-

2352 1281 2493 1337 litico
2506 1281 2631 1353 jure
2666 1290 2877 1335 cautum
2902 1294 3030 1345 esse,
3061 1292 3238 1332 rerum
3266 1276 3424 1331 etiam
3459 1275 3512 1329 in
3542 1274 3711 1329 sacris
3754 1274 3882 1328 litte-

2353 1377 2449 1442 ris,
2480 1384 2535 1430 ut
2558 1373 2721 1429 Josue
2746 1391 2806 1428 ac
2830 1372 3236 1429 Gabaonitarum
3259 1381 3399 1443 patet
3427 1370 3683 1440 exemplo.

2354 1469 2445 1525 66.
2489 1468 2544 1524 ln
2579 1467 2832 1523 omnibus
2883 1466 3045 1536 igitur
3108 1463 3309 1520 decora
3339 1473 3425 1518 est
3473 1461 3631 1528 ﬁdes,
3679 1460 3885 1531 iustitia

2284 1576 2456 1629 arata,
2491 1572 2513 1600 ε
2539 1576 2795 1617 mensura
2824 1559 3099 1630 aequitatis
3124 1557 3389 1629 jucunda.
3422 1556 3561 1625 Quid
3599 1563 3785 1610 autem
3812 1553 3887 1610 lo-

642 1661 731 1716 62.
775 1662 907 1728 Qua:
939 1669 1111 1716 mater
1139 1661 1219 1715 sic
1270 1662 1489 1716 unicum
1522 1658 1753 1716 deﬂeret
1794 1658 1966 1713 ﬁlium
1994 1670 2184 1729 quem-
2285 1672 2421 1727 quar
2455 1654 2525 1711 de
2553 1653 2930 1710 contractibus
2958 1652 3199 1719 caeteris,
3244 1665 3311 1705 ac
3341 1649 3578 1704 maxime
3606 1647 3678 1704 de
3705 1661 3883 1703 coemo

575 1750 867 1807 admodum
924 1751 1010 1807 hic
1062 1751 1281 1807 deﬂevit
1330 1752 1651 1807 inimicum?
1678 1751 1812 1821 Quis
1842 1751 2033 1823 gratia:
2086 1764 2179 1803 au-
2212 1752 2265 1815 Β
2291 1750 2475 1821 ptionc
2519 1748 2868 1820 praediorum,
2919 1747 3007 1803 vel
3055 1745 3516 1803 transactionibus
3542 1784 3559 1811 ,
3602 1753 3769 1813 atque
3803 1757 3888 1812 pa-

577 1854 787 1901 ctorem
822 1844 993 1899 tantis
1044 1854 1472 1915 prosequerctur
1521 1844 1799 1908 laudibus,
1835 1843 2054 1914 quantis
2084 1843 2187 1897 iste

577 1951 899 2013 prosccutus
925 1952 1008 1997 est
1036 1939 1407 1996 insidiatorem
1454 1940 1651 2011 capitis
1697 1940 1818 1994 sui?
1870 1938 2042 2006 Quam
2100 1936 2189 2007 pie

575 2034 771 2098 doluit,
805 2046 1008 2107 quanto
1057 2035 1321 2107 ingemuit
1363 2033 1597 2089 affectu!
1653 2036 1929 2088 Aruernnt
1974 2040 2187 2087 montes

576 2129 897 2200 prophetico
930 2128 1242 2195 maledicto,
1273 2135 1330 2183 et
1367 2128 1551 2182 divina
1581 2126 1661 2181 vis
1700 2126 2027 2182 sententiam
2077 2138 2190 2178 Ina-

575 2219 862 2276 ledicentis
892 2220 1153 2291 implevit.
1188 2220 1369 2293 Itaque
1386 2235 1485 2291 pro
1508 2220 1672 2290 regiae
1697 2217 1846 2275 necis
1872 2216 2191 2289 spectaculo

580 2329 797 2387 pmuam
821 2315 1089 2371 elementa
1121 2314 1422 2371 solverunt.

654 2410 743 2466 65.
783 2408 924 2477 Quid
955 2424 1085 2465 vero
1134 2418 1326 2465 sancto
1374 2407 1648 2473 Nabutlte,
1699 2422 1822 2479 quae
1873 2404 1975 2460 fuit
2024 2417 2192 2460 causa

583 2504 796 2571 mortis,
842 2502 951 2558 nisi
981 2501 1288 2558 honestatis
1320 2500 1715 2573 contemplatio
1742 2499 1765 2554 ?
1806 2500 1940 2554 Nam
1973 2512 2095 2554 cum
2126 2498 2195 2552 ab

582 2612 649 2651 eo
678 2596 891 2650 vincam
915 2611 1010 2650 rex
1057 2604 1336 2666 posceret,
1375 2595 1659 2664 pecuniam
1688 2592 1942 2647 daturum
1986 2604 2047 2645 se
2080 2589 2195 2659 pol-

582 2688 794 2753 licens;
833 2687 1148 2743 indecorum
1200 2688 1434 2757 pretium
1483 2702 1581 2757 pro
1637 2694 1867 2756 paterna
1922 2684 2198 2739 recusavit

589 2778 934 2845 haereditate,
984 2779 1280 2849 maluitque
1326 2788 1504 2833 morte
1558 2776 1834 2833 declinare
1885 2773 2199 2846 bujusmodi

588 2871 1007 2937 turpitudinem.
1043 2871 1167 2926 Non
1206 2872 1356 2940 mihi,
1387 2872 1582 2943 inquit,
1614 2872 1773 2938 faciat
1820 2869 2099 2938 Dominus,
2144 2879 2198 2926 ut

590 2962 705 3019 dent
734 2964 827 3019 tibi
855 2964 1209 3019 hereditatem
1237 2976 1443 3036 patrum
1488 2981 1719 3020 meorum
1772 2965 1864 3038 (Ill
1897 2965 2028 3036 Reg.
2080 2980 2198 3035 ΣΠ,

588 3055 681 3130 5);
717 3057 820 3113 hoc
849 3068 954 3122 est,
996 3067 1205 3113 tantum
1248 3057 1381 3114 mihi
1420 3058 1775 3130 Opprobrium
1806 3073 1914 3112 non
1945 3057 2059 3127 ﬂat,
2091 3073 2199 3113 non

2291 1844 2433 1899 etis?
2466 1841 2483 1881 τ
2513 1842 2706 1899 Nonne
2736 1841 2986 1898 formula:
3009 1852 3157 1910 sunt,
3175 1840 3402 1898 Bdolum
3429 1838 3633 1895 malum
3658 1836 3845 1892 abesse
3874 1852 3888 1887 :

2289 1954 2526 2011 eumque
2553 1938 2711 2009 cujus
2738 1936 2902 1994 dolus
2927 1935 3097 1992 fuerit
3120 1934 3524 2005 deprehensus,
3550 1930 3757 2002 duplici
3786 1944 3892 2000 pc:-

2292 2050 2375 2088 me
2401 2032 2695 2088 obnoxium
2729 2030 2880 2087 fore?
2931 2029 3145 2101 Ubique
3198 2030 3361 2099 igitur
3408 2025 3721 2082 honestatis
3765 2037 3892 2093 pra:-

2293 2105 2561 2198 ponderat
2581 2125 2971 2193 consideratio,
3001 2140 3124 2197 qua:
3147 2123 3332 2180 dolum
3357 2121 3623 2187 excludit,
3655 2115 3887 2174 fraudem

2293 2221 2465 2293 ejicit.
2483 2220 2638 2279 Unde
2661 2228 2808 2277 recte
2826 2218 3143 2291 generalem
3170 2217 3345 2273 David
3370 2214 3641 2287 propheta
3677 2229 3888 2287 protnp-
3972 2278 3973 2281 η

2294 2315 2368 2372 sit
2400 2316 2727 2371 sententiam
2759 2314 2947 2371 dicens
2978 2328 2993 2365 :
3041 2309 3155 2367 Nec
3199 2310 3320 2384 fecit
3353 2310 3594 2381 proximo
3641 2325 3739 2363 suo
3776 2322 3883 2362 ma-

2297 2408 2400 2462 lum
2424 2406 2600 2477 (Psal.
2634 2421 2750 2474 XIV,
2779 2406 2856 2475 5).
2887 2403 3005 2461 Non
3035 2404 3212 2461 solum
3239 2398 3267 2438 ιι
3298 2400 3485 2472 itaque
3514 2402 3569 2456 in
3600 2398 3895 2457 contractio

2299 2498 2401 2555 bus
2427 2500 2507 2572 (in
2537 2498 2733 2570 quibus
2756 2498 2921 2554 etiam
2955 2496 3089 2552 vitia
3118 2511 3307 2553 eorum
3338 2511 3460 2566 qua
3485 2503 3747 2560 veneant,
3777 2505 3891 2563 pro-

2299 2594 2353 2650 di
2370 2594 2653 2666 jubentur,
2689 2608 2755 2651 ac
2772 2592 2876 2649 nisi
2905 2591 3236 2648 intimaverit
3266 2588 3542 2656 venditor,
3574 2587 3823 2659 quamvis
3846 2585 3896 2640 in
3972 2626 3973 2629 η

2297 2689 2387 2759 jus
2416 2693 2682 2759 emptoris
2713 2687 3144 2758 transcripserit,
3166 2686 3276 2743 doli
3313 2685 3531 2742 actione
3556 2679 3895 2749 vacuantur),
3972 2728 3973 2733 η

2300 2782 2401 2839 sed
2451 2784 2618 2840 etiam
2669 2782 3002 2853 generaliter
3049 2779 3063 2818 ί
3113 2784 3168 2837 in
3220 2780 3476 2837 omnibus
3528 2778 3693 2835 dotus
3718 2778 3898 2835 abesse

2303 2876 2471 2933 debet
2499 2897 2513 2933 :
2542 2876 2843 2947 aperienda
2871 2875 3217 2946 simplicitas,
3242 2872 3543 2930 intimanda
3569 2873 3778 2929 veritas
3801 2878 3896 2927 est.

2376 2970 2468 3027 67.
2509 2969 2766 3028 Veterem
2796 2979 2983 3026 autem
3009 2969 3168 3026 istam
3206 2968 3277 3025 de
3306 2967 3437 3025 dolo
3480 2982 3589 3023 non
3628 2962 3899 3037 jurisperi-
3972 2962 3973 3035 ᾗ

2307 3077 2488 3123 torum
2545 3066 2877 3136 formulam,
2943 3064 3042 3122 sed
3095 3062 3524 3135 patriarcharum
3578 3059 3898 3118 sententiam

589 3150 871 3221 permittat
920 3152 1066 3208 Deus
1115 3164 1321 3208 tantum
1373 3155 1689 3226 extorqueri
1741 3152 2024 3225 ﬂagitium.
2078 3152 2193 3209 Non

2307 3160 2587 3231 Scriptura
2614 3159 2798 3216 divina
2829 3158 3113 3216 evidenter
3142 3155 3413 3228 expressit
3441 3154 3496 3210 in
3532 3154 3692 3211 libro
3716 3152 3895 3209 Testa-
3972 3192 3973 3221 ἶ

594 3246 786 3316 utique
811 3246 880 3302 de
905 3246 1105 3304 vitibus
1133 3248 1285 3316 dicit,
1326 3266 1505 3322 neque
1553 3251 1703 3306 enim
1730 3251 1799 3304 de
1840 3252 2041 3306 vitibus
2070 3263 2203 3305 cura

587 3348 671 3395 est
695 3338 830 3406 Deo,
862 3356 1039 3411 neque
1071 3340 1137 3397 de
1160 3350 1379 3397 terreno
1405 3347 1604 3414 spatio.
1646 3343 1743 3399 sed
1774 3343 1842 3398 de
1867 3342 1995 3413 jure
2026 3342 2201 3412 loqui~

595 3443 683 3487 tur
712 3442 953 3503 patrum.
987 3433 1171 3489 Potuit
1206 3437 1393 3507 utique
1425 3437 1650 3491 alteram
1684 3438 1903 3492 vineam
1932 3436 1999 3492 de
2031 3434 2205 3491 vineis

591 3527 734 3597 regis
778 3526 1060 3597 accipere,
1108 3537 1163 3584 et
1191 3529 1404 3584 anticus
1438 3543 1596 3595 esse;
1630 3530 1685 3585 in
1715 3543 1822 3599 quo
1852 3544 1962 3584 non
1991 3528 2203 3584 medio-

590 3618 700 3675 cris
721 3619 907 3674 saeculi
936 3620 1096 3690 hujus
1143 3620 1348 3676 utilitas
1393 3621 1654 3677 aestimari
1704 3622 1884 3678 solet:
1934 3621 2029 3677 sed
2057 3621 2203 3693 quod

590 3719 750 3781 turpe
776 3721 914 3779 erat,
939 3713 1204 3783 judicavit
1236 3731 1344 3769 non
1378 3712 1545 3769 videri
1573 3714 1704 3770 utile
1735 3732 1748 3769 :
1782 3714 2079 3784 utaluitque
2113 3728 2205 3784 pe-

592 3806 822 3862 riculum
857 3813 1024 3861 “cum
1055 3806 1340 3863 honestate
1367 3808 1574 3876 subire,
1596 3823 1755 3879 quam
1771 3806 2056 3865 utilitatem
2079 3823 2202 3863 cum

594 3903 1243 3977 cpprobriozvnlgarem
1297 3904 1590 3962 utilitatem
1633 3906 1847 3977 loquor,
1894 3922 2000 3961 non
2056 3905 2204 3961 illaut

592 3997 647 4052 in
680 4013 783 4067 qua
812 3997 977 4054 etiam
1008 3997 1317 4055 honeSIatis
1346 4000 1518 4071 gratia
1551 4010 1659 4054 est.

665 4087 756 4144 64.
799 4088 1043 4162 Denique
1084 4099 1140 4146 et
1186 4091 1303 4162 ipse
1352 4107 1449 4148 rex
1481 4092 1655 4162 potuit
1707 4100 2068 4161 extorquere,
2110 4088 2207 4146 sed

595 4181 881 4252 impudens
908 4183 1294 4251 arbitrabatur,
1326 4185 1420 4239 sed
1447 4185 1687 4239 occisum
1716 4183 1910 4239 doluit.
1948 4185 2209 4240 Dominus

596 4290 812 4346 quoque
837 4273 866 4312 ι)
895 4275 1140 4330 mulieris
1165 4276 1594 4350 immanitatem;
1624 4294 1744 4348 qua:
1779 4278 2081 4334 ltoneSIatis
2109 4279 2209 4332 im-

599 4387 810 4425 memor
838 4380 990 4442 turpe
1045 4372 1299 4426 antetulit
1350 4372 1585 4441 lucrum,
1641 4388 1887 4444 congruo
1940 4372 2210 4445 supplicio

601 4463 949 4537 plectendam
982 4466 1345 4520 annuntiavit.

2302 3256 2470 3312 menti
2511 3253 2745 3322 veteris,
2775 3252 2866 3325 qui
2904 3252 3034 3310 Iesu
3078 3250 3223 3307 Nave
3254 3247 3586 3306 inscribitur.
3621 3247 3756 3307 Nam
3785 3257 3896 3301 cum

2301 3349 2509 3406 exisset
2539 3348 2678 3404 tanta
2700 3362 2797 3419 per
2820 3346 3073 3419 pepulos,
3095 3346 3361 3401 siccatum
3388 3356 3512 3399 esse
3538 3356 3695 3397 mare
3718 3336 3889 3409 inﬂe-

2304 3441 2574 3509 brreorum
2602 3441 2858 3506 transitu,
2891 3438 3115 3494 ﬂuxisse
3142 3452 3339 3509 aquam
3369 3435 3437 3493 de
3466 3444 3658 3508 petra,
3686 3434 3757 3490 de
3772 3432 3899 3488 ctelo

2305 3535 2558 3591 diurnam
2606 3534 2906 3591 ministrari
2956 3534 3271 3589 alimoniam
3319 3541 3400 3587 tot
3440 3531 3634 3603 populi
3679 3527 3898 3586 millibus

2305 3626 2703 3694 abundantem;
2747 3627 3023 3683 corruisse
3070 3641 3259 3682 muros
3305 3624 3522 3680 Hierico
3566 3638 3734 3680 sacro
3762 3619 3900 3677 tuba-
3972 3622 3973 3627 ‘

2308 3738 2427 3777 rum
2460 3721 2473 3772 i
2515 3736 2674 3790 sono,
2699 3722 2809 3778 ictu
2832 3733 2887 3777 et
2917 3721 3130 3777 ululatu
3163 3721 3337 3791 plebis
3360 3717 3899 3783 arietatos;lleth.ro-
3972 3720 3973 3787 ἦ

2306 3830 2427 3870 rum
2456 3830 2671 3886 quoque
2716 3830 2901 3885 regem
2943 3814 3169 3882 victum,
3204 3824 3263 3870 et
3305 3826 3637 3884 suspensum
3670 3813 3721 3868 in
3770 3811 3899 3881 ligno

2310 3922 2483 3979 usque
2511 3907 2579 3964 ad
2614 3923 2900 3978 veSperam
2926 3927 2940 3964 :
2966 3906 3286 3966 Gabaonita:
3325 3913 3638 3962 metuentes
3685 3903 3896 3960 validam

2311 4018 2553 4072 manum,
2585 4010 2853 4059 venerunt
2898 4018 3021 4059 cum
3073 4003 3337 4065 versutia,
3389 4000 3715 4056 simulantes
3757 4012 3812 4054 se
3838 3994 3898 4051 de

2313 4107 2455 4153 terra
2485 4097 2777 4169 longinqua
2805 4112 2951 4164 esse,
2987 4096 3189 4168 diuque
3224 4093 3605 4168 peregrinatus
3642 4092 3894 4161 dirupissc

2311 4191 2701 4258 calceamenta,
2724 4189 3014 4246 detrivisse
3030 4189 3261 4245 amictus
3288 4189 3544 4253 vestium,
3572 4202 3797 4258 quarunt
3818 4194 3899 4236 ve-
3972 4190 3973 4199 ‘

2313 4282 2699 4340 terascentium
2743 4284 2941 4339 indicia
2985 4289 3397 4347 monstrarent;
3438 4294 3674 4335 causam.
3725 4284 3888 4331 autem

2314 4376 2448 4431 tanti
2472 4375 2694 4442 laboris,
2741 4374 3050 4432 emerendae
3080 4375 3252 4445 pacis,
3285 4383 3345 4431 et
3372 4371 3628 4429 ineundas
3646 4386 3771 4430 cum
3807 4367 3898 4424 lle-

2314 4470 2477 4525 bracis
2525 4484 2649 4526 esse
2676 4467 2931 4526 amicitiae
2960 4468 3358 4541 cupiditatem:
3410 4476 3467 4523 et
3507 4472 3794 4533 eruperunt
3836 4456 3892 4511 ab

672 4560 764 4613 65.
824 4556 1020 4628 Turpis
1073 4566 1157 4612 est
1208 4555 1394 4630 itaque
1455 4568 1477 4596 ο
1530 4558 1709 4616 omnis
1754 4556 1924 4615 fraus.
1972 4557 2450 4629 DeniqueDJesu
2477 4560 2624 4621 Nave
2654 4576 2900 4633 poscere,
2940 4570 2999 4616 ut
3040 4576 3229 4618 secum
3284 4559 3529 4617 ﬁrmaret
3577 4555 3901 4614 societatem.

598 4653 764 4712 etiam
796 4653 850 4710 in
878 4654 1040 4710 rebus
1062 4653 1260 4710 vilibus
1294 4654 1650 4713 exsecrabilis
1680 4664 1763 4711 est
1792 4662 2014 4711 statera:
2056 4653 2214 4709 lalla-

604 4821 721 4939 Ηλι
745 4804 958 4869 Erasm.
1011 4821 1069 4870 et
1107 4825 1227 4886 seq.
1261 4813 1393 4871 edit.
1416 4855 1431 4883 ,
1458 4829 1575 4869 cum
1604 4814 1891 4881 honestate,
1918 4829 2073 4886 quam
2114 4812 2209 4867 uti-

626 4903 640 4939 t
667 4901 698 4937 a
725 4902 823 4939 em.

626 4893 823 4939 itatem.

675 4955 705 4996 δ
744 4957 887 5013 Edit.
943 4955 1138 5021 Rom.,
1170 4958 1405 5013 mulieris
1451 4974 1574 5014 osus
1619 4958 2024 5024 immanitatem;
2068 4970 2201 5012 mss.

601 5037 785 5085 autem
816 5029 1245 5099 aliquammulti,
1292 5031 1559 5086 muliebris
1594 5047 1751 5085 ausus
1791 5030 2165 5083 immanitatem
2183 5043 2208 5094 ,°

606 5100 700 5155 alii
741 5101 977 5171 denique
1023 5102 1216 5171 majori
1261 5118 1507 5167 numero,
1546 5117 1758 5159 necnon
1810 5101 1943 5158 edit.
1978 5099 2201 5157 Amerb.

604 5181 769 5242 atque
794 5173 923 5228 Era.
958 5179 1018 5227 ttt
1044 5173 1099 5227 in
1125 5181 1408 5230 contextu.

612 5314 625 5326 _
765 5242 884 5326 Cic.
911 5244 1006 5326 lib.
1032 5245 1304 5313 mOl'llc.,
1335 5262 1455 5326 pag.
1482 5243 1611 5312 596,
1636 5242 1732 5299 lin.
1760 5243 1873 5300 29:
1907 5241 2208 5314 Numquam

605 5317 767 5385 igitur
791 5325 866 5370 est
890 5317 1014 5369 utile
1038 5332 1268 5387 peccare,
1295 5320 1416 5386 quia
1431 5333 1631 5386 semper
1655 5327 1727 5370 est
1751 5326 1922 5389 turpe,
1955 5327 2063 5370 etc.

685 5384 712 5421 ἀ
756 5388 956 5443 Omnes
996 5388 1162 5443 edit..
1196 5390 1338 5443 amid
1370 5388 1568 5443 Deum:
1607 5402 1801 5442 omnes
1834 5402 1997 5443 mss..
2030 5401 2208 5443 coram

685 5407 712 5421 “
756 5407 956 5443 untnes
996 5407 1162 5450 eum,
1196 5407 1337 5459 apud
1370 5407 1568 5455 ueum;
1607 5407 1801 5442 0"!"83
1834 5407 1997 5454 tnss.,

612 5454 835 5512 Domino
866 5474 886 5513 :
918 5459 1194 5527 nonnulli,
1222 5475 1398 5514 coram
1428 5459 1560 5515 Deo.

688 5540 711 5602 εἴ
740 5529 995 5602 Nonnulli
1024 5546 1157 5585 mss.
1177 5572 1194 5599 ,
1228 5548 1466 5586 mensura
1495 5530 1825 5602 aequalitatis.

691 5600 711 5638 ί
758 5601 816 5656 In
858 5602 991 5657 edit.
1045 5605 1301 5658 omnibus
1357 5599 1636 5660 habetur:
1690 5599 1883 5655 Nonne
1934 5599 2218 5656 honestatis

614 5672 857 5797 [ονῗιιὶέσω
884 5680 1035 5739 sunt;
1073 5674 1127 5729 in
1162 5676 1376 5732 cunctis
1420 5690 1552 5735 vero
1580 5688 1714 5731 mss.
1746 5671 2094 5730 desideratur
2119 5673 2217 5729 lto,

616 5759 759 5797 nesa
836 5784 848 5797 .

616 5759 848 5799 nestum.

2316 4657 2387 4711 lit
2410 4657 2536 4728 quia
2561 4655 2739 4712 adhuc
2781 4665 2905 4713 erat
2933 4655 3154 4728 ignarus
3196 4654 3463 4720 locorum,
3504 4660 3674 4722 atque
3718 4643 3903 4704 incola-

2388 4822 2415 4861 Β
2453 4810 2567 4868 Cic.
2620 4812 2715 4870 lib.
2756 4829 2815 4869 tu
2845 4812 3027 4875 0fﬁc.,
3071 4829 3172 4882 pag
3214 4810 3343 4876 596,
3376 4809 3472 4867 lin.
3505 4809 3585 4866 5:
3620 4808 3802 4882 Alque_
3821 4803 3905 4857 iste
3972 4804 3973 4847 ἲ

2317 4886 2470 4941 dolus
2499 4885 2668 4940 malus
2700 4886 2854 4941 etiam
2901 4876 3097 4957 legibus
3136 4876 3248 4957 erat
3277 4883 3592 4957 vindicatus,
3636 4876 3744 4937 etc.
3788 4876 3903 4957 Item
3972 4892 3973 4919 ί

2314 4957 2454 5042 inira
2482 4958 2578 5014 litt.
2602 4957 2668 5012 51
2693 4957 2802 5013 :Ac
2825 4946 3266 5042 dejtirequidem
3290 4946 3625 5030 prazdiormn.
3817 4946 3907 5003 du-
3972 4956 3973 4963 ‘

2315 5031 2499 5101 plicem
2531 5044 2737 5099 pinnam
2758 5031 2973 5095 subiret,
3001 5041 3109 5084 etc.

2384 5099 2411 5137 1³
2452 5100 2589 5156 Ibid.
2610 5145 2624 5168 ,
2662 5101 2761 5156 lin.
2792 5102 2893 5159 δάε
2926 5100 3195 5171 Quidquid
3225 5102 3362 5156 enim
3388 5100 3519 5156 inest
3553 5096 3756 5170 praedio
3786 5088 3902 5155 vitii,
3972 5152 3973 5155 η

2314 5172 2371 5229 id
2422 5182 2808 5228 statuerunt....
2843 5183 3088 5237 prtestare
3112 5183 3380 5241 oportere,
3413 5179 3519 5227 etc.

2396 5244 2410 5283 ί
2465 5243 2632 5328 Ibid...
2662 5260 2785 5328 pag.
2809 5235 3162 5328 597,7lin16i
3193 5242 3349 5328 Ratio
3367 5235 3642 5328 igiturlltoc
3664 5235 3902 5328 postulof.
3972 5284 3973 5309 Ε

2320 5316 2537 5389 nequid
2581 5313 2851 5389 insidiose,
2884 5327 3004 5389 rete.
3062 5317 3194 5372 ltem
3239 5318 3335 5370 lin.
3382 5313 3445 5370 ii
3478 5332 3491 5371 :
3526 5313 3904 5389 Quintusqut‘
3972 5342 3973 5347 η

2314 5383 2432 5443 deni
2460 5388 2785 5443 Scaevola...
2817 5388 3040 5458 fideique
3066 5389 3215 5445 bona:
3244 5403 3431 5441 munus
3457 5383 3785 5441 existimabat
3809 5392 3908 5458 ma-

2314 5477 2439 5515 nare
2464 5449 2866 5528 llttissitite,_etc.
2898 5449 3031 5516 [tem
3061 5462 3157 5517 lin.
3191 5459 3263 5516 29
3289 5477 3304 5515 :
3341 5459 3450 5513 Nec
3471 5473 3591 5514 vero
3621 5458 3681 5510 in
3712 5449 3906 5528 ρτωάἕὶι

2316 5533 2484 5603 solum
2503 5533 2597 5603 jus
2624 5519 2774 5585 civile
2802 5531 3010 5586 ductum
3036 5549 3068 5587 a
3090 5540 3296 5598 natura,
3341 5539 3450 5586 etc.
3712 5519 3724 5528 ’
3798 5590 3832 5603 η

2395 5607 2410 5652 t
2469 5592 2543 5654 lt'a
2577 5615 2709 5657 mss.
2751 5602 2865 5659 fere
2909 5605 2977 5660 ad
3024 5620 3189 5661 unum
3223 5621 3238 5660 :
3283 5592 3481 5659 omnes
3522 5607 3709 5655 autem
3750 5592 3904 5652 edita

2320 5689 2448 5728 sono
2470 5672 2597 5727 ictos
2618 5711 2634 5736 ,
2684 5682 2729 5727 et
2749 5675 2997 5744 ululatu,
3023 5685 3128 5734 etc.
3149 5717 3165 5743 ,
3195 5674 3293 5731 sed
3332 5676 3438 5729 ictu
3466 5671 3535 5727 ad
3575 5670 3905 5727 collisioucm

2324 5745 2640 5815 lagenarnm
2675 5743 3026 5805 referendum
3057 5756 3162 5804 cst.
