4030 6188
541 217 647 277 167

1853 212 1856 216 ’
1900 210 2150 276 SANCTI
2184 214 2513 276 AMBROSII

3736 215 3840 278 168

535 337 946 411 comparatione
983 341 1268 401 censetur,
1311 331 1456 405 quod
1494 331 1664 389 ebriae
1694 332 1894 389 mentis
1925 343 1980 389 ct
2013 334 2145 389 titu~
2167 336 2219 393 Α
2249 333 2539 404 promissio
2561 374 2576 400 ,
2621 330 2873 388 acerbior
2917 329 3155 401 solutio,
3199 343 3361 404 quam
3397 345 3626 390 necesse
3659 333 3843 391 habuit

536 434 718 490 bantis
746 432 876 486 vitio
919 444 1110 484 manus
1140 427 1428 482 vulnerare
1460 427 1765 482 consuevit.
1800 436 1824 463 ει
1854 426 2006 482 Sicut
2037 427 2139 482 iste

537 525 760 581 malitia:
799 522 983 578 ebrius
1022 521 1185 588 vino,
1232 536 1331 592 per
1371 519 1602 575 funestm
1636 518 1961 588 proditionis
1991 519 2139 575 indi-

535 618 680 672 cium
710 615 736 654 δ
759 614 1082 671 Abimelech
1113 612 1384 670 sacerdoti
1414 628 1606 670 necem
1635 611 1868 680 detulit,
1901 627 1968 667 eo
1995 611 2138 683 quod

533 708 863 780 PrOphetam
910 708 1148 778 hospitio
1194 707 1525 779 recepisset,
1571 723 1732 778 quem
1781 722 1878 762 rex
1921 705 2141 761 invidiae

531 817 800 860 accensus
831 803 1066 859 stimulis
1096 803 1530 876 persequebatur
1557 801 1617 875 (Ι
1646 802 1776 874 Reg.
1810 801 1993 874 χιιι).

1141 894 1371 952 CAPUT
1411 894 1530 950 XII.

537 992 694 1048 Nihil
731 991 1140 1064 promittendum
1163 991 1300 1062 quod
1331 989 1395 1045 sit
1423 988 1789 1057 inhonestum,
1823 1006 1914 1044 nec
1943 990 1989 1044 si
2016 989 2143 1060 quid

604 1085 856 1154 injustnm
879 1084 1177 1156 juraveris,
1220 1083 1275 1136 id
1311 1082 1726 1149 observandum;
1769 1092 1951 1136 contra
1985 1099 2140 1153 quam

607 1194 845 1248 peccasse
876 1176 1113 1233 Herodes
1142 1177 1549 1231 demonstratur.
1584 1175 1840 1246 Culpatur
1868 1176 2020 1230 etiam
2052 1190 2142 1229 vo-

607 1282 717 1326 tum
741 1289 773 1326 ιι
795 1269 1020 1335 Jepltthe
1038 1279 1395 1338 nuncupatum
1413 1310 1428 1334 ,
1453 1270 1675 1339 itemque
1693 1270 1800 1323 alia
1825 1270 2000 1323 omnia
2023 1284 2139 1336 qua:

605 1362 704 1417 sibi
726 1361 920 1416 exsolvi
941 1361 1078 1415 Deus
1096 1361 1245 1414 nolit.
1271 1357 1506 1430 Denique
1529 1360 1645 1429 [ilia
1667 1361 1894 1434 ejusdem
1911 1358 2140 1427 Jeplttlte

607 1470 724 1510 cum
753 1453 954 1508 duobus
980 1452 1340 1526 Pythagorwis
1364 1453 1692 1522 componitur
1711 1469 1772 1506 ac
1795 1452 2138 1524 praeponitur.

603 1547 693 1604 76.
739 1547 940 1603 Purum
981 1546 1146 1617 igitur
1173 1561 1236 1601 ac
1267 1546 1540 1602 sincerum
1572 1555 1793 1616 oportet
1833 1561 1954 1602 esse
2009 1545 2142 1602 alie-

531 1649 678 1697 ctum
702 1683 716 1706 ,
750 1649 812 1694 ut
842 1639 1213 1709 unusquisque
1256 1636 1400 1711 (22,
1433 1656 1484 1710 q.
1518 1639 1551 1694 4
1575 1680 1589 1706 ,
1632 1656 1679 1693 c.
1731 1637 2138 1710 Unusquisque)

2245 425 2428 496 lugere
2454 426 2616 480 etiam
2644 423 2759 493 ipse
2783 424 2877 494 qui
2909 423 3056 481 fecit.
3092 425 3332 497 Denique
3361 425 3563 482 factum
3595 437 3681 482 est
3709 443 3844 496 prm-

2243 529 2462 586 ceptutn
2491 525 2546 572 et
2571 516 2852 573 decretum
2877 517 2930 572 in
2961 516 3126 573 Israel
3155 533 3219 574 ex
3250 518 3442 575 diebus
3467 521 3517 574 in
3543 519 3661 575 dies
3687 538 3700 574 :
3725 523 3842 575 Am-

2244 613 2516 679 bulabanl,
2551 613 2748 684 inquit,
2780 613 2905 683 ﬁlia:
2943 612 3124 684 populi
3164 609 3358 678 Israel,
3402 613 3632 686 lugentes
3681 614 3842 683 ﬁliam

2241 705 2467 780 Jephtlte
2525 705 2879 761 Galauditidis
2907 714 3130 776 quatuor
3161 705 3343 762 diebus
3373 707 3427 760 in
3455 723 3590 760 anno
3623 707 3643 779 (
3669 705 3807 760 Ibid.
3827 749 3843 776 ,

2242 801 2360 874 40).
2393 801 2509 856 Non
2542 816 2762 871 possum
2791 814 3057 856 accusare
3090 802 3264 855 virum
3288 801 3379 870 qui
3409 815 3635 856 necesse
3662 800 3846 856 habuit

2243 896 2471 966 implere
2515 897 2661 968 quod
2704 906 2966 958 voverat;
3016 896 3112 952 sed
3155 904 3337 951 tamen
3380 895 3709 951 miserabilis
3749 909 3842 951 ne-

2242 991 2504 1058 cessitas,
2554 1006 2677 1060 quae
2721 991 2954 1045 solvitur
3002 987 3293 1059 parricidio
3342 986 3488 1060 (22,
3531 1004 3583 1059 q.
3619 985 3688 1054 4,
3723 1004 3838 1059 cap.

2247 1084 2640 1157 Unusquisque,
2679 1085 2707 1157 §
2743 1084 3060 1140 Miserabilis
3078 1085 3120 1155 ).

2313 1178 2403 1234 79.
2444 1177 2636 1234 Melius
2667 1188 2750 1234 est
2782 1193 2888 1233 non
2921 1192 3123 1234 vovere
3145 1219 3160 1244 ,
3193 1192 3353 1250 quam
3385 1192 3584 1234 vovere
3615 1176 3668 1232 id
3697 1176 3839 1248 quod

2243 1271 2345 1326 sibi
2376 1270 2464 1326 cui
2499 1270 2852 1341 promittitur,
2883 1270 3019 1326 nolit
3059 1269 3290 1325 exsolvi.
3328 1270 3571 1339 Denique
3603 1269 3660 1324 in
3695 1269 3843 1325 lsaac

2245 1363 2507 1420 habemus
2535 1364 2843 1434 exemplum
2874 1362 3030 1435 (Gen.
3067 1378 3182 1417 xxn
3207 1405 3222 1429 ,
3253 1361 3344 1432 1⁸5)
3369 1404 3383 1428 ,
3414 1377 3513 1432 pro
3554 1377 3662 1433 quo
3703 1363 3843 1418 aric-

2243 1465 2353 1514 tem
2383 1459 2645 1514 Dominus
2676 1457 2862 1513 statuit
2893 1455 3166 1512 immolari
3193 1456 3318 1512 sibi.
3349 1455 3467 1511 Non
3497 1469 3717 1526 semper
3746 1456 3843 1527 igi-

2245 1561 2330 1606 tur
2377 1553 2643 1621 promissa
2689 1549 2954 1606 solvenda
2995 1550 3177 1604 omnia
3209 1561 3334 1605 sunt
3366 1549 3509 1619 (22,
3541 1567 3593 1622 q.
3625 1548 3691 1617 4,
3725 1567 3840 1619 cap.

2244 1643 2370 1701 Non
2391 1643 2635 1718 semper).
2666 1646 2905 1717 Denique
2933 1646 3048 1716 ipse
3071 1643 3330 1700 Dominus
3354 1643 3668 1714 frequenter
3689 1658 3840 1698 suam

532 1731 840 1804 simplicem
872 1747 1184 1788 sermonem
1219 1732 1488 1802 proferat,
1520 1745 1616 1787 vas
1643 1748 1800 1787 suum
1842 1732 1894 1788 in
1935 1732 2138 1788 sancti-
2166 1735 2214 1795 B
2243 1748 2414 1794 mutat
2440 1739 2791 1808 sententiam,
2816 1739 2956 1795 sicut
2981 1738 3261 1809 Scriptura
3295 1737 3515 1794 indicat.
3549 1737 3683 1793 Nam
3714 1738 3840 1794 etin

533 1833 646 1882 tate
673 1824 985 1896 possideat,
1017 1838 1121 1879 nec
1148 1823 1372 1879 fratrem
1403 1825 1916 1895 circumscriptione
1947 1824 2145 1881 verbo-

533 1935 654 1977 rum
693 1919 948 1985 inducat,
981 1924 1006 1954 °
1036 1916 1174 1972 nihil
1204 1917 1503 1988 'promittat
1549 1917 1944 1974 inhonestum:
1988 1933 2050 1974 ac
2096 1918 2143 1973 si

535 2013 882 2084 promiserit,
935 2010 1090 2083 127
1137 2009 1481 2066 tolerabilius
1527 2019 1614 2066 est
1660 2011 1990 2080 promissum
2031 2026 2139 2067 non

533 2107 717 2163 facere
738 2149 756 2176 ,
787 2121 949 2177 quam
981 2104 1162 2160 facere
1192 2105 1337 2175 quod
1371 2114 1529 2176 turpe
1560 2105 1652 2160 sit.

601 2201 690 2255 77.
729 2199 884 2268 Smpe
915 2195 1162 2269 plerique
1191 2193 1218 2233 ἀ
1251 2199 1642 2268 constringunt
1674 2199 1888 2270 seipsos
1914 2199 2142 2271 jurisju-

532 2292 688 2351 randi
722 2299 1069 2347 sacramento
1101 2307 1116 2344 :
1149 2300 1206 2347 et
1235 2306 1358 2346 cum
1392 2291 1495 2361 ipsi
1529 2294 1884 2363 cognoverint
1914 2294 2141 2364 promit-

535 2385 758 2443 tendum
801 2401 908 2440 non
946 2383 1160 2450 fuisse;
1206 2385 1539 2441 sacramenti
1583 2394 1762 2441 tamen
1803 2387 2140 2458 contempla—

535 2481 681 2537 tione
713 2479 917 2535 faciunt
954 2478 1099 2550 quod
1139 2478 1592 2549 spoponderunt:
1635 2481 1776 2534 sicut
1815 2480 1884 2536 de
1922 2481 2142 2536 llcrode

528 2590 693 2646 supra
727 2573 1051 2644 scripsimus
1079 2573 1239 2646 (Snp.
1268 2591 1315 2628 c.
1333 2573 1412 2645 9),
1443 2575 1535 2644 qui
1563 2574 1824 2630 saltatrici
1854 2575 2136 2645 prmmium

533 2672 768 2741 turpiter
817 2673 1106 2743 promisit,
1156 2673 1456 2729 crudeliter
1503 2673 1685 2730 solvit.
1737 2675 1951 2745 Turpe,
1993 2675 2137 2746 quod

528 2778 756 2835 regnum
799 2781 896 2835 pro
935 2766 1228 2822 saltatione
1269 2767 1648 2837 promittitur:
1680 2768 1942 2836 crudele,
1990 2768 2136 2840 quod

531 2871 683 2912 mors
730 2857 1014 2928 prophetae
1060 2873 1159 2928 pro
1193 2858 1550 2930 jurisjnrandi
1585 2860 1849 2930 religione
1879 2861 2132 2917 donatur.

530 2951 747 3020 Quanto
803 2952 1150 3009 tolerabilius
1202 2954 1295 3008 tali
1353 2954 1547 3010 fuisset
1601 2955 1903 3025 perjurium
1955 2971 2138 3011 sacra-

531 3045 754 3100 mento?
779 3044 839 3101 Si
861 3053 1040 3100 tamen
1067 3045 1362 3116 periurium
1391 3055 1581 3119 posset
1604 3047 1742 3114 dici,
1775 3047 1918 3118 quod
1950 3048 2136 3104 ebrius

2246 1847 2315 1888 eo
2347 1831 2486 1887 libro
2514 1833 2603 1904 qui
2637 1833 2953 1888 inscribitur
2975 1830 3201 1887 Numeri
3225 1873 3238 1898 ,
3268 1841 3631 1902 proposuerat
3655 1845 3845 1902 percu-

2247 1932 2363 1981 tere
2393 1934 2570 1980 morte
2601 1936 2654 1980 et
2688 1925 2916 1996 perdere
2947 1924 3202 1995 populum
3232 1940 3246 1979 :
3277 1922 3376 1980 sed
3407 1933 3595 1994 postea
3630 1933 3846 1995 rogatus

2243 2033 2274 2072 a
2314 2016 2499 2088 Moyse
2519 2058 2535 2084 ,
2577 2018 2964 2073 reconciliatus
2994 2026 3078 2072 est
3108 2015 3312 2086 populo
3342 2029 3443 2070 suo
3473 2014 3494 2088 (
3517 2014 3682 2069 Num.
3719 2032 3844 2086 xvt,

2245 2110 2314 2166 12
2343 2120 2390 2164 et
2414 2109 2571 2182 seq.).
2604 2111 2672 2166 Et
2703 2113 2898 2168 iterum
2929 2111 2994 2165 ad
3025 2112 3246 2181 Moysen
3288 2118 3343 2166 et
3383 2109 3564 2166 Aaron
3604 2110 3679 2164 ait
3707 2127 3720 2165 :
3753 2109 3846 2164 Di-

2242 2204 2398 2258 uidite
2420 2221 2509 2259 vos
2537 2204 2600 2258 de
2626 2204 2796 2259 medio
2820 2205 3113 2277 Synagoga:
3136 2206 3273 2276 ejus,
3301 2212 3351 2258 et
3375 2205 3742 2257 consummabo
3767 2219 3849 2257 eos

2243 2298 2399 2354 simul
2451 2299 2662 2372 (Num.
2695 2316 2826 2365 xvr,
2867 2298 3005 2371 21).
3061 2298 3268 2366 Quibus
3317 2297 3738 2354 discedentibus
3785 2297 3850 2354 dc

2241 2403 2422 2458 ccetu,
2470 2392 2677 2448 Dathan
2718 2401 2774 2448 et
2811 2391 3018 2446 Abiron
3059 2391 3242 2447 subito
3281 2391 3481 2463 impios
3522 2401 3669 2448 terra
3713 2407 3849 2463 pra:-

2241 2495 2402 2556 rupto
2432 2484 2606 2544 soluta
2638 2485 2788 2539 hiatu
2819 2483 3126 2539 absorbuit.

2312 2581 2402 2636 80.
2437 2579 2845 2635 Prteccllentius
2870 2587 2925 2633 et
2949 2577 3228 2648 antiquius
3260 2576 3404 2632 istud
3435 2577 3750 2647 exemplum
3780 2577 3846 2633 de

2243 2673 2353 2730 lilia
2383 2672 2653 2744 Jephthe,
2687 2687 2850 2743 quam
2883 2671 3014 2726 illud
3047 2671 3194 2741 quod
3225 2670 3582 2726 memorabile
3614 2670 3846 2726 habetur

2239 2767 2380 2838 apud
2413 2764 2775 2838 philoSOpltos
2806 2763 2833 2801 ιι
2865 2765 2931 2820 de
2960 2763 3175 2819 duobus
3205 2763 3582 2835 Pythagorreis
3609 2778 3844 2834 quorum

2239 2861 2378 2915 alter
2405 2875 2526 2915 cum
2555 2875 2585 2914 a
2617 2869 2849 2930 tyranno
2889 2856 3152 2929 Dionysio
3190 2857 3386 2926 capitis
3423 2856 3718 2911 damnatus
3757 2872 3843 2912 es-

2238 2966 2358 3023 set,
2391 2955 2712 3024 prmSCripto
2735 2953 2928 3008 mortis
2955 2952 3073 3020 die,
3103 2952 3354 3022 poposcit
3384 2961 3443 3006 ut
3470 2951 3699 3007 domum
3730 2967 3848 3023 per-

2237 3049 2399 3120 gendi
2439 3047 2488 3104 ei
2529 3048 2761 3104 facultas
2799 3047 3047 3114 daretur,
3089 3061 3198 3116 quo
3229 3044 3649 3101 commendaret
3677 3061 3842 3103 suos:

527 3135 673 3192 inter
699 3136 823 3191 vina
864 3137 1145 3206 juraverat
1166 3181 1180 3206 ,
1222 3138 1366 3209 quod
1403 3148 1426 3175 °
1459 3139 1701 3194 eviratus
1742 3139 1886 3195 inter
1926 3140 2128 3195 saltan-
2156 3130 2200 3194 C
2232 3158 2295 3198 ac
2326 3158 2394 3198 ne
2427 3141 2742 3197 revertendi
2780 3141 2940 3212 128
2967 3146 3187 3194 nutaret
3216 3137 3353 3194 ﬁdes
3375 3181 3391 3207 ,
3421 3137 3616 3193 vadem
3653 3138 3847 3193 mortis

529 3229 662 3286 tium
695 3230 896 3286 choros
928 3229 1274 3301 promiserat.
1299 3231 1533 3287 Infertur
1555 3233 1706 3288 disco
1731 3233 2012 3304 propheta:
2038 3249 2128 3288 ca-

525 3330 661 3390 put:
694 3330 750 3377 et
779 3320 883 3378 hoc
914 3322 1241 3378 testimatutn
1273 3331 1361 3379 est
1403 3321 1526 3378 ﬁdei
1558 3339 1682 3380 esse
1704 3366 1718 3391 ,
1759 3324 1902 3396 quod
1946 3340 2133 3381 amen-

531 3413 623 3467 tia:
650 3411 775 3469 fuit.

599 3508 688 3564 78.
733 3507 920 3581 Neque
959 3525 1219 3581 umquam
1261 3509 1502 3566 adducar
1543 3521 1600 3567 ut
1635 3513 1854 3569 credam
1898 3528 2007 3569 non
2049 3515 2132 3570 in-

523 3610 682 3658 caute
709 3602 1010 3673 principem
1038 3601 1056 3640 ί
1083 3604 1405 3675 promisisse
1430 3603 1697 3674 Jephthe,
1738 3615 1794 3660 ut
1821 3605 2130 3662 immolaret

523 3696 639 3752 Deo
667 3697 929 3768 quidquid
961 3698 1068 3753 sibi
1096 3698 1391 3754 revertenti
1427 3699 1568 3754 intra
1597 3700 1763 3755 limen
1794 3700 1990 3755 domus
2017 3716 2129 3757 sua:

521 3803 833 3848 occurreret
859 3806 872 3858 ;
899 3801 1100 3848 cumet
1131 3792 1306 3863 ipsum
1341 3793 1449 3847 voti
1483 3792 1799 3862 paenituerit
1827 3793 1948 3860 sui,
1977 3802 2127 3864 post-

520 3898 684 3955 quam
733 3883 842 3939 lilia
897 3885 1137 3940 occurrit
1183 3885 1309 3940 sibi.
1355 3885 1599 3955 Denique
1645 3885 1914 3942 conscidit
1961 3886 2129 3942 vesti-

522 3987 706 4033 menta
736 3991 834 4032 sua
855 4020 870 4046 ,
904 3987 959 4033 et.
986 3977 1127 4033 dixit
1153 3995 1166 4032 :
1197 3976 1316 4032 Heu
1344 3977 1464 4032 me!
1492 3978 1605 4047 ﬁlia
1633 3995 1780 4046 mea,
1814 3988 1838 4026 8
1870 3978 2132 4050 impediin

520 4070 652 4124 mihi
673 4112 688 4137 ,
720 4071 962 4125 stimulus
992 4070 1191 4126 doloris
1222 4071 1365 4142 facta
1394 4087 1446 4126 es
1477 4072 1605 4125 mihi
1634 4069 1847 4143 (Judic.
1880 4087 1936 4127 ιιι
1959 4113 1973 4138 ,
2007 4073 2123 4144 35).

519 4162 624 4229 Qui
673 4162 802 4218 licet
842 4163 930 4232 pio
975 4171 1125 4218 metu
1156 4178 1219 4218 ac
1257 4163 1552 4219 formidine
1589 4165 1945 4221 acerbitatem
1977 4165 2127 4221 durae

517 4254 806 4310 solutionis
839 4253 1188 4324 impleverit:
1222 4266 1403 4310 tamen
1436 4256 1644 4311 luctum
1685 4273 1926 4314 annuum
1959 4260 2123 4314 etiam

519 4353 757 4426 posteris
810 4352 1206 4424 deplorandum
1256 4353 1447 4410 statuit
1496 4368 1562 4410 ac
1611 4353 1926 4428 dereliquit.
1979 4356 2122 4413 Dura

519 4541 704 4598 ditaris
729 4580 742 4595 .
773 4583 784 4596 .
903 4556 1054 4612 quem
1067 4541 1247 4614 celare
1271 4551 1318 4596 et
1350 4549 1614 4614 protegere
1642 4543 1840 4598 debeat.

564 4624 620 4699 .3
658 4614 795 4670 Cod.
826 4613 1024 4681 Laud.,
1051 4612 1199 4670 Sicut
1224 4614 1316 4670 iste
1345 4613 1480 4668 idem
1497 4612 1684 4670 'Doech
1713 4616 1936 4687 maligne
1957 4615 2128 4672 ebrius

525 4701 878 4814 miolirasm.
911 4766 967 4815 et
996 4772 1116 4828 seq.
1151 4756 1312 4827 edit.,
1345 4757 1694 4814 Arhimelech.

595 4839 619 4868 ο
658 4829 773 4886 Cic.
818 4831 914 4887 lib.
954 4846 1013 4885 ιιι
1051 4828 1235 4894 Uflic.,
1265 4845 1388 4899 pag.
1421 4829 1562 4895 400,
1605 4831 1700 4885 lin.
1751 4830 1862 4886 47:
1902 4830 2040 4898 Quid
2078 4832 2126 4886 si

516 4903 724 4974 sapiens
749 4913 961 4976 rogatus
989 4904 1057 4957 sit
1086 4901 1149 4976 ab
1179 4919 1260 4968 eo,
1281 4902 1512 4976 quicum
1539 4903 1794 4957 haredem
1825 4903 1985 4976 faciat
2004 4943 2018 4957 .
2038 4941 2052 4955 .
2071 4942 2083 4955 .
2106 4944 2119 4958 .

517 4973 588 5030 uti
614 4973 888 5044 antequam
927 4973 1278 5030 hazreditatem
1318 4973 1506 5040 adeat,
1552 4977 1665 5028 luce
1703 4977 1875 5046 palam
1914 4975 1966 5029 in
1997 4977 2112 5046 foro

517 5048 699 5108 saltet,
729 5057 834 5102 etc.

587 5117 616 5155 ά
656 5117 771 5174 Cic.
815 5118 908 5175 lib.
953 5132 1010 5172 ιιι
1045 5117 1237 5184 Ofﬁc.,
1275 5133 1396 5188 pag.
1430 5116 1560 5182 401,
1591 5117 1686 5172 litt.
1721 5122 1792 5172 ὂς
1823 5116 1897 5170 Ac
1926 5133 1990 5172 ne
2015 5117 2112 5172 illa

515 5191 720 5274 quidem
749 5191 1005 5263 promissa
1032 5191 1283 5244 servanda
1303 5200 1454 5253 sunt,
1482 5204 1598 5260 quae
1623 5206 1727 5244 non
1750 5200 1871 5243 sunt
1895 5189 1961 5243 iis
1987 5189 2113 5260 ipsis

516 5263 880 5390 ωιέωέηῗιξῗί).
922 5349 1044 5389 cum
1085 5347 1219 5389 mss.
1260 5331 1505 5403 aliquot,
1547 5332 1810 5405 dejeratus
1833 5346 1854 5396 ;
1890 5331 2108 5401 quidam

514 5404 603 5479 alii
634 5408 974 5479 ejttratus_....
997 5408 1301 5477 promiserat
1321 5418 1480 5479 _;Anon
1514 5404 1667 5479 pauci
1693 5445 1708 5469 ,
1742 5413 2109 5479 prompserat;

517 5473 796 5532 alim'vero
823 5477 956 5531 edit.
987 5473 1050 5533 ac
1079 5492 1211 5533 mss.
1248 5477 1530 5532 nobiscum
1563 5473 1764 5529 faciunt
1789 5514 1804 5537 ,
1839 5474 1938 5527 nisi
1970 5475 2113 5542 quod

514 5562 618 5630 pro
655 5550 912 5616 eviratus,
955 5549 1009 5604 in
1049 5548 1370 5620 quibusdam
1405 5546 1624 5616 legitur,
1655 5547 1856 5599 iratus:
1889 5560 2113 5614 prorsus

519 5633 907 5744 l"cfmt'lgitli‘.lel.ih.
950 5707 1005 5745 tn
1028 5733 1044 5754 ,
1077 5707 1197 5762 pag.
1231 5690 1361 5758 401,
1395 5690 1492 5746 lin.
1533 5688 1592 5746 11
1625 5705 1637 5744 :
1673 5688 1810 5757 Quid
1841 5687 2115 5762 Agamem-

515 5776 622 5819 non
649 5777 765 5817 cum
795 5763 1079 5820 devovisset
1102 5803 1117 5832 ,
1150 5769 1257 5819 etc.

2234 3236 2477 3304 obtulit,
2511 3252 2574 3291 ea
2607 3234 2928 3291 conditione
2966 3245 3026 3289 ut
3066 3234 3112 3288 si
3150 3234 3268 3304 ipse
3297 3233 3514 3290 deloret
3541 3232 3608 3288 ad
3642 3232 3847 3289 consti-

2233 3338 2410 3386 tutum
2437 3329 2580 3386 diem
2600 3372 2616 3398 ,
2642 3345 2737 3384 vas
2764 3328 2884 3400 ejus
2914 3328 3018 3384 sibi
3047 3343 3149 3399 pro
3177 3343 3244 3385 eo
3285 3327 3642 3384 moriendum
3687 3342 3849 3399 agno.

2232 3432 2433 3480 sceret.
2464 3422 2577 3479 Nec
2595 3422 2915 3494 qualitatem
2942 3421 3256 3492 sponsionis
3284 3421 3374 3493 qui
3403 3420 3746 3477 offerebatur
3765 3436 3845 3477 re-

2231 3521 2481 3587 cusavit,
2525 3521 2915 3590 constantique
2954 3519 3139 3574 animo
3177 3519 3320 3575 diem
3361 3519 3514 3576 necis
3553 3521 3843 3591 praestola-

2233 3613 2415 3669 batur.
2444 3611 2632 3683 ltaque
2662 3613 2801 3668 alter
2826 3627 2885 3668 se
2913 3627 3018 3667 non
3049 3612 3354 3681 subtraxit,
3390 3610 3405 3649 ί
3432 3613 3573 3668 alter
3599 3613 3675 3668 ad
3703 3614 3843 3669 diem

2233 3704 2462 3776 recepit.
2507 3704 2664 3772 Quod
2703 3718 2948 3774 eousque
2988 3703 3090 3758 fuit
3128 3704 3380 3761 mirabile
3407 3746 3422 3770 ,
3465 3714 3519 3760 ut
3575 3715 3846 3776 tyrannus

2234 3814 2333 3854 eos
2371 3799 2473 3854 sibi
2517 3799 2569 3854 in
2611 3799 2909 3854 amicitiam
2942 3798 3317 3868 adscisceret,
3348 3813 3581 3871 quorum
3613 3801 3844 3874 urgebat

2235 3892 2562 3963 periculum.

2309 3986 2400 4041 81.
2435 3985 2593 4053 Quod
2625 4001 2755 4057 ergo
2787 3986 2843 4042 in
2885 3986 3149 4058 spectatis
3189 3995 3246 4041 et
3281 3983 3508 4041 eruditis
3547 3985 3687 4040 viris
3727 3984 3842 4057 ple-

2236 4095 2365 4135 num
2406 4081 2658 4136 miraculi
2697 4090 2819 4150 est,
2864 4081 2967 4137 hoc
3015 4083 3069 4136 in
3122 4080 3336 4152 virgine
3375 4081 3549 4136 multo
3589 4080 3842 4152 magniﬁ—

2234 4174 2480 4241 centius,
2538 4173 2821 4246 multoque
2873 4174 3142 4230 illustrius
3195 4172 3663 4242 deprehenditur,
3722 4187 3840 4244 qua:

2233 4265 2616 4335 ingetniscenti
2647 4267 2789 4337 patri
2821 4267 2898 4321 ait
2926 4284 2938 4321 :
2972 4265 3085 4320 Fac
3109 4266 3239 4320 milli
3267 4275 3320 4320 ut
3351 4266 3508 4322 exivit
3533 4267 3599 4320 de
3627 4283 3722 4320 ore
3751 4276 3840 4320 tuo

2235 4357 2388 4431 (Jud.
2424 4375 2481 4414 ιιι
2502 4401 2517 4429 ,
2549 4359 2618 4417 56
2647 4367 2697 4415 et
2721 4359 2878 4433 seq.).
2912 4359 3019 4416 Sed
3051 4359 3287 4432 spatium
3317 4359 3551 4416 duorum
3585 4359 3843 4432 poposcit

2154 4545 2210 4607 D
2307 4554 2331 4592 Β
2373 4543 2504 4616 Vet.
2527 4543 2686 4609 edit.,
2710 4543 2972 4616 intpedisti
2997 4544 3157 4610 nti/ti,
3183 4543 3450 4616 impertisti
3474 4543 3635 4609 mihi,
3670 4545 3726 4599 iu
3749 4546 3841 4599 sti-

2237 4617 2436 4670 mulum
2473 4615 2712 4671 dolorum
2751 4615 2890 4687 facta
2929 4633 2982 4671 es
3020 4617 3169 4670 mihi.
3200 4615 3385 4682 Rem.,
3421 4615 3693 4686 Decepisti
3723 4633 3836 4681 me,

2233 4688 2655 4758 impedimentum
2693 4689 2746 4740 in
2788 4688 2952 4741 oculis
2989 4691 3114 4742 meis
3138 4729 3153 4754 ,
3196 4687 3249 4740 in
3287 4688 3550 4742 stimulum
3591 4688 3840 4743 dolorum

2232 4762 2372 4830 facta
2423 4777 2477 4813 es
2508 4759 2656 4813 mihi.
2688 4758 2814 4814 Mss.
2849 4775 2978 4814 vero
3019 4761 3160 4813 inter
3197 4773 3257 4814 se
3295 4760 3687 4824 consentiunt,
3733 4761 3838 4815 nisi

2230 4831 2373 4901 quod
2423 4831 2588 4900 aliqui
2640 4832 2858 4901 legunt,
2911 4831 3171 4900 impediin
3221 4830 3384 4893 mihi,
3429 4831 3484 4884 in
3523 4831 3835 4898 stimulum,

2227 4901 2468 4966 ctc.,ubi
2500 4902 2715 4971 reliqui,
2735 4901 2994 4972 impediin
3023 4918 3124 4969 me,
3146 4902 3412 4969 stimulus,
3432 4911 3540 4958 etc.

2297 4973 2326 5012 ιι
2364 4973 2478 5029 Cic.
2523 4974 2615 5028 lib.
2660 4989 2717 5028 Ill
2755 4971 2936 5041 Ottic.,
2979 4989 3099 5044 pag.
3143 4974 3249 5029 593
3277 5016 3292 5039 ,
3332 4975 3431 5028 lin.
3473 4973 3585 5028 45:
3627 4971 3836 5029 Damo-

2227 5061 2341 5101 nem
2387 5055 2435 5100 et
2484 5044 3139 5118 Pytltiamﬁpithagorwos,
3166 5048 3343 5118 ferunt
3369 5044 3468 5118 ltoc
3494 5045 3674 5118 animo
3700 5047 3840 5102 inter

2224 5133 2279 5170 se
2324 5118 2520 5190 fuisse,
2550 5127 2680 5190 ~etc.
2728 5117 2866 5190 Vide
2900 5116 3321 5190 fetiamglibuv
3376 5116 3540 5173 Tusc.
3595 5116 3834 5185 Quaest,

2223 5187 2344 5260 pag.
2383 5187 2515 5250 186,
2549 5188 2648 5243 lin.
2680 5189 2783 5255 48,
2815 5199 2869 5244 et
2899 5189 3017 5243 Val.
3061 5187 3200 5243 Max.
3242 5187 3340 5245 lib.
3382 5203 3477 5258 tv,
3517 5203 3643 5259 cap.
3689 5190 3746 5256 7,
3781 5205 3836 5247 et

2221 5259 2411 5315 rursus
2441 5261 2629 5315 Anthr.
2666 5260 2766 5315 lib.
2796 5276 2832 5314 tt
2864 5259 2933 5315 de
2967 5260 3171 5330 Vitgin.

2301 5332 2316 5369 ί
2363 5334 2566 5387 Omnes
2597 5332 2728 5385 edit.
2762 5347 2826 5386 ac
2865 5347 2998 5386 tnss.
3031 5334 3277 5402 aliquot,
3307 5333 3439 5387 alter
3470 5331 3539 5385 ad
3577 5331 3722 5388 diem
3754 5350 3838 5388 re-

2220 5404 2464 5474 pedavit;
2494 5403 2685 5473 reliqui
2728 5414 2908 5457 autem
2954 5403 3146 5472 partim
3179 5405 3370 5474 rediit,
3407 5403 3606 5474 partim
3650 5421 3710 5458 se
3751 5421 3836 5458 re-

2217 5473 2351 5546 cepit
2371 5516 2386 5541 ,
2412 5480 2622 5547 partim
2645 5476 2806 5547 etiam
2837 5486 3068 5547 receptus
3094 5484 3210 5539 est;
3237 5473 3451 5547 Thaun.
3485 5489 3618 5529 vero
3647 5486 3708 5530 et
3740 5477 3831 5531 alii

2218 5544 2466 5602 nonnulli
2499 5544 2742 5600 melioris
2775 5555 2918 5600 nottc
2940 5544 2961 5615 ,⁷
2986 5547 3122 5600 alter
3147 5547 3215 5599 ad
3244 5546 3379 5600 diem
3409 5547 3623 5616 recepit.
3671 5547 3832 5601 Haud

2217 5620 2390 5682 male,
2428 5617 2471 5671 si
2511 5615 2577 5670 ad
2609 5618 2799 5672 vadem
2830 5621 3069 5683 releras;
3105 5617 3247 5672 idem
3275 5619 3421 5673 enim
3456 5634 3689 5688 prorsus
3726 5619 3834 5674 erit

2217 5704 2280 5743 ae
2309 5691 2354 5745 si
2385 5691 2656 5758 legeretur
2684 5708 2694 5741 :
2730 5689 2861 5744 alter
2887 5689 3164 5759 spopondit
3190 5688 3260 5741 ad
3285 5690 3420 5743 diem
3443 5689 3828 5759 constitutum,

2215 5761 2317 5817 nisi
2343 5761 2578 5816 rediisset
2606 5776 2724 5817 reus
2744 5803 2760 5830 ,
2793 5769 3004 5818 mortem
3031 5759 3346 5814 subiturum.
