4030 6188
229 192 316 249 169

1214 183 1299 240 DE
1336 180 1624 240 OliFICIIS
1665 179 2148 238 MINISTRORUM
2189 180 2316 236 LIB.
2363 181 2448 237 Ill.

3403 179 3502 237 HO

220 299 504 365 mensium,
546 303 606 352 ut
645 309 767 352 cum
807 292 1100 367 mqualibus
1137 304 1464 350 conventum
1504 302 1692 364 ageret
1729 292 1780 346 in
1811 293 1863 354 Α
1889 292 2134 348 caecitate
2182 291 2517 358 obduxerat,
2554 301 2609 346 et
2645 291 2779 346 dixit
2817 310 2829 346 :
2876 289 3120 359 Domine,
3151 291 3298 361 aperi
3327 293 3506 348 oculos

219 391 509 459 montibus,
571 406 693 460 quae
749 388 1116 459 virginitatem
1172 388 1292 459 eius
1347 386 1790 459 prardestinatam

220 487 322 542 neci
359 485 445 557 pio
481 485 683 541 affectu
720 492 1207 557 prosequerentur.
1264 481 1377 538 Nec
1415 484 1574 538 fletus
1611 496 1795 552 mqua-

218 581 334 636 linm
371 579 536 635 movit
572 579 810 650 puellam
832 620 848 646 ,
880 592 983 634 nec
1011 575 1172 634 dolor
1200 577 1387 642 ﬂexit,
1424 592 1524 632 nec
1552 575 1795 647 gemitus

216 675 532 742 retardavit,
561 690 667 731 nec
692 674 807 731 dies
831 673 1094 746 praeteriit
1111 713 1127 741 ,
1152 687 1256 729 nec
1283 670 1478 728 fefellit
1505 672 1659 728 hora.
1691 671 1796 727 Re-

217 768 303 824 diit
324 769 385 824 ad
417 777 635 840 patrem
659 809 675 835 ,
701 768 855 840 quasi
897 767 964 822 ad
995 776 1178 852 votum
1221 767 1464 830 rediret,
1505 774 1562 820 et
1599 764 1797 820 volun-

218 869 310 914 tate
344 859 560 931 propria
592 867 940 917 cunctantem
972 859 1225 930 impulit,
1261 858 1495 929 fecitque
1526 858 1798 914 arbitratu

214 961 495 1022 spontaneo
519 994 538 1019 ,
567 960 632 1008 ut
660 952 800 1024 quod
841 961 960 1009 erat
999 951 1298 1022 impietatis
1340 950 1622 1007 fortuitum
1643 992 1659 1018 ,
1701 951 1798 1007 fie-

217 1055 284 1100 ret
316 1043 526 1115 pietatis
556 1045 914 1102 sacrificium.

791 1163 1025 1221 CAPUT
1065 1163 1206 1220 XIII.

213 1257 464 1313 Inditham
493 1275 614 1314 eum
644 1259 807 1314 multa
831 1258 1070 1326 pericula
1097 1276 1190 1330 pro
1221 1259 1490 1315 honestate
1518 1258 1757 1313 subiisset
1784 1299 1798 1324 ,

505 1353 848 1424 multiplicem
873 1362 1163 1425 reportasse
1187 1352 1483 1407 utilitatem.

273 1470 357 1526 82.
389 1470 534 1527 Ecce
564 1471 667 1527 tibi
698 1469 888 1526 Iudith
921 1485 982 1527 se
1013 1469 1176 1527 oﬂ'ert
1207 1470 1473 1527 mirabilis
1493 1512 1508 1537 ,
1542 1484 1664 1539 quae
1693 1469 1804 1525 for-

214 1565 456 1621 midatum
485 1565 709 1636 populis
731 1565 908 1621 virum
939 1562 1346 1634 Holoiihernem
1375 1565 1520 1630 adit,
1551 1562 1806 1635 Assyrio-

215 1673 318 1713 rum
348 1659 676 1729 triumphali
704 1669 920 1730 septum
945 1668 1182 1715 caterva.
1210 1659 1380 1728 Quem
1413 1659 1591 1730 primo
1615 1658 1804 1715 forma:

213 1755 365 1823 gratia
407 1763 461 1810 et
511 1755 705 1811 vultus
743 1754 942 1810 decore
983 1753 1250 1824 perculit,
1294 1753 1493 1809 deinde
1533 1753 1806 1808 sermonis

213 1845 627 1917 circumscripsit
660 1845 929 1917 elegantia
958 1844 1177 1918 (Iudith
1207 1859 1236 1899 x
1257 1887 1271 1912 ,
1323 1844 1390 1899 12
1415 1852 1464 1900 et
1486 1861 1592 1916 seq.
1612 1843 1651 1915 ).
1687 1843 1807 1899 Pri-

215 1954 321 1994 mus
348 1938 669 2010 triumphus
707 1940 825 2008 ejus
865 1938 1001 2006 fuit,
1041 1938 1185 2009 quod
1226 1938 1499 2010 integrum
1538 1936 1806 2008 pudorem

215 2029 272 2085 de
304 2031 664 2088 tabernaculo
696 2031 872 2088 hostis
909 2033 1158 2088 revexit:
1193 2031 1468 2087 secundus
1491 2072 1505 2098 ,
1545 2029 1690 2102 quod
1729 2030 1810 2085 fe-

216 2123 340 2178 mina
371 2123 437 2180 de
464 2127 588 2182 viro
629 2125 940 2195 reportavit
975 2125 1263 2181 victoriam
1290 2166 1304 2191 ,
1340 2133 1365 2162 α
1398 2124 1604 2194 fugavit
1633 2140 1808 2196 popu-

215 2215 287 2270 los
313 2217 541 2271 consilio
573 2231 686 2273 suo
721 2215 934 2289 (Iudith
966 2232 1098 2284 xttt,
1127 2214 1248 2288 20).

279 2309 359 2364 83.
390 2308 745 2367 Horruerunt
766 2309 948 2366 Persa:
967 2310 1251 2365 audaciam
1275 2309 1414 2380 ejus.
1441 2309 1643 2382 Utique
1665 2309 1810 2382 quod

219 2403 264 2458 in
293 2405 390 2462 illis
423 2406 813 2479 Pythagoreus
850 2406 1066 2462 duobus
1105 2407 1394 2474 mirantur,
1438 2422 1546 2463 non
1587 2407 1810 2479 expavit

220 2501 388 2554 mortis
423 2500 741 2570 periculum
765 2541 781 2567 ,
820 2499 918 2557 sed
958 2514 1060 2556 nec
1101 2499 1361 2570 pudoris,
1392 2501 1539 2572 quod
1569 2512 1650 2557 est
1687 2517 1812 2574 gra-

219 2589 326 2645 vius
353 2592 503 2648 bonis
531 2592 802 2649 feminis:
833 2607 942 2648 non
972 2591 1137 2648 unius
1165 2592 1333 2649 ictum
1367 2593 1678 2664 carnificis,
1712 2594 1811 2651 sed

218 2699 310 2740 nec
341 2686 500 2742 totius
529 2686 822 2744 exercitus
853 2687 960 2742 tela
991 2686 1303 2757 trepidavit.
1347 2686 1504 2745 Stetit
1539 2687 1684 2745 inter
1712 2703 1810 2744 cu-

217 2795 338 2834 neos
363 2779 700 2838 bellatorum
742 2779 980 2850 femina,
1022 2782 1168 2838 inter
1204 2781 1448 2838 victricia
1489 2797 1676 2851 arma,
1717 2797 1808 2839 se-

213 2884 326 2926 cura
365 2874 592 2930 mortis.
635 2873 909 2942 Quantum
949 2871 1017 2929 ad
1057 2873 1258 2930 molem
1299 2882 1513 2945 spectat
1543 2875 1806 2945 periculi,

214 2965 456 3021 moritura
491 2966 816 3037 processit:
848 2974 1110 3038 quantum
1138 2967 1205 3022 ad
1236 2966 1429 3036 tidem,
1460 2968 1806 3025 dimicatura.

1897 403 2092 452 eorum,
2112 396 2165 441 ut
2195 386 2421 453 rideant,
2449 396 2496 439 et
2526 384 2760 439 viderunt
2793 383 2880 455 (IV
2912 385 3042 456 Reg.
3067 400 3145 448 vr,
3173 385 3239 440 18
3260 394 3305 440 et
3326 385 3459 457 seq.)
3483 385 3508 438 ?

1895 479 2080 552 Itaque
2101 496 2221 536 cum
2245 496 2340 536 rex
2358 479 2524 536 Israel
2547 488 2835 551 percutere
2857 479 3136 550 ingressos
3158 480 3339 546 vellet,
3360 495 3509 536 cam—

1896 589 2001 645 que
2023 574 2126 629 sibi
2149 573 2266 629 dari
2291 589 2320 628 a
2344 576 2607 644 propheta
2637 572 2946 629 facultatem
2969 582 3251 644 posceret;
3280 589 3510 645 respon-

1898 666 1981 722 dit
2001 683 2109 722 non
2141 666 2546 738 percutiendos,
2569 682 2801 738 quorum
2832 667 3203 738 captivitatem
3230 683 3336 723 non
3363 677 3510 724 esset

1899 775 2062 816 manu
2089 768 2366 831 operatus,
2391 760 2669 831 armisque
2689 760 2922 827 bellicis,
2948 761 3044 816 sed
3067 761 3240 832 magis
3266 762 3512 818 subsidio

1899 853 2281 910 alimentorum
2315 853 2608 924 iuvandos.
2667 852 2911 925 Denique
2955 853 3270 923 epularibus
3318 853 3511 910 refecti

1899 949 2092 1020 copiis,
2111 964 2401 1020 numquam
2427 956 2613 1018 postea
2635 948 2688 1004 in
2712 958 2914 1004 terram
2935 948 3102 1004 Israel
3124 948 3314 1018 pirata:
3335 949 3509 1021 Syria:

1903 1042 2284 1098 revertendum
2318 1051 2596 1112 putarunt.

1975 1135 2064 1191 87.
2107 1135 2322 1204 Quanto
2353 1137 2458 1191 hoc
2488 1135 2810 1203 sublimius,
2839 1152 2998 1208 quam
3034 1136 3169 1193 illud
3197 1137 3511 1193 Graecorum

1908 1240 1928 1266 ο
1961 1229 2106 1300 quod
2134 1244 2256 1285 cum
2287 1229 2395 1285 duo
2429 1229 2613 1300 p0puli
2644 1229 2934 1286 adversum
2964 1245 3023 1285 se
3048 1230 3115 1284 de
3143 1231 3315 1300 gloria
3344 1229 3514 1299 impc-

1905 1324 2095 1394 rioque
2134 1323 2515 1390 decertarent,
2547 1333 2600 1378 et
2636 1323 2772 1378 alter
2802 1339 2871 1378 ex
2900 1322 2987 1377 his
3037 1323 3262 1380 haberet
3299 1323 3512 1394 copiam

1905 1415 2361 1486 quemadmodum
2403 1431 2568 1470 naves
2605 1415 2829 1470 alterius
2873 1414 3054 1485 poiiuli
3098 1415 3346 1470 clanculo
3383 1429 3515 1470 exu-

1907 1519 2076 1575 reret,
2101 1521 2256 1581 turpe
2271 1509 2502 1566 credidit
2529 1529 2541 1565 :
2567 1509 2861 1580 maluitque
2883 1510 3062 1564 minus
3083 1524 3244 1580 posse
3261 1508 3515 1572 honeste,

1909 1619 2068 1675 quam
2103 1604 2222 1675 plus
2256 1604 2506 1674 turpiter.
2547 1601 2619 1657 Et
2659 1602 2747 1658 isti
2777 1601 2995 1673 quidem
3031 1601 3148 1657 sine
3179 1601 3385 1672 flagitio
3414 1599 3518 1655 hoc

1835 1689 1883 1750 B
1910 1698 2089 1755 facere
2114 1696 2432 1768 nequibant,
2463 1705 2522 1753 ut
2548 1711 2645 1752 eos
2673 1695 2765 1768 qui
2792 1695 3205 1752 consummandi
3237 1695 3364 1751 belli
3388 1695 3519 1752 Per-

1911 1792 2010 1849 sici
2035 1792 2208 1864 gratia
2236 1791 2290 1848 in
2316 1792 2633 1847 societatem
2658 1798 3053 1857 convenerant,
3077 1788 3180 1844 hac
3205 1787 3395 1844 fraude
3423 1788 3519 1845 de-

1910 1887 2198 1958 ciperent;
2238 1901 2399 1956 quam
2445 1885 2571 1942 licet
2601 1893 2827 1956 possent
2866 1899 3068 1956 negare
3091 1926 3106 1948 ,
3151 1899 3258 1940 non
3293 1891 3522 1955 possent

1913 1990 2094 2036 tamen
2133 1994 2241 2036 non
2275 1978 2602 2036 erubescere
2632 1997 2644 2031 :
2672 1977 2907 2034 Elisaeus
2943 1986 3127 2034 autem
3165 1993 3272 2032 non
3305 1976 3520 2044 fraude,

1911 2075 2168 2146 deceptos
2198 2073 2351 2141 licet,
2380 2073 2476 2129 sed
2503 2080 2773 2144 potestate
2803 2069 3018 2127 Domini
3049 2085 3337 2142 percussos
3357 2114 3374 2140 ,
3405 2085 3523 2126 ma-

1912 2167 2014 2222 luit
2035 2175 2219 2222 tamen
2239 2179 2460 2220 servare
2482 2179 2643 2234 quam
2666 2162 2930 2234 perdere;
2955 2165 3079 2233 quia
3099 2161 3357 2218 decorum
3382 2162 3526 2219 foret

1912 2259 2056 2315 hosti
2086 2273 2335 2329 parcere,
2362 2264 2418 2312 et
2437 2256 2750 2312 adversario
2779 2255 2983 2310 donare
3009 2256 3200 2324 vitam,
3233 2271 3393 2327 quam
3427 2272 3523 2327 pc-

1913 2351 2111 2406 tuisset
2136 2348 2354 2404 auferre
2381 2347 2484 2403 nisi
2514 2347 2872 2420 pepercisset.

1988 2443 2076 2499 88.
2119 2441 2314 2513 Liquet
2355 2440 2520 2512 igitur
2560 2439 2613 2495 id
2653 2439 2796 2510 quod
2841 2439 3096 2496 decorum
3135 2449 3257 2506 est,
3304 2454 3524 2511 semper

1914 2551 2037 2594 esse
2067 2536 2218 2592 utile.
2266 2535 2400 2590 Nam
2442 2543 2497 2591 et
2533 2533 2718 2590 Iudith
2759 2542 2944 2588 sancta
2981 2533 3182 2588 decoro
3208 2540 3522 2603 contemptu

1914 2629 2153 2702 propriae
2183 2627 2375 2684 salutis
2401 2627 2564 2683 solvit
2589 2625 2889 2681 obsidionis
2915 2625 3216 2697 periculum
3235 2667 3248 2690 ,
3283 2623 3310 2662 ἀ
3337 2633 3393 2680 et
3425 2640 3525 2696 pu-

1915 2725 2110 2782 blicam
2157 2723 2448 2779 honestate
2500 2720 2720 2792 propria
2770 2710 3060 2791 acquisivit
3099 2719 3387 2776 utilitatem
3424 2736 3437 2770 :
3471 2728 3529 2774 et

1915 2819 2142 2874 Elisaeus
2167 2816 2457 2890 gloriosius
2488 2814 2716 2886 ignovit,
2747 2829 2905 2884 quam
2939 2813 3173 2884 perculit
3208 2830 3221 2868 :
3250 2822 3306 2870 et
3338 2811 3526 2868 utilius

1914 2911 2215 2970 reservavit
2242 2909 2432 2966 hostes
2469 2922 2608 2980 quos
2645 2916 2885 2976 ceperat.

1987 3005 2078 3062 89.
2118 3003 2259 3070 Quid
2308 3011 2489 3058 autem
2539 2999 2688 3055 aliud
2730 2998 2972 3054 Joannes
3020 2998 3125 3054 nisi
3180 2997 3522 3054 honestatem

273 3060 356 3116 ⁸4⁸
388 3060 968 3163 ”°",°s““°“1,‘8““’
994 3063 1532 3163 ⁸Ῡ⁰Π¹³,θ⁸⁸,,³¹¹δίί¹¹
1550 3075 1651 3163 ﬂe"
1679 3065 1808 3163 d“_m
1839 3089 1883 3152 C
1914 3060 2307 3154 consideravit?
2331 3104 2389 3150 ut
2411 3093 2730 3151 inhonestos
2753 3092 2968 3163 nuptias
2991 3094 3156 3148 etiam
3182 3093 3237 3147 in
3266 3107 3394 3163 rege
3417 3105 3528 3146 non

212 3164 317 3206 eam
355 3154 639 3224 sequitur,
683 3153 970 3210 utilitatem
1020 3155 1249 3211 invenit.
1300 3155 1616 3213 IIonestatis
1667 3157 1810 3213 enim

210 3241 302 3300 fuit
354 3249 663 3320 prohibere
694 3263 764 3305 ne
811 3249 1044 3320 populus
1073 3250 1167 3307 Dei
1201 3266 1263 3307 se
1289 3251 1536 3322 profanis
1564 3252 1809 3322 dederet,

213 3354 274 3394 ne
299 3340 430 3398 ritus
467 3341 698 3413 patrios
725 3352 781 3399 et
806 3354 1150 3401 sacramenta
1183 3345 1475 3415 proderet;
1520 3361 1588 3403 ne
1625 3362 1812 3404 sacras

212 3433 466 3507 virgines,
508 3435 719 3492 viduas
757 3454 988 3510 graves,
1031 3440 1256 3510 pudicas
1298 3449 1580 3497 matronas
1620 3443 1813 3499 barba-

211 3529 324 3586 ricae
350 3533 663 3604 subiiceret
693 3531 1026 3603 impuritati;
1058 3551 1127 3590 ne
1154 3535 1498 3592 obsidionem
1529 3535 1813 3594 deditione

212 3623 471 3682 solveret:
507 3627 829 3683 honestatis
869 3625 966 3682 fuit
995 3643 1055 3683 se
1085 3628 1247 3683 malle
1287 3643 1391 3700 pro
1428 3631 1681 3686 omnibus
1722 3645 1814 3700 pe-

213 3715 421 3775 riclitari
442 3762 458 3788 ,
493 3729 561 3777 ut
594 3733 789 3776 omnes
821 3720 1092 3777 eximeret
1143 3721 1388 3792 periculo
1419 3722 1649 3795 (Iudith
1677 3739 1774 3778 vm
1797 3764 1812 3789 ,

219 3808 276 3864 l0
304 3824 348 3868 et
375 3831 478 3888 seq.
499 3815 546 3887 ).

277 3905 359 3960 85.
391 3907 622 3976 Quanta
671 3905 978 3962 honestatis
1029 3907 1365 3975 auctoritas,
1421 3918 1479 3964 ut
1527 3909 1812 3966 consilium

219 3997 362 4070 129
381 3999 449 4056 de
475 3999 716 4056 summis
744 4001 909 4056 rebus
936 4000 1137 4057 femina
1156 4001 1265 4059 sibi
1289 4002 1627 4071 vindicaret,
1658 4003 1686 4043 δ
1715 4020 1815 4062 nec

213 4091 544 4163 principibus
592 4093 784 4165 populi
810 4097 1220 4152 committeret!
1255 4097 1469 4166 Quanta
1511 4098 1815 4156 honestatis

217 4187 519 4256 auctoritas,
550 4197 618 4242 ut
644 4188 816 4244 Deum
844 4188 1152 4260 adiutorem
1184 4201 1583 4262 praesumeret:
1615 4203 1814 4265 quanta

215 4281 370 4349 gratia
393 4325 407 4347 ,
439 4291 502 4338 ut
534 4283 814 4339 inveniret
840 4285 854 4338 !

813 4377 1043 4436 CAPUT
1082 4377 1224 4435 XIV.

1916 3200 2100 3263 posset
2129 3189 2360 3262 perpeti,
2393 3187 2580 3244 dicens
2615 3205 2628 3242 :
2663 3196 2686 3223 °
2720 3183 2841 3238 Non
2866 3185 2982 3240 licet
3020 3186 3111 3240 tibi
3143 3185 3289 3241 illam
3315 3201 3528 3240 uxorem

1913 3289 2102 3343 habere
2130 3285 2322 3359 (Mare.
2357 3300 2480 3351 xiv,
2512 3282 2588 3354 4).
2633 3283 2814 3339 Potuit
2842 3293 3045 3346 tacere,
3075 3279 3181 3336 nisi
3205 3280 3528 3336 indecorum

1913 3379 2013 3434 sibi
2037 3377 2336 3449 iudicasset
2367 3375 2560 3430 mortis
2589 3383 2736 3429 metu
2770 3389 2959 3429 verum
2999 3387 3106 3428 non
3145 3371 3349 3436 dicere,
3385 3369 3403 3408 ί
3441 3371 3526 3426 in-

1915 3471 2122 3527 clinare
2155 3470 2270 3541 regi
2315 3468 2690 3541 propheticam
2721 3468 3124 3534 auctoritatem,
3155 3465 3528 3520 adulationem

1915 3565 2224 3620 subtexere.
2271 3561 2487 3617 Sciebat
2526 3560 2712 3632 utique
2757 3560 3078 3614 moriturum
3119 3572 3180 3613 se
3218 3571 3371 3623 esse,
3401 3556 3527 3626 quia

1915 3658 2033 3730 regi
2069 3657 2460 3713 adversabatur
2495 3673 2507 3709 :
2543 3654 2640 3710 sed
2683 3653 3030 3709 honestatem
3069 3651 3230 3706 saluti
3269 3649 3526 3720 prastulit.

1915 3751 1986 3806 Et
2003 3761 2181 3806 tamen
2203 3749 2334 3820 quid
2355 3748 2548 3804 utilius
2565 3761 2725 3819 quam
2743 3744 2889 3817 quod
2911 3743 3180 3815 passionis
3200 3741 3316 3798 viro
3338 3748 3530 3798 sancto

1915 3842 2133 3898 advexit
2157 3841 2385 3912 gloriam
2405 3840 2431 3894 ‘t

1987 3933 2078 3989 90.
2122 3933 2322 3991 Sancta
2353 3945 2568 4002 quoque
2601 3929 2848 3984 Susanna
2877 3925 3198 3983 denuntiato
3221 3927 3346 3982 falsi
3375 3927 3528 3982 testi-

1917 4028 2085 4085 monii
2110 4037 2341 4091 terrore,
2368 4039 2492 4080 cum
2518 4023 2646 4078 hinc
2672 4037 2731 4078 se
2758 4021 2965 4077 videret
2997 4021 3174 4090 urgeri
3210 4021 3368 4093 13o
3390 4021 3530 4089 peri-

1915 4123 2040 4179 culo
2064 4166 2078 4191 ,
2120 4119 2249 4176 inde
2284 4117 2577 4190 opprobrio
2603 4157 2617 4181 ,
2650 4115 2839 4171 maluit
2870 4114 3101 4170 honesta
3136 4123 3312 4169 morte
3356 4113 3532 4167 vitare

1916 4216 2295 4289 approbrium,
2320 4229 2480 4286 quam
2505 4211 2684 4268 studio
2707 4209 2898 4266 salutis
2921 4219 3132 4281 turpem
3160 4209 3322 4264 vitam
3347 4207 3532 4264 subire

1916 4325 1980 4367 ac
2006 4308 2301 4366 sustinere.
2352 4306 2537 4377 Itaque
2575 4304 2702 4360 dum
2753 4302 3026 4359 honestati
3065 4301 3330 4367 intendit,
3366 4301 3529 4358 etiam

1917 4404 2080 4460 vitam
2127 4402 2433 4458 reservavit
2464 4419 2477 4456 :
2507 4416 2626 4470 qua:
2657 4400 2700 4454 si
2746 4398 2798 4455 id
2831 4398 2976 4470 quod
3011 4397 3114 4453 sibi
3145 4397 3432 4458 videbatur
3462 4396 3530 4450 ad

218 4463 383 4525 Elistei
410 4476 611 4542 factum
641 4487 796 4542 quant
821 4471 1091 4527 honestum
1117 4483 1268 4545 atque
1296 4475 1420 4530 utile
1447 4476 1623 4548 fuerit.
1655 4476 1810 4552 Ejus-

1922 4498 2083 4554 vitam
2119 4497 2254 4552 utile
2294 4493 2742 4567 pracOptavisset,
2783 4507 2892 4549 non
2946 4497 3149 4546 tantam
3197 4497 3534 4558 reportasset

283 4561 388 4615 dem
418 4582 536 4619 cum
568 4563 845 4620 decantata
871 4564 1172 4622 Graecorum
1201 4570 1432 4640 facinore
1473 4573 1810 4642 comparatio.

280 4653 530 4714 Joannem
572 4675 667 4728 pro
703 4662 965 4716 honestate
1008 4661 1161 4716 vitam
1197 4663 1508 4732 impendisse
1544 4682 1563 4720 :
1592 4683 1682 4720 nec
1712 4683 1815 4721 non

284 4747 578 4804 Susannam
607 4751 785 4806 eadem
815 4768 971 4808 causa
1002 4770 1056 4808 se
1085 4755 1264 4810 mortis
1294 4757 1521 4827 periculo
1551 4760 1814 4834 objecisse.

282 4863 366 4919 86.
406 4867 548 4935 Quid
573 4884 704 4925 vero
727 4869 956 4926 Elisseus
978 4870 1085 4927 nisi
1115 4871 1454 4930 honestatem
1478 4885 1693 4932 secutus
1716 4887 1820 4946 est,

218 4968 331 5012 cum
357 4964 662 5018 exercitum
699 4963 906 5036 Syrize,
938 4967 1029 5035 qui
1071 4966 1139 5022 ad
1170 4967 1534 5025 obsidendum
1572 4986 1694 5026 eum
1722 4987 1818 5028 ve-

217 5062 383 5122 nerat,
407 5058 684 5128 captivum
714 5058 1015 5116 introduxit
1034 5059 1089 5115 in
1111 5060 1437 5130 Samariam,
1461 5062 1616 5135 cuius
1636 5064 1822 5120 oculos

284 5245 310 5315 ξ
346 5236 756 5315 ﬁss._a_liquot,
790 5243 992 5313 fugavit
1019 5241 1240 5315 papulas
1272 5259 1386 5297 cum
1417 5243 1529 5311 ﬁlio
1559 5260 1674 5299 suo.

283 5306 311 5345 δ
350 5309 452 5364 Ms.
477 5306 717 5377 Thuan.,
742 5306 921 5368 uec'a
956 5306 1280 5386 principibus
1317 5306 1496 5386 populi
1524 5316 1820 5389 adjutorem

217 5393 562 5447 praesumeret.

289 5461 310 5487 ε
349 5450 468 5507 Cic.
496 5453 654 5528 Offic.
688 5454 785 5528 lib.
816 5472 894 5518 ut.
931 5473 1050 5528 pag.
1082 5456 1212 5521 594,
1246 5458 1341 5513 lin.
1375 5458 1439 5512 l7
1483 5476 1495 5512 :
1531 5457 1822 5514 Themisto-

219 5521 319 5603 ειςξ
367 5527 804 5603 post_pictoriar_n
863 5521 1026 5598 huqu
1055 5529 1195 5603 belli
1221 5570 1234 5592 ,
1275 5528 1414 5603 quod
1469 5547 1586 5585 cum
1639 5530 1824 5603 Persis

217 5592 336 5668 fuit,
357 5603 470 5668 etc.
496 5594 642 5668 Idem
670 5597 900 5668 legimus
927 5592 1070 5668 apud
1103 5592 1452 5655 Plutarchum
1477 5603 1532 5656 in
1560 5601 1822 5658 Aristide.

291 5661 321 5698 εί
357 5665 486 5747 μρξ.
512 5661 764 5747 aliquot:
805 5680 852 5722 et
884 5661 1144 5747 publicam
1174 5671 1530 5747 honestatem,
1556 5673 1831 5747 propriam

220 5736 489 5802 acquisivit
521 5738 832 5805 utilitatem;
874 5736 968 5796 alii
1015 5743 1299 5811 nonnulli,
1345 5753 1393 5798 et
1441 5736 1703 5816 publicant
1741 5743 1833 5798 Ito-

641 5832 911 5896 ΡΑτιωι.
959 5833 1133 5896 XVI.

1922 4591 2149 4662 gloriam
2181 4607 2194 4644 :
2226 4589 2392 4644 immo
2414 4589 2576 4644 etiam
2610 4587 2661 4642 id
2684 4586 2826 4657 quod
2857 4600 2965 4640 non
2990 4583 3165 4638 solum
3199 4581 3409 4646 inutile,
3435 4581 3530 4636 scd

1927 4685 2089 4742 etiam
2149 4682 2512 4755 periculosum
2587 4679 2764 4745 foret,
2824 4691 3043 4748 poenam
3111 4671 3360 4728 criminis
3415 4672 3532 4727 for-

1923 4783 2064 4838 sitan
2115 4794 2222 4835 non
2269 4780 2539 4834 evasisset
2593 4773 2761 4848 (Dan.
2791 4771 2930 4843 xm).
2984 4769 3332 4826 Advertimus
3372 4767 3535 4836 igitur

1924 4877 2049 4946 quia
2077 4872 2128 4927 id
2157 4871 2299 4941 quod
2325 4878 2483 4938 turpe
2507 4877 2622 4930 est,
2658 4881 2766 4921 non
2798 4864 2968 4936 possit
3005 4877 3127 4918 esse
3155 4861 3286 4916 utile
3317 4879 3331 4914 :
3359 4874 3537 4930 neque

1926 4981 2114 5026 rursus
2143 4965 2196 5020 id
2227 4961 2374 5036 quod
2407 4963 2694 5016 honestum
2723 4969 2828 5025 est,
2861 4955 3089 5020 inutile;
3123 4955 3250 5024 quia
3279 4953 3534 5023 complex

1925 5058 2228 5118 honestatis
2259 5064 2343 5112 est
2373 5067 2593 5123 semper
2622 5050 2858 5117 utilitas,
2889 5057 2945 5105 et
2973 5047 3226 5104 utilitatis
3258 5047 3538 5103 honestas.

1927 5251 2175 5302 aestatem
2198 5237 2411 5313 propria
2437 5233 2707 5307 acquisivit
2731 5231 2972 5287 utilitate.
2995 5229 3166 5301 Magis
3187 5229 3322 5286 scite
3340 5230 3536 5304 reliqui

1926 5333 1991 5374 ac
2021 5314 2154 5372 edit.
2183 5312 2245 5367 ut
2273 5312 2324 5365 in
2356 5317 2528 5364 textu.

2004 5397 2028 5426 ο
2068 5387 2227 5442 Rom.
2255 5382 2388 5440 edit.
2409 5421 2425 5445 ,
2462 5378 2583 5434 Non
2611 5377 2728 5433 licet
2760 5375 2851 5432 tibi
2879 5374 3069 5431 habere
3102 5390 3315 5430 uxorem
3355 5375 3538 5445 fratris

1931 5471 2028 5569 mi
2073 5529 2146 5585 Ita
2191 5542 2322 5583 mss.
2368 5525 2529 5595 longe
2576 5518 2833 5595 plttrimi;
2883 5519 2973 5575 alii
3016 5528 3197 5595 autem
3239 5518 3443 5595 aliquot
3485 5536 3543 5580 et

1935 5617 2126 5660 omnes
2151 5600 2282 5655 edit.
2303 5641 2317 5664 ,
2357 5592 2600 5652 inclinari
2632 5593 2775 5663 regi,
2804 5593 3158 5663 propheticam
3184 5592 3544 5654 auctoritatem

1938 5674 2237 5732 adulatione
2260 5669 2539 5727 subtexere.

2942 5829 2980 5888 6
