4030 6188
462 136 564 193 175

1849 129 2096 189 SANCTI
2130 128 2451 188 AMBROSII

3668 136 3772 196 176

452 251 580 306 talis
613 250 787 320 gratia
819 264 913 319 per
934 249 1113 318 ignem
1167 248 1373 314 exurit,
1436 262 1532 316 per
1579 261 1776 318 aquam
1825 246 2050 302 mundat
2078 251 2132 311 Α
2153 242 2395 298 Iudicavi
2427 254 2482 298 ut
2514 260 2740 314 praesens
2790 261 2905 301 eum
2943 247 3036 316 qui
3064 246 3140 302 sic
3169 257 3413 319 operatus
3441 258 3533 316 est,
3561 252 3774 308 tradere

453 352 676 413 peccata
701 343 923 396 nostra?
955 340 1165 395 Eluitur
1191 341 1337 396 enim
1368 349 1670 409 peccaturo,
1695 349 1750 396 et
1775 342 2048 396 exuritur.

456 437 612 491 Unde
648 444 699 489 et
727 433 1024 504 Apostolus
1064 433 1140 485 ait
1172 450 1184 486 :
1249 432 1670 506 Uniuscujusque
1708 432 1866 505 134.
1919 450 2050 503 opus

450 531 604 600 quale
641 529 730 594 sit,
764 527 898 598 ignis
925 525 1162 594 probabit
1189 525 1232 595 (Ι
1255 523 1376 580 Cor.
1405 542 1464 580 ιιι
1492 568 1507 592 ,
1541 527 1658 596 15);
1687 535 1741 581 ct
1770 527 1905 581 infra
1938 543 1951 579 :
1989 527 2051 581 Si

450 623 598 692 cujus
633 635 764 688 opus
791 620 998 680 arserit,
1025 617 1387 673 detrimentum
1414 620 1639 690 patietur
1662 660 1677 684 ,
1731 620 1842 690 ipse
1875 629 2049 674 autem

447 714 620 768 salvus
642 711 758 777 erit,
790 712 864 765 sic
895 722 1070 766 tamen
1099 713 1247 782 quasi
1275 729 1366 784 per
1386 713 1555 784 ignnn
1581 711 1769 783 (Ibid.,
1799 711 1914 783 15).

515 803 639 859 104.
685 802 841 870 Quod
898 802 1021 858 ideo
1057 804 1371 872 posuimus,
1435 813 1492 858 ut
1539 804 1895 874 probaremus
1952 818 2050 872 per

447 899 628 968 ignem
655 897 813 952 exuri
838 905 1080 966 peccata.
1115 896 1314 952 Notum
1338 905 1421 952 est
1449 912 1580 968 ergo
1603 896 1746 953 hunc
1773 911 1893 953 esse
1916 911 2049 951 vere

446 992 622 1061 ignem
652 1004 892 1054 sacrum,
917 989 1007 1060 qui
1049 999 1176 1045 tunc
1206 989 1260 1044 in
1303 1000 1430 1062 typo
1484 990 1678 1046 futurae
1709 989 2048 1047 remissionis

444 1092 794 1152 peccatorum
823 1081 1106 1138 descendit
1133 1097 1298 1153 super
1319 1083 1670 1138 sacriﬁcium.

515 1175 638 1230 105.
685 1174 782 1229 llic
808 1173 969 1245 igitur
1002 1174 1140 1243 ignis
1170 1174 1531 1230 absconditur
1552 1175 1886 1246 captivitatis
1910 1185 2045 1231 tem-

440 1281 594 1337 pore,
620 1282 727 1336 quo
759 1268 919 1336 culpa
962 1276 1189 1338 regnat:
1226 1278 1475 1339 tempore
1505 1277 1684 1325 autem
1717 1279 1743 1307 ει
1777 1269 2045 1325 libertatis

443 1361 731 1429 promitur.
765 1361 835 1416 Et
863 1361 993 1417 licet
1023 1363 1076 1416 in
1098 1377 1252 1433 aqua:
1280 1363 1516 1433 speciem
1572 1373 1830 1429 mutatus,
1863 1373 2044 1420 tamen

440 1464 624 1508 servat
664 1453 804 1523 ignis
855 1461 1131 1520 naturam,
1181 1462 1241 1508 ut
1286 1465 1636 1511 consumeret
1691 1454 2041 1510 sacriﬁcium.

439 1544 549 1600 Nec
578 1545 789 1600 mireris
843 1560 964 1600 cum
997 1546 1230 1616 legeris,
1280 1547 1406 1616 quia
1452 1547 1615 1602 Pater
1659 1548 1804 1604 Deus
1849 1548 2038 1603 dixit:

441 1637 550 1708 Ego
590 1654 704 1690 sum
749 1639 884 1710 ignis
927 1655 1233 1694 consumens
1265 1639 1457 1710 (Deut.
1482 1657 1555 1707 tv,
1585 1640 1722 1712 24);
1757 1650 1812 1698 et
1863 1642 2034 1698 alibi:

437 1727 526 1782 Me
574 1728 948 1798 dereliquerant
980 1734 1175 1800 fontem
1223 1748 1373 1801 aqua:
1413 1733 1537 1788 viva:
1583 1732 1794 1803 (Jereut.
1828 1749 1887 1800 tt,
1923 1733 2036 1805 15).

435 1818 555 1890 Ipse
582 1836 799 1891 quoque
830 1822 1092 1877 Dominus
1139 1822 1301 1879 Jesus
1351 1825 1508 1896 quasi
1537 1825 1680 1897 ignis
1733 1826 2038 1882 inﬂamma-

438 1915 529 1971 bat
551 1915 885 1971 audientium
914 1916 1080 1972 corda
1115 1916 1269 1989 (Luc.
1303 1934 1400 1982 χιι,
1427 1917 1543 1991 49),
1591 1921 1746 1990 quasi
1789 1921 1909 1975 fons
1951 1937 2039 1976 re-

436 2006 770 2079 frigerabat;
823 2023 947 2063 nam
989 2010 1110 2080 ipse
1155 2010 1207 2065 in
1242 2010 1540 2082 Evangelio
1586 2027 1685 2066 suo
1715 2011 1847 2068 dicit
1893 2010 2039 2082 quod

433 2099 558 2154 ideo
581 2100 822 2169 venerit,
859 2111 915 2155 ut
943 2102 1120 2173 ignem
1153 2102 1204 2157 in
1239 2113 1413 2158 terras
1446 2104 1706 2168 mitteret,
1753 2113 1805 2160 et
1851 2114 2038 2176 potum

434 2194 745 2250 sitientibus
761 2209 916 2264 aqua:
933 2195 1070 2250 viva:
1084 2196 1420 2252 ministraret
1437 2195 1617 2268 (Joau.
1636 2197 1804 2263 vn,57
1819 2208 1867 2251 et
1879 2198 2037 2271 seq.).

503 2288 629 2344 106.
660 2288 793 2342 Elia:
814 2303 1033 2359 quoque
1057 2300 1304 2360 tempore
1326 2289 1612 2346 descendit
1639 2290 1801 2361 ignis,
1819 2291 2037 2362 quando

429 2383 746 2451 provocavit
779 2384 1076 2452 prophetas
1120 2385 1388 2455 gentium,
1419 2393 1477 2440 ut
1516 2384 1688 2440 altare
1739 2387 1857 2442 sine
1912 2388 2037 2458 igne

431 2475 811 2532 accenderent.
841 2475 910 2532 Et
937 2493 1059 2532 cum
1092 2477 1166 2532 illi
1215 2479 1536 2549 nequissent
1566 2478 1763 2544 facere,
1801 2480 2033 2536 hostiam

430 2584 585 2622 suam
612 2569 772 2623 tertio
799 2567 915 2638 ipse
937 2568 1356 2640 perluditaqua,
1407 2578 1462 2624 et
1487 2571 1742 2626 manabat
1790 2586 1926 2642 aqua
1979 2573 2035 2628 in

431 2661 662 2715 circuitu
689 2661 902 2726 altaris,
930 2671 985 2716 et
1006 2663 1353 2729 exclamavit,
1381 2672 1435 2716 et
1465 2661 1666 2716 cecidit
1696 2662 1836 2733 ignis
1867 2679 1896 2717 a
1932 2665 2036 2720 Do-

431 2755 581 2810 mino
613 2755 682 2810 de
712 2755 883 2822 coalo,
909 2765 964 2809 et
1003 2757 1344 2840 consumpsit
1373 2756 1752 2814 holocausmm
1789 2760 1875 2834 (lll
1900 2760 2030 2834 Reg.

431 2865 586 2916 xvnt,
617 2850 737 2922 58).

500 2941 624 2996 107.
653 2941 839 2996 Hostia
873 2941 964 2996 illa
1003 2949 1060 2997 tu
1100 2957 1182 2998 es.
1211 2943 1507 3000 Considera
1565 2945 1760 3001 tacitus
1797 2946 2027 3018 singula.

431 3034 487 3089 ln
521 3044 574 3090 te
605 3034 889 3090 descendit
932 3051 1100 3107 vapor
1146 3037 1382 3108 Spiritus
1432 3041 1608 3096 sancti
1639 3083 1654 3105 ,

429 3144 660 3184 exurere
681 3171 694 3194 ,
727 3145 848 3184 cum
880 3139 967 3185 tua
995 3142 1212 3200 peccata
1265 3135 1554 3189 consumit.
1585 3136 1833 3207 Denique
1885 3138 2030 3210 quod

429 3230 816 3291 consumptum
847 3230 931 3277 est
951 3223 1276 3278 sacriﬁcium
1309 3226 1480 3298 Moysi
1515 3237 1784 3300 tempore,
1823 3234 2032 3290 sacriﬁ-

427 3316 568 3369 cium
617 3330 713 3383 pro
745 3325 968 3383 peccato
1018 3324 1154 3370 erat.
1183 3315 1336 3372 Unde
1389 3318 1602 3390 Moyses
1638 3323 1734 3388 ait,
1781 3324 1925 3381 sicut
1973 3326 2028 3382 in

431 3405 863 3461 Machabmorum
913 3406 1177 3478 scriptum
1208 3417 1292 3464 est
1331 3411 1470 3467 libro
1524 3413 1593 3485 (ll
1619 3414 1796 3472 Maeli.
1829 3434 1886 3484 ιι,
1914 3419 2026 3492 11),

425 3519 492 3557 eo
523 3502 666 3573 quod
690 3517 797 3557 non
823 3503 893 3557 sit
915 3503 1297 3560 manducatum
1329 3507 1475 3577 quod
1505 3520 1622 3566 erat
1651 3526 1748 3581 pro
1771 3522 2025 3583 peccato,

424 3604 805 3664 consumptum
832 3605 936 3651 est.
969 3595 1163 3652 Nonne
1194 3597 1288 3653 tibi
1313 3601 1563 3655 consumi
1591 3603 1826 3673 videtur,
1859 3623 2030 3678 quan-

426 3689 497 3743 do
527 3687 579 3742 iu
628 3687 968 3760 baptismatis
1013 3699 1357 3746 sacramento
1385 3692 1623 3749 interitb
1672 3696 1834 3753 homo
1884 3709 2030 3756 totus

427 3781 707 3838 exterior?
755 3781 924 3837 Vetus
977 3781 1140 3838 homo
1198 3794 1384 3840 noster
1433 3789 1684 3843 conﬁxus
1726 3799 1810 3848 est
1853 3794 2025 3860 cruci,

427 3874 718 3944 Apostolus
745 3873 946 3930 clamat
994 3874 1172 3946 (Rom.
1198 3892 1271 3942 vr,
1303 3877 1382 3949 6).
1419 3878 1570 3949 lllic,
1619 3881 1763 3938 sicut
1805 3883 2024 3942 Patrum

427 3967 676 4037 exempla
726 3974 778 4022 te
830 3966 1049 4036 docent,
1098 3979 1119 4007 ο
1174 3968 1462 4042 Αῖεγριὶιιε
1511 3973 1869 4048 demergitur,
1920 3979 2027 4036 lle-

429 4061 606 4116 brazns
649 4060 911 4130 resurgit,
943 4069 1132 4117 sancto
1162 4076 1449 4121 renovatus
1481 4065 1708 4137 Spiritu,
1741 4071 1830 4141 qui
1863 4071 2023 4127 etiam

427 4169 525 4223 per
581 4169 730 4208 mare
771 4152 1013 4208 Rubrum
1060 4153 1330 4212 inoffenso
1361 4161 1884 4234 transivitvestigio,
1935 4166 2023 4221 ubi

425 4245 684 4315 baptizati
710 4252 839 4299 sunt
862 4252 1043 4313 patres
1070 4246 1171 4301 sub
1201 4248 1365 4316 nube,
1399 4261 1454 4305 et
1485 4251 1536 4306 in
1579 4255 1711 4309 mari
1741 4254 1784 4324 (l
1815 4255 1936 4311 Cor.
1966 4274 2021 4326 x,

431 4339 447 4392 1
487 4347 535 4392 et
572 4335 730 4409 seq.).

499 4431 619 4534 108.
647 4428 704 4484 In
749 4428 957 4534 diluvio
985 4447 1200 4502 quoque
1229 4433 1344 4491 Noe
1386 4414 1629 4507 tempore
1678 4450 1892 4500 mortua
1941 4453 2025 4502 est
2048 4471 2104 4538 Β

419 4523 595 4579 omnis
625 4538 775 4589 caro,
804 4522 984 4593 justus
1015 4533 1194 4581 tamen
1225 4541 1350 4582 cum
1373 4544 1469 4584 sua
1493 4533 1752 4602 progenie
1773 4545 2022 4593 servatus

419 4627 504 4674 est
532 4616 690 4688 (Gen.
721 4633 813 4683 vn,
841 4617 905 4672 21
933 4629 981 4673 et
1021 4619 1186 4692 seq.).
1245 4625 1438 4682 Annon
1467 4629 1806 4684 consumitur
1834 4629 2020 4698 homo,

419 4707 444 4748 δ
474 4727 595 4767 cum
623 4711 922 4767 absolvitur
958 4714 1190 4771 mortale
1215 4714 1359 4771 istud
1401 4733 1430 4772 a
1461 4719 1605 4774 vita?
1652 4721 1898 4794 Denique
1927 4741 2021 4781 ex-

419 4809 583 4863 terior
640 4807 1033 4877 corrumpitur,
1082 4810 1178 4864 sed
1251 4811 1484 4868 interior
1531 4827 1846 4873 renovatur.
1909 4819 2020 4878 Nec

417 4903 593 4957 solum
651 4901 704 4956 in
752 4901 1101 4972 baptismate,
1145 4902 1241 4960 sed
1289 4907 1453 4962 etiam
1497 4909 1552 4964 in
1603 4913 1924 4982 paenitentia
1955 4913 2017 4971 ﬁt

415 4996 594 5050 carnis
625 4994 880 5051 interitus
902 4995 970 5050 ad
1004 4996 1307 5065 profectum
1338 5001 1584 5070 spiritus;
1606 5005 1752 5060 sicut
1781 5009 2015 5077 Aposto-

415 5088 516 5145 lica
560 5089 823 5146 docemur
871 5091 1228 5161 auctoritate,
1281 5094 1500 5152 dicente
1557 5109 1748 5154 sancto
1797 5100 2011 5159 Paulo:

485 5253 512 5280 ι
552 5243 712 5298 Rom.
730 5241 889 5304 edit.,
917 5243 1167 5300 libertatis
1196 5246 1472 5302 reveletur.

481 5313 511 5352 δ
549 5315 752 5394 ginnas
780 5314 941 5380 edit.,
967 5314 1119 5370 homo
1147 5327 1316 5394 noster
1345 5321 1569 5394 exterior
1611 5325 1892 5394 cruciﬁxus
1914 5340 2007 5384 est.

449 5458 461 5470 .
486 5395 508 5423 ε
553 5386 695 5440 Edit.
721 5400 915 5442 omnes
942 5400 1006 5441 ac
1038 5402 1168 5442 mss.
1216 5389 1457 5461 aliquot,
1495 5386 1762 5466 Egyptus
1803 5398 2008 5454 demer-

451 5467 460 5470 ⁷
486 5473 566 5510 ur.

407 5467 506 5565 qud
549 5528 621 5613 lina
644 5543 778 5613 mss.
810 5527 992 5598 plures
1027 5545 1090 5587 ac
1121 5531 1400 5603 potiores:
1435 5533 1525 5591 alii
1569 5551 1701 5594 vero
1747 5548 1804 5596 et
1847 5541 2005 5613 edit.,

407 5613 523 5653 sum
544 5599 865 5656 absorbetur.

2156 336 2460 408 Itnjusmodi
2503 337 2715 393 Satanae
2775 338 2828 392 in
2878 339 3142 394 interitum
3187 341 3390 407 omnis,
3439 352 3494 396 ut
3547 343 3771 412 spiritus

2154 432 2328 485 salvus
2371 430 2437 485 sit
2481 432 2536 484 in
2577 431 2659 486 die
2703 429 2915 487 Domini
2961 433 3125 486 nostri
3151 431 3279 487 Jesu
3323 432 3516 489 Christi
3544 435 3562 504 (
3590 432 3609 487 Ι
3641 433 3766 489 Cor.

2155 540 2207 590 v,
2242 525 2296 590 5,
2325 522 2405 593 4).

2227 617 2350 673 109.
2392 616 2662 672 Prolixior
2693 632 2959 674 excursus
2988 617 3296 674 admirandi
3342 620 3518 692 gratia
3555 630 3770 693 myste-

2155 711 2222 767 rii
2250 711 2426 766 factus
2453 711 2688 778 videtur,
2717 711 2848 768 dum
2877 712 3162 768 studemus
3195 714 3500 770 revelatum
3545 715 3771 786 plenius

2152 813 2554 860 sacramentum
2584 806 2848 875 pandere,
2874 806 3017 877 quod
3042 823 3108 863 eo
3135 822 3308 879 usque
3340 807 3559 879 plenum
3592 807 3769 864 Itone-

2152 899 2308 955 statis
2334 909 2439 966 est,
2471 909 2531 954 ut
2553 901 2628 955 sit
2657 901 2874 969 plenum
2899 901 3201 972 religionis.
3701 917 3708 919 ·

2646 993 2804 1067 135
2845 993 3076 1050 CAPUT
3118 993 3264 1052 XIX.

2156 1084 2415 1140 Narratur
2443 1085 2724 1141 admissum
2763 1087 2817 1141 in
2847 1087 3010 1142 (cuiue
3047 1087 3323 1161 cujusdam
3365 1105 3583 1146 uxorem
3622 1108 3656 1145 a
3681 1089 3763 1145 ci-

2221 1178 2365 1233 vibus
2390 1177 2571 1233 Gabaa
2594 1179 2878 1250 ﬂagitium,
2915 1189 3069 1250 atque
3116 1196 3181 1235 ea:
3204 1181 3346 1236 illius
3378 1183 3573 1238 ultione
3608 1183 3764 1238 colli-

2219 1271 2364 1340 gitur
2380 1288 2536 1342 quam
2556 1273 2809 1328 veteribus
2824 1271 2929 1327 illis
2959 1273 3102 1328 cordi
3121 1273 3274 1344 fuerit
3295 1273 3577 1331 honestatis
3597 1278 3757 1332 ratio.

2223 1385 2345 1442 110.
2402 1386 2616 1454 Quanta
2660 1397 2843 1443 autem
2895 1388 3203 1444 honestatis
3268 1406 3398 1447 cura
3453 1392 3760 1461 majoribus

2145 1482 2267 1550 luit,
2298 1491 2357 1539 ut
2379 1486 2540 1540 unius
2569 1486 2815 1541 mulieris
2835 1488 3086 1557 iniuriam
3117 1499 3307 1561 stupro
3327 1491 3534 1546 illatam
3561 1492 3759 1548 intem-

2147 1576 2453 1643 perantium
2487 1577 2630 1633 bello
2682 1590 3165 1651 persequerentur,
3197 1592 3254 1639 et
3313 1587 3458 1640 victo
3511 1588 3754 1657 populo,

2069 1651 2118 1712 B
2147 1665 2317 1720 tribus
2347 1667 2628 1738 Beniamin
2681 1670 3092 1730 obtestarentur
3121 1676 3172 1730 in
3209 1651 3524 1748 conjugium
3561 1651 3621 1735 se
3669 1651 3757 1736 eis

2145 1760 2392 1830 preprias
2426 1762 2566 1818 ﬁlias
2617 1781 2723 1820 non
2754 1766 3015 1824 daturos!
3048 1769 3409 1826 Remanserat
3441 1772 3613 1828 tribus
3631 1774 3758 1831 sine

2143 1853 2256 1907 ullo
2307 1857 2643 1924 posteritatis
2694 1860 2965 1928 subsidio,
3017 1864 3120 1918 nisi
3165 1865 3370 1921 fraudis
3421 1868 3756 1924 necessaria:

2141 1947 2450 2016 accepisset
2494 1949 2792 2007 licentiam.
2839 1953 2972 2021 Quae
3006 1964 3187 2011 tamen
3228 1956 3565 2030 indulgentia
3619 1976 3756 2016 con-

2140 2055 2275 2109 gruo
2323 2040 2764 2112 intemperantia:
2815 2047 3084 2118 supplicio
3139 2065 3244 2104 non
3283 2051 3499 2108 videtur
3529 2069 3744 2123 vacare,

2139 2130 2361 2202 quando
2393 2133 2499 2188 illis
2540 2134 2644 2191 hoc
2664 2138 2843 2193 solum
2873 2140 3202 2209 permissum
3233 2154 3340 2210 est,
3367 2151 3425 2198 ut
3455 2156 3611 2215 rapto
3640 2145 3750 2202 ini-

2141 2235 2264 2279 rent
2287 2227 2571 2298 conjugia,
2609 2244 2714 2283 non
2743 2232 3004 2287 connubii
3033 2244 3400 2292 sacramento.
3435 2237 3503 2292 Et
3555 2255 3751 2296 revera

2140 2319 2362 2391 dignum
2393 2322 2490 2378 fuit
2522 2334 2580 2379 ut
2608 2325 2698 2395 qui
2728 2327 2967 2384 alienum
3001 2331 3423 2388 contubernium
3446 2334 3747 2405 solverant,

2139 2413 2241 2484 ipsi
2275 2415 2583 2486 nuptiarum
2606 2418 2924 2476 amitterent
2953 2423 3384 2481 solemnitatem.

2215 2509 2336 2564 111.
2379 2511 2550 2579 Quam
2605 2513 2762 2583 plena
2810 2524 2992 2572 autem
3057 2519 3428 2576 miserationis
3485 2522 3743 2581 historia!

2144 2601 2250 2666 Vir,
2279 2603 2453 2674 inquit
2482 2605 2683 2677 (ludio.
2709 2625 2827 2676 xix,
2863 2621 2910 2665 et
2949 2611 3104 2685 seq.),
3131 2613 3292 2671 levita
3326 2630 3616 2690 acceperat
3641 2619 3747 2675 sibi

2131 2695 2367 2767 jugalem
2401 2699 2462 2770 (ε
2493 2716 2654 2771 quam
2684 2717 2713 2756 a
2744 2705 3041 2762 concubitu
3079 2705 3099 2746 ί
3150 2711 3512 2768 concubinam
3559 2715 3750 2785 appel-

2135 2789 2298 2844 latam
2329 2791 2600 2866 arbitror)
2631 2811 2752 2866 quzn
2795 2799 3080 2870 aliquanto
3134 2816 3260 2872 post
3285 2804 3642 2874 quibusdam,
3687 2818 3753 2865 ut

2138 2882 2252 2936 ﬁeri
2283 2883 2461 2953 solet,
2495 2886 2701 2943 ollensa
2733 2891 2896 2947 rebus
2919 2935 2932 2958 ,
2965 2895 3031 2949 ad
3058 2906 3271 2967 patrem
3320 2915 3382 2955 se
3419 2902 3661 2969 contuli,
3694 2911 3756 2959 et

2137 2976 2236 3030 luit
2266 2977 2378 3034 illic
2413 2988 2650 3049 quatuor
2677 2983 2978 3042 mensibus.
3016 2987 3084 3043 Et
3114 2989 3355 3047 surrexit
3386 2992 3466 3048 vir
3502 2995 3646 3064 ejus,
3691 3005 3754 3052 et

1715 3050 1766 3148 ξε
1816 3042 2034 3158 ﬁdem:
2061 3063 2106 3126 C
2137 3067 2359 3124 abiitad
2377 3072 2556 3126 soceri
2581 3074 2664 3129 sui
2691 3075 2944 3146 domum,
2978 3090 3037 3135 ut
3064 3095 3188 3136 cum
3214 3083 3494 3154 suajugali
3519 3042 3754 3158 repara-

2133 3169 2216 3214 ret
2242 3160 2492 3230 gratiam,
2511 3172 2568 3219 et
2587 3179 2872 3224 revocaret
2889 3184 3034 3238 eam,
3063 3186 3126 3227 ac
3144 3173 3470 3242 reduceret;
3498 3179 3753 3235 occurrit

2132 3253 2183 3308 ei
2208 3254 2425 3322 mulier,
2447 3265 2609 3328 atque
2651 3259 2704 3314 in
2732 3261 2954 3318 domum
2981 3266 3155 3336 patris
3181 3270 3264 3323 sui
3291 3269 3594 3327 introduxit
3621 3289 3746 3330 ma-

2133 3349 2317 3406 ritum.

2205 3445 2327 3500 llit.
2363 3444 2602 3504 Laetatus
2656 3459 2740 3505 est
2766 3450 3195 3511 adolescentulaa
3221 3466 3376 3529 pater
3415 3476 3428 3513 :
3463 3461 3610 3516 venit
3640 3460 3750 3518 ob-

2130 3537 2296 3604 viam,
2323 3547 2378 3594 et
2407 3540 2549 3595 sedit
2578 3557 2700 3597 cum
2734 3559 2802 3600 eo
2829 3545 3005 3602 tribus
3030 3548 3254 3616 diebus;
3281 3561 3334 3606 et
3357 3553 3561 3624 epulati
3581 3563 3747 3623 sunt,

2129 3636 2187 3683 et
2215 3630 2558 3700 quieverunt.
2594 3633 2661 3688 Et
2687 3639 2936 3706 sequenti
2979 3638 3067 3694 die
3113 3643 3352 3698 surrexit
3388 3643 3547 3699 levita
3595 3646 3750 3702 dilu-

2128 3720 2278 3787 culo,
2309 3731 2363 3777 et
2387 3734 2634 3780 retentus
2657 3735 2743 3781 est
2775 3743 2805 3781 a
2833 3744 3045 3799 socero,
3074 3741 3132 3786 ut
3159 3740 3266 3788 tam
3295 3735 3403 3790 cite
3443 3753 3547 3792 non
3577 3737 3748 3796 dese—

2129 3823 2274 3869 reret
2300 3816 2536 3871 convivii
2563 3817 2984 3886 jucunditatem.
3017 3823 3084 3878 Et
3105 3825 3213 3880 alio
3242 3835 3297 3882 et
3326 3829 3485 3884 tertio
3507 3829 3595 3885 die
3625 3847 3744 3888 non

2129 3907 2379 3975 permisit
2437 3919 2592 3979 pater
2646 3911 3074 3972 adolescentium
3132 3919 3407 3988 proﬁcisci
3466 3906 3742 3994 generum

2129 4012 2308 4066 suum,
2333 3999 2508 4056 donec
2529 4001 2718 4058 laetitia
2736 4013 2791 4060 et
2812 4008 2986 4076 gratia
3009 4011 3260 4066 intereas
3275 4013 3453 4068 omnis
3474 4029 3704 4070 consum
3719 4047 3742 4058 -

2128 4103 2393 4148 maretur.
2440 4093 2549 4150 Sed
2597 4095 2686 4152 die
2739 4099 2973 4168 septimo
3003 4117 3126 4157 cum
3163 4104 3277 4174 jam
3321 4105 3389 4161 ad
3441 4122 3741 4179 vesperum

2126 4181 2426 4241 declinaret
2454 4187 2594 4253 dies,
2629 4200 2749 4259 post
2780 4206 2999 4249 mensas
3025 4205 3079 4249 et
3121 4197 3243 4252 laeta
3269 4200 3515 4255 convivia
3543 4241 3558 4267 ,
3605 4217 3738 4259 cum

2130 4279 2729 4345 praetexerctﬁnitimte
2767 4285 2943 4341 noctis
2973 4288 3253 4359 viciniam,
3307 4302 3366 4347 ut
3412 4294 3553 4364 apud
3602 4309 3740 4352 suos

2128 4369 2341 4438 potius,
2371 4385 2534 4440 quam
2562 4373 2708 4444 apud
2758 4385 3053 4434 extraneos
3094 4383 3546 4453 requiescendum
3576 4398 3739 4458 puta-

2129 4471 2230 4530 ret,
2263 4465 2508 4534 nequivit
2536 4473 2746 4536 tenere,
2778 4479 2833 4526 et
2859 4470 3066 4529 dimisit
3093 4491 3197 4530 una
3229 4492 3350 4533 cum
3381 4478 3485 4534 ﬁlia
3509 4496 3628 4536 sua.

2199 4555 2322 4612 115.
2369 4555 2570 4614 Verum
2610 4561 2702 4616 ubi
2744 4561 2888 4618 facta
2911 4575 2996 4620 est
3035 4566 3210 4639 aliqua
3236 4573 3569 4642 progressio,
3599 4587 3734 4632 cum

2124 4662 2322 4719 vesper
2356 4650 2466 4720 jam
2516 4653 2742 4725 propior
2789 4668 3031 4728 urgeret,
3077 4671 3101 4707 ιε
3129 4672 3184 4717 et
3229 4666 3730 4737 appmpinquatum

2124 4740 2262 4796 foret
2290 4743 2355 4797 ad
2389 4745 2999 4820 urbemJebusmorum,
3033 4752 3250 4810 dicente
3279 4759 3518 4827 servulo,
3549 4769 3608 4814 ut
3655 4761 3732 4816 ad

2123 4849 2242 4891 eam
2275 4837 2527 4896 dominus
2559 4856 2692 4899 suus
2719 4843 3057 4915 deﬂecteret,
3093 4864 3200 4906 non
3233 4853 3504 4924 acquievit
3546 4854 3734 4911 domi-

2124 4943 2225 4982 nus
2245 4945 2404 4996 suus;
2431 4934 2556 5002 quia
2586 4950 2691 4990 non
2723 4948 2842 4993 erat
2893 4954 2955 4993 ea
2998 4940 3189 4998 civitas
3240 4943 3481 5001 ﬁliorum
3513 4945 3681 5003 lsrael
3711 4966 3728 5003 :

2119 5018 2214 5074 sed
2249 5021 2473 5078 intendit
2506 5030 2800 5095 pervenire
2837 5046 3008 5102 usque
3050 5033 3256 5102 Gabaa,
3294 5053 3415 5108 qua:
3439 5038 3730 5095 habitaba-

2119 5116 2208 5165 tur
2237 5127 2265 5166 a
2295 5116 2494 5184 populo
2525 5117 2702 5176 tribus
2745 5121 3052 5193 Benjamin.
3111 5125 3226 5184 Nec
3268 5139 3390 5184 erat
3432 5132 3729 5203 quisquam

2192 5275 2216 5357 ξ
2242 5265 2401 5357 Ῐῖςψοί
2426 5287 2558 5357 mss.
2585 5292 2862 5357 quam...”
2888 5283 3224 5357 concubinam
3251 5290 3569 5357 appellabat.

2196 5335 2485 5433 inii-dvorte
2506 5335 3578 5433 pulcherrimeltine
3624 5366 3730 5422 ob-

2116 5417 2426 5505 set;vati0i:e
2453 5417 2731 5505 -ἱιιψιίὺίψι
2775 5421 2842 5505 de
2869 5421 3305 5505 Abrahamcap.
3340 5417 3395 5498 «ιζ
3425 5417 3722 5505 (EODEM),

2117 5478 2340 5578 vuln-nm;
2648 5489 2740 5557 23,
2790 5493 3064 5578 diximus,
3115 5478 3722 5578 trimirum,_levgli't.in-tai’t;

2114 5555 2341 5633 uxorem
2377 5555 2673 5633 hrtud__raro
2690 5555 3012 5622 concubina:
3052 5555 3274 5627 nomine
3295 5555 3542 5633 iaciié‘r’il

2187 5632 2212 5670 ε
2253 5624 2453 5681 Omnes
2474 5627 2633 5699 edit.,
2664 5643 2711 5689 et
2732 5624 3426 5714 appropinquaudumvforet.
