3998 6190
215 313 301 370 177

216 539 297 580 nus
324 538 592 593 progressa
614 534 802 578 aetate.
831 525 928 592 Qui
960 538 1082 578 cum
1105 523 1404 592 aspexisset
1434 535 1553 588 eos,
1593 530 1649 576 et
1689 520 1771 575 in-

217 622 508 685 terrogasset
549 615 771 670 levitam
802 633 816 670 :
852 617 971 682 Quo
1020 613 1206 678 vadis,
1254 614 1338 668 vel
1387 613 1529 669 unde
1579 613 1771 669 venis?

215 725 302 780 quo
337 707 689 779 respondente
745 709 884 777 quod
939 717 1086 764 esset
1125 707 1335 771 viator,
1383 717 1438 761 et
1492 713 1772 777 repeteret

215 814 419 859 montem
441 803 715 873 Ephraem,
748 812 801 858 et
831 819 936 858 non
974 809 1122 856 esset
1158 801 1247 870 qui
1285 799 1568 870 colligeret
1618 813 1768 865 eum,

215 895 466 966 hospitium
493 897 540 951 ei
569 896 795 962 obtulit,
823 905 880 951 et
901 894 1186 950 adornavit
1210 893 1542 948 convivium.

273 989 378 1043 Ill.
407 989 469 1042 At
497 988 584 1044 ubi
615 988 840 1045 satietas
868 986 1126 1058 epulandi
1168 986 1307 1042 facta
1350 997 1454 1051 est,
1487 994 1545 1040 et
1570 999 1770 1039 mensa:

215 1091 419 1145 remotae,
445 1083 723 1138 irruerunt
751 1082 1073 1154 pestilentes
1098 1080 1222 1146 viri,
1276 1088 1331 1134 et
1380 1079 1772 1134 circumierunt

215 1174 415 1229 domum.
449 1175 597 1230 Tunc
627 1177 812 1231 senior
850 1175 1014 1230 liliatn
1044 1189 1197 1228 suam
1215 1173 1503 1242 virginem,
1533 1173 1692 1245 136
1718 1182 1772 1227 et

217 1267 553 1338 'coarqualem
601 1267 726 1339 eius
771 1283 896 1324 cum
946 1282 1048 1338 qua
1104 1266 1350 1321 cubitare
1394 1266 1554 1320 solita
1601 1274 1769 1330 esset,

215 1357 433 1415 oderebat
469 1359 596 1416 viris
628 1360 952 1432 iniquitatis,
984 1368 1191 1414 tantum
1222 1374 1289 1414 ne
1327 1359 1409 1413 vis
1438 1359 1773 1429 irrogaretur

217 1450 399 1520 hospiti.
432 1451 628 1508 Verum
685 1453 774 1508 ubi
824 1467 1014 1523 parum
1041 1451 1183 1506 ratio
1234 1450 1538 1521 processit,
1591 1459 1646 1505 et
1694 1449 1773 1506 vis

216 1545 473 1612 pmvaluit,
515 1549 680 1601 cessit
707 1546 905 1602 levites
933 1545 1097 1616 iugali
1125 1559 1224 1599 sua
1259 1562 1272 1597 :
1313 1553 1368 1599 ct
1402 1551 1775 1614 cognoverunt

217 1651 330 1701 eam,
351 1647 395 1692 et
423 1646 525 1693 tota
551 1649 715 1694 nocte
744 1639 1034 1695 illuserunt
1075 1639 1148 1694 ei.
1183 1638 1299 1706 Qua
1337 1637 1658 1701 atrocitate,
1687 1637 1772 1692 vel

217 1730 369 1787 dolore
415 1732 546 1788 vieta
589 1733 832 1804 iniurias,
872 1731 901 1771 ι’
932 1742 1058 1789 ante
1120 1735 1322 1789 ostium
1374 1733 1633 1803 hospitis,
1664 1747 1774 1802 quo

1202 306 1288 364 DE
1326 303 1616 364 OFFICIIS
1653 303 2130 364 MINIS'I‘RORUM
2171 303 2300 362 LIB.
2344 305 2434 363 III.

213 433 288 502 qui
312 429 646 486 advenientes
677 431 949 502 reciperet
981 420 1246 500 hoSpitio,
1271 427 1376 483 nisi
1417 428 1498 482 vir
1526 427 1766 498 peregri-
1795 436 1846 496 Α

3368 303 3472 361 178

2468 422 2699 480 CAPUT
2739 422 2868 480 XX.

1877 517 2005 575 Post
2025 520 2248 573 solutam
2281 533 2344 572 ea:
2370 515 2553 572 Eliswi
2592 517 2833 572 vaticinia
2857 517 3028 570 diram
3057 513 3314 570 Samaria:
3335 513 3474 568 obsi-

1946 614 2165 678 dionem,
2196 623 2387 681 quanta
2410 613 2563 684 fuerit
2592 622 2816 683 quatuor
2839 611 3053 683 leprosis
3076 610 3275 664 honesti
3323 625 3468 676 cura,

1945 717 2239 762 enarratur.

1950 798 2073 852 117.
2116 798 2182 852 Et
2210 796 2340 869 quid
2369 798 2568 854 mirum
2611 797 2656 852 si
2689 796 2889 868 populo
2927 795 3024 852 Dei
3051 795 3312 850 decorum
3343 793 3477 848 illud

1875 901 2042 962 atque
2087 890 2377 947 honestum
2427 907 2571 946 curm
2613 891 2732 956 fuit,
2760 890 2982 961 quando
3006 889 3172 944 etiam
3222 887 3476 957 leprosis,

1873 987 2086 1043 sicutin
2113 987 2264 1041 libris
2284 986 2595 1057 Regnorum
2620 986 2851 1056 legimus
2873 981 2974 1056 (IV
3005 983 3135 1055 Reg.
3166 983 3273 1052 vt),
3308 983 3474 1036 hone-

1873 1083 2029 1138 statis
2058 1097 2163 1136 non
2198 1080 2374 1136 defuit
2397 1081 2806 1136 consideratio?

1949 1174 2072 1229 118.
2117 1174 2313 1229 Fames
2335 1183 2451 1229 erat
2482 1189 2672 1244 magna
2696 1174 2751 1228 in
2782 1173 3049 1238 Samaria,
3089 1175 3215 1243 quia
3242 1171 3473 1228 obsede-

1876 1278 1958 1324 rat
1987 1284 2108 1325 eam
2132 1268 2395 1339 Syrorum
2425 1269 2720 1324 exercitus.
2753 1267 2869 1323 Rex
2916 1268 3176 1323 militares
3217 1267 3476 1322 excubias

1874 1376 2036 1429 supra
2064 1376 2275 1415 murum
2321 1361 2592 1415 sollicitus
2630 1361 2921 1425 revisebat;
2959 1359 3324 1428 interpellavit
3351 1375 3475 1414 eum

1877 1457 2072 1510 mulier
2099 1454 2288 1510 dicens
2315 1471 2329 1507 :
2361 1453 2639 1509 Persuasit
2670 1453 2800 1508 mihi
2831 1454 2946 1507 haec
2986 1453 3181 1507 mulier
3212 1462 3270 1506 ut
3310 1452 3477 1508 alier-

1875 1562 1989 1601 rcm
2017 1546 2184 1601 lilium
2217 1561 2419 1613 meum,
2470 1557 2524 1601 et
2551 1546 2733 1610 attuli,
2758 1554 2814 1600 et
2855 1545 3125 1611 coximus,
3159 1553 3212 1598 et
3239 1545 3479 1600 comedi-

1876 1655 1997 1696 mus
2020 1655 2142 1695 eum
2169 1657 2182 1704 ;
2214 1650 2268 1694 et
2291 1640 2542 1709 promisit
2571 1648 2630 1694 ut
2660 1650 2712 1695 et
2740 1639 2854 1708 ipsa
2887 1648 3076 1709 postea
3116 1638 3284 1692 lilium
3315 1653 3474 1692 suum

1875 1731 2117 1797 afferret,
2152 1744 2206 1786 et
2231 1746 2425 1786 carnes
2447 1732 2591 1787 illius
2616 1731 2776 1787 simul
2809 1731 3300 1786 manducaremus:
3333 1745 3478 1785 nunc

219 1824 283 1876 vir
298 1839 410 1879 suus
428 1825 743 1893 diverterat,
771 1827 1005 1897 proiecit
1041 1842 1101 1883 se
1128 1836 1291 1897 atque
1313 1825 1586 1880 exhalavit
1608 1824 1773 1894 spiri—
1801 1827 1850 1888 B
1875 1836 2054 1881 autem
2081 1836 2105 1872 8
2130 1826 2297 1880 lilium
2347 1841 2502 1880 suum
2557 1825 2887 1891 abscondit,
2919 1833 2976 1880 et
3029 1841 3136 1880 non
3193 1824 3307 1879 vult
3356 1839 3479 1880 eum

219 1927 336 1985 tutu,
381 1935 625 1990 supremo
671 1922 803 1977 licet
854 1921 979 1976 vitae
1029 1935 1255 1976 munere
1301 1919 1552 1975 affectum
1610 1919 1769 1973 bona:

217 2011 418 2080 conjugis
444 2027 703 2082 servans,
745 2023 802 2069 ut
850 2013 1142 2084 exsequias
1189 2013 1383 2068 saltem
1437 2013 1520 2067 sui
1563 2011 1772 2066 funeris

218 2105 373 2162 marito
397 2116 724 2163 reservaret.

274 2198 371 2254 ll5.
407 2200 516 2267 Quo
544 2200 776 2272 cognito
799 2201 904 2270 (ne
929 2201 1115 2255 multis
1138 2198 1361 2272 morer)
1389 2200 1568 2256 omnis
1604 2214 1772 2270 prope

217 2293 402 2361 populus
424 2292 582 2350 Israel
615 2295 676 2349 in
722 2292 927 2348 bellum
969 2293 1194 2355 exarsit,
1244 2291 1520 2362 dubioque
1576 2300 1772 2347 eventu

216 2397 312 2439 cum
325 2400 501 2456 anceps
525 2397 784 2442 maneret
815 2384 1085 2456 praelium,
1105 2386 1263 2439 tertia
1283 2393 1464 2439 tamen
1491 2381 1772 2454 praeliandi

218 2478 328 2545 vice,
346 2479 556 2536 traditus
587 2489 683 2536 est
707 2480 945 2552 populus
989 2478 1272 2550 Beniamin
1323 2478 1526 2548 popqu
1571 2475 1770 2540 Israel,

219 2580 263 2625 et
286 2573 432 2628 divina
460 2575 740 2644 indicatus
769 2573 1067 2638 sententia,
1099 2586 1291 2641 pinnas
1339 2568 1775 2640 intemperantiae

220 2663 312 2720 luit.
333 2665 726 2725 Condemnatus
765 2681 983 2738 quoque
1030 2680 1098 2721 ne
1125 2664 1245 2734 quis
1295 2665 1387 2719 eic
1421 2679 1488 2719 ex
1546 2676 1776 2718 numero

217 2769 390 2828 patrum
430 2761 595 2817 ﬁliam
628 2775 783 2817 suam
806 2759 962 2815 daret
999 2759 1054 2813 in
1081 2773 1307 2813 uxorem
1336 2775 1351 2812 :
1384 2756 1548 2827 idque
1577 2755 1772 2810 confir.

217 2863 378 2908 matutu
401 2853 761 2927 iurisiurandi
786 2861 1132 2908 sacramento
1159 2860 1265 2907 est.
1311 2849 1419 2906 Sed
1459 2847 1775 2920 compuncti

216 2949 329 3018 quod
352 2959 445 3004 tam
484 2949 748 3005 acerbam
791 2949 846 3003 in
891 2946 1093 3001 fratres
1122 2946 1376 3001 tulissent
1421 2943 1774 3007 sententiam,

217 3040 271 3095 ita
297 3043 623 3100 severitatem
672 3041 792 3112 eius
833 3047 1298 3110 temperaverunt,
1331 3045 1390 3090 ut
1416 3035 1640 3090 orbatus
1681 3047 1778 3104 pa-

214 3135 416 3190 rentibus
457 3134 704 3206 virgines
751 3135 806 3188 in
859 3131 1174 3202 coniugium
1222 3129 1326 3184 sibi
1367 3127 1774 3189 adsciscerent,

1870 1917 2088 1974 aﬂ‘erre.
2105 1918 2281 1973 Motus
2300 1933 2396 1974 rex
2420 1919 2561 1987 quod
2577 1933 2682 1973 non
2712 1919 2886 1973 solum
2911 1919 3183 1983 humanis,
3201 1917 3295 1973 sed
3315 1917 3476 1972 etiam

1873 2013 2292 2085 parricidalibus
2325 2014 2481 2085 137
2507 2014 2863 2069 cadaveribus
2902 2013 3161 2068 mulieres
3197 2022 3366 2083 pastae
3398 2014 3475 2065 vi-

1873 2109 2154 2173 derentur,
2177 2118 2231 2162 et
2255 2118 2362 2161 tam
2392 2109 2595 2163 atrocis
2639 2107 2969 2162 calamitatis
3010 2107 3262 2179 exemplo
3304 2107 3480 2178 perci-

1875 2210 1984 2266 tus,
2020 2201 2220 2256 Eliszeo
2252 2201 2534 2271 prophetae
2585 2201 2928 2256 denuntiavit
2961 2217 3176 2268 necem,
3232 2203 3387 2272 cuius
3422 2201 3475 2256 in

1876 2302 2147 2366 poteState
2170 2294 2284 2349 fore
2311 2294 2582 2360 crederet,
2608 2303 2669 2350 ut
2695 2295 3034 2350 obsidionem
3055 2296 3317 2360 solveret,
3353 2311 3482 2364 pro-

1877 2388 2126 2459 pulsaret
2174 2384 2410 2441 famem:
2445 2386 2533 2440 vel
2565 2387 2690 2456 quia
2743 2402 2848 2440 non
2891 2387 3217 2455 permiserat
3269 2388 3382 2458 regi
3424 2399 3482 2441 ut

1879 2486 2190 2549 percuteret
2220 2477 2410 2549 Syros,
2444 2493 2584 2549 quos
2615 2481 2861 2534 cmcitate
2889 2478 3220 2548 perfuderat.

1951 2574 2072 2630 Il9.
2105 2572 2340 2629 Setlebat
2368 2572 2592 2629 Elisaaus
2617 2589 2740 2628 cum
2768 2574 3084 2630 senioribus
3107 2573 3136 2613 ιι
3164 2577 3216 2630 in
3244 2575 3439 2632 Bethel
3464 2621 3479 2645 ,

1879 2676 1933 2722 et
1960 2668 2273 2738 priusquam
2305 2667 2557 2722 introiret
2581 2666 2649 2721 ad
2694 2682 2818 2722 eum
2850 2668 2995 2738 regis
3028 2671 3284 2738 nuntius,
3313 2671 3389 2724 ait
3414 2671 3481 2726 ad

1877 2761 2124 2816 seniores
2155 2761 2338 2815 viros:
2365 2759 2423 2815 Si
2470 2760 2686 2815 vidistis
2713 2763 2973 2831 quoniam
3020 2763 3162 2817 ﬁlius
3195 2763 3481 2820 homicida:

1880 2852 2024 2908 illius
2065 2852 2213 2906 misit
2240 2853 2459 2909 auferre
2507 2865 2670 2923 eaput
2713 2856 2936 2909 meum?
2968 2856 3035 2910 Et
3068 2858 3311 2912 introivit
3338 2875 3478 2913 nunc

1881 2946 1986 2999 tius
2008 2985 2022 3008 ,
2057 2954 2112 2999 et
2143 2945 2458 3000 mandatum
2486 2947 2632 3015 regis
2658 2948 2912 3016 pertulit,
2939 2947 3313 3005 denuntiantis
3342 2967 3485 3023 prtu-

1879 3055 2008 3095 sens
2055 3041 2250 3110 capitis
2294 3041 2600 3110 periculum
2646 3041 2753 3111 (IV
2792 3041 2923 3115 Reg.
2956 3059 3031 3110 vt,
3076 3045 3180 3112 32,
3211 3044 3336 3119 55).
3381 3046 3479 3102 Cui

1880 3134 2158 3205 respondit
2191 3134 2486 3205 propheta:
2530 3135 2639 3189 IIac
2671 3136 2804 3191 hora
2837 3136 2927 3193 die
2957 3138 3193 3194 crastina
3224 3155 3481 3195 mensura

214 3241 402 3296 quorum
445 3238 633 3299 patres
690 3239 790 3296 pro
844 3224 1048 3279 delicto
1110 3221 1377 3292 perempti
1427 3220 1640 3288 forent.
1685 3218 1772 3272 νει
1801 3227 1845 3290 C
1878 3227 2197 3298 similaginis
2239 3229 2412 3293 siclo,
2452 3236 2506 3282 et
2537 3227 2658 3283 duas
2700 3244 2976 3284 mensura:
3019 3229 3210 3288 hordei
3252 3232 3388 3288 siclo
3427 3235 3481 3288 itt

217 3332 340 3388 rapto
361 3324 605 3391 copulam
642 3319 960 3383 sociarent;
983 3317 1108 3388 quia
1143 3330 1246 3386 pro
1278 3324 1386 3369 tam
1414 3313 1587 3383 turpis
1625 3327 1777 3367 com-

217 3414 337 3469 missi
361 3416 618 3479 laeiuore,
641 3411 736 3483 qui
762 3411 927 3466 alieni
951 3408 1288 3464 matrimonii
1309 3407 1397 3477 ius
1419 3405 1776 3472 violaverant,

216 3507 422 3579 indignos
447 3525 511 3566 se
562 3505 912 3578 impetrando
939 3503 1241 3560 exhibuere
1272 3499 1640 3555 matrimonio.
1669 3496 1777 3554 Sed

217 3617 270 3656 ne
294 3605 482 3673 periret
529 3618 638 3657 una
691 3599 899 3672 populo
945 3598 1152 3665 tribus,
1193 3595 1398 3651 fraudis
1439 3593 1646 3650 indulta
1695 3598 1781 3646 est

215 3697 545 3753 conuiventia.

273 3791 376 3846 116.
405 3792 619 3860 Quanta
651 3790 814 3862 igitur
843 3787 1147 3843 honestatis
1172 3800 1300 3841 cura
1335 3782 1638 3854 maioribus
1666 3779 1783 3836 fue-

219 3882 300 3948 rit,
334 3883 448 3940 liinc
495 3882 775 3954 proditur,
825 3889 886 3936 ut
931 3878 1291 3950 quadraginta
1338 3875 1510 3931 millia
1535 3874 1782 3929 virorum

221 3976 509 4046 stringerent
556 3976 793 4046 gladium
825 3973 1091 4029 adversus
1121 3972 1320 4026 fratres
1372 3984 1502 4025 suos
1545 3969 1612 4023 de
1641 3968 1784 4022 tribtt

222 4063 635 4136 Beniamin,dum
677 4066 870 4122 ulcisci
910 4060 1144 4120 voluntd
1173 4063 1424 4132 iniuriam
1472 4059 1781 4130 pudicitia};

223 4160 320 4225 quia
351 4171 699 4216 temeratores
729 4169 752 4196 θ
785 4159 1052 4214 castitatis
1096 4172 1203 4211 non
1237 4153 1654 4210 sulferebantur.
1684 4150 1787 4206 lta-

223 4267 305 4320 que
322 4270 378 4310 eo
393 4256 537 4312 bello
556 4271 695 4310 caesa
720 4262 851 4309 sunt
887 4254 1146 4322 utrinque
1178 4247 1197 4286 ί
1231 4250 1512 4319 sexaginta
1547 4247 1787 4317 quinque

226 4349 359 4402 millia
387 4349 701 4405 bellatorum
725 4391 740 4414 ,
769 4357 826 4404 et
847 4357 1058 4402 exusta:
1088 4345 1271 4401 urbes.
1318 4345 1384 4398 Et
1413 4358 1536 4398 cum
1564 4340 1788 4397 inferior

225 4439 372 4507 primo
414 4442 591 4498 fuisset
638 4442 870 4514 populus
930 4438 1132 4502 Israel,
1187 4448 1367 4492 tamen
1419 4451 1520 4491 nec
1570 4431 1788 4489 adversi

226 4543 346 4588 metu
366 4535 484 4590 belli
512 4538 772 4607 percitus,
805 4530 1148 4588 vindicandae
1178 4528 1449 4586 castitatis
1474 4535 1788 4597 sequestra.

1883 3331 2032 3391 porta
2063 3319 2346 3378 Samariae.
2385 3321 2601 3377 Etcum
2649 3321 2850 3377 missus
2891 3339 2919 3377 a
2960 3339 3088 3395 rege
3120 3327 3341 3382 nuntius
3373 3342 3482 3383 non

1880 3411 2243 3479 credidisset,
2293 3412 2530 3468 dicens:
2577 3416 2621 3468 si
2675 3413 2877 3484 pluerit
2932 3415 3195 3472 Dominus
3238 3418 3306 3473 de
3344 3421 3484 3476 cmlo

1880 3504 2268 3559 abundantiam
2318 3505 2606 3569 frumenti,
2657 3521 2756 3562 nec
2801 3506 2882 3562 sic
2930 3508 3151 3577 quidem
3202 3511 3254 3565 id
3301 3525 3485 3582 posset

1881 3595 2062 3663 effici;
2094 3597 2231 3651 dixit
2278 3596 2344 3651 ad
2375 3613 2500 3653 eum
2543 3597 2812 3654 Elismus:
2843 3601 2980 3670 Quia
3029 3619 3136 3657 non
3167 3605 3448 3660 credidisti
3471 3649 3488 3669 ,

1883 3689 2057 3743 oculis
2087 3689 2196 3744 tuis
2218 3687 2429 3745 videbis
2453 3731 2468 3755 ,
2495 3701 2549 3746 et
2581 3708 2686 3746 non
2719 3692 3081 3750 manducabis
3107 3695 3210 3768 (IV
3234 3697 3363 3767 Reg.
3388 3714 3486 3765 vtt,

1887 3781 2059 3853 με).

1959 3875 2084 3930 120.
2118 3875 2184 3930 Et
2233 3877 2410 3931 lactus
2438 3887 2524 3932 est
2564 3878 2749 3934 subito
2795 3882 2846 3935 iu
2880 3883 3079 3938 castris
3125 3882 3301 3956 Syriae
3342 3887 3489 3943 velut

1887 3967 2270 4039 quadrigarum
2295 3984 2462 4024 sonus
2494 3968 2537 4034 ί,
2571 3980 2626 4026 et
2653 3987 2759 4028 vox
2791 3976 2960 4030 multa
2993 3978 3269 4047 equitum,
3299 3990 3355 4036 et
3382 3997 3491 4039 vox

1889 4080 2098 4136 magna:
2126 4066 2346 4120 virtutis
2367 4108 2381 4133 ,
2414 4076 2580 4138 atque
2605 4071 2797 4141 ingens
2822 4071 2951 4126 belli
2993 4075 3256 4132 tumultus
3283 4094 3297 4132 :
3320 4087 3375 4133 et
3403 4093 3493 4134 ar-

1889 4158 2068 4213 bitrati
2111 4167 2239 4214 sunt
2267 4159 2390 4231 Syri
2422 4161 2566 4232 quod
2618 4178 2713 4218 rex
2746 4163 2912 4220 Israel
2945 4165 2998 4221 in
3030 4167 3352 4226 societatem
3393 4171 3492 4227 ad-

1890 4259 2142 4306 vocasset
2171 4252 2342 4323 praelii
2368 4253 2817 4329 regem'AEgypti,
2841 4267 2896 4313 et
2926 4275 3112 4331 regem
3136 4263 3494 4319 Amorrhaco-

1895 4360 2046 4400 rum:
2071 4357 2126 4402 et
2154 4345 2408 4417 fugerunt
2431 4349 2670 4407 diluculo
2719 4352 3094 4425 relinquentes
3140 4357 3492 4414 tabernacula

1893 4453 2023 4504 sua;
2053 4440 2312 4509 quoniam
2347 4444 2678 4500 verebantur
2706 4461 2774 4501 ne
2805 4447 3103 4517 improviso
3129 4447 3363 4503 adventu
3395 4464 3494 4504 no-

1894 4543 2082 4584 vorum
2113 4533 2557 4601 opprimerentur
2581 4536 2820 4593 hostium
2843 4580 2856 4604 ,
2890 4547 2942 4594 et
2968 4540 3275 4610 conjunctis
3306 4555 3493 4610 regum

227 4625 289 4678 vit
316 4625 560 4682 dolorem.
587 4627 805 4682 Ruehat
846 4625 898 4678 in
943 4622 1213 4694 praelium,
1265 4620 1349 4674 vel
1381 4620 1647 4690 sanguine
1691 4630 1789 4672 suo
1815 4615 1870 4676 D
1896 4621 2103 4677 viribus
2130 4639 2237 4678 non
2282 4637 2505 4695 possent
2535 4629 2814 4686 resistere.
2854 4631 2909 4685 Id
2941 4632 3274 4702 incognitum
3303 4631 3496 4689 Sama-

230 4731 398 4783 parans
411 4721 673 4777 commissi
692 4719 884 4791 ﬂagitii
915 4718 1121 4774 diluere
1150 4726 1354 4773 notam.

294 4933 316 4959 κ
344 4921 533 4976 Edit.et
560 4923 714 4992 pauci
738 4935 895 4982 mss.,
921 4919 1167 4992 jugalemr
1186 4921 1369 4991 ejus...
1393 4915 1581 4992 solitus
1614 4927 1787 4992 esset;

233 4995 314 5048 sed
348 4995 521 5064 optimi
561 4987 778 5065 'quique
828 4987 1100 5059 iidemque
1156 4987 1582 5060 irequentissimi
1635 4996 1694 5041 ut
1735 4989 1790 5042 in

235 5075 382 5124 181111.

291 5136 314 5175 ι’
336 5139 569 5198 Nonnulli
601 5152 762 5202 mss.,
793 5146 915 5192 ante
954 5134 1236 5203 hospitium
1289 5131 1530 5200 hospitis.
1575 5129 1786 5185 Erasm.

235 5219 389 5277 elseq.
413 5215 563 5277 edit.,
585 5221 706 5265 ante
736 5210 926 5262 ostium
953 5206 1186 5277 hospitii.

296 5291 313 5349 ς
337 5284 457 5339 Cod.
484 5285 722 5344 Thuan.,
747 5296 813 5333 ea:
842 5294 1054 5333 numero
1074 5287 1238 5349 pater.

293 5347 315 5387 δ
345 5357 587 5420 Qntedam
614 5343 1442 5424 edit.,injuriamAimpudiritiw;
1465 5344 1642 5414 aptius
1669 5343 1798 5398 reli-

242 5435 353 5491 quae,
380 5441 438 5482 ac
460 5442 612 5486 mss.,
629 5421 877 5496 injuriam
896 5421 1163 5493 pudicitiae
1187 5435 1206 5471 :
1236 5431 1434 5488 nempe
1457 5432 1618 5486 quam
1646 5429 1802 5469 acce-

243 5505 367 5569 perat
393 5498 667 5568 pudicitia.
864 5565 896 5569 _
1109 5562 1141 5569 __
1227 5560 1238 5569 _
1752 5556 1780 5569 Α.

300 5575 318 5602 ⁸
344 5560 458 5623 αείι.
493 5571 545 5625 in
576 5581 749 5638 marg.
778 5575 834 5621 et
863 5565 1024 5621 Rom.
1058 5562 1192 5618 edit.
1227 5560 1279 5615 in
1318 5575 1499 5632 corp.,
1552 5560 1807 5611 castitatis

248 5650 331 5712 non
350 5638 696 5712 offerebantur.
894 5708 927 5712 Α
1166 5703 1219 5712 ...
1569 5701 1599 5712 .-

311 5707 327 5745 ί
356 5703 423 5765 Ita
445 5713 574 5779 edit,
608 5724 672 5764 ac
699 5724 830 5763 mss.
859 5708 1101 5777 aliquot;
1131 5703 1221 5779 alii
1264 5703 1660 5779 vero_,___pariim_
1686 5713 1815 5779 qua:

257 5769 486 5855 draginta,
513 5769 706 5855 partim
730 5769 1074 5855 quadraginta
1088 5769 1320 5855 quinque
1346 5769 1529 5854 millia.
1557 5771 1664 5855 Sed
1702 5769 1815 5855 nisi

265 5843 418 5907 locum
445 5843 759 5911 ambrosius
790 5843 1341 5911 memoritercitavit,
1379 5845 1603 5900 omnino
1632 5843 1812 5910 legeuv

1898 4716 1992 4770 rite
2019 4725 2175 4781 erat,
2215 4721 2470 4788 quoniam
2518 4721 2646 4777 victi
2687 4733 2868 4790 metu,
2900 4734 2954 4779 et
2984 4724 3128 4780 fame
3159 4725 3361 4793 tabidi,
3392 4739 3493 4780 nec

1893 4809 2235 4877 praetendere
2262 4812 2538 4868 audebant
2569 4813 2749 4885 (Ibid.
2784 4818 2840 4886 6,
2867 4817 2955 4888 7).

1892 4927 2020 5001 dum
2051 4925 2121 4980 65
2147 4928 2337 4992 millia,
2389 4940 2446 4985 ut
2488 4931 2538 4986 iu
2582 4935 2751 4989 sacris
2776 4936 3054 4991 codicihus
3104 4933 3314 5001 haberi,
3365 4935 3497 4990 sub-

1895 4999 2053 5124 duclta
2086 5008 2425 5056 mortuorum
2474 5003 2527 5057 in
2553 5004 2783 5075 singulis
2815 5008 3017 5076 prwliis
3039 5007 3275 5074 ratione,
3293 4999 3497 5077 Cogno-

1897 5086 1975 5124 εει
2007 5085 2090 5124 ur.

1897 5085 2090 5126 SCIllll’.

1971 5152 1996 5225 ξ
2028 5142 2156 5225 h'I‘ss.
2177 5143 2404 5225 aliquot,
2426 5145 2595 5214 ﬁlium
2620 5158 2972 5225 suummegat,
2996 5159 3043 5203 et
3064 5148 3332 5225 abscondit
3360 5165 3496 5203 eum.

1971 5210 1997 5297 ξι
2038 5213 2209 5297 Edit.,
2236 5210 2288 5268 in
2315 5210 2479 5297 aonio
2509 5235 2623 5297 gica.
2649 5218 2743 5297 _I_'3t
2772 5210 2912 5274 infra
2946 5210 3066 5287 post
3103 5221 3244 5275 duos
3276 5235 3502 5297 versus,

1904 5287 2046 5358 ﬁlius
2075 5289 2158 5340 hic
2184 5287 2478 5370 homicidae.
2509 5288 2812 5362 Utrobiqne
2854 5299 3035 5347 autem
3067 5307 3198 5347 mss.
3232 5306 3404 5363 prope
3432 5293 3500 5346 ad

1908 5370 2158 5436 ttnttm_u_t
2183 5376 2234 5413 Ill
2269 5370 2438 5415 textu.

1990 5431 2003 5465 ί
2052 5431 2199 5485 Edit.
2231 5447 2352 5485 cum
2405 5447 2513 5488 uno
2543 5433 2625 5488 vel
2669 5433 2840 5489 altero
2869 5449 3030 5500 mss.,
3062 5445 3109 5490 et
3137 5450 3236 5489 vos:
3274 5434 3509 5488 multitu-

1911 5503 2085 5567 dinis;
2127 5503 2222 5557 alii
2252 5517 2386 5558 mss.
2419 5519 2529 5559 non
2576 5506 2764 5570 multi,
2797 5513 2844 5558 et
2889 5522 3038 5560 voces
3086 5506 3291 5568 multm,
3341 5521 3509 5575 quan-

1914 5585 2021 5629 tum
2049 5582 2096 5627 et
2124 5590 2220 5627 vox
2247 5591 2451 5644 magna:
2471 5577 2712 5643 virtutis;
2755 5579 2935 5632 caeteri
2967 5579 3248 5634 nobiscum
3281 5575 3505 5631 faciunt.

1915 5646 2122 5701 Rursus
2151 5661 2284 5699 vero
2315 5646 2403 5701 ubi
2435 5663 2533 5701 nos
2559 5663 2679 5702 cum
2710 5659 2826 5703 ant.
2857 5649 2987 5705 edit.
3029 5659 3085 5706 et
3112 5649 3320 5704 cunctis
3351 5663 3511 5711 mss.,

1917 5728 1963 5772 et
1991 5732 2159 5785 regem
2205 5717 2703 5785 Ammorrhworum,
2741 5720 2898 5776 Rom.
2944 5720 3077 5777 edit.
3119 5719 3513 5776 subatittlerat.

1918 5798 1966 5839 et
1994 5804 2163 5857 regem
2198 5785 2519 5845 Ethmorum,
