3998 6190
469 303 579 361 179

1826 302 2078 360 SANle
2115 303 2447 361 LIBROS“

3674 306 3782 364 180

541 422 668 478 121.
701 423 869 478 Erant
893 427 1069 476 autem
1099 419 1299 491 loprnsi
1329 430 1567 492 quatuor
1588 423 1658 478 ad
1691 430 1904 494 portam
1935 421 2059 476 civi-
2095 425 2139 482 Α
2172 422 2253 476 sui
2274 463 2289 487 ,
2318 437 2480 493 quam
2515 421 2882 492 proditionem
2919 422 3178 493 fugientis
3205 423 3402 489 amici,
3434 423 3780 481 subeundam

470 518 601 571 tatis
625 558 640 583 ,
669 515 863 585 quibus
883 515 992 569 vita
1027 523 1153 570 erat
1179 515 1509 586 supplicium
1525 554 1541 581 η.
1574 526 1632 574 et
1662 517 1798 573 mori
1823 516 2073 580 lucrum;

471 615 527 661 et
566 607 824 662 dixerunt
863 604 930 660 ad
963 619 1026 662 se
1055 606 1288 663 invicem
1313 625 1329 661 ς
1363 609 1505 665 Ecce
1535 624 1637 664 nos
1667 609 1755 664 hic
1779 608 2037 666 sedemus
2059 650 2074 674 ,

475 713 531 758 et
559 701 847 756 morimur.
875 701 932 756 Si
965 700 1300 772 ingredimur
1323 703 1543 772 urbem,
1577 705 1872 760 moriemur
1901 702 2074 768 fame;

423 802 427 806 ‘
471 792 516 848 si
543 807 830 850 manemus
855 793 982 860 hic,
1013 794 1225 850 nullum
1261 795 1565 852 subsidium
1592 796 1807 852 vivendi
1838 795 2080 866 suppetit

472 888 672 944 nobis:
721 901 917 944 eamus
959 888 1015 943 iu
1057 899 1238 946 castra
1287 891 1462 964 Syrias
1487 933 1504 958 ,
1555 901 1649 948 aut
1691 889 2080 960 compendium

470 980 664 1036 mortis
693 981 798 1037 erit
817 1023 833 1048 ,
858 990 954 1037 aut
993 983 1189 1038 salutis
1215 983 1544 1039 remedium.
1575 983 1948 1039 Perrexeruut
1969 983 2075 1037 ita-

473 1090 613 1145 que,
658 1084 714 1130 et
753 1075 1094 1132 intraverunt
1125 1077 1177 1130 in
1215 1085 1433 1133 castra:
1460 1087 1518 1135 et
1561 1091 1692 1134 ecce
1721 1076 1907 1133 omnia
1938 1075 2082 1132 nuda

469 1167 736 1224 hostium.
768 1167 1010 1240 lngressi
1043 1169 1426 1236 tabernawla,
1462 1173 1697 1242 primum
1729 1172 1965 1242 repertis
1984 1169 2085 1224 ali-

475 1261 676 1316 mentis
723 1261 1046 1331 fugaverunt
1091 1260 1325 1331 famem,
1359 1263 1565 1321 deinde
1607 1267 1726 1321 auri
1773 1276 1829 1322 et
1870 1264 2084 1335 argenti

473 1362 736 1425 quantum
767 1363 1090 1425 potuerunt,
1116 1356 1490 1427 diripuerunt.
1520 1357 1590 1413 Et
1609 1372 1734 1415 cum
1764 1366 1791 1395 ⁸
1819 1358 1922 1413 soli
1945 1371 2084 1428 prte-

475 1445 560 1501 dae
599 1446 1016 1513 incumberent,
1046 1447 1438 1520 disposuerunt
1465 1460 1651 1506 tamen
1688 1450 1941 1506 nuntiare
1970 1450 2087 1521 regi

476 1537 679 1609 fugisse
732 1537 938 1612 Syros;
1003 1540 1131 1611 quia
1188 1541 1243 1596 id
1291 1540 1586 1598 bonesmnt
1639 1541 2084 1608 arbitrabantur,

478 1645 640 1700 quant
672 1644 931 1702 represso
961 1631 1164 1688 indicio
1197 1631 1386 1690 fovere
1419 1634 1628 1690 fraudis
1657 1637 1924 1704 rapinam.

552 1723 678 1778 ηε.
715 1724 834 1792 Quo
859 1724 1066 1780 indicio
1093 1741 1350 1797 egressus
1380 1737 1464 1784 est
1488 1728 1758 1800 populus,
1781 1739 1840 1784 et
1862 1727 2092 1799 diripuit

2182 516 2550 572 arbitrabatur
2579 517 2635 588 (Ι
2659 517 2792 588 Reg.
2823 533 2952 581 ut,
2986 518 3075 585 6).

2758 609 2989 666 CAPUT
3032 610 3196 669 XXII.

2184 700 2520 756 Honestatem
2565 702 2720 756 amici
2764 718 2924 758 causa
2967 719 3070 758 non
3110 704 3481 772 deserendum;
3517 708 3565 762 si
3610 715 3786 765 tamen

2253 794 2504 849 adversus
2559 795 2782 848 amicum
2848 796 3197 852 testimonium
3245 798 3524 854 dicendum
3591 801 3785 871 fuerit,

2256 885 2543 940 cautionem
2587 885 2957 940 adhibendam.
3000 885 3146 942 Inter
3184 889 3377 944 «unicos
3427 891 3543 961 quis
3589 891 3790 946 candor

2255 977 2312 1030 in
2336 977 2616 1047 aperiendo
2648 987 2852 1050 pectore
2871 1019 2888 1046 ,
2913 995 3034 1050 qua
3060 982 3380 1051 generositas
3423 982 3477 1037 in
3505 983 3750 1052 patiendo
3769 1022 3787 1051 ,

2255 1086 2372 1138 ante
2393 1070 2448 1124 in
2468 1071 2734 1142 arguendo
2766 1069 2976 1126 liberm
3000 1073 3333 1142 requiratur?
3365 1074 3653 1130 Amicitiam
3677 1075 3786 1130 uir-

2261 1171 2427 1216 tutam
2473 1163 2737 1218 custodem
2777 1179 2920 1226 esse.
2952 1181 3046 1219 nec
3074 1165 3174 1220 nisi
3211 1167 3266 1220 in
3299 1167 3546 1222 similium
3587 1185 3793 1223 morum

2259 1256 2556 1311 hominibus
2591 1256 2829 1312 inueniri.
2863 1255 3115 1312 Eamdem
3141 1258 3197 1313 in
3223 1259 3553 1330 corripiendo
3581 1262 3790 1329 mitem,

2258 1357 2410 1418 atque
2447 1365 2482 1403 a
2520 1349 2746 1421 propriis
2786 1347 3070 1403 commodis
3107 1350 3334 1406 alienant
3372 1368 3481 1407 esse
3513 1363 3791 1424 oportere;

2261 1452 2314 1498 et
2338 1443 2462 1497 inde
2487 1459 2648 1511 quam
2690 1442 2799 1496 rari
2822 1442 3064 1498 diuitibus
3087 1445 3189 1498 veri
3209 1446 3402 1500 amici!
3423 1444 3630 1512 Quanta
3656 1449 3795 1503 arui-

2262 1534 2399 1589 citiw
2420 1534 2681 1606 dignitas;
2703 1549 2820 1603 qua
2838 1550 2942 1604 quo
2963 1538 3156 1608 major,
3184 1553 3243 1591 eo
3263 1537 3617 1593 detestabilior
3634 1541 3796 1596 antici

2264 1627 2506 1698 perﬁdia,
2529 1635 2582 1681 ut
2612 1625 2769 1682 ludat
2786 1635 2944 1698 atque
2970 1629 3258 1683 amicorum
3277 1628 3379 1686 Job
3413 1633 3666 1704 exemplis
3709 1648 3799 1687 co-

2263 1722 2551 1794 gnoscitur.

482 1827 662 1873 castra
689 1817 894 1890 Syriae,
943 1830 998 1875 et
1042 1831 1382 1878 commeatus
1426 1823 1665 1878 hostium
1698 1823 2086 1879 abundantiam

2270 1813 2395 1868 125.
2423 1810 2568 1866 Nihil
2600 1811 2763 1883 igitur
2794 1811 3197 1882 praeferendum
3230 1816 3534 1882 honestati,
3565 1832 3686 1886 qua:
3717 1826 3799 1872 ιιι-

480 1911 642 1979 fecit,
679 1927 913 1968 annona:
952 1913 1215 1970 vilitatem
1247 1915 1488 1972 reddidit
1523 1916 1825 1973 secundum
1854 1917 2092 1988 prOphe-

483 2007 650 2062 ticum
680 2005 916 2074 dictum;
949 2017 1005 2062 ut
1033 2023 1287 2064 mensura
1331 2009 1656 2082 similaginis
1683 2011 1853 2077 siclo.
1885 2019 1943 2066 et
1965 2009 2092 2066 dum

482 2116 752 2156 mensurae
780 2101 970 2157 hordei
998 2103 1113 2172 pari
1138 2102 1313 2174 pretio
1329 2112 1672 2161 constarent.
1691 2104 1749 2160 ιιι
1775 2105 1876 2161 hac
1903 2105 2092 2162 ltetitia

485 2192 659 2263 plebis
688 2193 914 2249 nuntius
944 2193 1037 2250 ille
1065 2194 1120 2250 in
1165 2210 1275 2266 quo
1306 2196 1690 2267 requiescebat
1732 2213 1860 2265 rex,
1903 2196 1930 2235 δ
1957 2212 2095 2252 con-

481 2284 642 2339 tritus
670 2283 814 2340 inter
837 2286 1154 2342 exeuntium
1189 2285 1594 2344 festinationem
1627 2297 1685 2344 et
1724 2287 2092 2344 remeantium

485 2377 942 2444 exsultationem,
993 2379 1348 2437 conculcatus
1393 2398 1423 2435 a
1473 2381 1664 2453 plebe.
1707 2391 1959 2438 mortuus
2007 2390 2096 2438 est

487 2469 578 2542 (IV
616 2469 742 2542 Reg.
778 2487 871 2539 vn,
900 2471 935 2527 5
959 2489 1091 2543 seq.,
1119 2473 1152 2530 8
1173 2490 1278 2544 seq.
1297 2473 1339 2547 ).

985 2566 1145 2640 ηε
1179 2566 1408 2624 CAPUT
1440 2567 1586 2624 χχι.

495 2656 682 2713 Esther
711 2658 829 2716 vita!
873 2659 1105 2730 periculo
1154 2660 1441 2714 honestatis
1471 2659 1628 2714 decus
1675 2670 1906 2714 secutam
1947 2675 2093 2728 esse,

559 2754 718 2806 immo
756 2761 802 2806 et
841 2768 1013 2825 regem
1042 2750 1354 2820 barbarum,
1388 2753 1539 2807 illata
1567 2768 1690 2808 nece
1727 2752 1836 2809 viro
1879 2753 2096 2807 amicis-

560 2848 693 2903 simo
715 2863 734 2909 ;
758 2847 1046 2901 amicitiam
1071 2847 1212 2901 enim
1257 2847 1511 2901 honestati
1534 2863 1738 2915 semper
1767 2850 2092 2920 conjungen-

560 2943 703 3007 dam,
719 2950 774 2995 ut
792 2939 1037 2995 Jonathte
1065 2950 1218 3008 atque
1237 2938 1587 2995 Alchimelech
1604 2941 1841 3010 exempla
1857 2939 2096 3010 probant.

570 3032 692 3088 125.
761 3032 904 3101 Quid
955 3031 1156 3088 Esther
1207 3032 1426 3102 regina,
1501 3047 1680 3088 nonne
1728 3043 1786 3086 ut
1837 3032 2098 3102 populum

494 3141 649 3180 suum
699 3125 942 3195 periculo
983 3133 1244 3189 exueret,
1287 3123 1431 3194 quod
1480 3133 1599 3179 erat
1626 3123 1887 3182 decorum
1934 3133 2102 3194 atque

2193 1919 2320 1961 men
2388 1920 2458 1961 ne
2502 1905 2757 1961 amicitias
2806 1905 2991 1963 studio
3047 1918 3426 1978 praetereatur,
3483 1911 3648 1966 etiam
3693 1912 3799 1968 hoc

2195 1998 2478 2069 Scriptura
2511 1999 2771 2056 admouet
2792 2000 2862 2058 de
2890 2001 3152 2058 amicitia.
3183 2001 3328 2060 Sunt
3348 2004 3495 2060 enim
3519 2004 3800 2076 pleraeque

2197 2092 2646 2164 philos0phorum
2701 2095 3072 2165 quaestiones:
3124 2105 3147 2134 ο
3200 2104 3380 2152 utrum
3420 2098 3585 2154 amici
3632 2112 3800 2156 causa

2196 2187 2485 2258 quisquam
2512 2199 2708 2244 contra
2747 2189 2979 2259 patriam
3020 2191 3228 2247 sentire
3269 2205 3448 2249 necne
3473 2191 3700 2259 debeat,
3740 2201 3802 2249 ut

2197 2282 2374 2336 amico
2421 2280 2639 2336 ohediat
2674 2282 2697 2336 τ
2751 2280 2942 2337 Utrum
2979 2292 3231 2353 oporteat
3257 2295 3316 2340 ut
3346 2283 3510 2341 ﬁdem
3543 2285 3799 2354 deserat,

2198 2375 2328 2432 dum
2361 2375 2608 2447 indulget
2642 2385 2806 2447 atque
2838 2377 3073 2434 intendit
3098 2379 3257 2434 amici
3289 2379 3804 2435 commoditatibus?

2271 2469 2398 2525 126.
2437 2469 2504 2524 Et
2526 2469 2811 2540 Scriptura
2836 2469 3057 2540 quidem
3079 2470 3196 2526 ait:
3221 2470 3404 2537 Clara,
3423 2482 3474 2526 et
3490 2472 3724 2543 gladius,
3751 2481 3808 2529 et

2200 2564 2392 2636 sagitta
2429 2567 2628 2634 ferrata
2645 2603 2661 2630 ,
2689 2563 2764 2618 sic
2792 2564 2948 2619 homo
2969 2573 3044 2620 est
3073 2564 3420 2620 testimonium
3447 2564 3577 2620 dans
3607 2563 3808 2635 [alsuns

2200 2657 2446 2713 adversus
2475 2657 2701 2711 amicum
2745 2671 2898 2712 suum
2926 2655 3123 2730 (Prov.
3153 2673 3286 2724 xxv,
3319 2655 3441 2729 18).
3471 2656 3581 2714 Sed
3621 2657 3810 2714 consi-

2202 2751 2331 2808 dera
2398 2750 2532 2822 quid
2573 2759 2804 2807 astruat.
2845 2750 2965 2806 Non
3015 2751 3386 2807 testimonium
3451 2750 3814 2822 reprehendit

2203 2845 2407 2901 dictum
2452 2847 2508 2900 in
2540 2845 2777 2901 amicum
2802 2887 2817 2912 .
2848 2846 2944 2902 sed
2984 2847 3182 2901 falsum
3224 2846 3618 2902 testimonium.
3663 2845 3813 2915 Quid

2204 2943 2349 2997 enim
2381 2941 2424 2995 si
2451 2940 2543 2995 Dei
2575 2955 2738 2996 causa
2759 2982 2775 3005 ,
2800 2941 2930 3010 quid
2960 2942 3008 2996 si
3036 2942 3222 3011 patria:
3249 2949 3476 3011 cogatur
3497 2941 3696 3012 aliquis
3723 2941 3814 2996 di-

2203 3049 2328 3090 cere
2375 3032 2782 3090 testimonium?
2836 3035 3108 3106 Numquid
3167 3036 3590 3106 prmponderare
3641 3036 3816 3093 debet

2205 3130 2444 3184 amicitia
2475 3129 2752 3200 religioni,
2783 3128 2803 3168 ί
2839 3129 3260 3201 prmponderare
3280 3129 3534 3186 charitati
3565 3129 3809 3186 civium?

500 3219 823 3282 honestum.
858 3217 1020 3272 morti
1060 3232 1120 3271 se
1150 3215 1380 3282 obtulit,
1419 3231 1520 3272 nrc
1547 3215 1771 3272 immitis
1816 3216 1963 3286 regis
1992 3225 2101 3272 tre-
2125 3208 2171 3271 C
2211 3222 2370 3294 139
2401 3221 2456 3276 lu
2483 3221 2567 3276 his
2599 3232 2780 3277 tamen
2804 3223 2936 3294 ipsis
2959 3223 3124 3280 rebus
3147 3223 3472 3294 requirenda
3499 3225 3815 3280 estveritas

500 3313 699 3382 pitlavit
749 3311 988 3366 lururem
1041 3308 1273 3382 (Esther
1304 3325 1378 3372 tv,
1429 3308 1563 3379 l6)?
1593 3309 1713 3379 Ipse
1755 3323 1974 3380 quoque
2002 3325 2102 3364 rex

499 3407 786 3488 Persarum
837 3404 990 3460 ferox
1012 3447 1027 3471 ,
1053 3414 1217 3476 atque
1243 3403 1453 3459 tumido
1484 3403 1681 3470 corde,
1724 3413 1903 3458 tamen
1936 3402 2101 3459 deco-

500 3516 617 3553 rum
643 3498 910 3570 judicavit
938 3497 1099 3552 indici
1132 3497 1453 3552 insidiarum
1484 3513 1606 3568 qua:
1649 3497 1754 3552 sibi
1787 3505 1993 3568 parata
2022 3497 2105 3552 fo-

501 3602 651 3658 rent,
681 3591 915 3662 gratiam
947 3600 1348 3660 reprtesentare
1370 3628 1388 3658 ,
1415 3591 1786 3662 populumque
1814 3590 2042 3645 liberum
2071 3607 2100 3643 a

499 3685 768 3741 servitute
814 3686 1036 3753 eripere
1061 3725 1076 3750 ,
1122 3698 1320 3740 eruere
1369 3686 1514 3749 neci,
1551 3695 1572 3722 ο
1607 3698 1708 3739 nec
1748 3697 1973 3754 parcere
2012 3683 2101 3750 ei,

501 3777 594 3848 qui
651 3788 757 3831 tam
809 3775 1067 3831 indecora
1117 3776 1382 3830 suasisset
1417 3773 1642 3846 (Esther
1673 3790 1754 3840 τι,
1789 3775 1822 3829 5
1849 3784 1896 3828 et
1933 3773 2101 3845 ηιμ).

502 3869 749 3938 Denique
777 3883 940 3940 quem
970 3868 1270 3924 secundum
1296 3882 1327 3922 a
1355 3882 1448 3934 se,
1479 3883 1544 3922 ac
1589 3867 1924 3937 praecipuum
1960 3866 2107 3922 inter

500 3978 691 4019 omnes
721 3961 926 4018 amicos
955 3962 1221 4028 haberet,
1256 3962 1406 4017 cruci
1449 3960 1670 4018 tradidit
1694 4001 1710 4027 ,
1757 3959 1902 4032 quod
1931 3959 2108 4016 deho-

501 4069 774 4116 nestatum
805 4073 869 4114 se
917 4058 1036 4129 ejus
1069 4056 1438 4114 lraudulentis
1476 4055 1722 4112 consiliis
1763 4053 2109 4111 animadver-

504 4153 659 4208 tisset
687 4152 710 4226 (
727 4149 914 4206 Esther
941 4165 1036 4218 vn,
1071 4149 1165 4220 9).

579 4243 705 4300 124.
739 4245 812 4301 Ea
839 4245 988 4300 enim
1021 4239 1048 4280 ἀ
1070 4241 1310 4298 amicitia
1342 4238 1674 4313 probabilis,
1701 4255 1826 4312 qua:
1852 4239 2111 4295 honesta-

507 4350 617 4396 tem
676 4346 878 4404 tuetur,
929 4335 1271 4408 przclercnda
1319 4349 1454 4392 sane
1497 4335 1724 4406 opibus,
1779 4332 2109 4399 honoribus.

505 4431 909 4506 potestatibus:
945 4431 1217 4488 honestati
1247 4445 1380 4486 vero
1411 4428 1659 4501 praeferri
1693 4443 1800 4484 non
1825 4428 1989 4495 solet,
2014 4425 2113 4484 sed

508 4527 852 4584 honestatem
881 4524 1060 4596 sequi.
1091 4523 1280 4592 Qualis
1319 4522 1422 4580 l'uit
1446 4523 1720 4589 Jonatlue,
1752 4523 1841 4593 qui
1874 4537 1972 4592 pro
1998 4521 2114 4593 pie-

2209 3316 2534 3379 testimonii;
2562 3331 2630 3371 ne
2647 3316 2857 3372 amicus
2881 3325 3170 3386 appetatur
3190 3316 3351 3371 amici
3380 3315 3628 3387 perﬁdia,
3651 3316 3814 3386 cujus

2207 3409 2314 3464 (ide
2338 3409 2543 3465 absolvi
2575 3411 2790 3466 debeat.
2823 3410 3044 3466 Amicus
3075 3411 3257 3478 itaque
3286 3424 3462 3480 neque
3493 3410 3658 3464 noxio
3685 3425 3813 3479 gra-

2209 3500 2402 3555 tilicari
2429 3501 2622 3566 debet,
2659 3517 2836 3571 neque
2865 3501 3146 3556 innocenti
3185 3500 3456 3556 insidiari.

2277 3597 2401 3652 127.
2429 3596 2572 3653 Sane
2613 3597 2659 3651 si
2698 3611 2926 3652 necesse
2957 3597 3027 3652 sit
3067 3595 3256 3652 dicere
3296 3595 3711 3664 testimonium,
3761 3598 3812 3652 si

2207 3689 2333 3761 quid
2363 3689 2414 3743 in
2460 3689 2638 3744 amico
2677 3688 2793 3744 vitii
2821 3690 3158 3760 cognoverit,
3186 3698 3210 3736 κ
3248 3690 3527 3758 corripere
3553 3688 3813 3755 occulte;

2207 3784 2395 3838 sinon
2427 3782 2684 3848 audierit,
2729 3783 3012 3851 corripere
3062 3782 3260 3852 palam.
3312 3783 3449 3838 Sunt
3501 3781 3645 3836 enim
3701 3781 3804 3837 bu-

2209 3892 2294 3933 na:
2348 3879 2728 3948 correptiones
2765 3917 2780 3941 ,
2853 3887 2909 3933 et
2970 3877 3291 3947 plerumque
3337 3877 3594 3932 meliores
3643 3892 3816 3947 quam

2210 3971 2374 4025 tacita
2405 3970 2665 4026 amicitia.
2710 3969 2780 4025 Et
2826 3969 2872 4026 si
2914 3969 3037 4025 lasdi
3068 3983 3129 4026 se
3158 3978 3313 4041 putat
3336 3973 3547 4025 amicus
3572 4010 3589 4035 ,
3639 3980 3693 4026 tu
3727 3980 3817 4026 ta-

2211 4079 2335 4120 men
2382 4065 2600 4135 corripe
2626 4082 2640 4133 ;
2687 4074 2740 4119 et
2771 4063 2820 4119 si
2841 4063 3149 4119 amaritudo
3175 4064 3540 4119 correctionis
3566 4063 3815 4120 animum

2211 4157 2329 4228 ejus
2356 4158 2641 4225 vulneret,
2672 4167 2726 4211 tu
2755 4166 2935 4213 tamen
2962 4157 3216 4228 corripe,
3250 4172 3320 4214 ne
3349 4156 3627 4213 verearis:
3657 4156 3684 4192 ⁸³
3712 4157 3820 4213 Το-

2213 4249 2450 4304 lerabilia
2478 4258 2597 4303 sunt
2626 4249 2772 4304 enim
2815 4251 2974 4303 amici
3007 4250 3253 4314 vulnera,
3303 4266 3460 4320 quam
3484 4247 3821 4304 adulantium

2214 4342 2391 4397 oscula
2414 4340 2599 4415 (Prov.
2620 4355 2800 4409 xxvii,
2823 4341 2913 4412 6).
2941 4341 3229 4397 Errantem
3259 4341 3418 4412 igitur
3437 4343 3673 4396 amicum
3694 4355 3823 4398 core

2214 4436 2362 4505 ripe,
2408 4435 2752 4490 innocentem
2799 4435 3038 4490 amicum
3079 4450 3147 4489 ne
3183 4434 3425 4491 deseras.
3475 4434 3491 4473 ί
3541 4435 3823 4492 Constans

2214 4529 2362 4583 enim
2397 4526 2564 4583 debet
2590 4541 2714 4582 esse
2755 4526 3030 4594 amicitia,
3077 4541 3429 4597 perseverare
3472 4528 3527 4583 iu
3571 4527 3820 4596 allectat;

510 4631 621 4678 tate
649 4635 751 4679 nec
789 4620 1054 4678 oﬂensam
1097 4621 1306 4692 patris,
1335 4634 1437 4676 nec
1466 4619 1658 4674 salutis
1685 4617 1988 4690 periculum
2021 4628 2112 4672 re—
2134 4606 2190 4668 D
2215 4633 2324 4674 non
2361 4618 2557 4689 puerili
2589 4619 2754 4674 modo
2796 4620 3004 4674 amicos
3035 4627 3250 4674 mutare
3277 4636 3410 4690 vaga
3456 4621 3695 4690 quadam
3725 4626 3825 4681 de.

509 4713 750 4787 fugiebat
775 4713 830 4786 (l
862 4713 992 4785 Reg.
1022 4727 1114 4779 xx,
1141 4712 1213 4768 29
1243 4721 1292 4768 et
1331 4728 1438 4782 seq.
1458 4712 1500 4784 ).
1531 4711 1718 4782 Qualis
1757 4708 1859 4766 luit
1888 4709 2109 4764 Abime—

509 4809 630 4865 lech
653 4851 668 4879 ,
694 4809 784 4882 qui
814 4823 914 4881 pro
944 4807 1232 4881 hospitalis
1257 4806 1447 4879 gratia:
1476 4806 1674 4864 ciliciis
1704 4818 1894 4864 necem
1926 4805 2109 4876 potius

584 5069 613 5101 ι
648 5058 742 5119 Sic
779 5073 912 5118 mss.
946 5059 1107 5132 longe
1155 5059 1418 5132 plurimi,
1447 5071 1512 5113 ac
1556 5067 1698 5132 nota:
1747 5054 2114 5132 probatioris:

2218 4713 2409 4767 bemus
2436 4715 2726 4767 sententia.

2292 4803 2412 4860 128.
2444 4801 2608 4876 Aperi
2641 4805 2654 4855 l
2704 4811 2893 4875 pectus
2927 4811 3078 4860 tuum
3100 4801 3306 4873 amico,
3335 4811 3398 4859 ut
3419 4803 3602 4863 ﬁdelis
3624 4808 3697 4865 sit
3725 4810 3823 4868 tibi

2300 5068 2324 5106 ις
2354 5057 2668 5144 Cic._0fﬁc.
2707 5058 2870 5142 ΙίΙ)..ι,
2921 5073 3044 5144 τηις.
3087 5057 3215 5144 5ᾕ8,
3250 5059 3356 5144 ‘lin.
3397 5058 3506 5142 b6:
3541 5059 3823 5144 interdum

517 5134 764 5204 nonnulli
799 5145 978 5204 tamen
1021 5127 1078 5190 εἰ
1102 5127 1294 5190 omnes
1331 5129 1493 5198 edit.,
1524 5131 1627 5184 soli
1670 5139 1878 5200 possent
1928 5127 2120 5200 prterire
2227 5129 2383 5204 etiam
2405 5127 3070 5204 objurgationesinanticis
3092 5130 3260 5204 vigent
3292 5134 3534 5187 maxime.
3555 5133 3695 5204 item
3725 5135 3821 5190 de.

513 5199 1246 5283 ing-"bna,elegerimuctc.
1313 5271 1327 5283 .
1786 5280 1795 5283 Α
1891 5267 1902 5283 ,

577 5273 608 5315 δ
646 5270 848 5333 Omnes
870 5270 1001 5332 edit.
1023 5289 1144 5332 cum
1176 5271 1360 5345 paucis
1388 5287 1520 5328 mss.
1549 5272 1860 5326 constitutus
1885 5270 1941 5326 in
1963 5280 2116 5341 porta

512 5343 665 5405 inter.
691 5359 798 5403 etc.

585 5431 606 5459 ε
647 5419 851 5474 Omnes
879 5416 1038 5482 edit..
1073 5431 1166 5484 nec
1199 5432 1412 5484 parcere
1435 5414 1549 5484 neci
1580 5415 1712 5484 ejus.

585 5434 606 5459 ε
647 5434 856 5502 omnes
879 5434 1038 5482 eum.
1073 5434 1166 5471 nec
1199 5434 1412 5484 parcere
1435 5434 1549 5469 neu
1580 5434 1712 5538 eius.
2014 5484 2026 5495 .

582 5485 609 5525 ά
673 5489 788 5546 Cic.
825 5487 916 5559 lib,
961 5499 1022 5546 ιιι
1056 5477 1240 5559 01ης..
1294 5501 1416 5559 pag.
1445 5483 1704 5559 59?}.__tn.
1731 5478 1839 5539 30:
1879 5479 2109 5540 Maxime

512 5569 682 5616 autem
709 5551 1073 5628 perturbantur
1103 5551 1634 5628 ofﬁcia-in'amicitiis
1652 5597 1672 5622 ,
1712 5562 1820 5628 etc.

588 5638 610 5667 ο
653 5621 811 5693 lbid.,
839 5629 936 5683 lin.
959 5625 1064 5686 '53:
1090 5621 1340 5694 At'neque
1365 5639 1542 5685 contra
1565 5621 1966 5694 rempublicam,
1995 5637 2103 5683 etc.

513 5700 647 5768 item
674 5701 742 5754 de
756 5699 927 5754 Amic.
955 5713 1077 5768 pag.
1098 5694 1225 5764 424.
1251 5694 1346 5755 lin.
1378 5700 1426 5754 l:
1451 5699 1793 5768 Quamobrem
1814 5696 2106 5764 videamus,

516 5767 560 5829 si
578 5773 764 5843 placet,
778 5767 1184 5843 quaten’us’anwr
1203 5771 1255 5824 in
1277 5767 1505 5843 amicitia
1524 5767 1764 5843 progredi
1780 5769 1978 5843 debeat,
1997 5780 2105 5827 etc.

597 5842 612 5882 ί
659 5844 812 5902 Rom.
849 5839 1012 5907 edit.,
1044 5841 1444 5918 praeponderare
1471 5839 1717 5904 charitati
1743 5841 1945 5901 vitium.

2222 5199 2398 5275 Amic.
2433 5199 2715 5275 p'ag.‘425.
2737 5203 2834 5257 lin.
2871 5203 2906 5256 5
2945 5221 2959 5257 :
2990 5201 3282 5257 Consilium
3309 5219 3487 5258 verum
3527 5202 3656 5259 dare
3679 5223 3818 5275 gau-

2221 5272 2445 5328 deamus
2473 5272 2633 5329 libere
2651 5315 2665 5336 ,
2693 5285 2800 5328 etc.

2288 5341 2319 5380 ιι
2361 5345 2550 5400 Roma.
2595 5345 2726 5400 edit.
2759 5345 2909 5400 sola:
2946 5343 3172 5400 Utiliora
3215 5355 3337 5401 sunt
3371 5347 3527 5400 amici
3565 5347 3822 5404 vulnera:

2220 5424 2328 5470 vet.
2359 5426 2544 5472 autem
2575 5431 2639 5472 ac
2688 5429 2844 5479 mss..
2875 5414 3227 5483 Tolerabilia,
3257 5431 3387 5481 seu,
3428 5417 3822 5484 tolerabiliora;

2218 5486 2437 5568 quidam
2468 5497 2644 5568 tamen
2663 5529 2678 5554 ,
2709 5487 3061 5568 probabiliora
3082 5498 3200 5568 sunt
3244 5489 3396 5568 amici
3423 5488 3672 5568 vulnera,
3702 5501 3818 5568 etc.

2293 5556 2312 5596 ί
2355 5557 2469 5612 Cic.
2501 5556 2778 5629 deAmic.
2806 5573 2926 5629 pag.
2951 5558 3080 5622 ΩΒ,
3111 5560 3213 5613 lin.
3246 5558 3441 5614 lzNou
3465 5560 3600 5612 enim
3629 5562 3822 5614 amici-

2217 5628 2407 5682 tiarum
2429 5645 2538 5683 esse
2558 5626 2761 5693 debent,
2793 5626 2925 5685 sicut
2946 5631 3169 5684 aliarum
3194 5647 3364 5684 rerum
3387 5630 3674 5691 satietates.
3700 5641 3815 5688 etc.

2287 5699 2304 5749 ἑ
2354 5698 2516 5764 lbid.,
2540 5714 2666 5772 pag.
2689 5701 2820 5766 426,
2849 5701 2947 5758 lin.
2972 5699 3217 5756 t5zTum
3233 5703 3302 5756 sit
3322 5703 3454 5756 inter
3473 5715 3559 5758 eos
3580 5703 3820 5766 muniunt

2212 5786 2410 5838 rerum,
2446 5772 2782 5832 consiliorum
2807 5783 2855 5830 et
2879 5773 3222 5840 wluutatum,
3253 5781 3358 5843 etc.
