3974 6186
430 223 537 278 185

1771 207 2018 266 SANCTI
2060 205 2388 264 AMBROSII

3640 193 3739 251 184

423 337 738 407 aperiamus
793 343 1010 392 secreta
1070 343 1261 388 nostra
1317 329 1497 385 amico
1557 341 1918 398 quaecumque
1971 327 2027 382 in
2057 325 2532 389 Aabsconderem
2588 337 2696 380 me.
2731 322 2988 378 Inimicus
3039 319 3221 376 vitari-
3255 326 3472 389 potest,
3527 316 3742 374 amicus

417 441 647 504 pectore
679 429 946 486 habemus
972 469 986 494 ,
1021 435 1078 482 et
1108 425 1255 480 illius
1295 437 1494 479 arcana
1544 436 1652 478 non
1684 421 2020 492 ignoremus.

422 522 790 580 Ostendamus
819 520 906 575 illi
949 532 1049 574 nos
1079 529 1270 588 pectus
1323 525 1571 571 nostrum
1597 555 1611 581 ,
1644 523 1700 570 et
1727 514 1819 569 ille
1867 513 2030 569 nobis

421 617 634 687 aperiat
664 629 842 670 suum.
887 611 1038 680 Ideo,
1091 611 1299 682 inquit,
1331 626 1419 665 vos
1465 610 1576 663 dixi
1627 608 1855 674 amicos,
1907 608 2028 675 quia

423 710 596 764 omnia
643 722 984 779 quiscumque
1023 705 1203 760 audivi
1225 721 1256 758 a
1281 702 1438 758 Patre
1466 718 1596 765 meo,
1626 711 1749 755 nota
1767 700 1866 769 feci
1889 698 2028 753 uobis

421 803 616 876 (Joan.
648 819 740 869 xv,
776 802 889 872 14).
918 800 1069 855 Nihil
1093 814 1227 871 ergo
1253 799 1486 854 occultat
1517 795 1761 862 amicus,
1787 794 1832 848 si
1865 807 2030 848 verus

420 912 544 958 est:
574 900 804 956 effundit
849 900 1094 955 animum
1133 915 1294 956 suum
1319 941 1334 965 ,
1368 898 1512 954 sicut
1545 895 1858 954 emindcbat
1887 910 2033 967 mys-

426 997 564 1052 teria
592 994 770 1049 Patris
802 996 1062 1049 Dominus
1091 993 1271 1049 Jesus.

493 1089 617 1144 I56.
665 1089 806 1159 Ergo
827 1089 917 1156 qui
967 1088 1098 1142 facit
1141 1086 1396 1143 mandata
1422 1085 1551 1150 Dei,
1584 1085 1794 1139 amicus
1823 1092 1942 1148 est;
1977 1092 2034 1138 et

428 1183 535 1238 hoc
596 1181 900 1236 honoratur
966 1179 1209 1236 nomine.
1253 1177 1354 1246 Qui
1412 1187 1499 1233 est
1552 1177 1864 1243 unanimis,
1916 1175 2032 1244 ipse

429 1276 639 1331 amicus
689 1282 804 1330 est:
851 1274 997 1344 quod
1027 1274 1206 1329 unitas
1256 1273 1564 1327 animorum
1622 1271 1674 1326 in
1707 1271 1898 1327 amicis
1929 1271 2029 1326 sit:

422 1384 600 1438 neque
641 1369 926 1439 quisquam
974 1365 1380 1430 detestabilior,
1409 1381 1570 1436 quam
1616 1366 1707 1437 qui
1733 1365 2031 1421 amicitiam

424 1462 648 1517 laeserit.
673 1461 828 1517 Unde
861 1461 912 1514 in
935 1459 1218 1532 proditore
1243 1458 1506 1514 Dominus
1526 1458 1628 1512 hoc
1655 1458 2032 1529 gravissimum

428 1553 664 1617 invenit,
717 1552 864 1615 quod
912 1551 1030 1622 ejus
1079 1550 1475 1606 condemnaret
1521 1549 1838 1620 perlidiam,
1890 1549 2034 1620 quod

422 1648 612 1716 gratiae
643 1645 818 1700 vicem
852 1661 957 1698 non
982 1642 1463 1714 repriesentaverit
1483 1685 1498 1709 ,
1523 1641 1865 1697 etconviviis
1895 1641 2034 1696 ami-

2133 433 2239 474 non
2267 427 2474 489 patest,
2508 415 2556 471 si
2584 415 2827 471 insidiari
2852 414 3004 470 velit.
3037 412 3191 468 Illum
3220 425 3478 466 cavemus
3513 411 3601 466 cui
3635 426 3742 466 non

2129 509 2520 568 committimus
2533 508 2759 563 consilia
2778 513 2970 561 nostra
2992 522 3004 559 :
3033 504 3178 559 hunc
3199 517 3398 558 cavere
3421 517 3530 556 non
3552 515 3742 572 possu-

2130 618 2280 672 mus,
2306 603 2391 658 cui
2416 601 2813 658 commisimus.
2831 600 3019 671 Itaque
3049 597 3115 652 ad
3136 594 3499 652 acervaudam
3536 591 3742 662 peccati

2129 697 2386 753 invidiam
2412 711 2518 751 nou
2550 694 2723 750 dixit:
2755 693 2838 749 Tu
2861 707 2992 748 vero
3023 705 3215 747 servus
3235 703 3392 744 meus
3412 730 3425 752 ,
3460 687 3743 758 apostolus

2131 804 2316 853 meus;
2351 785 2781 844 sedzlJuauimis
2809 799 2996 849 meus;
3039 783 3143 837 hoc
3165 789 3271 847 est,
3302 794 3409 834 non
3434 793 3612 840 meus,
3647 777 3743 832 sed

2132 883 2295 937 etiam
2353 890 2476 934 tuus
2516 878 2761 948 proditor
2790 892 2882 944 es,
2931 876 3021 944 qui
3071 875 3383 928 unanimem
3427 869 3738 941 prodidisti.

2208 974 2330 1028 I57.
2376 970 2635 1028 Dominus
2669 971 2786 1038 ipse
2811 984 2933 1024 cum
2981 982 3012 1021 a
3047 966 3219 1022 tribus
3250 964 3470 1034 regibus
3502 961 3744 1018 oll‘eusus

2134 1073 2318 1130 esset,
2349 1064 2442 1135 qui
2467 1071 2656 1118 sancto
2678 1061 2781 1117 Job
2807 1075 2914 1116 non
2946 1059 3312 1121 detulissent,
3347 1057 3632 1128 ignoscere
3663 1055 3746 1110 liis

2135 1175 2232 1230 per
2252 1158 2488 1212 amicum
2521 1154 2740 1222 maluit,
2772 1162 2830 1208 ut
2859 1152 3112 1208 amicitia:
3140 1149 3457 1220 sull'ragium
3487 1145 3744 1203 remissio

2135 1254 2294 1310 lieret
2320 1259 2692 1323 peccatorum.
2733 1249 2922 1320 Itaque
2951 1247 3163 1317 rogavit
3186 1245 3320 1311 Joh,
3372 1252 3428 1299 et
3476 1242 3746 1298 Dominus

2137 1349 2364 1420 ignovit.
2397 1345 2608 1402 Profuit
2637 1344 2744 1400 illis
2775 1341 3014 1398 amicitia
3035 1383 3050 1408 ,
3084 1339 3280 1412 quibus
3312 1336 3570 1394 obliterat
3595 1335 3746 1391 inso-

2141 1437 2306 1496 lentia
2329 1435 2464 1508 (Job
2484 1477 2498 1504 ,
2522 1450 2633 1490 XLII
2654 1475 2670 1501 ,
2695 1435 2726 1490 7
2751 1443 2796 1486 et
2827 1430 2985 1504 seq.).

2733 1522 3142 1583 CONCLUSIO.

2211 1623 2336 1680 158.
2379 1622 2506 1678 Haec
2531 1619 2672 1692 apud
2697 1633 2792 1674 vos
2822 1617 3078 1688 deposui,
3108 1615 3203 1670 lilii
3228 1657 3242 1681 ,
3273 1628 3394 1682 qua:
3421 1609 3746 1667 custodiatis

423 1739 567 1793 citia:
613 1752 886 1793 venenum
918 1737 1140 1791 malitia:
1189 1735 1494 1792 miscuerit.
1526 1743 1551 1771 ⁸
1585 1735 1770 1805 Itaque
1808 1735 1889 1790 sic
1917 1734 2030 1788 ait:
2062 1732 2112 1794 B
2139 1719 2194 1776 ίη
2218 1717 2412 1774 ³ηίιιὶῖε
2439 1717 2636 1772 Vestris
2657 1733 2670 1768 ε
2695 1729 2817 1785 Quae
2861 1720 3042 1766 utrum
3083 1708 3282 1782 aliquid
3334 1706 3615 1778 profectus
3643 1705 3744 1759 ha-

431 1829 510 1884 Tu
538 1847 656 1885 vero
703 1831 856 1885 homo
886 1831 1180 1898 unanimis,
1214 1830 1324 1884 dua:
1369 1845 1512 1883 meus
1565 1838 1613 1883 et
1662 1839 1814 1883 notus
1856 1845 2032 1896 meus,

428 1924 516 1993 qui
553 1939 754 1990 semper
795 1938 994 1977 mecum
1032 1922 1212 1976 dulces
1241 1920 1480 1992 capiebas
1509 1920 1648 1974 cibos
1678 1919 1862 1991 (Psal.
1912 1935 2000 1976 Liv
2021 1961 2035 1984 ,

428 2013 498 2069 Η
523 2013 574 2085 )!
611 2015 722 2072 Hoc
748 2025 862 2081 est,
893 2030 1003 2072 non
1029 2025 1213 2086 potest
1241 2016 1504 2070 sustineri
1551 2015 1728 2083 istud,
1757 2015 1881 2085 quia
1909 2029 2043 2068 una-

430 2106 594 2162 nimis
638 2107 894 2177 appetisti
947 2122 1073 2163 eum
1099 2150 1113 2174 ,
1168 2107 1258 2176 qui
1291 2107 1390 2162 tibi
1432 2107 1731 2162 donaverat
1775 2107 2036 2176 gratiam:

433 2199 573 2253 Nam
601 2202 646 2253 si
681 2199 920 2254 inimicus
966 2217 1109 2256 meus
1153 2200 1506 2255 maledixisset
1558 2199 1719 2264 mihi,
1754 2199 2036 2254 sustinuis-

429 2306 534 2344 sem
564 2290 737 2363 utique
761 2290 953 2362 (Ibid.,
986 2291 1116 2364 I5);
1145 2302 1201 2348 et
1227 2293 1296 2348 ab
1323 2309 1389 2350 eo
1419 2290 1574 2365 142
1598 2291 1687 2364 qui
1711 2308 1798 2348 me
1823 2291 2036 2359 oderat,

2140 1814 2338 1877 beant,
2393 1825 2489 1866 vos
2552 1806 2886 1880 probabitis;
2958 1804 3175 1860 interim
3243 1802 3458 1871 copiam
3517 1799 3746 1854 multam

2139 1906 2520 1975 exemplorum
2550 1901 2820 1958 oderunt:
2858 1915 2978 1955 nam
3027 1913 3198 1969 prope
3245 1896 3428 1950 omnia
3475 1893 3745 1964 Majorum

2140 1997 2388 2069 exempla
2410 2038 2423 2061 ,
2452 1995 2686 2065 plurima
2712 2006 2925 2064 quoque
2955 1990 3099 2045 dicta
3121 1990 3208 2044 his
3237 1989 3412 2043 trilms
3435 1986 3644 2042 inclusa
3676 1985 3746 2039 li-

2145 2092 2258 2148 bris
2286 2097 2576 2152 tenentur;
2611 2097 2669 2142 ut
2693 2095 2750 2142 et
2787 2087 2832 2141 si
2878 2099 3062 2140 sermo
3092 2082 3223 2138 nihil
3269 2080 3478 2135 delerat
3518 2079 3705 2148 gratia:
3731 2119 3746 2141 ,

2147 2187 2321 2242 series
2346 2194 2524 2239 tamen
2556 2179 2842 2237 vetustatis
2869 2177 3104 2250 quodam
3126 2171 3454 2245 compendio
3476 2183 3748 2242 espressa

2147 2278 2442 2350 plurimum
2484 2273 2858 2331 instructionis
2902 2269 3176 2328 conferat.

503 2458 528 2485 ⁸
568 2447 702 2504 Cod.
737 2449 950 2522 Benig.,
1004 2453 1067 2506 de
1101 2468 1200 2523 quo
1242 2453 1388 2518 loco,
1426 2462 1484 2506 ut
1556 2467 1718 2522 supra
1771 2450 2030 2516 diximus,
2063 2447 2188 2503 bene
2211 2447 2285 2501 ait
2315 2453 2522 2502 sanctus
2549 2441 2760 2498 Dauid:
2798 2450 2852 2495 tu
2887 2453 3004 2494 vero
3026 2477 3041 2502 ,
3077 2442 3186 2491 etc.

430 2573 3727 2634 Μ

875 2717 1640 2802 ADMONITIO
1717 2717 1857 2799 IN
1932 2711 2396 2796 LIBROS
2473 2701 3260 2814 SEQUENTES,

1099 2877 1209 2934 UBI
1248 2877 1337 2934 ET
1379 2877 1467 2934 DE
1508 2875 1843 2934 VIRGINUM
1885 2874 2262 2933 SACRARUM
2299 2871 2583 2930 ORIGINE
2627 2867 3067 2927 DlSSERITUI—l.

515 3122 838 3196 Virginitatis
859 3124 1147 3180 institutum
1172 3142 1288 3180 cum
1317 3128 1370 3181 in
1399 3127 1531 3198 ipsis
1550 3125 1744 3183 Christi
1773 3124 1987 3180 Domini
2012 3124 2209 3192 verbis,
2240 3123 2582 3195 Doctorisque
2609 3124 2837 3193 gentium
2881 3121 3115 3176 consiliis
3153 3120 3438 3175 stabilitum
3468 3118 3568 3179 sit,
3599 3126 3753 3188 atque

435 3218 488 3270 in
515 3213 755 3272 Ecclesia
783 3219 1010 3272 maxime
1038 3235 1240 3290 semper
1269 3220 1426 3291 fuerit
1453 3221 1508 3273 in
1539 3220 1705 3289 pretio
1726 3236 1743 3284 ;
1768 3234 1869 3272 non
1901 3216 2292 3272 immorabimur
2324 3217 2377 3270 in
2426 3215 2727 3286 refellendis
2769 3214 2874 3268 illis
2906 3213 3163 3268 haereticis
3191 3212 3280 3278 qui
3311 3220 3492 3264 contra
3521 3209 3750 3280 manife—

437 3321 568 3365 stam
594 3311 886 3382 Scriptum
911 3329 973 3366 ac
999 3314 1250 3368 uniuersa:
1275 3314 1570 3368 traditionis
1601 3311 2082 3376 auctoritatem,uel
2109 3310 2403 3364 caelibatum
2433 3319 2766 3379 postposuere
2795 3307 3147 3372 matrimonio,
3165 3308 3246 3362 rel
3269 3303 3602 3358 continentia:
3631 3314 3749 3356 uota

434 3417 696 3475 tamquam
729 3407 1004 3460 temeraria
1024 3449 1040 3473 ,
1082 3407 1244 3476 impia
1289 3417 1441 3477 atque
1495 3407 1679 3461 illicita
1715 3407 2084 3478 proscripsere.
2115 3404 2224 3459 Sed
2248 3403 2494 3475 quoniam
2522 3405 2655 3458 inter
2685 3402 2966 3457 catholicos
2994 3401 3084 3454 alii
3102 3402 3214 3471 jam
3243 3399 3306 3453 ab
3343 3399 3470 3467 ipsis
3500 3396 3751 3452 Ecclesia

431 3498 762 3553 incunabulis
784 3500 1056 3571 afﬁrmant
1085 3501 1340 3555 exstitisse
1377 3501 1601 3574 virgines
1621 3542 1636 3568 ,
1683 3513 1800 3572 q‘utz
1828 3510 1935 3554 tum
1961 3500 2213 3554 solemnia
2243 3500 2572 3555 continentia:
2602 3509 2719 3554 vota
2751 3509 3142 3572 nuncuparent,
3177 3507 3284 3550 tum
3313 3497 3468 3550 etiam
3511 3511 3746 3550 commu-

433 3607 547 3646 nem
573 3592 733 3646 vitam
761 3594 814 3646 in
842 3596 1166 3649 monasteriis
1196 3595 1628 3665 amplecterentur
1653 3612 1670 3649 :
1702 3595 1795 3650 alii
1825 3605 1993 3649 autem
2020 3596 2148 3666 ipsis
2176 3595 2286 3649 sola
2329 3596 2529 3663 privata
2559 3605 2703 3661 vota,
2731 3605 2780 3650 et
2807 3596 2961 3649 vitam
2989 3605 3078 3648 aut
3106 3595 3160 3646 in
3190 3593 3471 3646 multarum
3502 3592 3752 3645 sa‘culari

431 3685 768 3739 contubernio
790 3729 804 3751 ,
837 3696 926 3740 aut
955 3688 1263 3760 singulatim
1308 3690 1360 3743 in
1404 3690 1631 3759 paternis
1659 3689 1900 3743 domibus
1934 3699 2100 3744 actam
2132 3689 2418 3744 concedunt
2443 3705 2462 3744 :
2491 3691 2583 3745 alii
2619 3689 2824 3743 demum
2872 3691 2927 3742 in
2971 3690 3099 3759 ipsis
3148 3687 3370 3755 simplex
3423 3687 3751 3756 propositum

430 3777 571 3846 quod
597 3778 704 3832 illa:
732 3779 843 3832 velo
869 3789 915 3832 et
946 3781 1162 3834 vestium
1214 3797 1430 3835 suarum
1480 3781 1728 3837 modestia
1778 3782 2127 3849 testabantur,
2173 3792 2491 3853 agnoscunt,
2539 3781 2812 3836 Ambrosio
2859 3792 3037 3837 nostro
3092 3781 3311 3849 primam
3363 3781 3750 3852 parthenonum

425 3871 808 3926 institutionem
851 3873 1218 3940 attribuentes;
1241 3891 1344 3928 non
1372 3876 1636 3945 ingratum
1661 3875 1904 3928 duximus
1931 3877 2043 3946 fore
2061 3916 2077 3941 ,
2109 3875 2155 3928 si
2180 3875 2337 3946 paulo
2364 3873 2572 3928 uberius
2605 3876 2668 3928 de
2693 3873 2870 3928 eodem
2899 3884 3203 3945 argumento
3229 3873 3673 3944 proloquercmur.

505 3959 738 4014 Primam
778 3964 1072 4030 opinionem
1103 3973 1305 4020 constat
1331 3973 1621 4033 susceptam
1649 3981 1760 4019 esse
1785 3984 1817 4019 α
1845 3965 2117 4035 pluribus,
2150 3966 2237 4032 qui
2265 3981 2379 4018 eam
2406 3965 2860 4019 dissertationibus
2883 3973 2934 4018 et
2964 3964 3254 4034 ingentibus
3279 3964 3434 4016 etiam
3464 3963 3747 4017 volumini-

430 4055 523 4108 bus
553 4069 884 4126 propugnare
910 4058 1086 4111 conati
1105 4101 1118 4125 ,
1158 4057 1381 4112 Patrum
1409 4069 1458 4112 et
1487 4059 1823 4113 conciliorum
1855 4059 2198 4129 quorumdam
2229 4059 2523 4112 testimonia
2543 4101 2556 4124 ,
2595 4060 2982 4128 nmltorumque
3029 4069 3317 4129 martyrum
3356 4057 3486 4111 Acta
3536 4074 3748 4129 conges-

430 4159 628 4204 serunt.
667 4149 1029 4205 Nihilominus
1070 4162 1237 4206 tamen
1270 4169 1487 4224 magnas
1528 4153 1643 4222 ipsa
1673 4154 2010 4220 difficultates
2042 4153 2152 4222 pati
2183 4152 2404 4206 videtur.
2441 4151 2690 4206 Romana'
2721 4153 2855 4222 leges
2886 4152 3179 4206 caelibatum
3209 4165 3378 4204 seuere
3403 4149 3747 4218 prohibebant

429 4258 490 4294 ac
522 4241 839 4309 puniebant:
869 4240 1284 4296 Christianorum
1316 4245 1394 4297 rel
1440 4244 1680 4296 minimos
1731 4244 1844 4312 c0gi
1870 4256 2153 4298 conventus
2200 4261 2519 4314 nequaquam
2551 4244 2786 4298 sinebant
2829 4245 3154 4308 idololatria;
3184 4243 3273 4315 qui
3317 4243 3473 4295 etiam
3509 4260 3604 4312 pro
3651 4261 3744 4297 sua

429 4333 663 4387 libidinis
693 4334 995 4405 impotentia
1023 4338 1245 4389 maxime
1271 4337 1323 4389 in
1353 4337 1572 4406 virgines
1601 4335 2067 4391 debacchabantur.
2099 4336 2230 4392 lla'c
2259 4346 2428 4391 tamen
2460 4337 2832 4405 difﬁcultatum
2874 4338 3123 4410 repagula
3161 4353 3336 4390 eorum
3377 4352 3496 4406 qua:
3521 4337 3576 4389 in
3607 4353 3746 4389 mar-

428 4437 602 4496 tyrum
629 4426 755 4480 bene
780 4425 1064 4480 multorum
1093 4426 1234 4481 Actis
1265 4427 1538 4498 leguntur,
1572 4429 1881 4482 auctoritate
1919 4439 2337 4495 removerentur,
2367 4428 2468 4481 nisi
2491 4428 2637 4482 illaut
2663 4428 2880 4482 elevaret
2912 4427 3179 4482 vehemens
3204 4427 3466 4496 suspicio,
3498 4443 3562 4480 ne
3601 4427 3748 4480 dica-

426 4535 541 4573 mus
561 4518 759 4572 indicia
783 4535 943 4590 prope
968 4518 1277 4589 manifesta,
1307 4519 1674 4589 corruptionis.
1712 4517 1862 4585 Quod
1888 4528 2058 4572 autem
2086 4519 2154 4572 ad
2179 4518 2369 4573 allatas
2395 4516 2620 4572 Patrum
2642 4527 2729 4573 aut
2749 4517 3104 4573 Conciliorum
3129 4517 3301 4584 locos,
3334 4517 3492 4588 facile
3519 4517 3644 4572 illos
3671 4518 3747 4572 ita

425 4618 690 4681 exponunt
716 4610 812 4663 alii
832 4651 844 4673 ,
881 4618 936 4662 ut
965 4609 1019 4663 in
1048 4625 1170 4663 suas
1217 4609 1366 4662 etiam
1399 4619 1570 4678 partes
1599 4610 1896 4668 traducunt.

510 4698 746 4754 Proinde
774 4699 1006 4754 lubentes
1037 4715 1153 4752 cum
1177 4695 1482 4753 Innocentio
1511 4699 1532 4754 Ι
1557 4700 1886 4771 agnoscimus
1917 4698 2021 4753 duo
2050 4717 2314 4754 sacrarum
2341 4701 2597 4775 virginum
2625 4717 2852 4773 genera;
2883 4702 3127 4756 nimirum
3173 4701 3311 4755 alias
3358 4715 3480 4770 qua:
3525 4700 3749 4756 Christo

425 4792 742 4863 specialiter
771 4801 1072 4861 nupserunt
1111 4833 1126 4858 ,
1156 4802 1209 4846 et
1240 4792 1466 4847 velaria
1497 4792 1782 4846 sacerdote
1831 4801 2189 4846 meruerunt:
2236 4801 2293 4846 et
2329 4792 2468 4848 alias
2500 4809 2620 4864 qua:
2648 4793 2878 4848 necdum
2919 4807 3077 4848 sacro
3118 4792 3388 4847 velamine
3441 4801 3634 4860 tectae,
3668 4806 3748 4849 ta-

427 4899 550 4939 men
583 4885 634 4939 in
669 4884 950 4955 proposito
981 4884 1229 4954 virginali
1260 4900 1481 4955 semper
1521 4900 1581 4940 se
1612 4901 1835 4941 maucre
1866 4887 2239 4956 promiserunt
2269 4886 2482 4960 (Epist.
2521 4889 2591 4942 ad
2629 4887 2845 4942 Victric.
2878 4886 3216 4959 Rotomag.).
3249 4889 3313 4941 At
3341 4903 3461 4941 vero
3497 4898 3748 4958 utrasque

423 4990 673 5050 perpetuo
700 4979 1014 5050 virginitatis
1039 4989 1154 5032 uoto
1192 4980 1432 5032 astrictus
1459 4979 1620 5050 fuisse
1647 4980 2023 5034 contendimus.
2063 4980 2125 5034 Et
2148 4991 2282 5035 certe
2310 4982 2446 5035 illud
2479 4981 2722 5036 Patribus
2741 5024 2755 5048 ,
2802 4985 3025 5038 maxime
3051 4991 3224 5037 autem
3255 4982 3548 5054 Augustino
3586 4984 3746 5052 fami-

423 5073 556 5127 liare
585 5073 816 5128 videmus
843 5088 980 5137 esse,
1011 5081 1069 5125 ut
1095 5088 1238 5126 voces
1270 5073 1609 5142 propositum
1638 5090 1699 5126 ac
1731 5084 1912 5128 votum
1941 5075 2120 5129 eodem
2149 5086 2395 5147 usurpem
2437 5078 2757 5149 signiﬁcatu.
2796 5076 2978 5148 Neque
3005 5089 3180 5132 votum
3208 5077 3350 5149 apud
3374 5078 3515 5147 ipsos
3543 5094 3748 5148 quoque

423 5163 760 5217 scholasticos
785 5162 932 5216 aliud
962 5171 1107 5216 sonat
1132 5177 1286 5232 quam
1313 5164 1634 5233 prapositum
1662 5179 1782 5217 voce
1807 5164 2094 5232 ﬁrmatum.
2129 5163 2283 5230 Quod
2310 5166 2486 5236 utique
2511 5183 2674 5222 sacrw
2697 5168 2806 5223 illa:
2830 5168 3054 5238 virgines
3081 5169 3415 5239 factitabant,
3463 5185 3584 5223 cum
3610 5170 3744 5223 illud

423 5257 638 5308 vestium
665 5256 975 5320 mutatione,
1010 5271 1073 5308 ac
1103 5255 1200 5308 loci
1233 5256 1285 5307 in
1310 5253 1546 5310 Ecclesia
1571 5260 1798 5326 separati
1825 5259 2164 5325 occupatione
2195 5259 2368 5328 palam
2413 5263 2660 5330 facerent.

503 5347 656 5414 Quod
695 5349 740 5401 si
769 5347 1048 5402 obtendant
1077 5347 1327 5417 Cypriani
1378 5349 1581 5414 locum,
1634 5348 1720 5402 ubi
1763 5349 2001 5419 ρνωιίρὶι
2027 5367 2046 5404 :
2087 5351 2219 5419 Qua:
2253 5366 2608 5421 perseverare
2654 5355 2851 5410 nolunt
2877 5365 2966 5410 aut
2997 5371 3103 5412 non
3131 5367 3390 5428 possunt,
3415 5359 3618 5416 melius
3658 5370 3742 5416 est

429 5439 667 5507 nubant,
717 5456 874 5508 quam
908 5440 960 5494 in
992 5439 1169 5509 ignem
1200 5439 1416 5495 delictis
1440 5440 1556 5494 suis
1587 5439 1782 5494 cadant
1812 5441 2020 5512 (Epist.
2049 5442 2121 5497 ad
2151 5442 2408 5513 Pompon.
2434 5444 2490 5516 );
2520 5445 2574 5496 id
2613 5462 2674 5500 ea
2704 5449 2904 5500 ratione
2949 5458 3199 5504 statutum
3244 5466 3352 5503 esse
3395 5453 3743 5522 respondetur
3811 5467 3820 5471 ·

427 5529 491 5585 ob
519 5531 718 5600 lapsum
748 5532 1091 5601 quarumdam
1119 5532 1374 5600 virginum
1400 5573 1414 5597 ,
1461 5547 1578 5603 qua:
1623 5530 1960 5598 offensionem
1986 5532 2243 5590 Ecclesia:
2283 5536 2560 5590 etiamnum
2588 5537 2903 5595 crudelitate
2949 5555 3286 5612 tyrannorum
3333 5554 3527 5598 uexata:
3573 5549 3745 5616 parie-

423 5623 566 5676 bant.
601 5623 855 5686 Quocirca
875 5624 1000 5684 licet
1043 5625 1204 5688 istius,
1223 5625 1367 5695 modi
1389 5625 1638 5698 conjugia
1668 5628 1922 5698 majorem
1966 5629 2019 5680 in
2072 5630 2284 5683 modum
2330 5631 2695 5686 condemnaret
2720 5645 3028 5698 ,.ea.tanten
3059 5645 3320 5706 tamquam
3354 5638 3572 5691 .minora
3601 5642 3743 5696 mala

421 5715 647 5770 vitandis
677 5715 965 5785 majoribus
994 5716 1262 5770 toleranda
1289 5721 1487 5770 censuit
1509 5719 1680 5772 verius
1706 5759 1719 5785 ,
1749 5735 1903 5788 quam
1952 5719 2202 5788 probauit.
2238 5722 2375 5788 Quin
2405 5723 2563 5777 etiam
2612 5735 2824 5779 sanctus
2886 5702 3214 5798 Epiphanius
3257 5725 3277 5794 (
3300 5725 3497 5783 "teres.
3529 5728 3594 5784 6i
3621 5729 3642 5799 )
3682 5702 3742 5787 ac
