3998 6190
194 258 280 311 185
1268 254 1356 310 DE
1400 253 1773 315 VlRGlNIBUE

1890 256 2011 312 tBRI
2053 255 2256 312 TRES.
3367 255 3469 312 186

185 384 280 440 post
297 389 401 428 eum
428 375 767 450 Augustinus
794 377 950 450 (Lib.
983 379 1046 433 de
1072 374 1424 433 Bonoi'iduit.
1452 394 1572 447 cap.
1605 378 1670 432 10
1694 388 1741 431 et
1773 375 1872 449 11)
1912 393 2134 448 quorum
2180 375 2495 446 temporibus
2543 377 2799 447 virginum
2843 376 3058 432 illarum
3105 387 3222 431 vota
3278 377 3472 430 usitata

183 467 320 537 fuisse
341 469 765 538 nondif/itentur
789 471 1107 535 adversarii,
1136 470 1524 525 matrimonium
1565 481 1679 541 post
1711 473 1899 525 emissa
1945 481 2062 524 vota
2110 481 2435 524 contractum
2481 480 2649 525 vetant
2699 471 2910 526 dissolvi
2958 481 3170 543 propter
3221 470 3471 539 maritos,

181 560 252 630 qui
273 561 463 630 quidem
488 563 536 616 si
560 565 704 618 alias
732 581 923 618 uxores
945 565 1212 619 duxissent
1237 566 1447 619 domum
1469 608 1484 632 ,
1517 566 1705 635 majori
1733 565 1924 618 scelere
1950 581 2004 618 se
2031 564 2368 637 obligassent.
2422 561 2593 617 Iidem
2621 579 2739 617 vero
2766 564 3051 618 maximum
3077 574 3315 617 asserunt
3339 563 3475 631 ipsa-

180 674 273 711 rutl
295 674 393 712 esse
417 661 618 716 crimen
640 703 656 725 ,
688 681 752 717 ac
778 665 942 736 pernis
964 664 1322 718 ecclesiasticis
1365 664 1602 734 dignum.
1640 663 1894 731 Qumnam
1915 703 1930 726 ,
1975 664 2336 726 obsecramus,
2375 662 2479 715 alia
2527 677 2668 715 mens
2698 661 2797 731 fuit
2851 659 3156 732 Cypriano?
3200 656 3473 727 Numquid

179 756 288 806 enim
312 769 407 808 non
433 755 562 809 dicit
589 769 874 829 corruptas
910 770 955 813 et
980 760 1204 829 pollutas
1230 759 1348 812 illas
1371 759 1596 830 virgines
1624 760 1851 814 ﬁrmiter
1881 759 2164 813 continere
2195 755 2541 820 decrevisse,
2572 766 2734 825 atque
2780 753 3001 810 Christo
3048 769 3107 809 se
3151 753 3473 815 devovisse;

179 861 309 909 quove
332 858 479 914 pacto
507 859 688 903 votum
709 851 762 904 in
792 850 873 905 his
901 851 1124 921 positum
1156 867 1265 906 esse
1293 852 1474 922 negari
1498 860 1651 919 queat
1676 850 1700 902 ἲ
1729 846 1797 903 Et
1825 850 1945 904 hinc
1973 860 2045 903 est
2092 851 2326 918 profecto
2352 846 2492 918 quod
2522 846 2656 899 idem
2686 844 2847 900 Pater
2872 861 2984 899 cum
3014 845 3305 915 Augustino
3333 859 3473 897 asse-

177 949 290 992 verat
313 937 600 1011 (Enarrat.
637 943 694 998 in
720 944 859 1014 psal.
894 958 1108 1000 unm
1136 953 1183 998 et
1209 944 1388 1014 uxv)
1416 943 1673 999 adulterio
1702 944 1861 998 teneri
1907 943 2126 1015 feminas
2149 941 2272 996 illas
2295 983 2309 1008 ,
2341 941 2532 1012 quippe
2561 955 2676 1011 qua:
2702 940 2879 994 datam
2911 937 3119 994 Christo
3154 936 3376 992 Domino
3406 937 3472 1007 fi-

175 1030 268 1084 dem
296 1033 589 1103 fregissent.

230 1122 421 1180 .llaneat
452 1126 620 1199 igitur
648 1128 907 1200 virginum
935 1139 983 1184 et
1014 1129 1389 1184 continentium
1419 1131 1621 1184 vivendi
1647 1130 1897 1184 rationem
1943 1128 2045 1197 ipsi
2089 1125 2401 1184 Christianis
2453 1127 2692 1200 religioni
2746 1135 2897 1180 (etate
2942 1141 3044 1178 non
3095 1139 3206 1178 esse
3247 1123 3464 1188 inferio-

170 1231 256 1268 rem
277 1231 294 1268 :
313 1217 422 1285 jam
448 1217 572 1271 inde
601 1217 672 1270 ab
699 1219 1014 1290 Apostolicis
1041 1219 1356 1290 temporibus
1385 1219 1586 1292 puellas
1616 1221 1876 1275 exstitisse
1898 1261 1913 1286 ,
1946 1235 2062 1290 qua
2094 1218 2201 1273 Deo
2223 1221 2569 1290 virginitatem
2601 1236 2687 1272 seu
2718 1227 2834 1271 voto
2880 1233 2971 1271 seu
3019 1217 3170 1285 firmo
3211 1225 3474 1286 perpetua-

169 1309 470 1363 continentia:
497 1313 761 1381 promisso
793 1324 1151 1367 consecrarent
1174 1330 1193 1367 :
1223 1325 1481 1381 postremo
1513 1315 1621 1367 ha:c
1651 1325 1765 1369 vota
1796 1332 1973 1369 coram
2014 1316 2266 1385 episcopis
2291 1356 2304 1379 ,
2333 1325 2424 1367 aut
2467 1314 2770 1384 presbyteris
2794 1353 2808 1378 ,
2858 1321 2946 1365 aut
2994 1309 3290 1382 parentibus
3311 1352 3326 1375 ,
3376 1321 3469 1363 aut

169 1399 342 1452 tondens
372 1403 613 1456 omnibus
647 1405 944 1458 christianis
972 1421 1062 1474 per
1089 1417 1304 1460 externa
1332 1406 1425 1460 illa
1453 1407 1680 1473 indicia,
1712 1423 1827 1474 qua:
1845 1410 1962 1480 jam
1992 1414 2112 1458 ante
2143 1405 2574 1467 memoravimus,
2606 1401 2866 1456 declarari
2915 1400 3257 1454 consuevisse.
3305 1397 3465 1468 Diffi-

167 1490 345 1545 cillimis
370 1501 541 1546 autent
570 1505 787 1548 vastatte
814 1507 965 1566 atque
991 1498 1085 1550 sub
1111 1497 1442 1551 acerbissima
1472 1500 1747 1570 tyrannide
1775 1498 2022 1570 gementis
2047 1497 2296 1552 Ecclesiae
2323 1496 2638 1568 temporibus
2665 1494 2855 1548 eadem
2886 1493 3104 1563 virgines
3135 1494 3190 1546 in
3222 1502 3465 1560 paterna-

167 1601 261 1637 rum
283 1589 466 1642 tediuns
491 1601 695 1646 secreto
723 1591 992 1662 degebant.
1025 1593 1309 1666 Postqttam
1340 1612 1460 1651 vero
1485 1597 1674 1649 divina
1699 1596 2034 1667 benignitatis
2062 1611 2160 1662 ope
2205 1592 2446 1662 fidelibus
2478 1589 2833 1658 tranquillitas
2878 1588 3090 1641 concedi
3116 1597 3282 1656 ccepta
3304 1627 3320 1651 ,
3362 1586 3470 1639 illa!

167 1677 272 1746 ipse
302 1678 537 1737 Hominis
564 1680 671 1738 Dei
696 1701 905 1755 sponsa:
932 1688 1248 1741 monasteria
1278 1689 1550 1742 instituere
1592 1702 1851 1760 aggressa:
1893 1696 2014 1740 sunt
2045 1687 2096 1738 in
2129 1684 2377 1746 Oriente;
2407 1681 2541 1736 unde
2561 1679 2876 1734 Athanasius
2904 1677 2966 1731 ob
2995 1675 3315 1731 Arianorum
3347 1690 3468 1745 per-

168 1775 444 1829 secutionem
472 1775 704 1831 Romam
735 1780 1011 1850 perfugere
1034 1792 1246 1835 coactus
1268 1824 1283 1848 ,
1318 1792 1370 1835 ut
1414 1783 1667 1836 nonnulla
1689 1781 1758 1834 ibi
1787 1781 2251 1843 constituerentur,
2284 1792 2498 1830 causam
2526 1774 2766 1844 pra'buit.
2813 1770 2933 1825 Illic
2963 1769 3171 1836 quidem
3213 1770 3309 1823 hoc
3348 1769 3466 1823 vita:

166 1877 296 1930 genus
323 1867 465 1922 initio
496 1869 677 1924 minus
721 1871 883 1925 valuit
925 1874 1067 1944 apud
1097 1874 1294 1928 nobiles
1342 1873 1596 1944 (Hieron.
1642 1872 1706 1928 de
1737 1872 1938 1926 laudib.
1970 1870 2266 1940 Marcella!)
2296 1887 2314 1924 :
2345 1880 2399 1922 at
2430 1884 2548 1922 vero
2590 1883 2708 1921 cum
2757 1866 2890 1919 illud
2944 1864 3173 1918 illustres
3220 1863 3462 1927 quaedam

169 1968 381 2013 matrona
406 1974 574 2017 essent
608 1965 898 2034 amplexor,
931 1967 1121 2021 sensim
1151 1969 1205 2022 in
1236 1969 1368 2022 alias
1393 1969 1667 2040 religiones
1699 1968 1914 2022 maximi
1944 1970 2196 2039 cujusque
2228 1964 2466 2036 pra’sulis
2497 1962 2668 2016 studio
2701 1971 3044 2031 prapagatum
3074 1977 3126 2014 es
3141 1970 3180 2013 t.

222 2051 277 2106 lit
297 2056 524 2126 juvando
557 2069 669 2111 tam
699 2072 880 2115 sancto
909 2074 1117 2132 tamque
1146 2063 1264 2116 utili
1295 2064 1528 2117 instituto
1557 2063 1748 2117 nemini
1775 2063 2074 2134 inferiorem
2105 2077 2216 2114 sese
2240 2059 2461 2114 ostendit
2493 2073 2709 2127 magnus
2735 2056 3074 2121 Ambrosius;
3105 2054 3240 2108 illud
3267 2054 3460 2124 quippe

167 2160 248 2198 non
274 2149 414 2202 modo
443 2150 496 2203 in
529 2151 744 2206 diwcesi
772 2154 985 2222 propria
1013 2154 1300 2206 admissum
1326 2155 1446 2207 totis
1474 2155 1666 2208 viribus
1710 2153 1838 2222 fovit
1885 2163 2038 2222 atque
2083 2151 2268 2214 auxit;
2300 2166 2473 2204 verum
2506 2149 2658 2202 etiam
2706 2161 2793 2217 per
2820 2144 3012 2198 vicinas
3067 2144 3362 2213 provincias
3414 2156 3464 2198 et

168 2247 284 2291 trans
312 2242 470 2295 maria
497 2260 710 2314 quoque
738 2261 899 2315 usque
924 2245 976 2298 in
1010 2247 1244 2317 Africam
1275 2263 1336 2298 ac
1368 2245 1744 2299 Mauritaniam
1771 2243 2132 2313 ampliﬁcavit.
2180 2239 2330 2295 Unde
2373 2255 2628 2312 agnoscas
2675 2250 2854 2290 sancto
2904 2235 3135 2288 Antistiti
3165 2235 3244 2287 sin
3296 2234 3468 2288 minus

169 2334 296 2400 primi
322 2339 456 2406 apud
487 2336 513 2390 l
524 2340 665 2392 talos
697 2340 1170 2394 sanctimonialium
1202 2342 1432 2411 parentis
1465 2342 1579 2394 laus
1611 2340 1862 2394 debeatur
1881 2381 1894 2403 ,
1927 2338 2219 2408 proximam
2247 2348 2420 2389 tamen
2449 2335 2611 2387 eidem
2645 2347 2746 2385 non
2776 2347 2924 2401 posse
2949 2331 3051 2383 nisi
3079 2330 3275 2402 injuria
3306 2347 3462 2402 nega-

167 2424 233 2487 ri,
260 2431 450 2494 patroni
497 2431 704 2484 scilicet
731 2449 792 2485 ac
821 2436 1185 2505 propagatoris
1212 2475 1223 2486 .
1265 2433 1333 2488 Ut
1361 2442 1530 2488 autent
1560 2450 1663 2504 qua
1693 2433 1897 2487 ratione
1929 2431 2240 2502 virginitatis
2265 2428 2521 2500 professio
2549 2426 2771 2478 dilatata
2798 2435 2910 2490 est,
2942 2425 3265 2493 manifestius
3294 2441 3463 2494 appa-

169 2529 290 2585 reat,
319 2521 566 2578 librorum
584 2567 601 2592 ,
621 2541 751 2595 quos
776 2527 860 2580 hic
881 2529 1113 2593 edimus,
1139 2530 1396 2599 analysim
1422 2529 1812 2599 aggrediamur.

227 2608 336 2663 Cum
364 2614 492 2669 nihil
519 2616 794 2686 antiquius
826 2617 1031 2672 haberet
1077 2618 1150 2671 vir
1180 2629 1388 2672 sanctus
1408 2659 1424 2684 ,
1457 2635 1613 2688 quam
1640 2628 1694 2672 ut
1725 2618 1975 2688 populum
2007 2617 2104 2671 sibi
2121 2616 2371 2670 creditum
2397 2614 2618 2669 salutari
2649 2613 2882 2667 doctrina
2909 2611 3217 2682 informaret
3239 2652 3254 2677 ,
3288 2626 3460 2677 opera:

169 2703 356 2766 Pretium
383 2711 722 2780 episcopatus
759 2711 841 2763 sui
870 2711 1019 2764 initio
1048 2711 1307 2780 facturum
1333 2728 1386 2765 se
1415 2713 1599 2778 duxit,
1646 2713 1690 2766 si
1721 2713 2072 2766 demonstrata
2101 2709 2411 2780 virginitatis
2440 2706 2786 2762 sanctitudine
2827 2706 2896 2759 ad
2943 2721 3056 2759 eam
3110 2705 3454 2775 proﬁtendam

168 2795 442 2856 christianos
470 2804 682 2872 puellas
712 2821 807 2875 pro
833 2822 926 2859 sua
954 2807 1092 2859 virili
1115 2808 1432 2862 accenderet.
1472 2805 1665 2860 Ilabuit
1693 2806 1852 2878 igitur
1875 2808 1939 2860 de
1967 2806 2065 2859 hoc
2093 2813 2398 2876 argumento
2425 2818 2681 2857 sermones
2732 2811 2875 2854 tanta
2921 2815 3036 2852 cum
3079 2799 3371 2869 eloquentia
3407 2809 3458 2854 et

169 2889 471 2960 vehementia,
503 2906 563 2948 ut
585 2898 752 2950 maria
788 2898 903 2967 ipsa
941 2899 1297 2968 pervaderent.
1331 2899 1535 2954 Horum
1565 2901 1731 2954 excita
1762 2916 1968 2955 rumore
1991 2901 2136 2955 beata
2174 2900 2337 2971 ipsius
2363 2914 2512 2953 soror
2544 2895 2892 2961 Marcellino,
2925 2895 3092 2949 eidem
3123 2911 3213 2964 per
3256 2895 3454 2948 litteras

169 2989 253 3034 tam
272 2985 431 3039 latum
457 3004 874 3060 prosperumque
898 3008 1189 3047 successum
1214 2995 1481 3067 gratulata
1525 3005 1631 3050 est:
1663 3011 1810 3061 quem
1835 2997 1991 3049 etiam
2021 3007 2074 3050 ut
2103 3011 2220 3066 quce
2245 2996 2355 3048 viva
2385 3010 2504 3049 voce
2544 2994 2913 3065 pronuntiabat
2935 3034 2949 3057 ,
2989 2993 3196 3062 quando
3223 2991 3319 3044 sibi
3361 3005 3449 3043 co-

168 3087 258 3126 rant
279 3079 448 3136 audire
470 3081 689 3136 minime
711 3083 930 3152 liceret,
973 3087 1154 3141 saltem
1183 3089 1552 3142 transmitteret
1575 3089 1769 3158 scripto
1799 3089 2046 3143 mandata
2069 3130 2084 3155 ,
2112 3088 2416 3144 obsecravit.
2450 3089 2626 3154 Quare
2651 3098 2704 3141 ut
2731 3096 2835 3140 tam
2856 3091 3019 3159 justte
3051 3086 3282 3153 petitioni
3309 3084 3452 3140 obse-

167 3181 401 3241 queretur,
421 3178 696 3230 conciones
727 3195 852 3232 suas
879 3180 932 3234 in
965 3191 1068 3236 tres
1095 3181 1214 3235 illos
1246 3181 1434 3246 libros,
1468 3198 1593 3252 quos
1624 3183 1775 3236 etiam
1806 3198 1940 3235 nunc
1967 3181 2248 3246 habemus,
2279 3181 2513 3252 digerere
2528 3182 2753 3234 animum
2787 3179 3012 3233 induxit.

226 3261 282 3318 ln
305 3269 460 3336 primo
489 3271 623 3326 libro
645 3273 954 3342 virginitatis
977 3275 1280 3345 dignitatem
1307 3278 1566 3348 expendit,
1585 3296 1645 3331 ac
1673 3287 1787 3347 post
1814 3277 2129 3348 singularem
2149 3277 2232 3330 sui
2249 3277 2608 3330 demissionem
2625 3281 2796 3329 statim
2818 3276 2870 3328 in
2894 3275 3105 3327 exordio
3121 3273 3445 3326 demonstra-

167 3369 272 3428 tam,
297 3380 519 3429 quamam
549 3367 618 3420 ad
646 3369 971 3422 scribendum
1002 3372 1170 3441 ipsum
1199 3372 1532 3440 impulerint,
1569 3374 1756 3442 aperit.
1785 3371 1916 3426 Tum
1940 3373 2099 3426 beata:
2128 3374 2338 3443 Agnetis
2365 3376 2517 3444 cujus
2552 3373 2740 3425 natalis
2774 3372 3028 3425 inciderat
3056 3372 3108 3423 in
3140 3386 3253 3426 eum
3281 3370 3448 3434 diem,

169 3458 394 3516 P'trmissa
421 3459 754 3525 laudatione,
779 3461 1120 3531 virginitatem
1148 3481 1178 3516 a
1208 3462 1315 3516 Deo
1345 3462 1504 3517 Patre
1531 3465 1600 3517 ad
1626 3481 1718 3518 nos
1750 3481 1854 3517 una
1882 3480 1999 3518 cum
2037 3463 2200 3518 Verbo
2231 3464 2552 3518 descendisse
2580 3464 2830 3534 afﬁrmat.
2862 3460 2993 3515 Inde
3019 3463 3216 3534 colligit
3249 3464 3446 3516 nullam

170 3545 284 3611 apud
311 3547 550 3604 Ethnicos
574 3592 588 3616 ,
634 3552 774 3623 apud
807 3551 1054 3608 Hebraeos
1102 3565 1276 3608 autem
1306 3556 1669 3610 adumbratam
1709 3557 1876 3611 solum
1909 3557 2165 3611 exstitisse
2216 3556 2450 3610 virtutem
2484 3557 2662 3610 illam:
2711 3573 2865 3625 quam
2900 3557 3102 3608 tametsi
3152 3557 3447 3624 neutiquam

167 3633 440 3706 imperetur,
466 3653 637 3696 tamen
671 3646 1001 3698 matrimonio
1030 3648 1182 3716 longe
1211 3657 1460 3716 prtrstare
1488 3649 1784 3720 compositis
1813 3649 1946 3702 inter
1974 3665 2028 3702 se
2055 3649 2301 3702 ambobus
2321 3690 2337 3716 ,
2367 3649 2541 3720 palam
2569 3652 2717 3718 facit.
2756 3648 2892 3702 Ilinc
2922 3660 3129 3719 arrepta
3177 3651 3449 3704 occasione

172 3741 368 3791 parentes
395 3749 456 3786 ac
486 3735 814 3802 potissimum
841 3737 1022 3790 viduas
1051 3747 1285 3791 amanter
1329 3739 1529 3808 arguit,
1564 3740 1701 3807 quod
1725 3738 1867 3807 filias
1896 3754 1958 3790 ne
1986 3741 2063 3792 vel
2094 3741 2260 3808 ipsum
2289 3739 2352 3791 de
2377 3737 2476 3790 hac
2506 3740 2723 3792 materia
2752 3737 2993 3791 audirent
3025 3739 3444 3806 concionantem,

174 3819 482 3879 prohiberent.
518 3824 593 3879 Ut
623 3835 796 3880 autem
823 3838 1134 3898 quantopere
1162 3829 1259 3882 ltac
1287 3829 1339 3882 in
1367 3846 1422 3882 re
1453 3839 1691 3899 peccent,
1726 3827 1934 3898 planius
1966 3828 2089 3895 fiat,
2140 3829 2246 3880 illis
2278 3829 2340 3880 ob
2374 3829 2553 3880 oculos
2581 3828 2875 3896 puellarum
2919 3843 3036 3895 qum
3084 3825 3356 3880 Placentia
3401 3839 3449 3882 et

173 3907 403 3983 Bononia,
434 3919 593 3971 immo
624 3919 832 3972 etiame
881 3921 1244 3974 transmarinis
1292 3921 1460 3992 plagis
1509 3918 1864 3974 Mediolanum
1915 3918 2121 3972 Christo
2167 3928 2409 3989 nuptura:
2451 3916 2758 3981 veniebant,
2816 3919 3102 3986 exemplum
3149 3919 3313 3988 ponit.
3369 3922 3448 3974 Ad

175 4013 440 4066 postremum
470 4019 683 4062 narrato
714 4008 1065 4078 pulcherrimo
1109 4011 1340 4080 facinore
1369 4010 1644 4078 cujusdam
1691 4010 1904 4082 virginis
1926 4051 1942 4075 ,
1975 4024 2090 4079 qua:
2136 4009 2198 4063 ab
2238 4009 2426 4074 altari,
2454 4009 2757 4078 priusquam
2806 4009 3132 4079 proﬁteretur
3181 4013 3442 4067 continen-

175 4093 301 4163 liam,
329 4118 356 4153 a
379 4104 481 4156 suis
512 4104 670 4158 avelli
699 4121 801 4158 non
832 4107 1022 4171 potuit,
1059 4106 1189 4159 liber
1217 4106 1499 4160 clauditur.

231 4185 286 4241 lu
311 4197 522 4248 secundo
553 4197 814 4268 virginum
843 4198 1106 4252 instituere
1136 4215 1302 4252 mores
1332 4215 1605 4270 aggressus
1624 4243 1637 4265 ,
1686 4199 1741 4253 id
1767 4218 1799 4253 a
1851 4215 1904 4252 se
1934 4208 2086 4268 negat
2131 4198 2449 4252 commodius
2497 4197 2736 4268 prtestari
2777 4214 2928 4268 posse
2975 4216 3125 4269 quam
3153 4202 3405 4272 exemplis
3427 4243 3444 4266 ,

173 4292 352 4343 ‘luorum
379 4289 596 4357 printum
624 4307 687 4342 ac
709 4291 1034 4361 prmeipuum
1062 4307 1094 4344 a
1126 4290 1225 4345 Dei
1265 4303 1428 4345 matre
1467 4293 1720 4364 virginum
1776 4292 2002 4346 omnium
2051 4293 2389 4365 antesignana
2434 4303 2717 4346 mutuatur.
2771 4292 2942 4367 Hujus
2981 4299 3193 4350 virtutes
3234 4295 3447 4350 breviter

173 4372 372 4443 quidem,
399 4382 482 4433 sed
511 4397 718 4435 summo
747 4398 865 4435 cum
899 4392 1085 4435 ornatu
1114 4392 1162 4436 et
1189 4383 1480 4452 eloquentia
1511 4383 1775 4438 describit.
1815 4381 1932 4436 Huc
1956 4381 2205 4437 Thcclam
2233 4384 2380 4439 addit
2417 4383 2573 4437 Pauli
2601 4382 2937 4454 discipulam,
2962 4402 3024 4436 ac
3039 4385 3444 4441 Mediolanensis

178 4457 389 4523 Ecclesite
409 4482 714 4539 patronam,
745 4489 900 4544 quam
930 4473 1038 4525 illm
1079 4474 1212 4526 velut
1244 4474 1535 4527 absolutum
1568 4475 1833 4543 exemplar
1875 4475 2012 4528 inse
2061 4483 2312 4528 conentur
2357 4478 2666 4544 exprimere.
2719 4475 2909 4530 Verum
2955 4493 3017 4530 ne
3067 4479 3304 4544 exempla
3349 4479 3445 4533 illa

175 4554 331 4612 ritibus
352 4563 452 4616 suis
477 4565 681 4634 majora
703 4573 1064 4630 causarentur,
1096 4565 1304 4618 tertium
1345 4565 1615 4634 ipsumque
1655 4565 1914 4618 memoria!
1941 4567 2243 4619 recentioris
2285 4566 2357 4619 eis
2402 4567 2601 4636 objicit.
2639 4565 2763 4621 Erat
2793 4567 2902 4622 ha'c
2933 4569 3076 4638 virgo
3125 4569 3446 4635 christiana,

175 4661 266 4713 φιω
288 4652 397 4706 dum
422 4674 474 4711 se
501 4669 686 4728 sponte
712 4657 926 4728 exponit
957 4659 1207 4728 martyrio
1228 4699 1242 4722 ,
1288 4661 1358 4711 ad
1401 4656 1627 4725 lupanar
1654 4674 1686 4710 a
1733 4668 1955 4727 tyranno
2003 4659 2320 4721 damnatur;
2363 4659 2498 4711 unde
2541 4660 2811 4712 christiani
2863 4659 3042 4713 militis
3070 4675 3166 4731 ope
3195 4661 3444 4716 divinitus

175 4741 347 4814 elapsa,
367 4767 475 4804 cum
498 4768 556 4806 eo
583 4752 810 4806 tamdem
853 4754 1087 4822 martyrii
1121 4753 1351 4823 palmam
1377 4763 1651 4807 consecuta
1678 4763 1770 4806 est.
1804 4750 2004 4806 Deinde
2041 4762 2250 4807 sanctus
2283 4751 2485 4807 Prtesul
2523 4755 2590 4807 ad
2615 4754 2932 4808 idololatria:
2975 4755 3439 4811 considerationem

176 4847 353 4894 mentem
376 4847 662 4914 reflectens,
691 4847 746 4898 in
770 4845 1132 4900 laudatissima
1161 4844 1413 4900 Damonis
1454 4857 1603 4916 atque
1633 4843 1843 4916 Pythice
1873 4847 2090 4898 historia
2111 4887 2126 4909 ,
2157 4845 2293 4898 nihil
2339 4845 2598 4900 observari
2643 4863 2792 4917 posse
2815 4849 3130 4916 {contendit,
3162 4849 3302 4917 quod
3321 4852 3446 4923 jure

173 4939 267 4980 cum
291 4950 533 5001 generoste
556 4938 707 4992 illius
737 4938 955 5009 virginis
985 4940 1274 4992 constantia
1305 4940 1468 5004 possit
1495 4939 1740 5008 conferri.
1775 4939 2005 5008 Denique
2045 4947 2289 4991 excusata
2322 4939 2416 4990 ista
2459 4940 2594 5008 forte
2623 4941 2779 5011 paulo
2830 4941 3019 5006 nimia,
3051 4958 3203 5011 quam
3247 4943 3299 4996 in
3325 4959 3446 4996 ora-

173 5017 282 5074 tione
299 5027 588 5083 adhibuerat
610 5070 625 5094 ,
654 5037 765 5083 arte
793 5045 856 5082 ac
885 5029 1132 5098 facundia
1153 5069 1168 5097 ,
1198 5032 1254 5083 id
1279 5046 1338 5084 eo
1365 5029 1583 5083 consilio
1614 5033 1809 5100 factum
1842 5029 2058 5092 asserit,
2092 5038 2146 5082 ut
2187 5029 2235 5081 vi
2284 5031 2473 5102 majori
2521 5042 2567 5085 et
2614 5033 2864 5086 suavitate
2915 5033 2984 5085 ad
3033 5033 3197 5086 Deunt
3244 5035 3442 5088 animos

173 5114 408 5176 pelliceret.

228 5209 424 5270 Tertium
451 5218 641 5272 librum
664 5217 869 5272 orditur
889 5217 954 5271 ab
981 5233 1040 5271 ea
1071 5217 1424 5272 exhortatione
1443 5259 1455 5281 ,
1489 5233 1642 5285 quam
1675 5215 1913 5272 Liberius
1939 5225 2084 5289 pont.
2111 5233 2252 5270 max.
2285 5216 2352 5269 ad
2389 5216 2743 5271 Marcellinam
2768 5234 2885 5271 cum
2914 5219 3090 5273 Roma:
3115 5223 3166 5274 in
3198 5221 3426 5277 Basilica

174 5302 525 5380 Apostolorum,
555 5314 670 5385 ipso
700 5310 963 5366 Dominici
991 5311 1180 5366 natalis
1212 5314 1344 5383 festo
1365 5353 1380 5377 ,
1415 5322 1675 5384 spectante
1701 5312 1934 5381 fidelium
1965 5312 2234 5364 innumera
2263 5311 2624 5377 multitudine,
2655 5313 2911 5366 velaretur
2932 5355 2946 5376 ,
2975 5314 3172 5368 habuit.
3214 5314 3292 5368 Ea
3319 5333 3435 5372 cum

173 5397 299 5464 lratre
322 5411 498 5480 saepius
525 5409 590 5463 de
614 5411 708 5463 hoc
750 5409 865 5479 ipso
892 5423 1128 5462 sermone
1160 5408 1329 5476 fuerat
1365 5407 1623 5460 collocuta
1641 5447 1654 5468 ,
1687 5407 1770 5459 cui
1796 5406 2013 5478 proinde
2040 5405 2190 5460 illum
2217 5404 2474 5477 intrgrum
2505 5404 2602 5460 hoc
2631 5408 2742 5460 loco
2770 5407 2860 5475 qui
2903 5406 3173 5464 videbatur
3220 5411 3440 5464 niaxime

174 5506 478 5568 0Driortunus,
503 5504 641 5568 suis,
666 5520 769 5557 non
800 5503 1042 5556 Auctoris
1072 5500 1239 5556 verbis
1270 5516 1594 5572 expressum,
1625 5499 1783 5554 misit.
1818 5497 1874 5553 Is
1894 5509 2063 5552 autem
2090 5509 2196 5552 erat
2227 5499 2386 5552 animi
2417 5500 2586 5568 fervor
2617 5500 2668 5552 in
2708 5501 2801 5552 hac
2840 5501 3062 5571 virgine,
3099 5512 3152 5554 ut
3184 5502 3318 5556 intra
3348 5504 3434 5558 Li-

173 5589 275 5649 berii
295 5611 646 5672 praeceptorum
672 5603 931 5658 cancellos
958 5618 1061 5656 non
1093 5598 1679 5669 claudereturﬁSuadet
1706 5597 1874 5665 itaque
1897 5597 2282 5651 amantissimus
2301 5599 2460 5668 juxta
2484 5612 2544 5648 ac
2566 5596 3002 5665 prudentissimus
3043 5603 3206 5669 frater
3226 5641 3241 5666 ,
3281 5612 3336 5654 ut
3363 5617 3443 5654 re-

173 5689 318 5745 missis
342 5696 580 5767 tantisper
601 5699 850 5770 jejuniis,
879 5695 1167 5769 impensius
1193 5693 1452 5770 orationi,
1473 5702 1623 5770 atque
1651 5691 1851 5744 interno
1879 5691 2200 5760 reliquarum
2235 5692 2482 5744 virtutum
2529 5691 2705 5743 studio
2751 5700 2912 5744 vacet.
2964 5690 3092 5746 Cum
3122 5710 3242 5748 vero
3272 5693 3453 5774 istltwc

177 5792 257 5834 twn
280 5787 428 5843 sorori
457 5798 653 5844 tantum
679 5789 824 5844 vellet
854 5787 1102 5858 prodesse
1124 5827 1139 5855 ,
1173 5800 1342 5838 verum
1373 5782 1528 5837 etiam
1559 5780 1783 5835 aliarum
1831 5782 2089 5853 virginum
2128 5781 2470 5847 institutioni,
2514 5781 2639 5852 quid
2682 5782 2826 5852 sequi
2844 5825 2857 5850 ,
2887 5784 3076 5851 quidve
3105 5787 3284 5857 fugere
3309 5779 3448 5850 ipsa;
