3974 6186
221 263 315 322 189
1452 265 1538 321 DE
1577 263 1774 324 VIRGIJ

1890 265 1973 325 US
2013 267 2143 324 UB.
2189 267 2229 324 1.
3384 272 3488 330 190

275 381 322 436 3.
357 377 459 435 Sed
489 376 605 435 haec
645 387 959 434 sanctorum
1001 379 1197 435 merita
1246 381 1508 438 virorum.
1557 380 1780 440 Utinam
1812 387 1856 446 Α
1890 385 2013 452 viri,
2047 402 2155 442 non
2181 385 2475 458 desperent
2498 388 2745 458 parvuli;
2781 385 2812 426 ἀ
2843 398 3098 460 stupeant
3127 402 3328 462 nuptm,
3363 392 3486 446 imi-

217 488 289 529 me
311 473 407 528 sub
432 472 520 526 illa
557 472 894 530 infructuosa
927 471 1112 544 (Jaau.
1143 491 1182 542 t,
1205 475 1310 546 t8)
1340 476 1522 533 adhuc
1566 476 1670 532 ﬁcu
1697 479 1781 546 ja-
1887 489 2073 536 tentur
2101 482 2362 552 innupta).
2396 481 2506 538 Sed
2540 483 2671 553 quid
2699 481 2927 554 dignum
2957 483 3028 539 de
3070 500 3132 540 ea
3163 486 3310 556 loqui
3354 499 3484 556 pos-

213 575 398 622 centem
425 579 491 620 ex
510 564 693 635 aliqua
721 564 884 622 Jesus
911 575 1059 635 parte
1084 567 1415 637 respiceret!
1457 567 1786 640 ferretquo-
1886 586 2099 639 sumus,
2155 574 2314 644 cujus
2366 590 2433 630 ne
2496 591 2695 631 nomen
2761 576 2983 647 quidem
3015 587 3038 615 ε
3071 593 3301 633 vacuum
3361 579 3486 636 luce

214 674 305 728 que
323 666 434 727 post
450 657 741 712 triennium
765 656 976 714 fructus
992 667 1047 716 et
1065 669 1248 716 noetra
1269 658 1404 717 ﬁcus
1423 660 1444 732 (
1460 659 1592 715 Luc.
1616 660 1782 728 snt,6
1888 666 2064 723 laudis
2085 667 2189 723 fuit
2213 669 2235 722 t
2260 669 2490 724 Devotio
2518 684 2683 740 supra
2715 680 2957 737 aetatem,
2993 672 3165 726 virtus
3189 685 3355 742 supra
3389 687 3487 725 tia-

212 749 412 822 κιαι).
441 749 547 806 Sed
577 750 723 807 unde
744 760 951 808 tantum
977 751 1529 823 peccatoribusspei?
1561 751 1779 810 Utinam
1887 771 2096 828 turam;
2149 772 2208 818 ut
2277 762 2410 818 mihi
2459 763 2707 819 videatur
2759 781 2865 819 non
2923 765 3162 820 hominis
3225 766 3485 823 habuisse

213 847 375 902 saltem
420 845 510 900 ille
541 845 908 911 Evangelicus
939 846 1235 903 Dominicae
1283 847 1468 903 cultor
1509 848 1682 904 vinea:
1713 847 1778 903 ﬁ-

210 957 313 996 cum
340 949 579 994 nostram
609 938 846 996 fortasse
866 939 976 1008 jam
999 939 1186 1010 jussus
1211 939 1499 1009 excidere,
1536 941 1782 997 remittat

209 1033 334 1088 illam
359 1040 410 1086 et
433 1029 536 1087 hoc
557 1045 731 1097 anno.
779 1045 947 1102 usque
980 1030 1108 1087 dum
1139 1030 1332 1099 fodiat,
1363 1039 1421 1087 et
1463 1033 1645 1087 mittat
1685 1048 1782 1088 co-

208 1125 403 1196 pltinutu
425 1123 724 1190 stercoris;
746 1123 773 1152 ⁸
797 1139 866 1179 ne
888 1123 1025 1180 forte
1045 1123 1115 1181 de
1129 1133 1269 1179 terra
1295 1125 1524 1180 suscitet
1540 1125 1777 1196 inopem.

205 1218 329 1273 etde
369 1226 610 1274 stercore
639 1219 815 1289 erigat
842 1233 1139 1290 pauperem
1167 1219 1180 1274 !
1215 1218 1368 1274 Beati
1401 1218 1496 1292 qui
1537 1219 1639 1275 sub
1670 1221 1782 1276 vito

204 1322 250 1368 et
266 1312 372 1368 olea
391 1326 559 1382 equos
576 1325 708 1366 suos
730 1311 954 1380 alligant
971 1311 991 1384 (
1007 1310 1136 1367 Gen.
1157 1327 1300 1375 xux,
1326 1312 1387 1368 ll
1409 1314 1450 1381 ),
1476 1310 1504 1351 ι)
1531 1311 1775 1369 laborum

202 1419 370 1460 cursus
385 1419 611 1460 suorum
633 1403 741 1459 luci
772 1413 828 1460 et
843 1403 1050 1460 laztitize
1073 1415 1466 1462 consecrantes
1495 1424 1508 1460 :
1533 1421 1619 1463 me
1643 1405 1780 1464 ﬁcus

202 1499 372 1565 adhuc,
416 1500 469 1555 id
495 1509 605 1564 est,
636 1499 961 1556 illecebrosa
981 1500 1302 1558 deliciarum
1329 1503 1619 1560 obumbrat
1652 1519 1782 1572 pru-

201 1594 299 1664 rigo
315 1591 518 1659 mundi,
545 1591 774 1648 humilis
794 1593 861 1648 ad
885 1593 1256 1662 altitudinem,
1289 1593 1498 1666 fragilis
1531 1593 1688 1668 1&7
1711 1594 1780 1652 ad

200 1686 436 1754 laborent,
466 1686 657 1744 mollis
685 1687 755 1743 ad
784 1702 962 1752 usum,
996 1688 1198 1744 sterilis
1226 1687 1296 1744 ad
1338 1689 1602 1744 fructum.

1887 868 2110 921 nomen,
2147 855 2247 910 sed
2277 855 2558 912 oraculum
2589 858 2870 928 martyris,
2900 872 3008 928 quo
3039 857 3302 914 indicavit
3344 859 3479 932 quid

1883 957 2029 1002 esset
2062 946 2262 1003 futura.
2340 950 2351 979 ³

1955 1039 2008 1095 6.
2053 1041 2238 1097 Habeo
2259 1049 2436 1097 tamen
2461 1041 2609 1098 unde
2633 1041 2763 1098 milii
2781 1042 3086 1098 subsidium
3110 1053 3481 1114 comparetur.

1884 1132 2095 1189 Nomen
2140 1135 2367 1221 viqinis
2423 1135 2610 1190 titulus
2663 1147 2746 1191 est
2799 1135 3045 1206 pudoris.
3104 1135 3124 1176 ί
3175 1137 3484 1208 Appellabo

1884 1235 2206 1300 martyrem,
2239 1229 2553 1297 prazdicabo
2586 1229 2876 1300 virginem.
2923 1231 3071 1287 Satis
3101 1233 3309 1302 prolixa
3365 1232 3484 1286 lau-

1883 1320 2034 1376 datio
2070 1329 2175 1388 est,
2222 1337 2344 1392 qua:
2370 1337 2478 1378 non
2524 1323 2812 1393 quaeritur,
2859 1325 2954 1378 sed
2986 1332 3224 1379 tenetur.
3282 1323 3486 1380 Faces-

1883 1423 2008 1469 sant
2031 1413 2203 1484 igitur
2233 1415 2474 1483 ingenia,
2507 1415 2820 1485 eloquentia
2848 1417 3215 1482 conticescat,
3238 1433 3343 1472 vox
3374 1432 3482 1472 una

1884 1504 2219 1577 praeconium
2249 1516 2358 1562 est.
2414 1507 2565 1563 ilanc
2617 1522 2803 1575 senes,
2857 1510 2998 1564 hanc
3044 1509 3296 1580 juvenes,
3339 1508 3483 1565 hanc

1886 1599 2036 1670 pueri
2081 1608 2301 1655 canant.
2333 1598 2505 1656 Nemo
2532 1609 2618 1656 est
2666 1599 3014 1664 laudabilior,
3063 1617 3226 1672 quam
3269 1601 3366 1672 qui
3413 1602 3484 1655 ab

1884 1691 2195 1748 hominibus
2248 1691 2456 1748 laudari
2508 1700 2710 1763 potest.
2763 1692 2908 1760 Quot
2949 1694 3221 1759 homines,
3249 1703 3332 1748 tot
3355 1709 3486 1762 praes

256 1778 305 1835 J.
341 1781 416 1838 Ac
437 1780 681 1840 fortasse
703 1783 933 1838 miretur
956 1779 1156 1852 aliquis
1174 1795 1274 1837 cur
1295 1781 1538 1837 scribere
1569 1781 1768 1850 audeo,
1804 1786 1852 1848 Β
1878 1802 2069 1854 conos,
2101 1788 2194 1858 qui
2221 1795 2522 1860 martyrem
2556 1787 2880 1859 pradicant,
2911 1788 3042 1843 dum
3071 1788 3386 1858 loquuntur.

198 1875 273 1946 qui
297 1875 435 1947 loqui
467 1892 710 1949 nequeo.
757 1877 822 1933 Et
868 1885 1050 1934 tamen
1092 1875 1139 1932 si
1165 1887 1480 1948 repetamus
1517 1892 1640 1948 qua
1695 1878 1778 1933 le-

197 1969 348 2038 gimus
373 1970 426 2026 in
456 1972 808 2046 Evangelicis
852 1972 1150 2045 Scripturis
1197 1971 1365 2043 (Luc.
1400 1989 1439 2040 t,
1484 1971 1692 2044 63,64)
1723 1982 1782 2030 et

199 2063 599 2124 sacerdotalibus
670 2067 850 2136 factis,
909 2077 976 2123 ac
1012 2067 1172 2124 nobis
1207 2076 1431 2124 sanctus
1480 2065 1778 2122 Zacharias

199 2157 431 2227 propheta
462 2160 804 2216 documento
827 2160 918 2226 sit,
942 2159 1188 2217 inveniet
1212 2173 1337 2216 esse
1364 2159 1509 2230 quod
1534 2175 1642 2215 vox
1669 2176 1776 2214 nun

197 2250 423 2320 explicet,
460 2261 518 2308 et
547 2254 733 2326 stylus
763 2254 968 2325 signet.
1019 2252 1179 2321 Quod
1227 2253 1274 2309 si
1319 2267 1518 2309 nomen
1548 2251 1780 2309 Joannis

199 2343 407 2401 reddidit
450 2347 594 2417 patri
633 2361 855 2413 vocem,
901 2361 1004 2418 ego
1049 2363 1269 2418 quoque
1305 2347 1615 2418 desperare
1667 2361 1778 2403 non

197 2436 344 2495 debeo
382 2442 523 2512 quod
555 2453 759 2498 vocatu
790 2443 920 2498 licet
963 2451 1147 2498 mutus
1170 2443 1462 2512 accipiam.
1500 2442 1552 2498 si
1585 2441 1779 2513 loquar

197 2530 439 2591 Christum
474 2535 688 2605 :cujtas
729 2535 953 2606 quidem
999 2536 1417 2608 generationem
1445 2535 1606 2606 juxta
1645 2549 1777 2605 pro-

197 2626 440 2695 pheticum
485 2627 705 2686 dictum
749 2629 877 2700 quis
911 2629 1192 2686 enarrabit
1235 2627 1422 2702 (Esai.
1453 2628 1682 2699 un,8)?
1713 2629 1781 2683 Et

194 2717 299 2774 idm
339 2722 486 2791 quasi
532 2735 763 2789 servus,
796 2732 820 2762 ο
854 2721 1072 2779 Domini
1124 2722 1385 2780 familiam
1433 2722 1774 2794 praedicabo;

191 2810 542 2873 inmaculatus
583 2816 736 2873 enim
763 2816 1029 2873 Dominus
1055 2817 1456 2873 immaculatam
1494 2817 1598 2873 sibi
1620 2819 1780 2873 fami-

191 2905 297 2961 liam
319 2907 479 2964 etiam
508 2910 577 2964 ist
613 2908 718 2966 hoc
747 2909 912 2980 pleno
933 2909 1307 2967 eolluviouum
1334 2908 1652 2982 fragilitatis
1676 2909 1778 2966 itu-

191 3014 343 3060 tnante
369 3017 616 3076 corpore
649 3005 1018 3063 consecravit.

801 3098 1034 3156 CAPUT
1071 3098 1136 3156 11.

1955 1882 2007 1935 7.
2053 1880 2543 1938 Hmctduodecim
2597 1897 2867 1937 annorum
2917 1884 3238 1954 martyrium
3290 1881 3488 1937 fecisse

1890 1971 2050 2046 ιω
2101 1973 2351 2030 traditur.
2393 1975 2513 2042 Quo
2549 1973 2932 2030 detestabilior
2979 1973 3299 2040 crudelitas,
3360 1989 3486 2044 quae

1883 2081 1985 2120 nec
2035 2066 2356 2120 minuscqu
2411 2066 2658 2136 pepercit
2708 2066 2856 2122 uttati
2900 2066 3113 2120 :immo
3161 2079 3359 2136 magna
3397 2064 3485 2120 vis

1882 2158 2035 2228 ﬁdei,
2075 2175 2197 2231 qua:
2221 2161 2383 2215 ctiam
2412 2161 2480 2216 ab
2505 2161 2594 2215 illa
2629 2161 3002 2218 testimonium
3050 2162 3256 2216 invenit
3301 2170 3482 2216 aetate.

1881 2253 2079 2309 Fuitne
2105 2255 2163 2309 in
2194 2254 2292 2309 illo
2319 2255 2652 2325 corpusculo
2673 2255 2886 2310 vulneri
2919 2255 3109 2310 locus?
3135 2256 3200 2309 Et
3224 2269 3344 2324 quae
3371 2269 3482 2310 non

1882 2345 2074 2401 habuit
2117 2361 2230 2416 quo
2269 2344 2475 2401 ferrum
2523 2347 2822 2416 reciperet,
2873 2346 3068 2400 habuit
3113 2360 3223 2415 quo
3274 2341 3481 2400 ferrum

1884 2441 2148 2498 vinceret.
2178 2442 2249 2496 At
2272 2439 2429 2495 istius
2458 2440 2640 2494 uitatis
2665 2438 2863 2510 puellm
2887 2447 3078 2494 torvus
3102 2440 3270 2494 etiam
3300 2439 3484 2494 vultus

1881 2546 2168 2606 parentum
2197 2535 2344 2594 ferre
2371 2549 2478 2590 non
2509 2544 2763 2606 possunt,
2792 2543 2852 2590 et
2881 2549 2984 2589 acu
3021 2532 3270 2590 districta
3302 2534 3485 2589 solent

1883 2637 2078 2698 pttncta
2105 2629 2261 2696 ﬂere,
2293 2629 2446 2700 quasi
2473 2628 2726 2684 vulnera.
2751 2627 2877 2683 Haec
2906 2628 3048 2682 inter
3076 2636 3340 2683 cruentas
3359 2642 3481 2682 car-

1880 2724 2099 2780 niﬁcum
2128 2722 2408 2794 impavida
2437 2737 2658 2790 manus,
2690 2721 3195 2794 htecjstridentium
3225 2721 3482 2791 gravibus

1879 2817 2184 2875 immobilis
2210 2818 2475 2874 tractibus
2517 2825 2861 2884 catenarum,
2893 2830 3042 2871 nunc
3084 2814 3316 2871 furentis
3356 2831 3482 2870 mu-

1881 2911 2036 2970 croni
2069 2912 2258 2968 militis
2285 2919 2459 2967 totum
2489 2909 2690 2966 offerre
2717 2924 2944 2980 corpus,
2977 2908 3118 2964 mori
3167 2908 3346 2963 adhuc
3383 2923 3483 2963 ne-

1879 3005 2014 3072 scia,
2056 3003 2152 3061 sed
2180 3013 2365 3074 parata
2399 3021 2412 3058 :
2444 3002 2528 3059 vel
2571 3003 2646 3072 si;
2671 3001 2739 3057 ad
2781 3016 2906 3056 aras
2948 2998 3114 3056 invita
3164 3010 3481 3070 raperetur,

1883 3098 2105 3155 tendere
2143 3098 2366 3155 Christo
2413 3097 2558 3153 inter
2606 3097 2766 3168 ignes
2813 3110 3031 3161 manus,
3062 3103 3225 3166 atque
3253 3094 3306 3148 in
3341 3094 3477 3164 ipsis

188 3183 332 3243 Docet
350 3190 469 3246 libri
493 3191 593 3247 sati
621 3191 892 3263 auspicato
923 3191 1151 3261 proferri
1189 3192 1486 3260 exordium,
1527 3209 1647 3248 cum
1671 3210 1772 3248 tta-
1799 3188 1849 3252 C
1879 3193 2165 3263 sacrilegis
2193 3189 2222 3229 ⁷·
2255 3191 2392 3246 focis
2413 3202 2677 3262 tropteum
2709 3189 2928 3244 Domini
2947 3189 3166 3259 signare
3197 3188 3424 3244 victoris
3451 3205 3464 3240 :

247 3284 358 3337 talis
412 3286 523 3342 dies
579 3294 710 3339 esset
771 3285 1008 3358 virginis,
1040 3285 1204 3344 beate
1232 3287 1446 3360 Agnetis
1489 3287 1775 3344 videlicet:

1876 3302 2019 3342 nunc
2051 3285 2267 3343 ferratis
2297 3285 2440 3342 colla
2458 3299 2761 3355 manusque
2791 3284 2980 3340 ambas
3017 3285 3268 3340 inserere
3311 3283 3472 3339 nexi-

244 3393 389 3447 σασα
414 3397 446 3433 a
473 3379 720 3446 nonnae,
747 3397 781 3435 a
806 3380 1024 3452 pudore,
1054 3399 1088 3437 α
1115 3383 1367 3452 ntartyrio
1393 3383 1776 3456 elegantissime
1875 3382 1978 3438 bus
2002 3400 2016 3436 :
2045 3382 2138 3438 sed
2167 3381 2354 3438 nullus
2393 3393 2500 3437 tam
2533 3382 2714 3437 tenuia
2759 3379 3001 3435 membra
3034 3388 3248 3450 poterat
3297 3393 3478 3435 nexus

243 3476 564 3530 commendat
588 3491 608 3529 :
635 3477 727 3530 sed
759 3477 1086 3546 potissimum
1133 3478 1200 3532 ab
1224 3487 1416 3545 (etate;
1442 3481 1638 3551 quippe
1655 3496 1772 3550 qua:
1875 3476 2177 3534 includere.

246 3581 396 3623 annos
462 3567 750 3622 duodecim
821 3578 968 3636 nata,
1021 3578 1262 3637 terrores,
1322 3571 1592 3641 promissu,
1647 3588 1771 3626 cru-

245 3658 416 3727 ciatus,
437 3668 668 3716 mortem
693 3659 913 3731 denique
937 3662 1106 3731 ipsum
1130 3661 1270 3716 uirili
1290 3678 1507 3734 prorsus
1525 3673 1773 3718 constan-

244 3751 312 3806 tia
337 3752 605 3809 devicerit.

1948 3573 2000 3628 8.
2043 3571 2251 3627 Novum
2281 3571 2528 3642 martyrii
2553 3567 3030 3640 genus?Nondum
3059 3567 3252 3623 idonea
3280 3580 3476 3636 ptenm,

1881 3674 1935 3720 et
1970 3665 2081 3735 jam
2119 3673 2328 3720 matura
2381 3664 2627 3718 victorire
2676 3680 2692 3715 :
2741 3671 2957 3717 certare
3005 3660 3263 3724 .lilticilis,
3303 3657 3478 3712 facilis

1879 3761 2133 3816 Coronari
2159 3777 2173 3815 :
2198 3758 2570 3831 magisterium
2606 3757 2826 3811 virtutis
2870 3754 3132 3824 implevit,
3183 3767 3302 3820 qua!
3341 3765 3480 3822 prte-

248 3844 297 3900 5.
338 3845 400 3901 Et
429 3847 579 3904 bene
621 3845 894 3918 procedit,
945 3856 1008 3902 ut
1055 3848 1316 3918 quoniam
1366 3847 1530 3905 hodie
1575 3848 1772 3905 natalis
1871 3851 2136 3922 judicium
2166 3851 2397 3906 vehebat
2418 3849 2614 3905 aetatis.
2647 3848 2762 3902 Non
2791 3847 2870 3901 sic
2896 3845 2962 3898 ad
2993 3844 3286 3898 thalamum
3314 3851 3478 3911 nupta

191 3947 259 3992 est
285 3939 532 4010 virginis,
562 3939 636 3997 de
665 3941 967 4012 virginibus
1006 3944 1078 3998 sit
1105 3943 1460 4012 loquendum,
1491 3953 1548 4000 et
1575 3959 1605 3998 a
1636 3958 1777 4014 prte-

188 4028 440 4090 dicatione
460 4033 607 4090 liber
624 4042 810 4090 sumat
834 4036 1145 4092 exordium.
1176 4035 1388 4092 Natalis
1417 4046 1504 4092 est
1527 4039 1776 4110 virginis,

190 4124 539 4195 integritatem
563 4142 884 4198 sequamur.
910 4127 1122 4184 Natalis
1141 4139 1225 4186 est
1251 4130 1534 4202 martyris,
1569 4129 1777 4188 hostias

188 4214 534 4278 immolemus.
589 4219 806 4278 Natalis
856 4231 943 4279 est
989 4232 1198 4280 sancta
1239 4223 1456 4294 Agnes,
1509 4224 1778 4281 mirentur

252 4392 275 4455 μ
313 4375 479 4455 Εὐῑι..
508 4397 630 4455 nant
649 4384 786 4453 forte
811 4382 874 4436 de
891 4392 1049 4451 terra;
1069 4382 1336 4451 quasdam,
1360 4399 1480 4437 nam
1512 4390 1778 4455 forte.etc.

246 4451 276 4497 δ
311 4453 511 4508 Omnes
543 4451 676 4507 edit.
709 4468 832 4508 cum
860 4455 1046 4523 paucis
1087 4469 1245 4521 mss.,
1271 4455 1497 4510 laborem
1512 4451 1770 4509 curruum

189 4535 384 4596 suorum
409 4525 525 4592 paci
551 4534 601 4579 et
629 4525 830 4580 letitiat
852 4538 1236 4590 consecranles,
1253 4542 1318 4580 ne
1346 4526 1570 4596 ﬁcum...
1595 4527 1776 4580 abant-

189 4591 414 4666 bretaalii
429 4612 561 4652 mss.
577 4596 770 4666 majori
790 4610 1018 4657 numero
1032 4609 1089 4658 et
1101 4591 1440 4660 auctorituto.
1461 4601 1581 4654 utin
1602 4606 1770 4654 textu.

253 4675 274 4704 ο
314 4665 469 4722 Rom.
525 4665 759 4740 editae
816 4684 956 4724 mss.
1010 4671 1279 4734 nonnulli,
1338 4666 1552 4724 Domini
1606 4674 1778 4740 [anm-

407 4739 799 4796 ituntaculatant
825 4741 925 4796 sibi
955 4742 1210 4811 {amulum
1235 4742 1463 4796 :melius
1489 4734 1615 4798 vet;
1635 4742 1771 4796 edit.

185 4820 298 4886 cum
322 4811 546 4886 reliquis
576 4825 713 4886 mss.
735 4811 1068 4886 utrobique,
1101 4813 1409 4886 fantiliam.”
1429 4813 1644 4868 Etenim
1686 4811 1777 4886 ltie

186 4879 468 4956 universus
497 4882 568 4956 de
607 4883 878 4956 virginum
909 4879 1054 4942 statu
1099 4879 1265 4956 atque
1295 4885 1490 4956 ordine
1513 4887 1674 4956 prius,
1696 4885 1775 4938 lo-

186 4951 471 5036 mitor._ac
494 4951 793 5012 deinde‘ad
821 4954 1057 5027 aliquam
1093 4951 1412 5028 singillatim
1445 4951 1772 5012 laudandam

187 5025 537 5094 progreditur.
915 5025 930 5027 ⁷
1189 5025 1207 5028 ⁷

247 5095 277 5181 ξ
466 5099 697 5169 aliquot.
728 5099 980 5181 orirentur
1009 5099 1265 5170 innupta,
1293 5109 1344 5181 et
1380 5098 1660 5181 imitentur.

255 5172 279 5200 ⁸
315 5165 512 5225 Eadem
543 5165 686 5224 rom.
717 5171 850 5226 edit.
893 5171 1033 5237 sola,
1059 5165 1280 5225 elicitum
1312 5171 1488 5224 laudis
1518 5180 1591 5224 est
1625 5190 1638 5224 :
1674 5170 1772 5226 sed

183 5249 367 5292 vocem
392 5240 500 5294 luce
529 5256 599 5298 ex
627 5251 744 5296 aut.
780 5241 895 5296 odit
923 5254 977 5298 et
1005 5243 1219 5298 cunctis
1243 5258 1379 5298 mss.
1409 5241 1772 5298 restitulmus.

186 5305 387 5388 Dicitur
412 5320 588 5388 autent
613 5313 888 5388 laudabile
917 5313 1020 5388 ltoc
1050 5329 1248 5368 nomen
1282 5328 1428 5379 esse,
1448 5315 1605 5388 ⁸(ιιιυιΙ
1637 5328 1774 5388 agna

183 5379 510 5457 sive_Ag_nes,
524 5383 716 5457 Griece
736 5387 887 5457 ἁγνή,
919 5385 969 5440 id
990 5395 1097 5451 est,
1125 5400 1281 5456 pura,
1312 5394 1423 5457 tum
1447 5379 1776 5457 innocentia

183 5451 480 5526 symbolo
509 5455 604 5518 sit.
645 5464 758 5511 tum
781 5451 1100 5526 religionis;
1126 5451 1274 5512 “cum
1324 5455 1392 5510 ad
1444 5455 1774 5512 sacriﬁcium

185 5523 448 5590 quoudam
469 5527 705 5582 maxime
733 5523 1065 5582 deatitiatnm
1100 5527 1263 5584 fuerit
1296 5528 1426 5582 illttd
1455 5528 1679 5582 animal.

265 5590 287 5632 ⁸
327 5591 467 5651 Bdit.
517 5611 712 5653 omnes
759 5611 882 5654 cum
915 5597 1120 5655 Tolier.
1154 5599 1608 5656 cod..Atwellnbu
1639 5615 1679 5652 ut

453 5633 467 5648 .
517 5612 712 5653 omnes
759 5612 882 5654 eum
915 5612 1120 5655 ⁷161101⁸.
1154 5612 1608 5655 ΜηΑννειιηου
1639 5615 1778 5653 mar-

265 5617 286 5632 -
327 5617 467 5651 non.
517 5617 712 5680 nunties
759 5617 882 5680 eum
926 5617 1120 5682 tester.
1154 5617 1608 5687 cou.,appeunao
1639 5617 1774 5653 mar-

197 5663 699 5743 ‘V'm-_Pr¢dtcart
737 5679 884 5728 satis.
919 5669 1160 5739 Protin.
1187 5680 1297 5727 etc.
1333 5671 1653 5743 Elegantius
1675 5685 1774 5725 atto

201 5747 313 5825 te.
327 5739 514 5825 [aliqui
533 5757 669 5825 snas.
697 5754 754 5825 nt
771 5746 824 5801 in
855 5755 1026 5825 textu.
1043 5749 1147 5825 nisi
1165 5748 1312 5820 quod
1342 5739 1774 5825 pro'prcdicobo,

208 5823 320 5886 non
353 5815 502 5885 pauci
533 5815 717 5890 legunt
741 5818 1032 5892 medicari.
1067 5815 1274 5881 Rarius
1314 5815 1439 5876 vero
1463 5815 1596 5896 'post
1639 5820 1776 5894 duos

1880 3951 2224 4016 properaret,
2268 3953 2328 3998 ut
2368 3943 2434 3997 ad
2481 3939 2733 4012 supplicii
2785 3940 2966 3994 locum
3023 3938 3143 3991 lu'la
3201 3951 3476 4000 successu,

1878 4036 2052 4108 gradu
2073 4035 2268 4092 festina
2291 4037 2444 4107 virgo
2461 4034 2754 4107 processit,
2784 4046 2891 4088 non
2916 4031 3121 4086 intorto
3143 4032 3293 4085 crine
3318 4038 3482 4099 caput

1879 4137 2120 4200 compta,
2162 4129 2258 4184 sed
2305 4127 2528 4184 Christo
2561 4144 2575 4180 :
2606 4141 2714 4181 non
2762 4125 3006 4182 ﬂosculis
3056 4123 3329 4187 redimita,
3384 4121 3480 4178 sed

1883 4221 2152 4278 moribus.
2190 4221 2207 4262 ί
2243 4221 2404 4279 Flere
2432 4233 2642 4288 omnes,
2677 4220 2791 4291 ipsa
2815 4221 2935 4276 sine
2963 4219 3112 4276 ﬁetu.
3144 4216 3324 4272 Mirari
3363 4214 3481 4286 ple-

1891 4399 2079 4440 versus
2102 4399 2240 4442 rom.
2269 4384 2402 4442 edit.
2427 4383 2562 4450 sola,
2600 4383 2718 4440 Vox
2741 4401 2847 4440 una
2871 4400 3163 4455 precanum
3183 4391 3278 4451 est,
3303 4382 3482 4438 minus

1881 4472 2138 4513 congrue.

1954 4473 2182 4583 :grﬁutfm.
2231 4527 2389 4595 edit.,
2447 4525 2571 4582 "(re
2617 4529 2858 4583 tredecim
2906 4543 3184 4584 annorum.
3232 4533 3337 4578 elc.
3389 4523 3480 4578 Sic

1881 4599 2043 4654 etiam
2067 4612 2176 4654 non
2199 4601 2376 4654 solum
2395 4599 2638 4670 ejusdem
2663 4610 2866 4655 saneta:
2889 4599 3144 4670 martyris
3165 4600 3294 4651 Acta
3321 4596 3481 4670 beato

1879 4673 2166 4727 Ambrosio
2191 4672 2332 4725 inter
2349 4667 2466 4738 ejus
2487 4672 2745 4740 epistolas
2766 4667 3139 4740 neqniCquam,
3156 4679 3210 4720 ut
3229 4681 3328 4720 suo
3359 4667 3481 4740 loco

1878 4743 2250 4805 ostendemus,
2293 4738 2587 4810 inscripta,
2629 4742 2725 4795 sed
2775 4738 3100 4811 et'tnaguus
3148 4738 3479 4808 Augustinus

1879 4827 2044 4868 serm.
2069 4813 2138 4870 de
2163 4812 2420 4879 Diversis,
2446 4812 2570 4873 101.
2592 4814 2644 4864 in
2671 4814 2801 4868 edit.
2831 4827 2967 4864 nova
2994 4812 3124 4877 275,
3151 4824 3477 4880 Quamquam

1880 4885 1932 4938 in
1976 4883 2307 4938 Floriaccnsi
2369 4898 2503 4936 mss.
2555 4883 2672 4938 hmo
2718 4883 2882 4938 verba
2933 4883 3172 4938 trrdecim
3226 4896 3479 4934 atmorttm

1877 4958 2101 5010 omnino
2170 4954 2370 5009 desint.
2426 4953 2624 5009 Verum
2698 4962 2877 5009 tamen
2939 4954 3162 5008 minime
3223 4952 3475 5006 mutanda

1878 5041 2010 5081 mss.
2045 5030 2314 5085 omnium.
2346 5038 2411 5078 ac
2457 5035 2563 5079 vet.
2595 5025 2728 5080 edit.
2774 5026 2956 5080 lectio.
2991 5027 3244 5082 Solemus
3279 5023 3478 5092 quippe

1878 5112 1974 5153 eos
2031 5098 2124 5168 qui
2165 5096 2386 5152 tertium
2432 5097 2701 5151 decimum
2752 5113 2950 5151 annum
3001 5098 3230 5152 necdum
3278 5095 3472 5163 imple-

1879 5170 2079 5232 verint,
2114 5170 2418 5240 promiscuo
2449 5169 2534 5223 vel
2559 5168 2846 5224 duodecim
2879 5168 2965 5222 vel
2998 5168 3261 5240 tredecim
3302 5179 3475 5240 anno-

1880 5257 2000 5295 rum
2034 5237 2296 5294 voeitrire.
2332 5239 2482 5294 Illam
2511 5249 2694 5295 autent
2738 5241 3032 5308 scriptorcs
3073 5253 3195 5293 cum
3244 5237 3478 5294 Baroniu

1879 5314 2013 5367 satis
2040 5312 2372 5367 conveniunt
2399 5313 2454 5366 in
2488 5313 2677 5367 ultima
2722 5312 3101 5382 persecutione
3152 5311 3317 5382 fuisse
3350 5324 3472 5382 pas-

1879 5399 2017 5438 sam.
2041 5382 2210 5453 Cujns
2232 5382 2451 5452 quidem
2478 5384 2674 5439 festum
2701 5379 2837 5452 apud
2863 5382 3083 5438 Gnaeos
3105 5382 3210 5453 die,
3229 5381 3292 5436 14
3323 5388 3380 5453 et
3403 5379 3470 5434 21

1878 5452 2149 5519 Januarii,
2180 5470 2280 5510 nec
2321 5469 2428 5508 non
2460 5453 2528 5510 15
2555 5454 2682 5510 Julii
2715 5454 3044 5520 celebratur,
3076 5452 3216 5524 apud
3249 5452 3474 5508 Latinos

1880 5542 2010 5582 vero
2031 5527 2097 5580 il
2124 5536 2178 5579 et
2201 5525 2273 5580 ‘28
2303 5525 2564 5580 Januarii.

1956 5601 1979 5638 l-
2020 5597 2297 5671 Tropteum
2342 5595 2552 5652 Domini
2579 5599 2785 5670 signare
2807 5639 2821 5662 ,
2851 5599 2900 5654 id
2921 5596 3470 5671 est,crucis_liguram

1881 5674 2110 5748 sublatis
2130 5669 2195 5748 in
2235 5674 2409 5748 altum
2455 5669 2692 5731 brachiis
2722 5675 3049 5748 exprimere,
3097 5669 3237 5743 qmvd
3283 5670 3474 5742 primis

1887 5742 2201 5802 clnistianis
2228 5745 2493 5802 familiare
2525 5749 2627 5806 fuit
2659 5742 2810 5810 inter
2829 5750 3112 5810 orandum.

1960 5815 1976 5856 ι
2020 5816 2272 5892 Nonnulli
2299 5833 2456 5892 mss,
2483 5818 2638 5880 Flere
2683 5841 2854 5883 omnes
2908 5821 3180 5899 propinqui
3219 5829 3480 5893 poterant.
