3974 6186
420 196 521 254 191

1794 191 2045 251 SANCTI
2086 191 2412 252 AMBROSII

3620 189 3723 246 191

420 317 580 388 rique
605 315 749 388 quod
782 324 889 370 tam
921 313 1079 370 facile
1103 313 1226 369 vita:
1253 327 1367 369 suae
1399 313 1644 386 prodiga,
1672 327 1833 385 quam
1883 327 2019 367 non-
2044 313 2098 375 Α
2122 314 2469 382 copulantur.
2497 312 2630 381 Quis
2659 311 2824 383 igitur
2853 320 3012 383 neget
3040 311 3182 367 hanc
3210 310 3373 366 vitam
3403 307 3627 364 ﬂuxisse
3657 307 3727 364 de

427 408 555 465 dum
583 409 857 472 hauserat,
884 407 996 476 jam
1020 407 1173 478 quasi
1199 406 1482 478 perfuncta
1507 407 1756 462 donaret.
1789 407 2024 476 Stupere

428 499 689 567 universi,
722 497 864 570 quod
891 497 1003 568 jam
1035 498 1338 554 divinitatis
1385 499 1540 555 testis
1584 500 1866 564 existeret,
1905 513 2024 568 qua:

428 595 626 660 adhuc,
657 603 684 630 τι
721 592 926 648 arbitra
974 593 1056 647 sui
1099 609 1196 662 per
1223 601 1439 649 aetatem
1489 607 1612 649 esse
1661 609 1769 648 non
1816 602 2024 664 posset.

435 687 629 743 Elfecit
654 684 891 757 denique
921 686 1048 741 utei
1075 685 1142 741 de
1175 685 1286 742 Deo
1317 686 1653 752 crederetur,
1687 685 1775 740 cui
1815 684 1883 739 de
1925 683 2025 739 ho-

430 781 577 838 mine
606 779 784 836 adhuc
817 796 922 835 non
953 780 1291 836 crederetur.
1322 780 1461 850 Quia
1503 781 1644 852 quod
1691 781 1830 836 ultra
1870 787 2030 834 natu~

428 889 546 931 ram
575 881 680 939 est,
711 873 778 929 de
805 883 1031 930 auctore
1059 883 1267 929 naturae
1295 882 1398 930 est.

503 971 556 1025 9.
599 968 813 1036 Quanto
861 977 1069 1024 terrore
1130 968 1239 1039 egit
1303 968 1546 1024 carnifex
1611 977 1673 1023 ut
1725 969 2025 1038 timeretur,

431 1063 651 1135 quantis
697 1060 978 1116 blanditiis
1007 1069 1066 1116 ut
1094 1060 1388 1117 suaderet!
1435 1069 1762 1146 quantoruyn
1814 1071 1939 1116 vota
1973 1071 2034 1117 ut

431 1157 534 1212 sibi
565 1155 633 1211 ad
681 1156 895 1228 nuptias
922 1155 1252 1226 perveniret!
1284 1154 1354 1209 At
1385 1154 1475 1209 illa
1510 1171 1524 1209 :
1550 1154 1619 1209 Et
1645 1153 1808 1210 haecb
1833 1155 2031 1226 Sponsi

436 1247 632 1320 injuria
659 1257 744 1305 est
767 1257 1089 1318 exspectare
1114 1247 1460 1318 placiturum.
1482 1248 1586 1316 Qui
1609 1264 1695 1304 me
1714 1248 1815 1303 sibi
1843 1259 1864 1286 ο
1886 1248 2034 1318 prior

433 1341 622 1412 elegit,
674 1339 926 1412 accipiet.
965 1339 1129 1409 Quid,
1179 1354 1491 1410 percussor,
1525 1339 1801 1395 moraris?
1843 1341 2036 1396 Pereat

435 1449 636 1506 corpus
679 1433 823 1505 quod
854 1433 1024 1488 amari
1055 1442 1234 1502 potest
1258 1432 1432 1488 oculis
1454 1432 1652 1503 quibus
1675 1431 1824 1488 uolo.
1847 1431 2033 1499 Stetit,

436 1529 634 1592 oravit,
663 1527 935 1584 cervicem
969 1525 1200 1581 inflexit.
1247 1524 1514 1581 Cerneres
1543 1525 1819 1597 trepidare
1859 1525 2038 1580 carni-

438 1619 621 1687 ﬁcem,
661 1620 816 1691 quasi
855 1619 971 1690 ipse
997 1618 1246 1674 addictus
1282 1617 1510 1674 fuisset:
1546 1627 1786 1673 tremere
1818 1633 2038 1689 percus-

2125 407 2299 471 ccelo,
2333 421 2495 476 quam
2543 421 2652 460 non
2705 405 2864 460 facile
2914 404 3225 460 invenimus
3271 402 3323 458 in
3371 402 3574 469 terris,
3622 400 3725 455 nisi

2128 509 2411 571 postquam
2465 499 2613 554 Deus
2659 499 2710 552 in
2761 498 2878 553 hinc
2923 498 3125 554 terreni
3183 494 3435 566 corporis
3483 493 3726 549 membra

2130 593 2413 649 descendit
2455 593 2547 665 (1V
2597 593 2726 664 Reg.
2759 608 2830 658 ιι,
2867 593 2995 662 il)?
3025 591 3181 646 Tunc
3226 590 3280 644 iu
3331 600 3487 645 utero
3518 597 3542 625 θ
3572 588 3730 658 virgo

2130 687 2402 757 concepit,
2429 695 2485 742 et
2519 685 2760 741 Verbum
2805 699 2935 740 caro
2971 684 3173 739 factum
3204 691 3309 749 est,
3336 690 3394 737 ut
3417 695 3550 736 caro
3577 680 3732 736 fleret

2133 785 2276 840 Deus
2305 782 2522 856 (Matth.
2556 799 2686 846 xvtt,
2718 783 2798 852 5).

2207 876 2294 930 12.
2340 875 2494 930 Dicet
2546 875 2784 945 aliquis:
2820 873 2928 930 Sed
2981 873 3146 929 etiam
3200 871 3347 927 Elias
3397 869 3565 926 nullis
3609 883 3732 924 cor-

2131 969 2286 1042 porei
2308 969 2483 1023 coitus
2507 966 2675 1022 fuisse
2699 965 2998 1037 permixtus
3022 964 3411 1036 cupiditatibus
3437 962 3731 1018 invenitur.

2134 1062 2262 1117 Ideo
2289 1075 2421 1132 ergo
2447 1075 2612 1114 curru
2644 1069 2830 1130 raptus
2858 1059 2923 1113 ad
2956 1059 3176 1123 coelum,
3201 1058 3323 1112 ideo
3351 1071 3472 1111 cum
3502 1055 3735 1110 Domino

2135 1163 2365 1227 apparet
2407 1155 2458 1208 in
2498 1155 2667 1222 gloria
2691 1195 2705 1219 ,
2737 1153 2858 1208 ideo
2887 1151 3156 1207 Dominici
3188 1160 3450 1206 venturus
3480 1159 3568 1205 est
3598 1164 3738 1219 prie-

2135 1265 2326 1305 cursor
2353 1248 2625 1302 adventus
2658 1246 2881 1319 (Ma/ac.
2907 1263 2981 1312 tv,
3012 1247 3090 1313 5).
3126 1247 3194 1301 Et
3220 1247 3386 1300 Maria
3417 1253 3734 1316 tympanum

2136 1358 2361 1400 sumens
2408 1341 2616 1412 pudore
2661 1341 2909 1411 virgineo
2958 1340 3154 1395 choros
3199 1339 3356 1394 duxit
3403 1338 3602 1410 (Exod.
3635 1353 3731 1400 xv,

2137 1435 2254 1510 20).
2297 1436 2404 1491 Sed
2450 1434 2799 1490 considerate
2841 1435 2996 1503 cuius
3027 1435 3121 1488 illa
3151 1433 3390 1503 speciem
3425 1442 3551 1488 tunc
3579 1449 3740 1504 gere-

2139 1530 2248 1584 bat.
2282 1528 2476 1584 Nonne
2504 1527 2788 1594 Ecclesim,
2819 1543 2942 1596 quie
2991 1527 3280 1598 religiosos
3330 1526 3516 1596 populi
3563 1534 3741 1581 cauus

2140 1621 2229 1691 qui
2266 1620 2508 1675 carmina
2547 1618 2728 1674 divina
2777 1619 3173 1685 concinerent,
3208 1617 3557 1672 immaculato
3585 1618 3742 1687 virgo

437 1715 581 1769 soris
608 1712 884 1778 dextram,
921 1711 1124 1782 pallere
1155 1725 1248 1766 ora
1276 1711 1454 1765 alieno
1487 1710 1733 1765 timentis
1764 1710 2032 1780 periculo,
2065 1713 2113 1773 Β
2139 1713 2332 1782 Spiritu
2378 1711 2692 1784 copulavit?
2719 1711 2852 1767 Nam
2902 1712 3065 1766 etiam
3107 1711 3314 1780 templo
3346 1710 3743 1784 Hierosolymis

437 1822 559 1862 cum
597 1805 774 1877 puella
815 1819 922 1860 non
955 1805 1173 1860 timeret
1204 1819 1324 1860 suo.
1366 1803 1592 1859 Habetis
1621 1803 1786 1874 igitur
1830 1804 1883 1857 in
1929 1818 2036 1858 una

438 1900 614 1956 hostia
661 1899 858 1972 duplex
890 1899 1230 1972 martyrium,
1265 1897 1487 1969 pudoris
1531 1907 1585 1951 et
1627 1896 1930 1966 religionis.
1970 1896 2040 1952 Et

438 1996 591 2066 virgo
621 1993 942 2065 permansit,
973 2000 1029 2048 et
1061 1992 1383 2063 martyrium
1414 1991 1670 2045 obtinuit.

960 2083 1120 2156 ιω
1146 2083 1377 2140 CAPUT
1421 2082 1507 2138 ιιι.

451 2179 626 2236 Variis
673 2196 701 2236 e
744 2180 998 2251 capitibus
1037 2179 1351 2252 virginitatis
1393 2177 1577 2232 laudes
1627 2185 1910 2249 petuntur,
1953 2176 2042 2231 sed

516 2273 638 2328 hinc
667 2274 919 2346 imprimis
945 2271 1085 2345 quod
1110 2289 1137 2328 e
1163 2272 1291 2328 ctelo
1323 2269 1549 2327 Verbum
1574 2271 1758 2326 elicere
1781 2271 1833 2324 in
1857 2281 2043 2324 terram

517 2371 632 2442 ipsa
675 2369 958 2436 meruerit;
985 2368 1122 2423 unde
1165 2377 1342 2438 postea
1367 2368 1480 2439 ejus
1523 2367 1754 2422 studium
1783 2364 1920 2437 quod
1951 2365 2044 2419 sub

519 2465 733 2535 antiquo
761 2469 954 2536 [cedere
997 2464 1050 2517 in
1082 2463 1264 2534 paucis
1289 2463 1566 2532 ﬂoruerat,
1601 2470 1941 2533 propagatum
1970 2467 2045 2514 est

519 2559 576 2612 in
603 2559 910 2612 innumeris.

523 2649 610 2705 10.
652 2649 848 2704 Invitat
894 2661 1036 2702 nunc
1081 2647 1412 2718 integritatis
1459 2661 1647 2712 amor,
1679 2653 1735 2701 et
1767 2654 1821 2700 tu
1844 2687 1858 2712 ,
1889 2659 2049 2700 soror

447 2753 669 2804 sancta,
699 2738 725 2778 ἀ
757 2741 839 2796 vel
885 2742 1052 2796 mutis
1098 2742 1259 2796 tacita
1303 2739 1583 2806 moribus,
1629 2750 1686 2795 ut
1735 2740 1938 2810 aliquid
1983 2741 2050 2796 de

451 2835 764 2905 virginitate
789 2835 1068 2899 dicamus;
1099 2850 1166 2889 ne
1192 2833 1364 2890 veluti
1397 2834 1627 2889 transitu
1655 2833 1888 2903 quodam
1923 2849 2049 2903 per-

454 2928 642 2984 Strieta
697 2925 983 2992 videatur.
1033 2941 1158 2997 quae
1202 2926 1520 2998 principalis
1562 2935 1646 2983 est
1688 2929 1884 2983 virtus.
1929 2928 2048 2984 Non

453 3018 601 3075 enim
644 3019 768 3074 ideo
811 3019 1100 3076 lattdabilis
1139 3021 1463 3090 virginitas,
1505 3021 1632 3092 quia
1662 3030 1718 3078 et
1749 3023 1800 3076 in
1845 3032 2050 3094 marty-

453 3110 602 3166 ribus
629 3111 918 3181 reperitur,
946 3111 1040 3167 sed
1066 3111 1190 3183 quia
1222 3113 1334 3182 ipsa
1362 3122 1629 3185 martyres
1657 3114 1836 3169 faciat.

526 3206 615 3260 11.
656 3205 788 3275 Quis
819 3217 1006 3263 autem
1037 3207 1274 3262 humano
1302 3223 1420 3264 eam
1456 3210 1629 3280 possit
1659 3210 1877 3281 ingenio
1902 3225 2052 3267 com-

455 3300 799 3371 prehendere
821 3342 836 3366 ,
865 3316 1026 3372 quam
1058 3317 1158 3357 nec
1189 3310 1379 3356 natura
1407 3303 1522 3357 suis
1551 3303 1772 3359 inclusit
1808 3304 2054 3376 legibus?

455 3394 565 3448 Aut
593 3393 715 3465 quis
744 3394 981 3450 naturali
1008 3410 1144 3451 voce
1169 3396 1460 3466 complecti
1484 3439 1499 3464 ,
1523 3397 1667 3468 quod
1697 3414 1862 3470 supra
1893 3415 2050 3456 usum

457 3495 667 3542 naturai
712 3488 824 3544 sit?
855 3489 896 3543 E
940 3489 1082 3545 ctelo
1128 3490 1420 3545 accersivit
1462 3493 1604 3563 quod
1648 3493 1956 3550 imitaretur
2000 3496 2052 3552 in

458 3580 642 3636 terris.
683 3579 794 3636 Nec
832 3581 1105 3637 immerito
1136 3581 1352 3638 vivendi
1399 3584 1501 3639 sibi
1547 3600 1702 3640 usum
1748 3588 1995 3657 qtucsivit
2022 3605 2054 3645 e

455 3675 618 3741 ctelo,
644 3691 764 3747 quin
792 3691 1057 3746 Sponsum
1088 3675 1192 3731 sibi
1223 3677 1428 3733 invenit
1451 3677 1505 3732 in
1527 3679 1688 3735 coelo.
1713 3678 1840 3736 Hinc
1858 3682 2052 3750 nubes,

453 3783 620 3836 aera,
668 3769 929 3840 angelos,
976 3767 1269 3841 sideraque
1319 3772 1760 3842 transgrediens,
1817 3774 2052 3831 Verbum

458 3859 556 3916 Dei
589 3861 641 3916 in
675 3861 794 3931 ipso
836 3861 957 3917 sinu
1001 3860 1179 3918 Patris
1220 3864 1454 3931 invenit,
1488 3873 1544 3920 et
1592 3874 1707 3921 toto
1745 3865 1926 3922 hausit
1961 3884 2057 3938 pe-

456 3963 629 4008 ctore.
681 3952 816 4008 Nam
860 3955 984 4025 quis
1032 3964 1239 4011 tantum
1287 3971 1410 4013 cum
1439 3958 1753 4027 invenerit,
1781 3960 2057 4032 relinquat

457 4043 626 4101 boni?
671 4045 1001 4118 Unguentum
1031 4049 1176 4104 enim
1206 4050 1523 4105 exinanitum
1551 4062 1626 4107 est
1653 4070 1835 4108 nomen
1864 4063 2009 4109 tuum
2032 4073 2051 4109 :

455 4150 730 4212 prapterea
769 4141 1171 4197 adolescentulo:
1215 4144 1505 4199 dilexerunt
1533 4155 1613 4212 te,
1637 4155 1688 4204 et
1731 4157 2054 4204 attraxerunt

458 4241 508 4286 te
536 4231 709 4304 (Cant.
759 4247 795 4297 t,
831 4230 910 4302 1).
944 4232 1231 4289 Postremo
1268 4251 1376 4290 non
1406 4251 1588 4291 meum
1619 4247 1703 4293 est
1734 4238 1890 4306 illud,
1919 4255 2058 4310 quo-

459 4325 604 4380 niam
633 4339 758 4394 qua:
802 4338 911 4380 non
945 4325 1171 4392 nubent,
1203 4341 1378 4399 neque
1407 4328 1704 4399 nubentur,
1735 4341 1897 4388 erunt
1921 4333 2062 4389 sicut

458 4419 634 4489 angeli
665 4417 718 4473 in
749 4419 891 4475 caelo
923 4418 1138 4490 (Matth.
1169 4435 1303 4486 χχιι,
1323 4421 1440 4492 '50).
1473 4421 1647 4478 Nemo
1671 4440 1802 4497 ergo
1831 4427 2061 4484 miretur

458 4512 503 4567 si
551 4511 760 4583 angelis
809 4520 1236 4583 comparentur,
1283 4530 1406 4585 quae
1453 4516 1771 4588 angelorum
1828 4518 2061 4578 Domino

2142 1809 2309 1863 fuisse
2338 1807 2572 1878 legimus
2599 1807 2836 1876 virgines
2866 1806 3176 1877 deputatas.
3209 1804 3316 1861 Sed
3349 1805 3476 1876 quid
3507 1809 3743 1876 Aposto-

2143 1904 2226 1958 lus
2254 1901 2427 1958 dicit?
2452 1899 2583 1955 IItec
2613 1910 2786 1954 autem
2821 1901 2874 1954 in
2904 1899 3076 1969 ﬁgura
3118 1897 3474 1969 contingebant
3518 1898 3655 1963 illis,
3689 1909 3742 1952 ut

2143 2005 2307 2051 essent
2337 1995 2531 2051 indicia
2559 1995 2855 2066 futurorum
2887 1991 3140 2067 (lCor.x,
3159 1993 3280 2064 11);
3309 1990 3480 2063 figura
3510 1993 3657 2046 enim
3689 1992 3743 2047 in

2144 2090 2330 2162 paucis
2357 2098 2462 2155 est,
2493 2088 2602 2144 vita
2637 2089 2689 2143 in
2725 2087 2998 2158 pluribus.

2221 2185 2307 2239 15.
2351 2182 2420 2238 At
2451 2196 2582 2237 vero
2611 2191 2964 2251 posteaquam
3002 2178 3270 2234 Dominus
3314 2178 3366 2234 in
3402 2191 3604 2249 corpus
3642 2176 3746 2233 hoc

2147 2278 2375 2334 veniens
2395 2319 2411 2347 ,
2439 2275 2854 2332 contubernium
2883 2273 3184 2328 divinitatis
3215 2269 3234 2310 ί
3268 2281 3321 2328 et
3351 2273 3601 2343 corporis
3629 2271 3746 2327 sine

2149 2371 2256 2426 ulla
2307 2378 2580 2426 concreta:
2623 2366 2966 2424 confusionis
3013 2366 3138 2420 labe
3187 2365 3438 2431 sociavit,
3471 2375 3601 2421 tunc
3630 2374 3749 2420 toto

2149 2465 2282 2520 orbe
2307 2463 2536 2519 diffusus
2561 2462 2884 2532 corporibus
2908 2460 3160 2516 humanis
3188 2459 3314 2514 vitae
3343 2458 3589 2515 caelestis
3621 2473 3751 2513 usus

2151 2558 2396 2616 inolevit.
2441 2557 2555 2612 lloc
2601 2556 2731 2611 illttd
2771 2565 2855 2612 est
2885 2555 3026 2626 quod
3066 2554 3440 2609 ministrantes
3489 2553 3542 2607 in
3585 2554 3751 2607 terris

2151 2652 2334 2723 angeli
2382 2651 2598 2723 (Matth.
2644 2666 2729 2714 IV,
2782 2648 2874 2720 11)
2903 2649 3252 2703 declararunt
3297 2647 3537 2701 futurum
3591 2645 3753 2719 150

2151 2758 2343 2817 genus,
2361 2743 2503 2814 quod
2537 2741 2904 2797 ministerium
2925 2741 3160 2795 Domino
3188 2739 3522 2795 immaculati
3553 2754 3753 2808 corpo-

2153 2837 2224 2892 ris
2254 2834 2873 2907 obsequiis'exhiberet.
2920 2835 3046 2889 llaec
3092 2842 3175 2888 est
3220 2832 3459 2888 ctelestis
3483 2832 3573 2887 illa
3604 2832 3750 2887 mili-

2155 2933 2248 2997 tia,
2282 2948 2442 3004 quam
2478 2931 2812 2987 laudantium
2862 2929 3134 2986 exercitus
3165 2929 3480 3000 angelorum
3525 2927 3758 3001 promit-

2158 3028 2304 3084 tebat
2358 3029 2410 3083 in
2470 3028 2654 3083 terris.
2722 3026 2998 3082 Habemus
3053 3040 3182 3095 ergo
3230 3025 3609 3081 auctoritatem
3664 3040 3759 3079 ve-

2079 3109 2124 3172 C
2156 3124 2372 3179 tustatis
2386 3137 2414 3177 a
2427 3122 2627 3178 saeculo
2644 3163 2659 3189 ,
2679 3120 3072 3193 plenitudinem
3097 3118 3448 3190 professionis
3463 3133 3490 3172 a
3509 3117 3751 3173 Christo.

2761 3214 2993 3272 CAPUT
3041 3214 3130 3270 IV.

2159 3309 2395 3379 Negatur
2439 3309 2752 3379 virginitatis
2797 3309 2952 3362 decus
2998 3307 3053 3361 in
3093 3307 3308 3361 ethnicis
3348 3306 3471 3360 ullis
3514 3323 3757 3379 umquam

2227 3402 2504 3470 exstitisse,
2538 3412 2662 3471 puta
2707 3402 2760 3456 in
2811 3400 3107 3456 Vestalibus
3157 3401 3322 3455 sacris
3354 3401 3464 3455 deae
3506 3399 3761 3475 Phrygite

2229 3511 2290 3550 ac
2315 3494 2486 3549 Liberi
2517 3495 2716 3564 patris,
2744 3504 2896 3564 atque
2934 3494 3087 3548 etiam
3110 3495 3165 3547 in
3195 3491 3518 3564 philosOphis
3548 3509 3568 3547 :
3597 3495 3684 3548 ubi
3714 3502 3760 3547 et

2233 3590 2298 3644 de
2351 3589 2679 3661 Pythagorea
2721 3589 2920 3661 virgine
2947 3630 2960 3654 ,
3022 3589 3076 3642 in
3119 3604 3221 3658 qua
3273 3589 3473 3642 tametsi
3515 3587 3761 3643 laudatur

2232 3684 2394 3738 animi
2441 3683 2765 3754 magnitudo,
2807 3682 3123 3737 continentia
3173 3690 3339 3735 tamen
3389 3680 3761 3744 desideratur;

2235 3793 2349 3830 cum
2387 3785 2601 3846 utraque
2621 3776 2676 3828 in
2706 3775 2895 3829 nostris
2921 3773 3206 3844 virginibus
3232 3773 3472 3828 emineat.

2236 3872 2324 3927 H.
2364 3870 2526 3926 Certe
2557 3885 2663 3924 non
2697 3881 2777 3923 ρει
2805 3868 2911 3924 hoc
2940 3868 3070 3923 mihi
3115 3882 3403 3923 commune
3430 3883 3554 3923 cum
3586 3867 3762 3938 genti-

2163 3970 2287 4036 bus,
2321 3984 2426 4024 non
2477 3966 2740 4038 populare
2777 3980 2900 4021 cum
2946 3964 3219 4029 barbaris,
3252 3979 3360 4018 non
3393 3978 3518 4018 cum
3547 3963 3763 4019 cieteris

2161 4063 2529 4119 animantibus
2563 4062 2820 4116 usitatum
2856 4078 2868 4114 :
2901 4075 3023 4115 cum
3057 4058 3254 4129 quibus
3281 4058 3381 4112 etsi
3414 4073 3582 4112 unum
3613 4073 3768 4113 eum-

2162 4155 2394 4227 demque
2425 4155 2645 4210 vitalem
2676 4155 2820 4209 aeris
2851 4152 3015 4222 hujus
3041 4152 3319 4222 carpimus
3344 4150 3620 4221 spiritum,
3644 4153 3766 4206 vul-

2162 4263 2348 4318 garem
2401 4247 2600 4303 terreni
2651 4245 2897 4316 corporis
2953 4245 3342 4315 participamus
3389 4252 3590 4299 statum
3619 4286 3634 4312 ,
3675 4260 3766 4316 ge-

2165 4343 2392 4399 nerandi
2443 4358 2658 4414 quoque
2714 4357 2825 4398 non
2885 4342 3263 4412 discrepamus
3311 4355 3448 4406 usu;
3493 4339 3600 4394 hoc
3647 4339 3767 4396 solo

2167 4444 2348 4492 tamen
2403 4443 2612 4491 naturre
2664 4433 2851 4506 parilis
2899 4435 3145 4490 convicia
3193 4432 3569 4498 declinamus,
3619 4430 3763 4503 quod

2167 4529 2452 4599 virginitas
2514 4526 2802 4584 allectatur
2857 4542 2887 4582 a
2935 4526 3228 4599 gentibus,
3291 4525 3388 4581 sed
3447 4531 3765 4580 consecrata

536 4667 562 4694 ἰ
601 4658 834 4730 Rogabit
859 4658 1000 4736 τοιῖιβ
1030 4656 1367 4736 διίίιυίε,οιιι’
1411 4658 1616 4736 Αεμεφ
1650 4662 1912 4736 tredecim
1960 4679 2055 4720 ειη-
2085 4670 2138 4730 1)
2233 4668 2261 4708 ι
2299 4668 2502 4725 Omnes
2533 4668 2664 4723 edit.
2695 4682 2758 4722 ac
2797 4652 2931 4722 mss.
2971 4667 3199 4733 aliquot,
3233 4665 3432 4736 injuria
3475 4672 3572 4728 est,
3603 4665 3770 4736 inquit

461 4745 561 4785 nos
606 4729 810 4795 natam,
867 4729 1125 4784 arbitram
1175 4731 1256 4784 sui
1302 4742 1394 4785 aut
1441 4729 1507 4787 ad
1565 4732 1844 4789 ferendum
1903 4739 2056 4791 testi-

459 4803 703 4857 monium
729 4801 966 4856 habilem
993 4801 1275 4872 exstitisse
1298 4813 1457 4872 neget
1482 4805 1830 4870 Ambrosius,
1851 4821 1973 4863 cum
1991 4825 2056 4864 ex

460 4873 800 4928 Tertulliano
833 4873 928 4927 lib.
963 4872 1029 4927 de
1061 4871 1266 4942 Virgin.
1300 4871 1544 4930 vel’andis
1571 4891 1692 4942 cap.
1729 4879 1816 4940 11.
1845 4888 2060 4936 constet

463 4943 850 5018 ntoris_fuisse
901 4943 1042 5018 apud
1089 4945 1372 5018 Ethnicos,
1419 4956 1478 5002 ut
1528 4943 1721 5016 puellae
1775 4949 1844 5003 12
1890 4967 2055 5018 anno,

463 5016 686 5088 masculi
711 5028 894 5070 autem
917 5015 1008 5082 14,
1032 5017 1100 5069 ad
1119 5033 1213 5069 sua
1241 5018 1444 5088 negotia
1468 5020 1834 5076 mitterentur.
1855 5015 2056 5078 Verum

462 5087 760 5162 observant
804 5089 922 5162 ejus
972 5087 1446 5162 commentatores
1486 5091 1720 5162 pupillas
1760 5095 1859 5147 etsi
1892 5109 1918 5146 τι
1967 5111 2061 5149 ne-

463 5159 737 5229 gotiorum
769 5159 935 5213 tutela
963 5158 1251 5229 liberatas,
1307 5158 1544 5216 nonduin
1562 5158 1756 5218 tamen
1789 5163 1999 5219 absolvi
2030 5181 2060 5220 a

465 5228 636 5305 tutela
664 5228 1023 5285 auctoritatis.
1065 5228 1218 5286 Unde
1248 5231 1374 5305 licet
1407 5234 1622 5302 propria
1656 5236 1869 5303 negotia
1899 5250 2062 5305 agere

467 5302 930 5369 permitterentur,
967 5311 1146 5355 tamen
1178 5304 1305 5370 quia
1349 5306 1631 5358 etiamtum
1663 5302 1766 5360 sub
1807 5302 2060 5361 muliebri

471 5370 637 5446 tutela
660 5382 838 5446 erant,
866 5373 1034 5446 multa
1066 5372 1270 5428 eisdem
1300 5375 1745 5442 prohibebantur,
1777 5392 1896 5444 quae
1917 5379 2059 5446 apud

467 5443 616 5514 ipsos
651 5445 912 5512 reperias.
959 5443 1156 5500 Postea
1188 5459 1319 5498 vero
1362 5446 1536 5515 legem
1577 5447 1639 5500 de
1700 5443 1848 5502 venia
1894 5443 2062 5503 (etatis

473 5515 730 5570 masculis
789 5530 934 5569 anno
976 5515 1071 5579 20,
1115 5516 1306 5584 puellis
1339 5517 1426 5580 18,
1459 5517 1630 5573 edidit
1669 5517 2062 5575 Constantinus

469 5584 713 5654 Magnus.
771 5586 904 5640 Vide
960 5587 1084 5640 cod.
1144 5586 1354 5642 Theod.
1399 5588 1467 5643 ad
1529 5589 1670 5643 hunc
1725 5589 1962 5654 titulum,
2008 5599 2064 5646 et

471 5653 848 5736 Cassipd._lili.
876 5673 958 5736 λιιι
988 5656 1200 5736 Variae.
1227 5657 1509 5736 form._ﬂ,
1543 5670 1705 5732 atque
1754 5663 1805 5718 in
1837 5653 2060 5720 eosdem

467 5721 742 5788 Godefridi
783 5733 848 5782 ac
876 5721 1122 5782 Fornerii
1149 5721 1582 5786 observationes.

2169 4742 2325 4810 (mss.
2373 4741 2632 4795 omittunt
2680 4737 2892 4810 inquit),
2917 4748 3217 4806 exspectare
3263 4734 3579 4810 placituram
3619 4734 3768 4810 ;_alii

2167 4806 2324 4868 inss..
2361 4851 2375 4865 .
2427 4822 2723 4881 exspectare
2748 4806 3101 4881 placiturum.
3134 4810 3344 4877 Aptius.
3378 4807 3500 4881 Sed
3540 4806 3672 4881 quid
3722 4807 3766 4860 si

2167 4883 2412 4953 legamus
2447 4878 2678 4952 spectare
2701 4878 2800 4954 pro
2831 4881 3166 4954 exspectare?
3187 4881 3346 4934 Certe
3377 4879 3482 4933 hoc
3513 4878 3765 4932 ultimum

2167 4954 2289 5008 loco
2320 4955 2541 5020 prioris,
2575 4953 2838 5024 perpetuo
2861 4953 3122 5008 exhibent
3150 4965 3279 5004 mss.

2244 5036 2266 5064 ε
2311 5019 2500 5081 Plures
2530 5019 2687 5081 mss.’
2710 5026 2932 5089 priorem
2959 5024 3109 5094 elegit
3139 5038 3158 5076 :
3189 5022 3386 5077 melius
3430 5029 3611 5076 tamen
3639 5019 3768 5087 falii,

2167 5104 2223 5151 et
2248 5106 2464 5167 cuncta:
2490 5098 2649 5164 edit.,
2687 5097 2842 5150 Prior
2868 5096 3039 5167 elegit.

2235 5165 2261 5205 ἀ
2305 5169 2434 5224 Mss.
2474 5170 2606 5233 duo,
2637 5162 2716 5223 uel
2757 5162 2965 5222 mitibus
2993 5169 3150 5221 tacita
3187 5164 3454 5228 moribus;
3494 5162 3693 5233 reliqui
3720 5171 3775 5218 et

2164 5255 2357 5294 omnes
2383 5239 2540 5302 cdit.,
2569 5241 2648 5293 vel
2689 5241 2865 5305 mutis,
2889 5250 2995 5293 etc.
3023 5238 3184 5291 Rom.
3219 5236 3354 5291 edit.
3389 5233 3563 5297 addit,
3596 5237 3774 5305 petis;

2166 5319 2224 5365 at
2265 5312 2412 5365 nulla
2444 5326 2606 5365 causa
2632 5353 2645 5374 ,
2682 5325 2805 5366 cum
2839 5318 3026 5377 aperte.
3057 5308 3499 5372 subintelligatur
3541 5306 3775 5366 invitas;

2172 5384 2261 5437 ubi
2294 5382 2662 5464 Mareellinam
2696 5395 2942 5436 sororem
2974 5381 3273 5452 alloquitur
3294 5419 3307 5442 ,
3339 5377 3408 5432 de
3437 5391 3544 5446 qua
3577 5377 3632 5431 in
3662 5377 3774 5431 Ad-

2169 5464 2493 5508 monitione.

2244 5535 2266 5562 ε·
2309 5523 2511 5578 Vocem
2542 5524 2687 5593 virgo
2710 5522 2844 5578 edit.
2887 5523 3045 5578 Rom.
3075 5523 3406 5585 detraxerat,
3441 5518 3542 5574 sed
3573 5527 3773 5574 contra

2168 5597 2401 5652 aliarum
2429 5609 2492 5650 ac
2519 5609 2652 5650 mss.
2682 5596 2924 5650 omnium
2959 5595 3140 5660 fidem.
3349 5652 3351 5654 ,
3432 5629 3447 5660 ί-
3651 5631 3654 5636 -
3737 5645 3742 5651 .

2246 5667 2264 5704 ί
2309 5666 2472 5722 Pauci
2498 5681 2630 5723 mss.
2661 5679 2712 5722 et
2753 5668 2986 5736 corporis
3021 5661 3084 5722 ne
3129 5659 3481 5721 ulla.....labe
3496 5662 3768 5718 sauciauit.
