3998 6190
143 183 218 238 ibi)
1399 183 1485 239 DE
1535 183 1924 243 VIRGINIBUS
1964 184 2092 242 LIB.
2137 184 2178 240 Ι.

3330 191 3431 248 ιοι

145 301 345 356 violatur:
373 300 725 358 iucursatur
763 318 796 358 a
837 303 1114 368 barbaris,
1145 303 1385 357 uescitur
1415 318 1442 355 a
1478 303 1720 370 reliquis.
1754 307 1803 365 Α
1831 305 1997 376 lgitur
2026 320 2146 374 quae
2176 304 2374 359 mentis
2406 304 2577 374 potuit
2620 314 2803 375 tegere
2847 313 3144 370 secretum,
3184 309 3433 377 corporis

199 393 260 448 15.
291 392 415 460 Quis
444 392 593 447 mihi
628 393 944 464 praetendit
975 403 1002 431 ⁸
1033 392 1208 450 Vesta:
1250 393 1486 464 virgines
1512 406 1568 449 et
1597 395 1722 450 Pal-

154 485 246 539 ladis
267 484 624 541 sacerdotes?
657 485 864 554 Qualis
893 486 996 542 ista
1025 495 1108 542 est
1133 485 1162 524 δ
1193 503 1300 542 non
1324 501 1535 541 morum
1570 485 1726 556 pudi-

161 581 278 645 citia,
317 579 407 635 sed
463 594 755 636 annorum
794 597 965 652 :qua:
1012 596 1119 636 non
1177 581 1575 651 perpetuitate,
1628 579 1726 635 sed

165 685 275 730 etate
300 674 720 745 priescribitur!
769 675 1113 732 Petulantior
1140 685 1224 731 est
1254 674 1376 730 talis
1406 673 1724 746 integritas,

166 766 277 836 cujus
301 767 620 837 corruptela
653 768 866 824 seniori
915 776 1163 823 servatur
1192 767 1360 822 aetati.
1394 765 1500 836 ipsi
1527 764 1728 821 docent

166 863 345 934 virgines
391 877 528 918 suas
579 878 694 917 non
740 861 946 918 debere
992 875 1362 932 perseverare,
1394 873 1496 915 nec
1540 874 1724 930 posse,

165 959 228 1027 qui
246 957 531 1029 virginitati
562 959 733 1012 linem
763 957 1052 1012 dederunt.
1097 957 1285 1024 Qualis
1315 965 1499 1011 autem
1525 963 1611 1010 est
1639 954 1726 1009 illa

163 1052 326 1124 religio,
354 1053 444 1108 ubi
495 1053 714 1123 pudicae
744 1053 1121 1109 adolescentes
1151 1053 1408 1121 iubentur
1433 1065 1558 1107 esse
1579 1093 1595 1118 ,
1629 1049 1728 1104 im-

162 1147 323 1217 pudica:
364 1149 541 1202 anus?
570 1147 682 1205 Sed
732 1163 834 1203 nec
887 1148 981 1203 illa
1029 1147 1225 1218 pudica
1275 1154 1390 1211 est,
1438 1160 1558 1217 quae
1610 1145 1729 1214 lege

161 1244 386 1298 retinetur
419 1259 433 1294 :
467 1252 524 1296 et
557 1239 647 1296 illa
681 1241 954 1312 impudica
976 1282 991 1306 ,
1019 1257 1140 1310 qua:
1181 1240 1300 1310 lege
1339 1238 1651 1294 dimittitur.
1685 1237 1730 1292 Ο

161 1334 416 1401 mysteria!
450 1349 484 1387 ο
527 1333 742 1388 mores!
776 1333 865 1387 ubi
899 1333 1193 1388 necessitas
1232 1331 1528 1401 imponitur
1567 1329 1731 1385 casti-

160 1431 250 1492 tui,
287 1427 585 1483 auctoritas
632 1424 843 1480 libidini
887 1425 1066 1480 datur.
1101 1425 1286 1494 Itaque
1313 1439 1417 1480 nec
1444 1431 1594 1478 casta
1619 1431 1725 1488 est,

157 1538 252 1590 quze
288 1533 428 1576 metu
458 1519 671 1590 cogitur
701 1536 715 1572 :
750 1533 849 1574 nec
879 1517 1140 1584 honesta,
1170 1533 1292 1588 qua:
1321 1515 1574 1571 mercede
1599 1530 1731 1570 con-

158 1616 340 1671 ducitur
372 1634 386 1668 :
417 1629 516 1670 nec
545 1613 720 1684 pudor
749 1613 838 1669 ille
867 1655 881 1677 ,
911 1613 1001 1683 qui
1033 1611 1512 1682 intemperantium
1544 1609 1732 1664 oculo-

1829 415 1936 454 non
1971 399 2105 454 texit
2130 399 2508 470 opprobrium.
2542 399 2684 454 Vicit
2715 410 2984 463 naturam.
3011 400 3105 456 sed
3130 417 3236 457 non
3261 403 3434 458 tenuit

1825 492 2193 562 disciplinam.
2228 492 2400 561 Quam
2431 493 2599 549 vellet
2625 492 2679 547 in
2711 508 2844 549 voce
2869 503 2892 539 κ
2919 493 3315 550 munimentum
3346 495 3431 550 sui

1826 584 2048 656 pudoris
2090 585 2362 641 existere!
2398 584 2586 655 quue
2627 585 2860 640 fortasse
2892 582 2921 622 ιι
2949 585 3223 643 erudierat
3277 586 3427 641 illam

1827 679 2111 750 patientia,
2130 689 2189 735 ut
2216 680 2431 751 culpam
2456 689 2701 751 negaret.
2720 679 2836 735 Non
2861 679 3026 750 igitur
3053 679 3254 736 invicta
3275 680 3433 736 undi-

1826 790 1962 845 que;
1984 790 2106 829 nam
2123 784 2178 830 et
2194 783 2479 846 tyrannus,
2496 773 2620 830 licet
2638 789 2744 830 non
2767 773 3004 845 potuerit
3029 773 3276 830 invenire
3288 773 3431 843 quod

1830 866 2218 938 interrogabat,
2237 874 2417 922 tamen
2452 866 2598 938 quod
2639 882 2745 922 non
2777 865 3177 937 interrogabat,
3203 866 3430 922 invenit.

1903 963 1988 1018 19.
2022 962 2235 1032 Quanto
2257 971 2457 1018 nostrae
2480 961 2720 1033 virgines
2750 961 3031 1028 fortiores,
3057 975 3180 1032 quae
3205 960 3436 1017 vincunt

1829 1057 1993 1112 etiam
2019 1070 2156 1126 quas
2180 1071 2286 1112 non
2311 1055 2496 1111 vident
2523 1064 2849 1126 potestates:
2869 1055 3066 1126 quibus
3088 1071 3194 1112 non
3221 1064 3434 1112 tantum

1830 1148 1899 1204 de
1916 1164 2080 1204 carne
2100 1157 2153 1204 et
2175 1149 2456 1220 sanguine,
2472 1149 2566 1206 sed
2585 1152 2748 1205 etiam
2767 1153 2836 1204 tle
2851 1149 2969 1219 ipso
2987 1147 3172 1205 mundi
3193 1149 3438 1220 principe

1831 1240 2132 1311 szeeulique
2175 1251 2387 1296 rectore
2428 1240 2655 1297 victoria
2683 1241 2794 1296 est!
2839 1238 3024 1296 Aitate
3048 1240 3234 1311 utique
3255 1240 3438 1312 Agnes

1833 1333 2034 1399 minor,
2053 1331 2149 1387 sed
2170 1333 2372 1388 virtute
2394 1332 2589 1403 major,
2611 1332 2889 1403 triumpho
2911 1333 3276 1400 numerosior,
3311 1349 3439 1391 con-

1833 1428 2029 1482 stantia
2053 1425 2432 1492 conlidentior,
2451 1441 2558 1482 non
2581 1426 2681 1482 sibi
2717 1427 2957 1499 linguam
2983 1437 3202 1499 propter
3232 1437 3436 1485 metum

1837 1517 2082 1580 abstulit,
2120 1517 2216 1572 sed
2244 1527 2466 1588 propter
2497 1527 2758 1588 troprcum
2782 1519 3100 1574 reservavit.
3123 1517 3268 1574 Nihil
3293 1520 3438 1576 enim

1839 1609 2028 1664 habuit
2054 1609 2205 1680 quod
2235 1607 2388 1681 prodi
2421 1611 2673 1678 timeret,
2695 1610 2850 1682 cujus
2874 1627 2979 1666 non
3004 1620 3121 1667 erat
3141 1612 3440 1669 criminosa

158 1727 250 1764 rum
264 1710 576 1781 quotidiana
588 1709 866 1778 expositus
893 1707 1161 1771 convicio,
1184 1703 1467 1775 ﬂagitiosis
1496 1701 1735 1773 aspecti-
1763 1693 1812 1754 Β
1838 1701 1932 1756 sed
1957 1701 2215 1772 religiosa
2251 1703 2543 1758 conlessio.
2581 1702 2770 1774 itaque
2793 1703 2881 1758 illa
2905 1714 3178 1761 secretum
3203 1714 3442 1763 tantum-

158 1803 238 1857 bus
260 1802 591 1857 verberatur.
630 1799 994 1856 Conferuntur
1012 1799 1404 1862 immunitates,
1430 1794 1736 1851 oﬂ‘eruntur

158 1899 332 1966 pretia;
373 1895 534 1968 quasi
561 1911 666 1950 non
699 1894 801 1950 hoc
832 1895 1125 1950 maximum
1160 1903 1181 1932 ε
1211 1892 1528 1962 petulantim
1556 1891 1625 1946 sit
1656 1890 1736 1944 in-

158 1988 350 2054 dicium,
379 1989 685 2043 castitatem
707 1987 967 2042 vendere.
1000 1985 1154 2054 Quod
1178 1987 1353 2056 pretio
1380 1984 1732 2056 promittitur,

159 2083 306 2150 pretio
330 2081 782 2151 solviturzpretio
807 2079 1100 2144 addicitur,
1129 2080 1303 2150 pretio
1325 2088 1731 2134 annumeratur.

160 2171 313 2228 Nescit
334 2173 606 2229 redimere
636 2173 943 2228 castitatem
965 2214 980 2238 ,
1009 2188 1129 2243 qua:
1159 2172 1394 2229 vendere
1429 2174 1588 2228 solet.

222 2269 294 2322 '16.
338 2267 475 2334 Quid
522 2268 592 2322 de
619 2264 646 2303 ει
676 2270 849 2323 sacris
899 2266 1151 2338 Phrygiis
1200 2267 1394 2338 loquar
1414 2310 1428 2331 ,
1459 2268 1509 2322 in
1540 2267 1737 2338 quibus

162 2360 464 2429 impudicitia
515 2359 801 2430 disciplina
833 2369 953 2424 est,
981 2371 1144 2432 atque
1188 2361 1392 2416 utinam
1427 2375 1597 2416 sexus
1627 2361 1735 2416 fra-

158 2455 374 2524 gilinris!
404 2454 544 2524 Quid
563 2453 633 2510 de
663 2454 830 2524 orgiis
863 2453 1067 2518 Liberi,
1098 2455 1190 2509 ubi
1223 2454 1505 2525 religionis
1535 2464 1738 2526 myste-

160 2550 283 2603 rium
325 2558 402 2604 est
446 2548 778 2605 incentivum
822 2547 1099 2603 libidinis?
1137 2547 1322 2616 Qualis
1360 2548 1524 2619 igitur
1562 2556 1740 2618 potest

162 2640 222 2696 ibi
263 2643 360 2696 vita
400 2657 524 2698 esse
565 2640 952 2706 sacerdotum,
987 2641 1076 2695 ubi
1103 2641 1299 2696 colitur
1325 2649 1576 2711 stuprum
1601 2640 1737 2696 dco-

163 2738 302 2790 rntn.’
331 2736 443 2794 Non
477 2737 679 2792 habent
707 2735 870 2808 igitur
901 2747 924 2772 ο
951 2751 1161 2792 sacram
1193 2737 1478 2806 virginem.

224 2831 300 2884 l7.
347 2829 635 2886 Videamus
675 2845 744 2886 ne
788 2827 933 2884 forte
981 2829 1214 2899 aliquam
1252 2830 1337 2885 vel
1379 2829 1741 2900 philosophim

165 2920 303 2994 151
348 2930 617 2992 praecepta
649 2919 1032 2988 formaverint,
1066 2936 1190 2992 qua:
1219 2920 1594 2991 magiSterium
1637 2921 1739 2976 sibi

155 3014 378 3068 omnium
408 3015 546 3070 solet
583 3013 865 3069 vindicare
897 3011 1180 3069 virtutum.
1229 3014 1565 3086 Pythagorea
1596 3031 1739 3086 qua:-

1839 1797 2002 1851 modo
2050 1796 2435 1860 celavit;haec
2476 1797 2726 1867 probavit
2753 1797 3073 1866 Dominum,
3123 1815 3282 1870 quem
3313 1801 3438 1873 quia

1838 1898 1970 1945 aetas
2000 1889 2238 1944 nondum
2271 1899 2486 1960 poterat
2520 1889 2790 1958 confiteri,
2819 1900 3009 1947 natura
3037 1891 3290 1949 confessa
3331 1902 3434 1950 est.

2462 1981 2692 2040 CAPUT
2733 1983 2798 2039 V.

1848 2075 2175 2147 Virginitatis
2225 2077 2448 2148 patriam
2493 2077 2676 2131 ratium
2718 2093 2850 2142 esse,
2884 2086 3146 2132 auctorem
3179 2093 3297 2133 uero
3343 2076 3443 2134 Dei

1917 2167 2151 2223 Filium:
2169 2170 2258 2238 qui
2284 2187 2397 2223 cum
2425 2170 2569 2243 virgo
2587 2180 2716 2225 esset
2737 2180 2855 2224 ante
2870 2171 3143 2244 virginem,
3159 2188 3222 2227 ea:
3246 2173 3444 2245 virgine

1914 2271 2084 2316 tamen
2108 2260 2275 2316 editus
2311 2263 2562 2332 virginem
2603 2262 2894 2318 Ecclesium
2924 2265 3073 2319 duxit
3099 2281 3332 2320 uxorem.
3369 2267 3446 2321 Ab

1915 2358 2029 2429 ipsa
2053 2368 2318 2427 susceptos
2344 2374 2436 2412 nos
2456 2373 2630 2412 omnes
2652 2374 2784 2421 esse,
2831 2359 2982 2429 cujus
3006 2359 3150 2413 dotes
3173 2359 3442 2414 nonnulla:

1913 2460 2395 2505 commemorantur.
2422 2450 2669 2524 Ejusdem
2690 2451 2830 2522 [ilius
2857 2453 2974 2505 hinc
2997 2451 3289 2521 pracellere
3307 2451 3444 2522 quod

1916 2543 2182 2616 virginitas
2203 2559 2304 2597 non
2321 2543 2629 2616 subjiciatur
2644 2554 2920 2616 precepto,
2938 2543 3174 2616 quodque
3185 2545 3258 2598 ad
3278 2545 3441 2616 pieta-

1917 2637 1980 2692 tis
1993 2637 2185 2691 cultum
2203 2638 2502 2709 facultatem
2519 2638 2812 2710 suppeditet
2823 2655 2974 2708 quant
2987 2639 3444 2709 expeditissimam.

1915 2731 2004 2786 20.
2049 2730 2103 2784 In
2158 2729 2561 2787 laudationibus
2615 2732 2758 2786 solet
2812 2731 2986 2802 patria
3052 2731 3340 2801 praedicari
3391 2739 3448 2788 et

1846 2833 2136 2893 parentes;
2164 2833 2220 2879 ttt
2241 2825 2765 2880 commemoratione
2792 2824 3033 2880 auctoris
3062 2823 3295 2894 dignitas
3325 2839 3450 2881 suc-

1844 2920 2108 2975 cessionis
2153 2928 2558 2990 exaggeretur:
2599 2935 2701 2992 ego
2747 2920 2876 2975 licet
2919 2919 3290 2976 laudationem
3338 2936 3447 2978 non

1845 3013 2184 3084 susceperim
2215 3013 2564 3083 virginitatis,
2598 3013 2692 3068 sed
2743 3014 3186 3083 expressionem;
3215 3012 3282 3069 ad
3333 3028 3449 3068 rem

157 3104 266 3160 datu
312 3124 410 3161 una
451 3124 518 3163 ex
566 3106 867 3177 virginibus
904 3103 922 3143 ί
957 3081 1289 3162 ρειειπειιυιί
1315 3081 1525 3174 fabula,
1556 3081 1679 3162 eum
1709 3123 1739 3162 a
1770 3081 1815 3145 Ο
1848 3081 2026 3160 tamen
2061 3081 2337 3175 pertinere
2378 3104 2653 3170 arbitror,
2691 3114 2747 3159 ut
2775 3081 2895 3171 quae
2917 3105 2991 3160 sit
3018 3105 3065 3160 ei
3103 3104 3300 3175 patria,
3329 3104 3452 3175 quis

159 3206 373 3270 tyranno
401 3211 692 3272 cegeretur
731 3208 1007 3255 secretum
1048 3197 1278 3269 prodere
1299 3241 1313 3266 ,
1347 3215 1414 3254 ne
1441 3199 1567 3270 quid
1601 3199 1653 3255 in
1685 3215 1744 3256 se

159 3291 216 3346 ad
249 3292 680 3364 extorquendam
722 3291 1128 3347 conleSsionem
1169 3292 1252 3346 vel
1297 3291 1581 3348 tormentis
1615 3293 1746 3348 lice-

161 3395 268 3450 ret,
305 3402 488 3442 morsu
529 3387 768 3456 linguam
820 3385 1162 3452 abscidisse,
1207 3394 1371 3452 atque
1423 3385 1477 3440 in
1529 3388 1744 3452 tyranni

162 3477 336 3535 faciem
360 3481 676 3551 deSpuisse;
708 3490 765 3534 ut
791 3480 886 3549 qui
929 3479 1299 3550 interrogandi
1329 3480 1492 3535 ﬁnem
1523 3495 1630 3535 non
1664 3480 1742 3534 fa-

161 3572 346 3642 ciebat,
377 3590 484 3629 non
516 3573 750 3630 haberet
772 3589 936 3644 quam
967 3575 1349 3644 interrogaret.

226 3668 308 3722 18.
350 3667 545 3723 Eadem
578 3677 758 3722 tamen
788 3667 915 3722 forti
945 3668 1153 3732 animo,
1179 3667 1276 3723 sed
1305 3667 1528 3722 tumenti
1566 3675 1744 3736 utero,

159 3760 446 3830 exemplum
473 3760 856 3815 taciturnitatis
886 3769 939 3814 et
964 3759 1268 3832 proluvium
1289 3759 1577 3825 castitatis,
1605 3760 1749 3815 victa

161 3858 240 3903 est
281 3851 703 3921 cupiditatibus,
759 3867 884 3923 qua:
936 3852 1226 3907 tormentis
1289 3851 1431 3908 vinci
1481 3852 1748 3922 nequivit.

228 3997 248 4025 ι
289 3988 534 4061 Virgines
565 3989 907 4044 Christianas
953 3987 1268 4044 Vestalibus
1306 4004 1430 4043 cum
1474 3988 1603 4043 alibi
1641 4003 1746 4043 non

164 4061 318 4116 somel
345 4063 564 4130 opponit
595 4071 761 4132 atque
787 4062 1072 4130 anteponit
1097 4061 1422 4116 Ambrosius
1454 4069 1660 4124 noster,
1694 4071 1748 4114 ut

165 4135 386 4204 maxime
424 4133 530 4188 hoc
573 4134 696 4188 loco
735 4142 793 4187 et
837 4133 1014 4188 Relat.
1049 4133 1314 4187 adversus
1356 4133 1594 4204 Symm.,
1625 4147 1748 4202 qua:

165 4203 205 4256 si
244 4203 464 4259 invicem
515 4203 766 4260 conferre
814 4221 922 4259 non
967 4205 1184 4274 pigeat,
1221 4203 1411 4259 lucem
1446 4221 1512 4259 ex
1561 4215 1746 4258 mutua

163 4277 498 4346 contentione
540 4276 837 4346 accipient.
889 4276 968 4332 De
1014 4277 1251 4345 ipsarum
1294 4286 1476 4331 autem
1527 4277 1742 4330 institu-

166 4345 302 4400 ti0ue
321 4387 337 4410 ,
364 4364 590 4403 numero
612 4389 626 4412 ,
653 4348 838 4402 oflicio
859 4389 874 4413 ,
905 4347 1193 4418 privilegio
1223 4362 1286 4401 ac
1325 4347 1535 4403 vivendi
1571 4347 1743 4401 forma

167 4395 626 4492 ιρέζξῖιῐῖιῖιῖιὶᾶἑ
653 4395 1749 4492 515;;nggmnasium;natussi);
1772 4395 1827 4456 D

167 4485 244 4561 de
275 4489 599 4561 vestalibus,
627 4501 682 4546 et
712 4485 918 4561 Joseph
964 4490 1289 4545 Laurentius
1316 4490 1565 4560 pluribus
1595 4485 1750 4546 locis.

233 4557 257 4596 δ
295 4560 517 4633 Quidam
547 4576 708 4629 mss.,
739 4557 1067 4616 non-morum
1096 4557 1392 4633 prudentia.

241 4641 262 4667 ε
301 4632 547 4687 Nonnulli
578 4649 742 4701 mss.,
776 4632 1120 4704 petulantium
1143 4635 1209 4686 sit
1234 4632 1502 4687 indicium.
1532 4632 1601 4688 Et
1631 4641 1755 4704 post

171 4715 350 4776 pauca,
383 4707 541 4776 pretio
567 4705 854 4769 addicitur,
880 4706 1044 4774 pretio
1069 4716 1448 4758 remuneratur.

241 4771 264 4808 τι
305 4771 462 4849 Sacra
485 4778 707 4849 phrygia
727 4771 1148 4849 celebrabantur
1167 4777 1217 4830 in
1238 4779 1498 4832 honorem
1525 4776 1756 4849 Cybeles

174 4847 354 4920 matris
380 4847 638 4920 deorum,
658 4849 816 4920 cujus
841 4848 1164 4920 sacerdotes
1207 4858 1367 4903 erant
1407 4847 1597 4903 evirati
1637 4848 1757 4916 qui-

175 4915 292 4970 dam
340 4919 634 4976 nebulones
679 4915 768 4990 qui
821 4919 964 4976 Galli
1006 4919 1348 4974 dicebantur.
1399 4921 1474 4976 De
1521 4915 1752 4989 quorum

178 4999 441 5044 sacrorum
469 4993 813 5048 institutione
853 4992 1019 5046 multa
1053 4993 1220 5047 refert
1249 4991 1519 5047 Lucianus
1561 4993 1611 5045 in
1650 4992 1755 5044 Dea

178 5055 357 5128 Syria;
386 5063 519 5118 sicut
545 5065 612 5117 de
637 5063 958 5118 earumdem
987 5064 1312 5133 Agyrtarum
1344 5079 1439 5118 seu
1470 5063 1754 5118 Gallorqu

182 5133 379 5197 spurcis
396 5149 455 5189 ac
473 5134 710 5190 infandis
738 5135 1058 5190 libidinibus
1074 5145 1128 5190 et
1145 5135 1464 5204 impostttris
1485 5136 1538 5190 in
1563 5135 1755 5199 Asino,

181 5214 293 5277 quin
331 5206 380 5277 iu
413 5221 564 5261 suum
607 5219 799 5277 postea
847 5208 1124 5261 transtulit
1163 5209 1426 5273 auxitque
1470 5206 1754 5275 Apuleius.

179 5268 308 5348 Vide
336 5275 428 5332 hac
452 5279 519 5334 de
544 5268 620 5334 re"
637 5290 839 5348 praeter
867 5278 1120 5333 Servium
1155 5279 1206 5332 in
1241 5293 1295 5332 tx
1327 5268 1594 5333 IEneid'os
1613 5319 1629 5345 ,
1658 5279 1763 5332 Ar-

181 5343 387 5400 nobium
416 5351 576 5404 etiam
602 5343 700 5404 lib.
732 5366 790 5414 v,
814 5362 870 5404 et
900 5349 1129 5420 August.
1157 5349 1247 5404 lib.
1275 5365 1324 5404 vt
1347 5351 1414 5404 de
1443 5343 1757 5414 Civit.’Dei,

181 5427 294 5495 cap.
321 5421 371 5483 7,
399 5431 450 5474 et
477 5421 572 5478 lib.
598 5436 707 5495 vn,
756 5437 882 5495 cap.
914 5421 1016 5495 25,
1043 5434 1204 5493 atque
1235 5421 1392 5476 alios.
1438 5423 1600 5495 Urgia
1630 5435 1761 5476 vero

181 5487 358 5564 eadem
397 5503 545 5548 erant
575 5509 642 5549 ac
683 5493 1041 5548 baechanalia
1068 5535 1084 5558 ,
1115 5487 1236 5564 quae
1264 5495 1336 5547 ita
1367 5487 1704 5548 vorabantur
1731 5509 1762 5548 a

175 5561 334 5641 verbo
360 5565 757 5641 apyzezgeaqiu
791 5573 897 5641 est,
925 5565 1083 5620 irasci
1113 5561 1176 5619 ac
1202 5564 1402 5641 furere.
1428 5565 1571 5641 quod
1600 5564 1762 5634 hujus

174 5634 334 5708 geris
364 5634 637 5708 proprium
671 5636 847 5690 tuisse
879 5635 1093 5706 ignorat
1119 5651 1298 5692 nemo.
1341 5638 1415 5692 De
1447 5634 1566 5692 illis
1595 5645 1764 5708 agunt

175 5699 232 5763 Τ.
262 5699 442 5766 Livius
459 5699 578 5768 dcc.
614 5709 675 5776 ι,
708 5707 810 5764 lib.
843 5699 929 5773 tx';
960 5713 1190 5779 August.
1221 5708 1287 5766 de
1313 5709 1474 5764 Civil.
1517 5699 1761 5775 Deiflib.

1845 3205 2056 3260 auctor,
2089 3204 2370 3268 appareat.
2399 3195 2478 3251 Ac
2508 3197 2654 3266 prius
2682 3197 2773 3252 ubi
2798 3198 2868 3253 sit
2897 3198 3071 3268 patria
3100 3196 3450 3254 deﬁniamus.

1846 3287 1902 3343 Si
1944 3289 2088 3343 enim
2123 3288 2197 3344 ibi
2232 3298 2316 3344 est
2361 3288 2570 3360 patria,
2604 3289 2692 3344 ubi
2718 3291 2956 3361 genitale
2979 3290 3316 3347 domicilium
3351 3309 3364 3344 :
3397 3291 3452 3347 in

1847 3384 1988 3440 cutio
2012 3383 2257 3454 profecto
2280 3393 2362 3440 est
2384 3385 2557 3456 patria
2586 3385 2876 3440 castitatis.
2902 3385 3085 3457 Itaque
3108 3386 3196 3443 hic
3216 3385 3449 3458 advena,

1845 3477 1918 3532 ibi
1952 3476 2130 3532 incola
2157 3488 2261 3534 est.

1920 3570 2012 3626 2|.
2055 3572 2195 3639 Quid
2218 3583 2400 3628 autem
2431 3584 2514 3630 est
2539 3575 2762 3632 castitas
2792 3575 3094 3648 virginalis,
3120 3578 3222 3634 nisi
3253 3593 3453 3650 expers

1849 3665 2193 3735 contagionis
2248 3668 2568 3739 integritas?
2598 3668 2777 3740 Atque
2821 3670 2938 3739 ejus
2980 3679 3256 3726 auctorem
3287 3685 3452 3742 quem

1853 3771 2143 3826 possumus
2185 3759 2497 3827 mstimare,
2541 3760 2644 3815 nisi
2695 3761 3099 3815 immaculatum
3158 3762 3314 3834 152
3358 3761 3452 3819 Dei

1857 3852 2074 3918 Filiutn,
2106 3853 2262 3924 cujus
2289 3869 2419 3910 caro
2443 3870 2549 3910 non
2575 3855 2709 3910 vidit
2737 3856 3170 3924 corruptionem,
3197 3857 3454 3915 divinitas

1853 4003 1915 4054 ιι,
1945 4003 2068 4059 cap.
2102 3987 2168 4055 9,
2199 3998 2253 4044 et
2297 3988 2522 4044 uberius
2559 3989 2737 4045 adhuc
2789 3988 2885 4046 lib.
2919 4005 3014 4058 vtt,
3048 4005 3171 4060 cap.
3201 3991 3455 4057 21;.105.

1853 4060 2188 4117 Laurentius
2220 4062 2386 4117 variis
2420 4061 2575 4129 locis,
2611 4077 2710 4118 nec
2740 4077 2846 4116 non
2879 4061 2996 4116 alii.

1929 4143 1952 4168 ο
1999 4134 2154 4207 liom.
2201 4133 2660 4207 edit._cum_ms.
2707 4133 2939 4201 Teller.,
2989 4149 3140 4188 sacra
3185 4135 3454 4207 uirginem.

1851 4202 1984 4270 Qua:
2029 4204 2192 4261 lectio
2229 4205 2463 4279 minime
2514 4205 2867 4278 diSpliceret,
2919 4207 2965 4263 si
3014 4208 3180 4279 paulo
3227 4202 3457 4266 lirmiori

1853 4278 2156 4345 patrocinio
2189 4276 2482 4334 niteretur.

1933 4347 2066 4422 rfita
2102 4365 2233 4422 mss.
2261 4364 2475 4422 omnes,
2504 4359 2734 4422 excepto
2764 4350 2970 4407 Teller.
3013 4365 3134 4407 cum
3164 4369 3270 4422 quo
3294 4353 3455 4421 edit.,

1853 4421 2136 4495 celebratur
2159 4421 2372 4495 fabulis,
2403 4437 2555 4489 cum;
2587 4421 2776 4495 Rom.,
2806 4440 2922 4494 qua:
2943 4439 3078 4484 cum,
3105 4439 3138 4495 ᾳ
3166 4421 3455 4495 tyranno...

1856 4493 2090 4566 linguam
2129 4491 2407 4566 abscidisse
2438 4497 2620 4566 fertur.
2667 4494 2773 4550 Sed
2819 4491 2987 4566 fertur
3012 4491 3258 4566 additum
3289 4494 3458 4551 fuisse

1855 4565 1923 4619 ab
1953 4565 2018 4618 iis
2046 4606 2059 4629 ,
2091 4564 2184 4634 qui
2234 4562 2560 4620 inﬁnitivum
2593 4562 2875 4621 abscidisse
2905 4566 2970 4620 ad
3001 4564 3288 4620 celebratur
3317 4566 3460 4621 refe-

1856 4634 2084 4690 rendum
2119 4649 2251 4706 esse
2286 4649 2393 4689 non
2437 4635 2817 4692 advertebant.
2859 4637 3130 4692 Cancrum
3164 4653 3258 4704 per
3286 4637 3456 4706 virgi-

1858 4723 1981 4763 nem
2043 4707 2188 4779 illagm
2244 4705 2640 4779 Pythagoream
2700 4709 2916 4764 videtur
2970 4716 3197 4763 sanctus
3246 4705 3458 4764 Prmses

1858 4779 2100 4834 indicare
2122 4777 2371 4850 Lemnum
2396 4777 2673 4850 Harmodii
2701 4790 2757 4834 et
2791 4780 3178 4850 Aristogitonis
3197 4779 3455 4845 amicam,

1857 4866 1977 4918 qum
2040 4863 2230 4921 eorum
2278 4848 2545 4921 adversus
2607 4848 3001 4920 Hipparchum'
3027 4850 3456 4921 conspirationis

1858 4921 2077 4977 conscia
2106 4931 2161 4973 et
2190 4918 2533 4992 deprehensa
2560 4918 2740 4992 ,_cu‘m
2789 4922 2960 4976 libera
3009 4918 3206 4992 lingua:
3250 4921 3460 4977 abscis-

1859 4994 2016 5048 sioue
2063 4991 2342 5046 silentium
2401 4989 2760 5056 retinuisset,
2809 5002 3045 5048 statuam
3093 4989 3302 5049 'meruit
3357 4992 3460 5048 sub

1860 5065 2028 5136 figura
2052 5062 2275 5136 Leaenae
2305 5075 2409 5136 ore
2434 5061 2615 5136 pat_ulo
2645 5072 2700 5116 et
2736 5063 2918 5136 lingua
2957 5078 3135 5136 vacuo
3154 5079 3457 5136 expressae.

1860 5132 2100 5191 Consule
2142 5133 2346 5188 Herod.
2403 5134 2454 5188 in
2505 5132 2750 5202 Terpsic.
2776 5176 2791 5200 ,
2823 5132 3070 5190 'Tbueid.
3105 5135 3202 5190 lib.
3234 5132 3289 5203 i,
3324 5136 3462 5191 Plu-

1861 5207 2038 5261 tarch.
2085 5205 2152 5262 de
2200 5203 2459 5273 Garrul.;
2502 5204 2738 5260 Plinium
2790 5205 2888 5262 lib.
2939 5222 3125 5275 xxnv,
3156 5222 3280 5278 cap.
3313 5207 3463 5274 8,et

1861 5278 2016 5333 alios.

1936 5360 1960 5397 ε
2001 5348 2128 5405 Mss.
2166 5365 2272 5404 non
2303 5349 2459 5420 pauci
2487 5391 2504 5417 ,
2533 5359 2847 5404 momentum
2874 5350 2957 5404 sui
3001 5349 3254 5422 pudoris;
3284 5366 3424 5408 unus
3444 5392 3460 5421 ,

1864 5423 2253 5489 monimentum,
2273 5434 2382 5476 etc.

1936 5491 1966 5531 ιι
2001 5494 2207 5549 Omnes
2237 5494 2398 5560 edit.,
2427 5493 2681 5548 erudierat
2708 5491 2860 5547 illum
2887 5493 3185 5564 paenitentia
3213 5511 3232 5549 :
3260 5494 3467 5564 optime

1863 5580 1996 5620 vero
2040 5566 2222 5621 cuncti
2269 5579 2499 5631 mss.,...
2548 5565 2833 5634 patientia;
2878 5581 3002 5620 nam
3033 5565 3177 5634 quod
3222 5565 3471 5622 nettttulli

1868 5637 2091 5702 habent,
2113 5635 2437 5708 patientiam,
2472 5639 2803 5708 scriptorum
2832 5637 3064 5695 inscitia:
3095 5637 3474 5708 imputandum

1866 5718 1972 5766 est.
