3974 6186
187 197 281 258 ιιι

178 411 295 464 tiam
337 409 538 463 erroris
580 407 869 462 habitura?
903 406 996 461 ille
1027 407 1170 462 enim
1198 405 1426 463 alteram
1451 407 1662 478 diligit.
1703 419 1756 463 tu

178 502 320 557 alteri
359 502 438 555 vis
490 499 724 570 piacere.
774 499 844 555 Et
882 499 1137 556 irasceris
1167 500 1216 556 si
1249 509 1396 556 amet
1432 501 1596 556 aliam
1623 543 1636 566 ,
1666 503 1756 572 qui

180 594 468 664 adulterare
510 593 558 646 in
607 601 657 646 te
693 591 965 647 docetur?
993 591 1131 646 Mala
1174 593 1428 663 magistra
1458 609 1517 649 es
1547 593 1757 664 injuriae

181 610 372 649 anniter
409 610 468 648 re
511 610 558 646 ιιι
607 610 657 646 te
693 610 964 647 uocetur:
995 610 1131 646 mala
1174 610 1428 663 magism!
1458 610 1517 649 es
1547 610 1757 664 unum

181 610 644 740 meﬁdnocinari
686 685 828 742 enim
879 683 1110 754 refugit,
1137 685 1300 739 etiam
1335 701 1455 754 quae
1487 700 1643 756 passa
1678 686 1757 741 le-

177 794 359 834 nonem
397 788 516 842 est;
557 793 621 832 ac
663 777 790 832 licet
818 777 940 832 vilis
973 777 1192 844 mulier,
1225 793 1333 832 non
1363 778 1519 834 alteri
1549 788 1750 848 tamen,

177 872 259 926 sed
292 871 389 926 sibi
439 878 674 939 peccat:
711 869 1190 940 Iolcrabilioraque
1257 870 1652 940 propemodum
1702 873 1754 925 in

178 961 200 1000 δ
223 963 382 1018 altero
421 964 651 1018 crimina
684 970 841 1026 sunt;
869 962 942 1018 ibi
970 965 1116 1018 enim
1139 963 1420 1035 pudicitia,
1442 963 1531 1022 hic
1562 978 1752 1024 natura

173 1055 512 1117 adtinentur.

231 1152 313 1208 29.
344 1153 459 1208 iam
488 1161 693 1224 quanto
727 1153 900 1222 pretio
926 1167 1065 1224 opus
1097 1161 1204 1218 est,
1237 1168 1303 1210 ne
1332 1154 1498 1210 etiam
1523 1155 1748 1225 pulchra

169 1247 470 1317 dispticeat!
514 1247 654 1302 llinc
691 1247 933 1317 pretiosa
976 1248 1123 1302 collo
1152 1247 1466 1316 dependent
1493 1249 1714 1305 monilia
1737 1291 1751 1316 ,

170 1341 280 1397 inde
330 1357 423 1412 per
453 1341 680 1396 humum
705 1342 872 1396 vestis
905 1341 1138 1397 trahitur
1165 1354 1375 1397 aurata.
1407 1343 1624 1404 Eruitur
1647 1344 1749 1414 igi-

167 1443 243 1488 tur
265 1435 376 1489 btec
411 1435 653 1504 spccitus,
681 1449 746 1488 an
777 1435 1038 1490 habetur?
1063 1433 1225 1501 Quid,
1257 1435 1402 1506 quod
1441 1447 1464 1476 α
1495 1437 1663 1491 etiam
1684 1438 1750 1494 ad

165 1526 372 1583 odorem
405 1528 573 1582 variae
609 1527 939 1584 adhibentur
982 1529 1285 1585 illecebrae!
1327 1529 1486 1602 155
1510 1529 1752 1587 Geminis

165 1633 437 1678 onerantur
465 1637 658 1691 aures,
683 1622 859 1678 oculis
883 1623 1038 1679 color
1069 1623 1210 1678 alter
1249 1622 1570 1679 infunditur.
1611 1624 1750 1692 Quid

1429 196 1522 258 DE
1562 196 1954 260 VlRGlNiBUS
1990 199 2123 262 LIB.
2169 200 2207 256 i.

179 333 290 374 esse
315 315 571 380 mentiris,
598 327 703 369 nec
728 320 838 370 tuae
858 313 1236 378 conscientiae,
1264 322 1289 351 ιι
1319 328 1419 372 nec
1446 314 1609 372 alieni
1627 331 1751 389 με..
1782 314 1834 375 Α

3365 205 3468 266 198

2471 313 2700 372 CAPUT
2741 315 2856 375 VII.
2881 314 2889 325 '

1865 404 2115 460 Parentes
2147 414 2200 459 ut
2232 407 2299 459 ad
2325 408 2674 475 uirginitatem
2699 408 2839 478 ﬁlius
2868 409 3163 476 instituant,
3194 411 3455 480 hortatur,

1933 498 2105 568 eisque
2148 512 2271 566 quot
2314 499 2561 553 molestia!
2609 510 2888 557 nascantur
2928 516 2994 554 ea:
3021 501 3280 572 voluptate
3309 521 3464 575 quam

1931 589 2011 643 illi
2051 604 2288 658 quaerunt
2339 592 2393 646 in
2443 592 2735 662 nepotibus,
2782 595 2926 664 ponit
2956 593 3015 650 ob
3045 595 3246 652 oculos.
3291 597 3468 668 Negat

1936 693 2109 738 tamen
2149 700 2182 738 a
2207 700 2262 739 se
2291 686 2553 754 prohiberi
2594 688 2841 756 nuptias;
2864 689 2985 758 quin
3016 689 3172 744 immo
3199 691 3318 747 illas
3345 709 3466 750 con-

1931 785 2012 830 tra
2057 776 2332 833 hazreticos
2377 780 2678 836 earumdem
2705 781 3036 840 adversarios
3073 794 3242 840 tuetur
3275 801 3294 840 :
3315 799 3468 845 crete-

1929 886 2048 924 rum
2087 871 2215 940 ipsis
2260 873 2612 941 virginitatem
2663 883 3004 946 anteponens,
3045 888 3237 941 quanta
3265 880 3331 934 sit
3357 881 3463 935 vir-

1929 965 2107 1034 ginum
2137 967 2315 1036 sponsi
2343 965 2706 1036 pulchritudo,
2733 969 2978 1039 quibusve
2997 969 3061 1024 ab
3089 987 3145 1034 eo
3169 973 3466 1030 muneribus

1926 1058 2035 1118 ιιιιε
2083 1060 2358 1126 donentur,
2408 1062 2676 1133 explicat:
2708 1072 2814 1124 tum
2843 1064 3091 1138 expositis
3125 1065 3181 1120 in
3216 1082 3332 1121 eam
3358 1083 3464 1120 rem

1928 1151 2268 1209 Canticorum
2307 1156 2438 1210 iocis
2473 1156 2696 1227 aliquot,
2733 1157 2855 1222 inde
2897 1174 3098 1212 morum
3131 1176 3191 1214 ac
3222 1160 3462 1214 virtutum

1932 1256 2190 1314 prwcepta
2203 1247 2447 1318 exprimit
2475 1248 2728 1321 uirginum
2743 1249 3026 1309 conditioni
3053 1253 3458 1316 accommodata.

2052 1339 2322 1405 Audistis,
2355 1351 2642 1410 parentes,
2670 1342 2868 1417 quibus
2892 1343 3123 1404 erudire
3149 1344 3463 1410 virtutibus,

1855 1430 2052 1500 quibus
2090 1431 2381 1488 instituere
2425 1433 2734 1504 disciplinis
2781 1436 2922 1490 tilias
2962 1436 3240 1504 debeatis;
3283 1449 3340 1503 ut
3373 1439 3468 1503 ha-

1853 1523 1990 1580 bere
2014 1526 2239 1596 possitis
2260 1542 2489 1598 quarum
2522 1529 2732 1590 meritis
2751 1539 2931 1590 vestra
2965 1530 3160 1590 delicta
3193 1533 3469 1590 rediman-

1856 1626 1963 1674 tur.
1999 1617 2165 1689 Virgo
2205 1620 2300 1676 Dei
2333 1622 2538 1680 donum
2584 1631 2669 1680 est
2691 1665 2706 1691 ,
2735 1639 2934 1680 munus
2968 1626 3215 1694 parentis
3236 1668 3252 1693 ,
3283 1643 3467 1688 sacer-

164 1714 226 1770 ibi
261 1726 504 1772 remanet
534 1730 715 1782 suum,
749 1715 837 1769 ubi
869 1724 978 1771 tam
1004 1715 1172 1772 multa
1205 1717 1521 1772 mutantur?
1543 1717 1750 1775 Sensus
1780 1715 1825 1778 B
1854 1711 2061 1768 dotiqu
2114 1715 2407 1772 castitatis.
2454 1714 2622 1788 Virgo
2669 1717 2861 1776 matris
2914 1719 3090 1774 hostia
3141 1729 3257 1784 est,
3308 1721 3465 1790 cujus

165 1822 274 1862 suos
293 1810 485 1864 amittit
506 1809 730 1876 mulier,
752 1819 809 1864 et
829 1810 1011 1864 vivere
1041 1824 1205 1877 posse
1223 1825 1282 1864 se
1312 1811 1518 1866 credit?

223 1903 302 1958 50.
335 1901 439 1959 Vos
467 1917 627 1970 vero,
665 1903 838 1959 beatae
873 1903 1273 1974 virgines,qu:c
1316 1905 1446 1960 talia
1479 1914 1747 1961 tormenta

164 1997 322 2065 putith
347 2013 512 2067 quam
546 2009 873 2052 ornamenta
897 1969 1384 2068 nescitisﬂluibus
1422 1998 1598 2068 pudor
1623 2015 1751 2054 san-

163 2099 264 2144 ctus
293 2090 609 2146 verecunda
641 2091 878 2145 suﬁusus
902 2107 995 2144 ora
1012 2099 1098 2158 ,et
1124 2091 1267 2146 bona
1291 2094 1518 2147 castitas
1537 2101 1622 2148 est
1649 2092 1748 2148 de-

162 2185 260 2238 cori
289 2203 300 2237 :
331 2201 440 2240 non
461 2185 726 2240 humanis
753 2183 983 2240 addicta:
1014 2184 1211 2251 oculis,
1236 2185 1416 2240 alieno
1429 2201 1614 2240 errore
1636 2202 1750 2241 me-

162 2277 250 2331 rita
289 2289 460 2334 vestra
488 2277 765 2348 pensatis.
802 2277 1026 2334 Habetis
1056 2292 1189 2332 sane
1210 2286 1264 2334 et
1292 2291 1388 2332 vos
1419 2286 1616 2334 vostrae
1647 2279 1745 2333 mi-

164 2371 311 2426 litiam
341 2371 800 2443 pulchritudinis,
829 2372 914 2425 cui
941 2370 1159 2424 virtutis
1190 2370 1385 2425 militat
1417 2370 1612 2437 forma,
1641 2387 1747 2434 non

162 2465 384 2536 corporis
411 2485 428 2521 :
459 2479 631 2535 quam
664 2462 814 2519 nulla
851 2463 1154 2534 exstinguit
1181 2471 1336 2531 actas,
1361 2462 1512 2524 nulla
1534 2464 1748 2533 eripere

162 2575 299 2616 mors
338 2572 512 2631 potest
557 2602 572 2626 ,
626 2559 777 2616 nulla
828 2557 1097 2628 aegritudo
1152 2572 1527 2628 corrumpere.
1588 2556 1747 2614 Solus

163 2650 327 2707 forma:
351 2651 379 2692 ά
407 2653 626 2710 arbiter
660 2659 877 2722 petatur
907 2649 1090 2718 Deus,
1119 2650 1210 2720 qui
1241 2651 1403 2706 etiam
1431 2648 1486 2705 iu
1519 2664 1748 2720 corpore

161 2747 321 2804 minus
346 2746 584 2818 pulchro
608 2744 805 2816 diligat
829 2744 1038 2802 animas
1063 2744 1428 2814 pulchriores.
1459 2743 1580 2800 Non
1608 2743 1745 2802 uteri

161 2856 282 2897 onus
309 2851 520 2910 notum,
571 2855 680 2896 non
720 2839 882 2895 dolor
913 2847 1138 2909 partus;
1183 2848 1240 2895 et-
1280 2848 1462 2898 lameu
1491 2852 1746 2898 numero-

159 2933 258 2989 sior
281 2933 494 2990 soboles
530 2933 642 3004 piae
671 2932 892 2997 mentis,
934 2947 1056 3002 quae
1086 2946 1276 2992 omnes
1308 2947 1408 3001 pro
1437 2930 1624 2988 liberis
1652 2931 1747 2985 ha-

159 3025 239 3082 bet
277 3046 290 3080 :
336 3027 576 3084 fecunda
619 3025 1034 3082 successoribus
1055 3067 1077 3091 ,
1124 3025 1334 3082 sterilis
1378 3025 1738 3092 orbitatibus,

164 3130 183 3156 ο
210 3122 368 3178 nescit
394 3122 620 3188 iuuere,
657 3121 811 3177 novit
840 3120 1110 3180 btrredes.

222 3215 306 3268 5i.
335 3213 424 3271 Sic
457 3224 654 3270 sancta
679 3213 918 3269 Ecclesia
950 3213 1295 3268 immaculata
1323 3215 1492 3281 coitu,
1519 3214 1746 3272 fecunda

163 3318 329 3376 partu,
367 3309 514 3381 virgo
545 3317 634 3367 est
660 3307 936 3373 castitate,
967 3319 1143 3366 mater
1170 3318 1254 3363 est
1285 3308 1461 3377 prole.
1499 3305 1517 3344 ί·
1553 3307 1749 3377 Earin-

164 3401 224 3454 r'u
245 3401 426 3474 itaque
449 3417 562 3459 nos
589 3401 744 3473 virgo
767 3416 874 3456 non
906 3400 1029 3456 viro
1059 3400 1244 3471 plena,
1272 3401 1367 3456 sed
1399 3400 1612 3470 spiritu.
1644 3401 1748 3458 Pa-

164 3491 225 3548 rit
251 3510 344 3551 nos
370 3497 530 3566 virgo
565 3511 675 3550 non
706 3509 831 3550 cum
862 3493 1058 3550 dolore
1079 3493 1473 3562 membrorum,
1501 3494 1597 3550 sed
1623 3510 1744 3554 cum

163 3587 360 3653 gaudiis.
393 3587 746 3660 angelorum.
788 3585 969 3642 Nutrit
1011 3600 1118 3646 nos,
1147 3586 1298 3656 virgo
1341 3601 1448 3648 non
1499 3587 1747 3656 corporis

166 3675 319 3746 lacte,
359 3681 458 3740 sed
512 3679 772 3751 Apostoli
826 3679 872 3751 (ι
919 3678 1044 3734 Cor.
1085 3694 1165 3742 tu,
1203 3679 1287 3749 9-,).
1333 3695 1443 3750 quo
1479 3678 1745 3738 infirmam

169 3771 324 3827 adhuc
351 3775 659 3832 crescentis
687 3772 877 3843 paputi
902 3772 1130 3829 lactavit
1151 3781 1395 3828 :etatem.
1425 3772 1556 3841 Qua:
1585 3773 1749 3844 igitur

167 3874 314 3934 nupta
334 3867 515 3935 plures
536 3866 742 3921 liberos
763 3864 927 3922 habet
945 3880 1106 3936 quam
1129 3875 1315 3920 sancta
1341 3865 1605 3933 Ecclesia,
1625 3881 1748 3936 quas

168 3956 306 4029 virgo
332 3971 413 4016 est
436 3960 808 4017 sacramentis
825 4001 840 4025 ,
874 3969 1052 4016 mater
1093 3969 1180 4024 est
1211 3959 1428 4030 populis
1449 4000 1466 4024 ,
1487 3960 1646 4029 cuius
1673 3957 1749 4015 fe-

167 4051 468 4110 cunditatem
511 4054 685 4112 etiam
729 4053 1016 4122 Scriptura
1061 4059 1290 4116 testatur
1336 4051 1570 4108 dicens:
1607 4049 1749 4118 Quo-

168 4143 290 4197 niam
327 4147 500 4217 plures
529 4146 636 4217 filii
667 4146 884 4204 deserat:
912 4145 1084 4216 magis
1104 4160 1260 4215 quam
1297 4147 1417 4208 eius
1446 4159 1562 4213 qua:
1597 4142 1747 4202 habet

167 4234 310 4291 ritum
350 4237 522 4309 (Emi.
557 4255 674 4305 uv,
703 4239 798 4311 1)?
827 4237 1026 4300 Nostra
1069 4237 1250 4302 virum.
1283 4252 1392 4300 non
1424 4235 1614 4306 habet,
1647 4237 1745 4298 sed

165 4325 312 4384 habet
345 4347 652 4403 sponsum;
691 4331 938 4402 eoquod
979 4331 1098 4394 sive
1132 4331 1378 4394 Ecclesia
1413 4331 1742 4402 inportatis.

163 4419 266 4476 sive
289 4423 460 4480 anima
490 4428 556 4484 in.
592 4425 828 4497 singulis
852 4467 866 4492 ,
891 4425 1004 4496 _Dci
1032 4424 1227 4492 verbo,
1256 4425 1382 4480 sine
1406 4424 1515 4488 ullo
1547 4435 1571 4476 ε
1601 4425 1745 4482 ﬂexu

1854 1805 2174 1875 quotidiano
2201 1808 2476 1871 sacrificio
2508 1810 2592 1864 vis
2617 1809 2797 1876 divina
2830 1811 3102 1882 placatur.
3132 1812 3293 1887 Virgo
3321 1815 3465 1871 indi-

1853 1896 2071 1954 viduum
2103 1898 2300 1971 pignus
2342 1910 2672 1971 parentum,
2709 1919 2832 1975 quae
2873 1919 2984 1962 non
3013 1905 3147 1965 dote
3172 1906 3461 1973 sollicitet,

1854 1987 1880 2026 ιι
1914 2006 2022 2054 non
2066 1993 2426 2064 cmigrationc
2458 1994 2760 2063 destituat,
2800 2013 2910 2056 non
2952 1999 3190 2056 offendat
3225 2000 3460 2070 injuriis.

1931 2082 2087 2156 155
2118 2086 2205 2146 35,.
2255 2084 2364 2142 Sed
2407 2096 2640 2158 nepotes
2672 2089 2870 2158 aliquis
2915 2089 3118 2148 habere
3149 2091 3459 2159 desiderat,

1852 2185 1905 2230 et
1948 2177 2032 2232 avi
2079 2193 2280 2242 nomen
2309 2180 2614 2250 acquirere.
2659 2181 2897 2244 Primum
2928 2198 3057 2246 suos
3086 2185 3290 2251 tradit,
3331 2186 3458 2250 dum

1851 2270 2048 2337 quaerit
2093 2270 2303 2335 alienos
2353 2289 2366 2326 :
2415 2272 2617 2332 deinde
2654 2277 2822 2332 certis
2868 2275 3182 2334 defraudari
3231 2277 3461 2348 incipit,

1851 2362 1982 2420 dum
2032 2374 2218 2445 sperat
2273 2365 2518 2424 incertos
2564 2383 2580 2424 :
2633 2367 2848 2426 confert
2894 2383 3028 2440 opes
3077 2370 3364 2440 proprias,
3408 2379 3463 2426 et

1849 2456 2029 2518 adhuc
2063 2460 2303 2529 poscitur
2328 2476 2344 2526 ;
2374 2459 2480 2516 nisi
2521 2460 2708 2518 dotem
2733 2462 2938 2530 solvat,
2968 2463 3208 2534 exigitur
3239 2479 3254 2519 :
3293 2464 3337 2520 si
3366 2464 3458 2528 diu

1851 2548 2032 2615 vivat,
2077 2565 2350 2610 onerosus
2392 2561 2498 2610 est.
2558 2551 2572 2590 ί
2619 2552 2818 2612 Emere
2867 2554 3009 2612 istud
3040 2566 3126 2614 est
3153 2571 3450 2628 generum,

1850 2656 1956 2698 non
1991 2645 2300 2713 acquirere,
2331 2647 2424 2715 qui
2454 2647 2775 2715 parentibus
2800 2648 2924 2704 lilia:
2949 2648 3147 2704 vendat
3173 2661 3455 2722 aspectus.

1850 2735 2053 2793 ldeonc
2101 2747 2179 2802 tot
2206 2739 2493 2808 mensibus
2536 2749 2785 2814 gestator
2813 2749 2970 2796 utero
2995 2783 3008 2808 ,
3043 2752 3101 2797 ιιι
3132 2741 3187 2798 in
3220 2742 3457 2801 alienum

1852 2838 2095 2895 transeat
2136 2835 2501 2902 potestatem?
2536 2834 2705 2892 ldeoi
2746 2835 3202 2900 commendandae
3231 2836 3457 2909 virginis

1847 2940 1974 2994 cura
2018 2926 2346 2998 suscipitur,
2377 2937 2434 2982 ut
2460 2928 2623 2984 citius
2653 2929 2966 2998 parentibus
2993 2928 3275 2986 auferatur
3304 2931 3327 2985 ?

1921 3025 2011 3088 at.
2056 3024 2214 3082 Dicet
2244 3021 2444 3094 aliquis
2476 3038 2488 3074 :
2533 3021 2677 3092 Ergo
2713 3021 3003 3080 dissuach
3051 3021 3310 3094 nuptias?
3343 3021 3458 3094 Ego

1772 3105 1817 3167 C
1851 3132 1981 3172 vero
2017 3115 2221 3174 suadeo
2242 3157 2260 3182 ,
2291 3123 2348 3171 et
2376 3129 2480 3180 eos
2508 3114 2706 3170 damno
2749 3116 2840 3186 qui
2872 3115 3194 3176 dissuadere
3222 3131 3456 3174 consue-

1849 3221 2007 3277 runt;
2042 3223 2099 3268 ut
2142 3221 2270 3283 pote
2293 3211 2390 3282 qui
2415 3211 2567 3268 Sara:
2599 3226 2664 3270 ac
2693 3211 2957 3270 Rebecca:
2985 3221 3040 3272 et
3071 3214 3318 3283 Rachel,
3351 3231 3456 3274 ca:-

1847 3316 2199 3377 tcrarutuque
2226 3314 2472 3362 veterum
2506 3305 2760 3377 conjugia
2799 3306 3124 3364 feminarum
3159 3323 3258 3377 pro
3287 3308 3453 3370 docu-

1849 3399 2048 3455 mentis
2078 3397 2438 3470 Singularium
2471 3398 2732 3456 virtutum
2761 3385 3054 3456 recensere
3093 3400 3320 3466 soleam.
3352 3402 3456 3472 Qui

1849 3491 1994 3546 enim
2025 3491 2282 3560 c0pulam
2312 3490 2562 3557 damnat,
2591 3489 2812 3546 damnat
2843 3501 2898 3547 et
2930 3489 3071 3548 filios
3106 3510 3118 3546 :
3153 3503 3207 3548 et
3233 3493 3451 3550 ductam

1848 3581 1873 3620 ιε
1916 3598 2010 3651 per
2035 3582 2447 3640 successionum
2479 3584 2678 3651 seriem
2703 3585 2922 3656 generis
2952 3586 3270 3642 societatem
3299 3587 3455 3648 dam-

1849 3686 1944 3731 nat
1967 3676 2212 3738 bumani.
2253 3675 2385 3730 Nam
2416 3677 2874 3748 quemadmodum
2902 3677 3166 3738 duratura
3197 3678 3249 3732 in
3277 3693 3451 3738 saecu-

1847 3769 1964 3825 lum.
1989 3779 2120 3828 aztas
2146 3768 2448 3826 succedere
2477 3778 2667 3838 posset
2693 3771 2864 3837 aetati,
2899 3769 3004 3824 nisi
3031 3772 3202 3842 gratia
3235 3773 3453 3842 nuptia-

1847 3880 1966 3921 rum
1997 3863 2344 3934 procreanda:
2373 3863 2618 3922 Studium.
2643 3863 2850 3920 sobolis
2880 3864 3166 3926 incitaret?
3188 3865 3296 3923 Aut
3317 3883 3454 3937 quo,-

1850 3956 2014 4014 modo
2061 3955 2346 4026 praedicari
2391 3963 2568 4025 potest
2607 3955 2752 4024 quod
2803 3956 3184 4018 inmaculatus
3212 3959 3359 4016 Isaac
3387 3962 3454 4022 ad

1844 4050 2036 4105 altaria
2068 4049 2166 4112 Dci
2213 4048 2432 4106 victima
2477 4055 2720 4118 paternae
2763 4049 3252 4120 pietatisacccssit
3287 4051 3446 4124 (Gen.

1848 4160 1938 4199 xx:
1965 4184 1978 4210 ,
2011 4142 2092 4210 ‘2),
2123 4141 2266 4214 quod
2299 4139 2468 4196 Israel
2496 4140 2736 4208 humano
2763 4141 2909 4198 situs
2933 4142 2986 4198 in
3019 4157 3252 4216 corpore
3283 4143 3452 4204 Deum

1849 4235 1984 4289 vidit
2029 4233 2186 4309 (Gen.
2229 4250 2408 4304 χχχιι,
2440 4234 2573 4306 27),
2608 4244 2666 4294 et
2708 4235 3027 4308 religiosum
3076 4238 3282 4309 pupulo
3305 4239 3456 4298 dedit

1849 4344 2050 4387 nomen
2077 4371 2090 4396 ,
2130 4343 2359 4400 quorum
2405 4329 2672 4401 originem
2704 4329 2963 4396 damnat?
2991 4330 3174 4399 Unum
3202 4347 3333 4389 sane
3359 4333 3456 4391 ha-

1850 4423 1979 4479 bent.
2029 4422 2046 4461 1
2080 4422 2330 4484 homines
2361 4423 2492 4480 licet
2526 4424 2774 4499 sacrilegi
2797 4467 2818 4494 ,
2844 4426 2994 4496 quod
3033 4427 3086 4484 in
3117 4426 3203 4482 his
3231 4429 3391 4484 etiam
3423 4445 3452 4484 a

160 4515 385 4586 pudoris,
407 4521 566 4590 quasi
584 4533 798 4590 Sponsa
823 4519 1044 4580 innubit
1072 4528 1310 4586 interno,
1328 4517 1489 4576 effeta
1509 4518 1742 4589 injuria;
1771 4499 1823 4560 Β
1849 4517 2278 4586 sapientissimis
2311 4516 2600 4587 probetur;
2644 4517 2775 4589 quia
2823 4518 3071 4592 coniugia
3103 4519 3416 4578 danmando
3435 4560 3454 4591 ,

161 4603 258 4663 feta
280 4612 530 4669 rationis.

223 4725 393 4800 {Mss
439 4729 687 4800 plerique
713 4770 726 4796 ,
755 4745 846 4784 nec
877 4729 1035 4783 alieni
1061 4729 1283 4800 gratiam
1321 4726 1426 4782 oris
1469 4727 1728 4788 habitura.

163 4793 360 4854 Minime
380 4793 550 4860 maia.

220 4865 246 4906 ι’
269 4870 466 4928 Omnes
506 4872 639 4940 edit.
688 4888 812 4929 cum
856 4873 1043 4942 paucis
1074 4886 1232 4934 mss.,
1264 4871 1318 4924 in
1349 4870 1601 4936 adulterio
1634 4871 1736 4923 cri-

158 4940 284 4993 mina
305 4953 421 4997 sunt
444 4961 464 4997 :
499 4943 569 5008 ita
596 4945 763 5000 etiam
789 4940 930 5013 apud
966 4949 1192 5013 August.
1222 4945 1343 4998 loco
1365 4943 1419 4996 in
1452 4958 1621 5011 marg.
1651 4943 1732 4996 ci-

157 5017 284 5081 tato,
315 5017 407 5085 qui
459 5015 649 5072 istlmc
698 5017 770 5072 ibi
811 5015 1000 5071 retulit
1038 5017 1090 5070 in
1124 5014 1452 5083 praeclarum-
1477 5013 1738 5068 dictionis

154 5084 356 5149 graadis
403 5089 726 5157 exemplum
774 5106 788 5142 :
846 5087 937 5142 alii
988 5101 1192 5158 magno.
1232 5101 1498 5158 numero,
1531 5087 1614 5158 fin
1655 5085 1736 5158 ai-

154 5160 276 5226 tero,
295 5168 430 5228 etc,
460 5159 724 5228 uiaticum,
751 5161 806 5218 in.
833 5174 899 5214 eo
926 5161 1072 5222 quod
1093 5157 1218 5216 tunc
1248 5157 1447 5228 utut-ier
1476 5157 1737 5228 admittit,

155 5227 386 5299 quatsibi
416 5241 623 5299 peccat,
663 5246 766 5285 non
800 5231 974 5285 alteri.

219 5297 403 5372 εξξιιιι.
419 5297 508 5372 ag.
535 5305 688 5372 pauci
723 5315 891 5370 mss.,
908 5303 1059 5357 etiam
1081 5302 1297 5366 odorum
1317 5302 1492 5372 unt-ite,
1517 5309 1626 5355 etc.

213 5365 246 5408 ‘
538 5365 893 5446 'mss.,arbiter
904 5375 1087 5446 petitur
1109 5373 1316 5432 Deus...
1334 5371 1504 5444 diligit
1517 5373 1736 5428 artiums.

220 5439 392 5515 fllss.
421 5439 652 5512 aliquot,
682 5439 843 5515 nescit
863 5439 1043 5515 funera
1060 5445 1304 5500 hteredis.

217 5509 240 5587 ξ
269 5517 396 5584 nisi.
447 5509 684 5587 aliquot,
731 5509 962 5587 Parturtt
998 5519 1170 5587 itaque
1210 5534 1304 5576 nos
1331 5519 1474 5584 uirgo
1497 5532 1597 5582 non
1629 5530 1741 5587 cum

155 5580 320 5671 [More
345 5580 366 5640 ὲ
413 5580 514 5644 alii
544 5580 779 5671 rerum
804 5586 934 5671 edit.
967 5580 1198 5671 prog'sus,
1230 5580 1602 5671 conveniunt,
1634 5585 1744 5648 nisi

153 5657 284 5738 quod
313 5671 408 5728 pro
439 5660 686 5728 parturit,
723 5659 777 5715 in
808 5653 1127 5715 Romiedit.
1163 5653 1461 5732 repositum
1484 5669 1589 5723 est,
1619 5674 1741 5711 con-

153 5734 286 5794 cipit.

1847 4610 2176 4681 profitentur
2201 4625 2262 4666 se
2293 4626 2402 4666 non
2433 4609 2691 4666 debuisse
2718 4612 2890 4668 nasci.

1915 4735 1940 4773 ιι
1968 4724 2044 4780 l-ta
2058 4736 2167 4782 vet.
2191 4724 2326 4782 edit.
2349 4726 2643 4796 cunctique
2669 4741 2840 4796 prope
2865 4741 3024 4794 mest;
3053 4736 3110 4788 at
3132 4728 3289 4786 item.
3315 4731 3446 4790 edit.

1843 4812 1975 4868 cuni.
2001 4813 2114 4860 uno
2136 4799 2220 4852 vel
2247 4799 2426 4853 altero
2458 4811 2616 4862 mss.,
2647 4798 2798 4866 ﬂuxu
2823 4799 3056 4868 pudoris.

1914 4864 2106 4930 hNihil
2137 4869 2382 4936 apertius
2427 4864 2668 4938 probare
2693 4864 2864 4938 possit
2901 4871 3128 4925 necdum
3176 4884 3446 4938 monaste-

1842 4941 1923 4994 ria
1976 4941 2245 5009 virginum
2288 4938 2575 4993 Mediolani
2623 4938 2794 4995 fuisse
2828 4942 3096 5007 instituta,
3129 4959 3290 4998 secus
3319 4961 3450 5002 vero

1840 5011 2122 5075 Bononiae,
2152 5021 2210 5063 ut
2241 5009 2653 5075 docetur'inira,
2685 5025 2806 5080 cap.
2836 5013 2927 5079 1οη,
2955 5030 3106 5069 num.
3139 5016 3230 5071 57-.

1917 5082 1933 5156 ξ
1969 5082 2202 5156 Quidam
2223 5097 2388 5156 ipss,
2422 5082 2667 5156 Emereri.
2681 5083 2854 5138 studet
2880 5101 3144 5156 generum.

1915 5153 1929 5203 ι
1972 5155 2128 5208 lium.
2173 5152 2305 5230 edit.
2343 5169 2466 5230 cum
2498 5153 2691 5224 paucis
2715 5152 3164 5230 mss._,'cqmenda;t
3191 5160 3402 5230 uirginis
3432 5182 3447 5218 :

1840 5225 2136 5300 alizecum
2185 5226 2432 5300 reliquis,
2478 5224 2940 5294 commendandw;
2972 5227 3081 5285 duo
3125 5224 3451 5300 mss.,'com-

1842 5297 2118 5370 mendatte,
2150 5298 2382 5370 virginis.

1922 5369 1946 5406 ¹κ
1982 5369 2140 5424 Pauci
2174 5367 2330 5433 mss.,
2359 5367 2465 5424 Per
2492 5385 2850 5432 successorum
2866 5372 3069 5428 seriem.

1923 5438 2256 5516 1_Manicb:ei
2300 5442 2529 5516 scilicet,
2563 5441 2629 5516 de
2667 5443 2866 5513 quibus
2893 5445 3230 5516 Augustinus
3263 5447 3322 5508 in
3350 5450 3448 5508 lib.

1846 5511 2151 5590 del-latrem
2194 5513 2446 5590 cap._46,
2494 5513 2564 5567 ita
2609 5511 2850 5583 loquitur
2875 5532 2898 5572 :_
2928 5511 3077 5590 Unde
3106 5519 3314 5590 nuptias
3344 5525 3454 5584 sine

1846 5583 2165 5663 dubitatione
2207 5585 2547 5663 condemnant
2573 5624 2589 5649 ,
2621 5595 2676 5646 et.
2696 5595 2946 5663 quantum
2981 5588 3035 5644 in
3057 5583 3310 5663 ipsise“,
3330 5611 3454 5663 pro-

1848 5655 2019 5732 bibent
2042 5673 2060 5722 ;
2087 5656 2292 5732 quando
2338 5671 2581 5727 generare
2606 5655 2897 5726 prohibent,
2928 5655 3137 5732 prapt'er
3163 5655 3310 5732 quod
3325 5655 3452 5730 ron,-

1836 5728 1989 5801 ,ἰκρία
2015 5728 2308 5799 copulanda
2334 5737 2476 5782 sunt.
