3974 6186
530 176 632 232 199

1872 169 2121 230 SANCTI
2150 169 2478 228 AMBROSII

3733 172 3833 232 200

595 295 686 352 55.
718 293 835 350 Non
864 292 1049 363 itaque
1087 287 1382 345 dissuadeo
1411 287 1652 357 nuptias,
1683 285 1779 342 sed
1809 286 2018 342 fructus
2039 301 2126 341 sa-
2159 286 2210 348 Α
2235 287 2485 357 corporis
2512 293 2723 352 motus,
2765 283 3245 356 membrorumque
3281 283 3491 342 redolet
3512 285 3718 342 obiisse
3737 287 3831 341 de-

527 398 692 445 cratre
735 383 1062 456 virginitatis
1097 395 1380 438 enumero.
1427 380 1729 436 Paucorum
1779 381 1982 450 quippe
2026 379 2129 434 hoc

529 499 725 540 munus
748 486 854 546 est,
885 477 1016 534 illud
1045 477 1310 533 omnium.
1338 475 1448 532 Nec
1475 481 1652 544 potest
1682 487 1805 530 esse
1827 473 2127 544 virginitas,

527 576 630 632 nisi
661 573 857 628 habeat
883 570 1029 627 unde
1051 578 1330 625 nascatur.
1354 568 1501 623 Bona
1525 582 1646 623 cum
1668 567 1822 622 bonis
1843 581 2126 637 comparo,

526 681 635 738 quo
664 663 872 720 facilius
901 662 1030 734 quid
1062 669 1308 732 priestet,
1346 661 1581 717 eluceat.
1619 660 1807 731 Neque
1837 676 2014 718 meam
2047 660 2131 714 ul-

2232 378 2282 431 li.
2303 376 2404 432 ias.
2434 375 2720 434 Secundus
2746 376 2884 431 odor
2905 385 3034 432 tuus
3061 377 3205 433 sicut
3238 377 3375 432 odor
3409 376 3628 445 Libani,
3657 377 3835 432 Domi-

2231 469 2343 525 nici
2366 471 2611 542 corporis
2641 469 3029 541 integritatem,
3055 469 3315 542 virginea:
3345 469 3534 527 florem
3565 471 3834 527 castitatis

2230 563 2470 620 exhalat.

2835 657 3064 717 CAPUT
3103 659 3240 716 VIII.

526 760 634 815 lam
665 757 1000 814 sententiam
1031 755 1225 823 affero,
1255 755 1352 812 sed
1380 770 1499 812 eam
1529 766 1739 826 repeto,
1775 771 1937 825 quam
1961 753 2132 810 edidit
2232 750 2426 806 Locum
2460 761 2751 823 sequentem
2773 751 3129 821 Canticorum,
3153 754 3330 810 Favus
3357 753 3669 821 distillans,
3698 761 3829 821 etc.,

526 853 765 924 Spiritus
793 860 1014 907 sanctus
1045 865 1140 920 per
1173 849 1494 920 prophetam
1527 866 1540 902 :
1575 847 1764 904 Melior
1795 858 1894 916 est,
1930 848 2124 919 inquit,

523 946 767 1002 sterilitas
809 960 928 998 cum
957 942 1146 998 virtute
1173 941 1331 1013 (Sap.
1364 959 1440 1006 tv,
1469 941 1536 1012 ι).

595 1042 687 1096 36.
713 1039 966 1112 Primum
996 1037 1142 1094 enim
1170 1036 1317 1109 quod
1350 1047 1598 1108 nupturae
1619 1051 1733 1108 pra:
1759 1035 1973 1092 caeteris
1994 1048 2128 1090 con-

523 1134 837 1206 cupiscunt,
861 1141 918 1187 ut
937 1131 1124 1202 sponsi
1153 1129 1356 1186 decore
1382 1145 1442 1186 se
1455 1129 1686 1200 jactent,
1702 1143 1768 1184 eo
1793 1143 2021 1185 necesse
2044 1135 2128 1182 est

524 1229 763 1299 impares
793 1227 966 1282 sacris
1010 1240 1070 1281 se
1101 1224 1373 1280 fateantur
1402 1238 1524 1280 esse
1564 1223 1866 1294 virginibus
1885 1265 1901 1290 ,
1930 1221 2129 1291 quibus

526 1324 664 1382 solis
711 1322 980 1392 contingit
1029 1320 1217 1376 dicere
1267 1337 1282 1374 :
1335 1318 1620 1387 Speciosus
1665 1319 1835 1388 forma
1867 1332 1974 1386 pra:
2001 1315 2129 1386 ﬁliis

525 1419 824 1482 hominum,
869 1413 1066 1483 diffusa
1103 1424 1177 1468 est
1203 1413 1376 1485 gratia
1401 1413 1455 1466 in
1486 1411 1638 1466 labiis
1659 1411 1758 1464 tuis
1779 1408 1953 1482 (Psal.
1980 1423 2125 1473 XLIV,

525 1512 604 1585 3).
636 1512 769 1581 Quis
804 1519 890 1568 est
919 1509 1022 1565 iste
1051 1507 1322 1579 sponsus?
1351 1505 1469 1562 Non
1508 1504 1708 1560 vilibus
1749 1502 1999 1560 addictus
2025 1502 2124 1558 ob-

524 1605 732 1676 sequiis
758 1646 772 1670 ,
821 1619 928 1658 non
969 1601 1192 1659 caducis
1235 1600 1506 1671 superbus
1541 1597 1746 1653 divitiis
1779 1614 1792 1649 :
1831 1595 1926 1652 sed
1973 1594 2128 1666 cujus

2300 845 2377 901 sic
2415 845 2672 912 edisserit,
2703 856 2756 900 ut
2777 847 2898 902 inde
2924 864 3104 903 ansant
3135 849 3356 918 arripiat
3382 863 3500 903 cum
3529 848 3715 920 apibus
3751 865 3834 903 sa-

2303 955 2420 992 cras
2447 938 2673 1010 virgines
2705 941 3067 1011 comparandi.

2300 1031 2394 1088 40.
2427 1029 2454 1066 ά
2495 1029 2701 1087 Favum
2752 1033 2936 1103 itaque
2969 1033 3146 1089 mellis
3189 1042 3279 1088 tua
3307 1047 3474 1105 opera
3499 1042 3835 1105 componant

2231 1120 2408 1192 (Cant.
2459 1139 2534 1188 tv,
2564 1124 2685 1192 li);
2736 1123 2896 1196 digna
2945 1126 3090 1182 enim
3143 1125 3426 1198 virginitas
3469 1141 3594 1198 quae
3642 1127 3834 1197 apibus

2227 1228 2574 1287 comparetur
2603 1236 2617 1272 :
2643 1218 2725 1274 sic
2753 1219 3051 1285 laboriosa,
3076 1218 3154 1275 sic
3179 1219 3396 1291 pudica,
3419 1219 3500 1276 sic
3521 1220 3833 1276 continens.

2231 1307 2376 1366 Rore
2422 1309 2666 1381 pascitur
2713 1312 2852 1382 apis,
2899 1313 3074 1368 nescit
3098 1313 3451 1380 concubitus,
3483 1312 3647 1368 mella
3679 1327 3835 1368 com-

2232 1404 2402 1472 ponit.
2434 1403 2546 1459 Bos
2572 1419 2788 1475 quoque
2831 1405 3059 1477 virginis
3089 1416 3174 1462 est
3202 1421 3386 1462 sermo
3412 1405 3630 1462 divinus
3657 1423 3672 1472 ;
3709 1408 3834 1478 quia

2229 1495 2371 1550 sicut
2411 1512 2527 1563 ros,
2563 1497 2655 1554 Dei
2691 1499 2855 1554 verba
2887 1498 3249 1556 descendunt.
3287 1499 3469 1556 Pudor
3497 1501 3727 1573 virginis
3755 1510 3838 1557 est

2230 1587 2554 1644 intemerata
2588 1601 2802 1646 natura.
2833 1592 3028 1647 Partus
3061 1593 3288 1665 virginis
3319 1593 3459 1650 fetus
3484 1604 3574 1650 est
3605 1605 3630 1633 θ
3665 1595 3839 1651 labio-

527 1699 688 1757 sedes
733 1698 786 1753 in
835 1695 1095 1753 smculum
1147 1694 1355 1750 saeculi.
1392 1691 1545 1747 Filiae
1593 1705 1782 1762 regum
1825 1691 1880 1745 in
1913 1687 2111 1744 houort

2238 1696 2374 1747 rum,
2393 1696 2593 1753 expers
2622 1684 3021 1751 amaritudinis,
3047 1685 3242 1742 fertilis
3265 1686 3575 1743 suavitatis.
3598 1686 3662 1743 In
3684 1702 3837 1744 com-

525 1794 663 1866 ejus.
699 1793 878 1848 Astitit
904 1791 1082 1862 regina
1119 1806 1151 1844 a
1189 1788 1386 1844 dextris
1413 1787 1516 1841 tuis
1539 1787 1593 1841 in
1633 1785 1813 1841 vestitu
1842 1785 2127 1851 deaurato,

524 1889 771 1942 varietate
800 1883 1188 1940 circumamicta
1217 1881 1498 1936 virtutum.
1532 1879 1670 1934 Audi
1696 1878 1883 1948 igitur,
1915 1877 2048 1947 ﬁlia,
2081 1885 2130 1930 et

523 1981 640 2036 vide
661 2023 676 2047 ,
708 1991 755 2034 et
797 1977 995 2032 inclina
1037 1993 1216 2031 aurem
1260 1985 1423 2042 tuam,
1463 1983 1512 2028 et
1543 1973 1843 2028 obliviscere
1871 1970 2126 2043 pupulum

525 2087 671 2130 tuum
709 2083 757 2128 et
786 2072 996 2127 domum
1039 2069 1204 2141 patris
1236 2070 1350 2135 tui;
1391 2068 1639 2140 quoniam
1673 2065 1964 2136 concupivit
2011 2064 2128 2119 Rex

523 2168 740 2240 speciem
761 2176 920 2232 tuam,
936 2165 1058 2236 quia
1076 2164 1188 2230 ipse
1207 2171 1279 2218 est
1301 2160 1442 2217 Deus
1465 2170 1586 2216 tuus
1609 2159 1656 2230 (1
1667 2159 1754 2215 bid
1763 2201 1802 2226 .,
1818 2158 1888 2215 50
1905 2169 1953 2214 et
1964 2159 2120 2230 seq.).

594 2264 686 2319 37.
704 2260 774 2316 Et
802 2259 1026 2316 adverte
1055 2265 1317 2329 quantum
1345 2256 1440 2312 tibi
1465 2256 1706 2327 Spiritus
1732 2263 1956 2311 sanctus
1977 2253 2126 2312 Scri-

524 2366 697 2430 pturtc
719 2354 915 2411 divina:
933 2351 1318 2410 testiﬁcatione
1337 2350 1615 2428 detulerit,
1637 2366 1890 2421 regnum,
1907 2365 2119 2416 aurum,

523 2447 980 2525 pulchritudinem
1015 2464 1028 2499 :
1058 2459 1307 2517 regnum,
1332 2452 1359 2480 ιι
1389 2443 1478 2500 vel
1504 2443 1631 2514 quia
1660 2457 1861 2514 sponsa
1888 2458 1947 2498 es
1975 2443 2120 2514 regis

520 2544 734 2610 interni,
761 2541 846 2598 vel
883 2540 1008 2611 quia
1039 2538 1295 2594 invictum
1323 2535 1562 2592 animum
1593 2551 1823 2607 gerens,
1849 2535 1918 2590 ab
1939 2535 2121 2591 illece«

522 2639 639 2696 bris
685 2639 1021 2708 voluptatum
1058 2635 1088 2676 δ
1131 2652 1238 2692 non
1274 2635 1489 2704 captiva
1534 2630 1788 2699 haberis,
1829 2629 1927 2685 sed
1966 2629 2118 2701 quasi

519 2735 704 2806 regina
755 2731 1058 2790 dominaris
1089 2749 1104 2786 :
1145 2745 1357 2797 aurum,
1407 2729 1533 2799 quia
1566 2727 1704 2782 sicut
1741 2725 1834 2780 illa
1858 2724 2117 2780 materies

517 2827 829 2882 examinata
878 2826 1001 2896 igne
1046 2822 1339 2896 pretiosior
1379 2828 1491 2889 est,
1544 2819 1704 2891 156
1751 2817 1826 2872 ita
1870 2816 2118 2887 corporis

513 2920 728 2990 species
758 2917 1040 2990 virginalis
1062 2914 1290 2986 Spiritui
1321 2920 1642 2969 consecrata
1666 2908 1892 2976 divino,
1929 2908 2119 2964 formae

507 3025 620 3066 sua:
650 3010 886 3083 acquirit
908 3015 1260 3080 augmentum
1290 3023 1303 3059 :
1345 3002 1811 3076 pulchritudinem
1841 3016 1974 3057 vero
1997 3001 2119 3072 quis

2234 1790 2398 1830 mune
2426 1776 2602 1844 labor,
2630 1781 2935 1836 communis
2963 1789 3049 1836 est
3071 1781 3302 1838 fructus.

2302 1870 2392 1925 41.
2420 1871 2595 1940 Quam
2627 1883 2678 1929 te
2713 1873 2898 1942 velim,
2934 1877 3072 1942 tilia,
3105 1876 3478 1934 imitratricem
3516 1893 3644 1936 esse
3673 1877 3835 1951 hujus

2229 1963 2461 2034 apiculae
2497 1963 2516 2002 ί
2549 1967 2634 2021 cui
2661 1967 2818 2023 cibus
2844 1967 2946 2024 ﬂos
2970 1979 3078 2037 est,
3109 1986 3206 2026 ore
3236 1971 3458 2028 soboles
3487 1972 3713 2044 legitur,
3740 1990 3836 2030 ore

2229 2058 2602 2128 componitur!
2625 2059 2774 2117 Hanc
2801 2061 3022 2119 imitare
3051 2073 3131 2129 tu,
3159 2064 3287 2119 tilia.
3315 2063 3492 2122 Verba
3515 2075 3600 2122 tua
3625 2067 3832 2122 nullum

2228 2151 2342 2208 doli
2371 2152 2620 2209 velamen
2648 2153 2970 2223 obtendant,
3003 2157 3213 2213 nullum
3246 2157 3482 2215 habeant
3509 2159 3721 2216 fraudis
3754 2162 3834 2216 in-

2228 2250 2538 2319 volucrum;
2587 2262 2646 2307 ut
2693 2261 2748 2308 et
2793 2254 3091 2324 puritatem
3138 2254 3412 2326 habeant,
3439 2264 3497 2313 et
3538 2258 3832 2328 gravitatis

2225 2346 2383 2419 plena
2415 2349 2548 2404 sint.

2294 2439 2386 2495 42.
2434 2441 2748 2500 Meritorum
2790 2459 3010 2517 quoque
3039 2453 3256 2501 tuorum
3287 2445 3384 2501 tibi
3407 2452 3612 2502 aeterna
3646 2456 3832 2518 poste-

2223 2532 2359 2588 ritas
2390 2544 2415 2582 6
2447 2542 2540 2590 tuo
2566 2551 2661 2592 ore
2689 2537 2954 2608 pariatur.
2983 2537 3095 2594 Nec
3123 2538 3228 2594 soli
3253 2538 3372 2608 tibi,
3400 2540 3496 2596 sed
3519 2541 3685 2596 etiam
3711 2541 3834 2612 plu-

2221 2626 2375 2683 ribus
2411 2643 2728 2700 congreges,
2763 2630 2877 2702 (qui
2921 2631 3030 2687 scis
3067 2632 3215 2688 enim
3252 2632 3472 2705 quando
3503 2648 3530 2686 a
3561 2643 3615 2689 te
3642 2633 3829 2690 anima

2223 2729 2311 2776 tua
2339 2724 2716 2796 reposcatur?)
2733 2739 2799 2779 ne
2816 2725 3156 2796 receptacula
3185 2726 3506 2782 horreorum
3538 2726 3834 2786 frumentis

2221 2827 2536 2873 coacervata
2577 2818 2882 2887 dimittens,
2914 2835 3019 2876 nec
3048 2821 3173 2876 vita:
3206 2829 3315 2876 tuas
3355 2821 3474 2876 usui
3509 2820 3827 2892 profutura,

2223 2925 2324 2966 nec
2372 2911 2614 2979 meritis,
2661 2913 2890 2983 rapiaris
2918 2929 2985 2969 eo
3013 2930 3121 2985 quo
3151 2914 3464 2971 thesaurum
3499 2923 3653 2970 tuum
3684 2915 3831 2972 ferre

2224 3019 2332 3060 non
2379 3006 2574 3074 possis.
2623 3006 2782 3062 Dives
2820 3006 2985 3079 igitur
3028 3017 3169 3077 esto,
3221 3008 3316 3064 sed
3360 3008 3729 3080 pauperibus;
3775 3018 3831 3064 ut

509 3114 692 3174 p0test
719 3103 981 3174 majorem
1013 3100 1333 3157 existimare
1369 3098 1572 3152 decore
1600 3095 1740 3166 ejus,
1765 3102 2113 3166 quzeamatur
2141 3089 2187 3152 C
2219 3108 2426 3154 natum
2475 3099 2770 3171 participes
2809 3109 2943 3168 tuae,
2977 3101 3273 3174 participes
3311 3102 3421 3158 sint
3449 3103 3618 3160 etiam
3655 3103 3830 3161 facul-

508 3214 538 3254 a
581 3197 760 3269 Rege,
795 3197 1060 3266 probatur
1094 3211 1122 3248 a
1143 3193 1360 3261 Judice,
1392 3191 1607 3248 dicatur
1636 3191 1891 3259 Domino,
1919 3205 2114 3246 consc-

506 3301 691 3346 cratur
721 3289 835 3344 Deo
867 3302 1116 3358 :semper
1135 3301 1360 3357 sponsa,
1391 3301 1609 3357 semper
1635 3284 1900 3355 innupta;
1931 3294 2110 3342 utnec

507 3397 662 3438 amor
691 3381 856 3436 finem
879 3380 1101 3446 habeat,
1135 3394 1238 3435 nec
1265 3379 1524 3435 damnum
1555 3378 1748 3448 pudor.

573 3473 665 3530 58.
698 3473 827 3529 Haec
872 3471 1117 3544 profecto
1162 3489 1288 3528 vera
1330 3472 1684 3542 pulchritudo
1713 3479 1824 3540 est,
1857 3475 1940 3529 cui
1975 3474 2110 3529 nihil

503 3567 694 3634 deest,
722 3581 844 3638 quae
885 3566 1000 3622 sola
1038 3575 1284 3623 meretur
1313 3565 1505 3622 audire
1531 3581 1561 3620 a
1587 3567 1817 3621 Domino
1847 3586 1859 3620 :
1892 3566 2021 3622 Tota
2058 3585 2110 3622 es

503 3663 736 3732 formosa
757 3701 773 3729 ,
806 3661 1048 3730 proxima
1087 3676 1200 3715 mea
1225 3703 1240 3728 ,
1283 3668 1330 3714 et
1357 3660 1691 3731 reprehensio
1730 3677 1833 3715 non
1862 3670 1936 3716 est
1962 3662 2017 3715 in
2039 3670 2103 3715 te.

503 3753 738 3822 Sponsa,
766 3752 882 3807 veni
906 3751 1008 3806 huc
1037 3769 1070 3807 a
1096 3749 1319 3818 Libano,
1353 3752 1468 3806 veni
1497 3752 1597 3806 huc
1618 3751 1888 3818 aLibano,
1915 3754 2109 3808 transi-

498 3847 575 3902 bis
610 3857 658 3902 et
688 3848 1028 3920 pertransibis
1063 3866 1096 3902 a
1137 3847 1398 3919 principio
1434 3848 1576 3916 ﬁdei,
1611 3864 1642 3900 a
1669 3848 1836 3920 capite
1873 3849 2031 3903 Sanir
2060 3858 2107 3903 et

497 3937 765 4004 Harmon,
819 3958 852 3994 a
895 3940 1126 3996 latibulis
1177 3940 1403 4006 leonum,
1451 3956 1483 3994 a
1513 3941 1772 3995 montibus
1821 3940 2105 4010 pardorum

497 4029 676 4106 (Cant.
715 4047 792 4098 tv,
826 4034 882 4101 7,
913 4033 992 4103 8).
1023 4032 1233 4102 Quibus
1260 4033 1475 4090 indiciis
1501 4032 1809 4089 ostenditur
1838 4035 2102 4104 perlecta,

493 4135 550 4182 et
596 4123 1090 4195 irreprehensibilis
1138 4123 1420 4196 virginalis
1472 4126 1667 4180 animzc
1717 4124 2100 4196 pulchritudo,

494 4216 762 4272 altaribus
793 4225 1114 4271 consecrata
1155 4215 1388 4283 divinis,
1425 4216 1570 4271 inter
1601 4231 1861 4272 occursus
1887 4229 1942 4273 et
1982 4219 2104 4272 lati-

496 4308 622 4365 bttla
651 4307 981 4378 spiritalium
1017 4307 1313 4363 bestiarum
1352 4320 1374 4347 ο
1407 4323 1512 4364 non
1538 4309 1735 4364 inﬂexa
1755 4310 2098 4375 mortalibus,

492 4402 589 4460 sed
623 4404 830 4459 intenta
868 4401 1144 4474 mysteriis
1178 4402 1273 4457 Dei
1314 4403 1582 4458 meruisse
1616 4402 1875 4458 dilectum
1897 4445 1913 4467 ,
1944 4404 2100 4475 cujus

487 4499 656 4556 ubera
701 4499 859 4570 plena
900 4497 1105 4553 laetitiae
1147 4515 1161 4552 :

492 4594 647 4648 minis
674 4591 848 4664 (Psal.
873 4606 986 4659 cm,
1019 4589 1132 4663 15).

561 4687 655 4743 59.
701 4685 868 4754 Odor,
899 4685 1095 4757 inquit,
1128 4685 1542 4741 vestimentorum
1573 4695 1778 4741 tuorum
1804 4703 1960 4760 super
1985 4704 2093 4742 om—

489 4781 578 4834 nia
611 4789 846 4834 aromata
882 4778 1058 4851 (Cant.
1106 4794 1179 4844 tv,
1217 4777 1327 4850 10).
1355 4779 1425 4833 Ει
1455 4778 1595 4834 infra
1633 4795 1647 4833 :
1678 4779 1749 4833 Et
1776 4779 1905 4834 odor
1932 4781 2092 4834 vesti-

486 4879 772 4927 mentorum
804 4880 1008 4926 tuarum
1037 4872 1172 4926 sicut
1197 4871 1326 4926 odor
1369 4870 1556 4927 Libani
1583 4872 1772 4944 (lbid.,
1805 4872 1915 4944 ll).
1953 4872 2091 4928 Vide

483 4979 646 5035 quem
673 4963 834 5020 nobis
865 4963 1093 5029 tribuas,
1123 4964 1301 5034 virgo,
1329 4980 1671 5035 processum.
1697 4965 1917 5021 Primus
1945 4967 2088 5021 enim

482 5056 620 5111 odor
664 5063 789 5112 tuus
829 5069 999 5127 super
1028 5056 1209 5112 omnia
1254 5067 1534 5125 aromata,
1563 5073 1685 5129 quia
1716 5058 1770 5113 in
1793 5058 2089 5115 Salvatoris

480 5148 642 5205 missa
672 5157 802 5205 sunt
840 5150 1178 5221 sepulturam
1209 5148 1388 5220 (Joan.
1426 5167 1538 5219 χιι,
1561 5151 1694 5221 59);
1729 5161 1784 5207 et
1811 5162 2091 5209 emortuos

2219 3201 2408 3247 talum.

2293 3288 2448 3359 157
2476 3286 2567 3343 4⁸5.
2597 3287 2815 3343 Florem
2853 3301 3072 3360 quoque
3098 3288 3195 3346 tibi
3231 3288 3545 3345 demonstro
3582 3305 3826 3361 carpen-

2215 3379 2366 3453 dum,
2403 3380 2552 3435 illum
2600 3383 2784 3453 utique
2813 3381 2908 3452 qui
2946 3381 3084 3438 dixit
3115 3400 3128 3437 :
3165 3382 3276 3454 Ego
3305 3385 3403 3453 flos
3432 3384 3626 3455 campi,
3676 3396 3728 3440 et
3761 3387 3828 3439 li-

2214 3473 2339 3528 lium
2378 3474 2710 3529 convallium.
2749 3473 3030 3544 Tamquam
3063 3475 3229 3530 lilium
3258 3477 3312 3531 in
3347 3477 3516 3531 medio
3545 3478 3826 3548 spinarum

2212 3565 2386 3637 (Cant.
2419 3582 2478 3635 tt,
2504 3567 2555 3634 ι,
2586 3566 2677 3636 2);
2703 3566 2846 3639 quod
2864 3575 2950 3623 est
2968 3566 3236 3623 evidentis
3261 3567 3466 3634 indicii,
3491 3569 3824 3638 spiritalium

2210 3660 2593 3731 nequitiarium
2623 3661 2868 3718 sentibus
2897 3661 3124 3717 virtutes
3151 3661 3424 3728 obsideri;
3476 3661 3625 3719 unde
3657 3678 3824 3720 nemo

2210 3754 2444 3811 fructum
2478 3755 2698 3822 referat,
2735 3757 2837 3811 nisi
2868 3755 2960 3825 qui
2985 3765 3176 3812 cautus
3207 3755 3452 3814 accedat.

2781 3850 3011 3906 CAPUT
3040 3849 3226 3921 vnu.

2210 3942 2388 4018 Pergit
2409 3943 2540 3998 alios
2561 3959 2588 3999 e
2613 3943 2844 3998 Canticis
2865 3943 3186 3998 canticorum
3209 3943 3348 3998 locos
3371 3951 3554 4014 aptare
3577 3944 3820 4018 subjecto

2277 4045 2598 4109 argumento,
2615 4046 2662 4090 et
2680 4038 2903 4108 primum
2917 4038 3164 4109 virginem
3181 4036 3250 4092 ad
3265 4034 3528 4092 Christum
3547 4036 3824 4107 inquiren-

2278 4130 2402 4184 dum
2449 4128 2771 4196 exhortatus,
2817 4129 3028 4184 ubinam
3057 4129 3146 4184 ille
3185 4129 3495 4197 inveniatur,
3543 4131 3764 4199 exponit
3796 4145 3818 4182 :

2277 4231 2384 4276 tum
2409 4222 2665 4296 descripta
2693 4223 2924 4297 ejusdem
2950 4223 3233 4278 secundum
3262 4233 3534 4295 utramque
3564 4233 3818 4277 naturam

2276 4316 2600 4385 prceslantia,
2623 4315 2806 4386 quibus
2827 4316 2890 4370 ab
2912 4333 2972 4371 eo
2998 4317 3394 4388 perfectionibus
3427 4315 3632 4386 Sponsa
3657 4333 3821 4370 exor—

2273 4416 2444 4474 netur,
2466 4407 2706 4477 quibusve
2723 4408 2990 4463 muniatur
3017 4407 3293 4479 praesidiis,
3311 4409 3513 4478 aperit:
3539 4417 3816 4477 postremo

1213 4497 1408 4551 Vinum
1449 4498 1594 4553 enim
1630 4498 1862 4567 lwtiﬁcat
1884 4515 1974 4553 cor
2002 4499 2096 4553 ho-
2129 4481 2180 4542 D
2275 4501 2504 4555 eamdem
2535 4517 2652 4554 cum
2680 4502 2878 4572 angelis
2909 4502 2970 4556 ob
3009 4503 3296 4557 castitatem
3322 4505 3546 4573 confert,
3577 4518 3673 4557 nec
3707 4520 3818 4558 non

2274 4594 2352 4648 illi
2377 4609 2552 4648 eorum
2579 4594 2715 4666 parti
2742 4611 2870 4666 quos
2907 4610 2935 4650 e
2961 4596 3087 4649 cwlo
3123 4594 3518 4664 intemperantia
3559 4594 3817 4650 deturba-

2271 4687 2363 4752 vit,
2386 4691 2616 4759 prazfert.

2269 4777 2360 4833 44.
2389 4778 2554 4834 Sume
2584 4779 2745 4849 igitur
2774 4779 2910 4846 alas,
2931 4779 3220 4852 virgo,sed
3246 4780 3504 4851 spiritus;
3528 4787 3588 4836 ut
3607 4794 3820 4851 super-

2199 4872 2350 4928 voles
2389 4873 2541 4940 vitia,
2574 4874 2621 4928 si
2661 4875 2983 4945 contingere
3022 4874 3176 4945 cupis
3221 4872 3498 4930 Christum
3532 4891 3546 4927 :
3579 4871 3649 4927 In
3679 4876 3816 4931 altis

2200 4967 2416 5034 habitat,
2453 4977 2502 5023 et
2527 4967 2745 5023 humilia
2775 4970 2981 5039 respicit
3012 4969 3190 5042 (Psal.
3222 4985 3355 5037 cm,
3386 4971 3474 5043 5);
3502 4981 3559 5027 et
3585 4972 3820 5040 species

2197 5061 2314 5132 ejus
2340 5062 2480 5117 sicut
2514 5061 2710 5118 cedrus
2740 5061 2949 5131 Libani,
2984 5063 3076 5134 qui
3105 5078 3316 5120 comam
3357 5063 3612 5128 nubibus,
3651 5064 3819 5119 radi-

2199 5167 2317 5209 cem
2367 5155 2528 5210 terris
2569 5155 2782 5211 inserit.
2830 5154 3166 5227 Principium
3211 5157 3359 5214 enim
3398 5155 3518 5228 ejus
3556 5173 3589 5213 e
3629 5159 3815 5224 cmlo,

554 5293 587 5358 ι,
616 5283 710 5340 Vel
757 5285 880 5358 quia
921 5301 1110 5357 sponsa
1155 5289 1223 5351 es';
1243 5287 1380 5358 regis
1429 5288 1606 5342 wterni
1629 5331 1644 5356 ,
1681 5287 1800 5344 haec
1849 5289 1903 5344 in
1943 5304 2076 5344 mss.

482 5356 651 5428 multo
675 5357 917 5425 pluribus
946 5356 1435 5428 prtetcrmittuntur

549 5426 579 5466 δ
607 5427 699 5485 Sic
725 5444 916 5484 omnes
943 5426 1106 5496 edit.;
1134 5438 1190 5484 at
1213 5445 1343 5484 mss.
1378 5431 1613 5500 aliquot:
1643 5430 1734 5485 alii
1753 5439 1934 5487 autem
1964 5448 2079 5488 ma-

475 5497 582 5566 jori
623 5516 872 5573 numero,
895 5517 996 5555 non
1019 5503 1224 5573 captiva
1255 5501 1462 5556 laberis.

555 5581 578 5610 ε
601 5572 743 5694 ⁸2188.
772 5572 934 5643 longe
957 5572 1195 5642 plurimi,
1227 5589 1328 5626 non
1355 5574 1548 5641 inﬂexa
1577 5574 1894 5640 moralibus;
1915 5591 2076 5645 unus,

555 5657 610 5694 in
651 5659 727 5694 us.

481 5655 727 5694 moribus.

551 5709 578 5749 ἀ
610 5714 740 5769 Mss.
775 5715 1016 5786 aliquot,
1054 5714 1225 5772 Favus
1258 5717 1429 5786 itaque
1466 5716 1630 5772 mellis
1653 5725 1743 5772 tua
1769 5735 1926 5788 opera
1947 5735 2078 5775 com~

2188 5301 2367 5369 pona_t.
2395 5332 2409 5345 .
2443 5333 2454 5347 .
2485 5333 2497 5346 .
2531 5290 2640 5369 fias
2668 5309 2871 5365 quoque
2897 5294 3175 5369 virgineus.
3200 5295 3361 5351 Rom.
3395 5295 3550 5369 edit.,
3580 5297 3814 5368 virgini.

2257 5373 2280 5400 ε
2313 5362 2471 5418 Rom.
2503 5365 2632 5440 edit.
2665 5362 2794 5420 eum'
2823 5381 2954 5421 mss.
2975 5362 3213 5439 'aliquot,
3247 5373 3382 5440 fetus
3407 5362 3688 5423 laborum.-
3704 5371 3817 5427 Mi—

2184 5449 2287 5490 nus
2312 5436 2620 5491 commode.

2261 5503 2278 5588 ξ
2317 5507 2428 5588 Hic.
2447 5521 2552 5588 non
2575 5521 2741 5588 secus
2783 5523 2847 5564 ac
2878 5511 2973 5566 lib.
3016 5511 3342 5588 v_Hexaem.
3381 5525 3503 5588 cap.
3535 5511 3632 5579 51,
3672 5512 3812 5588 Vir-

2182 5578 2367 5648 gilium
2416 5578 2655 5633 imitatus
2692 5588 2777 5636 est
2802 5592 3023 5640 sanctus
3065 5585 3292 5649 Doctor,
3327 5591 3384 5639 ut
3426 5578 3536 5639 illic
3565 5599 3597 5639 a
3621 5578 3814 5644 nobis

2185 5650 2531 5704 observatum
2563 5659 2669 5706 est.

2258 5733 2284 5770 6'
2310 5723 2438 5779 Mss.
2471 5739 2578 5779 non
2607 5724 2786 5794 pauci,
2818 5736 2906 5782 tuo
2932 5742 3082 5797 opere
3104 5727 3358 5798 pariatur.
