3974 6186
201 235 287 290 201

1432 233 1520 290 DE
1566 232 1952 292 \lliGiNlBUS
1988 233 2122 292 LIB.
2163 237 2204 291 ι.

3346 234 3453 300 209.

197 346 462 418 posteriora
482 345 603 415 ejus
632 345 689 402 in
720 344 901 413 terris,
935 343 1140 400 fructus
1159 344 1300 401 coelo
1323 347 1599 415 proximos
1623 335 1754 402 edit.
1786 351 1838 410 Α
1865 358 2010 404 runt.
2040 347 2298 404 Formosa
2320 365 2396 416 es,
2422 349 2660 420 proxima
2681 365 2813 418 mea,
2839 359 2896 405 ut
2924 349 3056 406 bona
3084 352 3261 423 Opinio
3293 369 3312 408 :
3339 356 3459 424 pul-

201 439 422 495 Scrutare
448 438 772 510 diligentius
801 446 903 493 tam
933 438 1135 494 bonum
1165 436 1375 505 ﬂorem,
1409 438 1601 494 necubi
1633 454 1757 494 eum

198 531 245 586 in
279 531 493 600 pectoris
540 532 616 587 tui
666 531 916 588 convalle
951 532 1223 602 reperias;
1267 530 1564 587 humilibus
1603 530 1751 586 enim

198 625 478 694 frequenter
505 625 803 682 inhalatur.

259 717 339 773 t5.
377 720 536 774 Amat
561 720 814 791 generari
849 719 902 776 in
933 718 1131 786 hortis,
1163 717 1218 774 in
1255 718 1452 790 quibus
1495 733 1617 774 eum
1659 718 1764 775 Su-

199 826 341 867 sanna
369 809 489 866 dum
511 810 910 879 deambularet,
939 812 1148 868 invenit
1176 827 1192 866 :
1224 813 1364 867 mori
1396 811 1569 882 prius,
1601 826 1763 882 quam

199 904 362 960 violari
406 913 587 974 parata
619 904 786 979 (Dan.
815 905 931 974 xiu,
963 903 1041 976 7).
1084 904 1186 974 Qui
1218 906 1330 960 sint
1375 912 1560 962 autem
1593 905 1759 974 horti,

194 995 293 1065 ipse
315 995 640 1052 demonstrat
665 996 858 1053 dicens
881 1014 895 1051 :
931 995 1128 1051 Hortus
1149 996 1446 1062 conclusus,
1470 1013 1622 1052 soror
1644 1013 1760 1051 mea

195 1085 392 1155 Sponsa,
416 1087 594 1143 hortus
613 1090 910 1156 conclusus,
930 1088 1048 1158 fons
1073 1089 1494 1161 signatus(Cant.
1522 1104 1598 1156 tv,
1631 1089 1745 1160 l2);

194 1193 249 1234 eo
265 1179 392 1249 quod
415 1180 466 1235 in
493 1181 664 1236 hortis
689 1181 1000 1252 hujusmodi
1023 1181 1288 1251 impressa
1306 1181 1600 1252 signaculis
1623 1181 1760 1236 ima-

193 1273 300 1344 gine
341 1273 453 1340 Dei,
483 1273 683 1330 sinceri
723 1275 887 1332 fontis
919 1276 1061 1330 unda
1093 1275 1478 1346 reSplendeat;
1514 1291 1582 1331 ne
1609 1275 1766 1330 volu-

193 1365 340 1420 tabris
353 1365 674 1434 spiritalium
703 1366 1003 1423 bestiarum
1027 1381 1217 1439 Sparsa
1240 1381 1400 1423 emno
1428 1367 1627 1422 ﬂuenta
1652 1375 1768 1422 tur-

195 1455 384 1512 bentur.
408 1457 544 1514 Hinc
569 1458 662 1514 ille
694 1468 721 1496 δ
751 1460 949 1515 murali
975 1468 1164 1530 septus
1191 1459 1388 1530 spiritu
1417 1459 1592 1529 pudor
1615 1459 1764 1514 clau-

193 1551 337 1620 ditur,
367 1568 432 1610 ne
460 1562 646 1623 pateat
675 1553 742 1609 ad
771 1554 1040 1625 rapinam.
1073 1555 1258 1624 Itaque
1305 1553 1446 1610 sicut
1474 1554 1661 1609 hortus
1684 1551 1769 1607 fu-

193 1644 322 1701 ribus
347 1645 657 1702 inaccessus
677 1647 841 1702 vitem
869 1645 1113 1710 redolet,
1154 1645 1562 1716 ﬂagratoieam,
1587 1659 1766 1701 rosam

1859 441 2007 506 chra,
2035 449 2090 494 ut
2117 439 2448 495 Hierusalem
2477 440 2654 511 (Cant.
2683 458 2758 510 γι,
2794 439 2873 514 3).
2897 443 3016 498 Non
3047 445 3242 500 caduci
3273 445 3459 517 itaque

1862 533 2110 603 corporis
2139 532 2489 603 pulchritudo
2515 535 2601 590 vel
2628 535 2822 591 morbo
2855 535 3117 605 peritura,
3139 537 3228 591 vel
3265 537 3455 603 senio;

1859 623 1956 679 sed
1981 623 2144 679 nullis
2166 624 2400 680 obnoxia
2423 626 2646 681 casibus
2669 628 2856 697 opinio
2877 627 3143 683 bonorum
3165 644 3461 700 numquam

1863 719 2128 774 moritura
2157 720 2500 788 meritorum,
2533 720 2838 792 virginibus
2859 730 2942 776 est
2970 721 3178 777 decori.

1933 811 2025 868 48.
2049 811 2118 867 Ει
2146 812 2402 883 quoniam
2427 827 2538 868 non
2564 812 2821 869 humanis
2837 813 2973 884 jam,
2995 814 3095 870 sed
3123 814 3462 885 coelestibus,

1863 917 2098 974 quorum
2127 904 2296 962 vitam
2327 904 2464 960 vivis
2507 904 2562 959 in
2595 905 2777 973 terris,
2810 905 2973 976 digna
3013 921 3074 962 es
3105 910 3415 978 comparari
3448 925 3462 963 :

1864 996 2056 1066 accipe
2083 1010 2114 1051 a
2144 996 2374 1051 Domino
2405 1004 2677 1067 przecepta
2716 1012 2839 1069 quae
2878 1012 3090 1054 serves.
3125 997 3270 1054 Pone
3298 1017 3379 1054 me
3407 1008 3463 1054 ut

1865 1088 2117 1162 sigillum,
2138 1089 2338 1160 inquit,
2367 1089 2418 1144 in
2447 1105 2537 1144 cor
2575 1099 2741 1158 tuum,
2775 1100 2822 1144 et
2855 1090 2992 1146 velut
3021 1091 3350 1164 signaculum
3378 1108 3465 1146 su-

1867 1197 1960 1251 per
1999 1180 2266 1235 brachium
2307 1191 2451 1236 tuum
2498 1181 2676 1255 (Cant.
2705 1198 2822 1248 vm,
2866 1182 2923 1254 6)
2965 1201 2977 1237 :
3020 1199 3130 1254 quo
3166 1184 3464 1255 signaliora

1867 1272 2172 1343 prudentiae
2208 1281 2315 1328 tuae
2343 1273 2722 1345 factorumque
2755 1275 3084 1331 documenta
3119 1286 3464 1346 promantur,

1868 1365 1924 1419 in
1964 1365 2160 1436 quibus
2198 1366 2374 1436 ﬁgura
2405 1367 2504 1422 Dei
2535 1365 2785 1424 Christus
2823 1369 3060 1437 eluceat,
3099 1371 3191 1440 qui
3225 1380 3471 1441 paternae

1867 1457 2133 1514 ambitum
2163 1474 2458 1530 exaequans
2487 1467 2719 1528 natura),
2752 1469 2925 1516 totum
2955 1461 3217 1533 quidquid
3245 1478 3275 1518 a
3307 1464 3472 1519 Patre

1870 1551 2172 1607 divinitatis
2199 1552 2516 1624 assumpsit,
2539 1553 2836 1623 eXpressit.
2862 1553 3020 1610 Unde
3047 1555 3213 1610 etiam
3241 1565 3470 1626 aposto-

1871 1646 1956 1701 lus
1987 1646 2186 1703 Paulus
2217 1647 2270 1702 in
2299 1645 2509 1716 Spiritu
2543 1661 2642 1702 uos
2668 1645 2802 1702 dicit
2828 1661 2952 1702 esse
2977 1647 3222 1718 signatos
3249 1647 3472 1719 (Ephes.

195 1737 410 1802 renidet;
442 1747 502 1792 ut
539 1738 597 1793 in
627 1738 740 1794 vite
763 1737 982 1808 religio,
1025 1738 1079 1792 in
1121 1738 1241 1793 olea
1271 1754 1395 1808 pax,
1429 1738 1483 1792 in
1516 1753 1640 1793 rosa
1671 1752 1771 1808 pu-
1799 1743 1845 1804 Β
1874 1756 1914 1808 t,
1941 1740 2067 1811 1'5);
2100 1741 2357 1812 quoniam
2385 1739 2562 1796 Patris
2603 1739 2897 1810 imaginem
2926 1739 3191 1796 habemus
3218 1740 3272 1795 in
3303 1741 3470 1810 Filio,

197 1829 280 1886 dor
301 1841 521 1887 sacrata:
543 1832 870 1903 virginitatis
895 1831 1180 1888 inolescat.
1207 1831 1308 1888 ilic
1335 1840 1420 1888 est
1446 1832 1585 1888 odor
1609 1847 1770 1904 quem

195 1922 339 1980 Iacob
379 1925 686 1996 patriarcha
717 1925 1000 1995 ﬂagravit,
1047 1925 1266 1996 quando
1296 1926 1496 1981 meruit
1537 1925 1728 1981 audire
1761 1941 1774 1978 :

199 2014 314 2070 Ecce
336 2017 461 2071 odor
485 2018 589 2087 ﬁlii
627 2018 727 2072 mei
765 2017 899 2072 sicut
934 2016 1065 2072 odor
1093 2017 1210 2089 agri
1240 2017 1378 2088 pleni
1411 2016 1566 2088 (Gen.
1599 2032 1776 2086 xxvtt,

195 2105 293 2177 27).
308 2107 430 2162 Nam
454 2109 593 2165 licet
614 2109 814 2177 plenus
831 2109 1084 2164 omnibus
1111 2107 1224 2163 fere
1246 2107 1521 2163 fructibus
1546 2109 1777 2178 patriar-

200 2199 298 2255 chrc
321 2202 489 2258 sancti
515 2201 686 2258 fuerit
709 2217 869 2273 ager;
894 2201 991 2257 ille
1017 2210 1200 2257 tamen
1227 2200 1408 2272 fruges
1432 2199 1642 2271 majore
1666 2201 1779 2256 vir-

202 2291 310 2347 tutis
335 2293 514 2350 labore
539 2296 850 2366 generavit,
883 2293 970 2350 hic
991 2293 1175 2350 tiores.

260 2385 339 2444 t6.
368 2387 670 2459 Accingere
698 2385 903 2456 itaque,
927 2386 1102 2458 virgo,
1127 2394 1184 2442 et
1215 2386 1260 2440 si
1287 2385 1367 2441 vis
1393 2383 1775 2455 hujuscemodi

204 2475 284 2531 tibi
309 2485 362 2532 ut
406 2477 598 2535 hortus
629 2477 836 2550 aspiret
857 2519 872 2544 ,
898 2477 1230 2550 propheticis
1260 2493 1384 2534 eum
1413 2477 1604 2534 claude
1638 2492 1783 2548 prae-

206 2571 372 2640 ceptis.
419 2572 568 2629 Pone
612 2572 918 2629 custodiam
945 2573 1028 2628 ori
1076 2580 1194 2640 tuo,
1229 2582 1287 2628 et
1317 2572 1518 2628 ostium
1552 2572 1785 2627 circum-

203 2665 394 2721 stantiae
432 2665 594 2722 labiis
623 2666 737 2722 tuis
767 2665 942 2739 (Psal.
971 2681 1096 2731 cn,
1126 2668 1216 2736 '5);
1247 2675 1307 2722 ut
1333 2667 1494 2722 etiam
1523 2675 1576 2722 tu
1608 2667 1785 2738 possis

205 2758 366 2817 dicere
398 2780 413 2816 :
440 2762 738 2834 Tamquam
766 2764 938 2817 malus
961 2760 991 2801 ι)
1027 2763 1083 2818 in
1113 2761 1271 2834 lignis
1300 2762 1546 2828 nemoris,
1578 2762 1651 2817 ita
1677 2765 1786 2832 fra-

205 2863 361 2909 ternus
380 2872 518 2912 meus
551 2858 607 2910 in
625 2855 798 2910 media
819 2855 1073 2926 filiorum.
1092 2853 1158 2910 In
1175 2855 1360 2910 umbra
1377 2855 1492 2924 ejus
1513 2854 1788 2925 concupiui

204 2956 244 2999 et
264 2948 382 3012 sedi,
426 2959 473 3003 et
514 2952 552 3020 ι’
546 2957 728 3003 ructus
757 2949 869 3020 ejus
899 2947 1066 3003 dulcis
1090 2948 1146 3002 in
1178 2948 1416 3020 faucibus
1444 2948 1574 3002 meis
1603 2947 1784 3020 (Cant.

208 3052 259 3103 ll,
285 3039 358 3110 5).
388 3039 578 3096 Inueni
605 3057 758 3111 quem
792 3041 974 3096 dilexit
997 3042 1175 3096 anima
1201 3059 1338 3110 mea,
1381 3043 1524 3096 tenui
1561 3058 1698 3111 eum,
1742 3051 1791 3097 et

1880 1833 2122 1904 sigillum
2154 1833 2280 1888 Filii
2309 1833 2575 1890 habemus
2603 1833 2657 1889 in
2686 1834 2912 1904 Spiritu.
2942 1833 3056 1890 Hac
3096 1834 3365 1891 Trinitate
3403 1836 3479 1892 si-

1879 1926 2027 1997 gnati
2056 1939 2348 1982 caveamus
2387 1926 2729 1997 diligentius,
2774 1942 2845 1982 ne
2874 1927 3021 1998 quod
3055 1928 3364 1998 accepimus
3391 1930 3475 1998 pi-

1880 2034 2018 2090 gnus
2047 2019 2100 2074 in
2124 2019 2378 2075 cordibus
2408 2019 2636 2087 nostris,
2667 2028 2760 2076 aut
2790 2033 3006 2076 morum
3030 2020 3248 2090 levitas,
3274 2029 3369 2077 aut
3392 2021 3483 2076 ul-

1879 2111 1986 2167 lius
2013 2110 2269 2168 adulterii
2298 2111 2446 2168 l'raus
2472 2113 2739 2183 resignet.

1952 2201 2046 2258 49.
2077 2200 2186 2256 Sed
2216 2201 2450 2258 facessat
2482 2202 2572 2258 hic
2592 2204 2768 2259 sacris
2798 2203 3103 2274 virginibus
3126 2213 3324 2274 metus,
3353 2205 3480 2277 quii

1883 2293 1986 2350 bus
2017 2302 2163 2349 tanta
2196 2293 2453 2365 praesidia
2487 2294 2675 2350 tribuit
2697 2297 2932 2365 primum
2964 2295 3233 2365 Ecclesia,
3253 2312 3374 2368 qua:
3405 2307 3485 2352 te-

1885 2400 2033 2442 nerae
2079 2385 2252 2456 prolis
2299 2385 2536 2441 sollicita
2581 2401 2878 2451 successu,
2927 2387 3042 2457 ipsa
3089 2389 3246 2458 quasi
3291 2404 3485 2444 murus

1885 2479 2290 2536 abundantibus
2321 2479 2375 2535 in
2398 2480 2619 2535 modum
2651 2481 2883 2535 turrium
2905 2481 3168 2536 increscit
3197 2480 3483 2547 uberibus,

1887 2573 2062 2631 donec
2084 2574 2268 2629 soluto
2289 2574 2593 2630 obsidionis
2615 2574 2830 2629 hostilis
2855 2574 3098 2640 incursu,
3124 2589 3314 2645 pacem
3340 2574 3482 2629 vali-

1887 2666 1973 2722 dae
1999 2667 2294 2738 juventuti,
2346 2677 2608 2722 maternae
2641 2665 2902 2737 prmsidio
2947 2667 3199 2732 virtutis,
3237 2668 3487 2737 acquirat

1889 2755 2065 2830 (Cant.
2098 2774 2216 2825 vnt,
2247 2758 2358 2828 10).
2395 2757 2549 2814 Unde
2576 2765 2631 2813 et
2675 2757 2950 2827 Propheta
2991 2759 3069 2812 ait
3110 2775 3124 2812 :
3155 2755 3284 2812 Fiat
3305 2775 3409 2828 pax
3434 2760 3489 2812 in

1889 2851 2074 2905 virtute
2124 2860 2243 2920 tua,
2291 2859 2338 2905 et
2388 2849 2712 2905 abundantia
2759 2850 2814 2904 in
2873 2849 3099 2905 turribus
3148 2851 3251 2904 tuis
3301 2849 3484 2920 (Psal.

1890 2959 2035 3012 cxxt,
2063 2944 2139 3015 7).

1963 3037 2053 3094 50.
2086 3037 2223 3092 Tum
2254 3036 2370 3108 ipse
2411 3037 2562 3108 pacis
2601 3037 2866 3094 Dominus
2897 3047 3184 3110 postquam
3213 3041 3491 3096 validiori-

205 3147 294 3186 non
313 3135 598 3203 relinquam
618 3132 792 3205 (Cant.
815 3133 990 3206 tu,4).
1016 3145 1039 3174 ε
1061 3135 1339 3191 Descendit
1362 3138 1624 3206 fraternus
1642 3152 1787 3192 meus
1813 3131 1860 3196 C
1891 3129 1992 3187 bus
2023 3130 2265 3186 brachiis
2297 3131 2588 3186 commissa
2627 3130 2732 3186 sibi
2764 3131 2953 3186 vineta
2991 3131 3333 3201 complexus,
3376 3133 3494 3202 pal-

206 3219 253 3275 in
275 3227 473 3281 [tortum
500 3243 683 3292 suum,
711 3235 768 3280 ut
797 3227 1069 3282 manducet
1098 3231 1326 3300 fructum
1366 3244 1638 3296 pomorum
1665 3245 1790 3283 suo-

205 3330 306 3368 rum
324 3315 492 3386 (Cant.
520 3333 586 3384 v,
609 3317 691 3389 1).
719 3316 872 3384 Veni,
900 3321 1129 3390 fraterne
1147 3321 1240 3386 mi,
1267 3336 1508 3375 exeamus
1529 3320 1584 3375 in
1605 3338 1793 3392 agrum

207 3404 362 3476 (Cant.
397 3426 490 3480 vn,
527 3411 646 3482 11).
691 3409 840 3466 Pone
865 3428 944 3467 me
978 3423 1034 3467 ut
1063 3413 1298 3487 sigillum
1321 3415 1376 3469 in
1418 3430 1508 3469 cor
1548 3424 1714 3481 tuum,
1745 3423 1794 3469 et

208 3501 328 3556 velut
355 3503 691 3577 signaculum
717 3521 873 3575 super
895 3505 1165 3559 brachium
1187 3514 1333 3560 tuum
1355 3504 1531 3578 (Cant.
1565 3522 1680 3572 vut,
1711 3505 1789 3577 6).

208 3588 474 3650 Frateruus
495 3613 648 3652 meus
677 3596 928 3652 candidus
957 3606 1005 3651 et
1032 3596 1222 3652 rubens
1249 3594 1424 3669 (Cant.
1459 3612 1516 3664 v,
1541 3595 1656 3668 10).
1689 3597 1794 3652 De-

209 3693 288 3740 cet
309 3687 445 3743 enim
475 3698 536 3745 ut
567 3688 732 3759 plene
751 3690 993 3756 noveris,
1021 3689 1200 3759 virgo,
1222 3705 1383 3762 quem
1412 3689 1611 3761 diligis,
1631 3699 1796 3762 atque

209 3789 355 3834 omne
378 3781 430 3836 in
455 3796 523 3838 eo
555 3791 613 3839 ct
641 3781 899 3853 ingenitae
919 3780 1224 3837 divinitatis
1249 3790 1304 3838 et
1326 3791 1620 3852 assumptus
1647 3797 1795 3853 mys-

210 3870 385 3926 terium
425 3873 897 3944 incorporationis
931 3889 1219 3944 agnoscas.
1251 3874 1526 3931 Candidus
1569 3875 1792 3941 merito,

213 3961 318 4030 quia
349 3966 514 4033 patris
545 3965 808 4036 splendor
849 3982 863 4020 :
908 3965 1066 4038 158
1091 3967 1314 4030 rubens,
1345 3967 1469 4036 quia
1498 3956 1798 4034 partusest

210 4052 438 4124 virginis.
473 4058 646 4114 Color
685 4059 740 4113 in
784 4072 852 4114 eo
893 4057 1063 4128 fulget
1088 4067 1142 4114 et
1172 4059 1360 4113 rutilat
1385 4059 1669 4126 utriusque
1698 4071 1796 4112 na-

215 4148 358 4201 turae.
401 4149 680 4206 Memento
717 4159 902 4206 tamen
943 4150 1247 4220 antiquiora
1280 4151 1333 4204 in
1378 4164 1446 4206 eo
1494 4147 1796 4204 divinitatis

215 4233 445 4310 insignia,
492 4257 656 4313 quam
686 4241 941 4312 corporis
969 4249 1344 4308 sacramenta;
1379 4241 1504 4312 quia
1545 4253 1653 4296 non
1685 4254 1796 4296 ete-

214 4328 285 4397 pit
307 4345 335 4384 a
359 4332 585 4404 virgine,
619 4334 715 4391 sed
743 4336 834 4405 qui
869 4342 1008 4401 erat,
1039 4334 1185 4390 venit
1215 4335 1268 4389 in
1295 4333 1583 4405 virginem.

275 4419 360 4477 47.
388 4421 414 4460 ἀ
447 4424 541 4481 Ille
566 4426 838 4482 discretus
867 4441 900 4481 a
927 4425 1212 4492 militibus,
1252 4426 1349 4482 ille
1388 4426 1574 4481 lancea
1605 4423 1796 4480 vulne-

1896 3223 2056 3280 mites
2111 3239 2241 3279 suos
2281 3239 2562 3295 gemmare
2607 3226 2977 3296 conspexerit,
3029 3226 3183 3282 vultu
3233 3228 3490 3298 praesule,

1896 3316 2248 3372 nascentibus
2271 3315 2538 3372 fructibus
2565 3331 2728 3372 auras
2755 3325 3042 3387 temperat,
3069 3319 3211 3374 sicut
3237 3319 3355 3390 ipse
3379 3329 3488 3375 tes-

1896 3416 2039 3464 tatur
2064 3409 2252 3465 dicens
2289 3427 2302 3463 :
2345 3409 2502 3464 Vinea
2524 3425 2637 3464 mea
2658 3419 2734 3465 est
2758 3410 2812 3464 in
2831 3417 3108 3479 conspectu
3137 3426 3272 3477 meo,
3298 3409 3318 3448 ί
3348 3411 3491 3465 mille

1898 3501 2191 3569 Salomoni,
2218 3511 2267 3557 et
2293 3500 2501 3557 ducenti
2537 3501 2628 3572 qui
2667 3511 2873 3557 servant
2915 3505 3146 3573 fructum
3172 3505 3285 3574 ejus
3315 3502 3489 3575 (Cant.

1895 3610 2013 3663 vin,
2049 3593 2160 3668 12).

1969 3689 2060 3744 51.
2085 3688 2264 3759 Supra
2289 3688 2365 3745 ait
2391 3705 2404 3744 :
2430 3688 2719 3758 Sexaginta
2749 3695 2980 3758 potentes
3004 3687 3058 3741 in
3081 3686 3352 3741 circumitu
3375 3703 3495 3757 pro-

1897 3780 2101 3852 paginis
2149 3782 2282 3851 ejus,
2326 3789 2352 3827 Β
2394 3779 2584 3832 strictis
2623 3786 2854 3832 armatos
2903 3777 3142 3844 ensibus,
3181 3786 3230 3831 et
3269 3777 3498 3831 eruditos

1899 3870 2228 3941 prtuliaribus
2262 3870 2554 3939 disciplinis
2600 3868 2773 3938 (Cant.
2803 3882 2884 3931 ut,
2915 3868 2970 3934 7,
3008 3867 3099 3937 8);
3148 3867 3235 3922 hic
3264 3869 3415 3924 mille
3442 3879 3499 3925 et

1897 3959 2386 4017 ducentos.Crevit
2407 3974 2694 4023 numerus,
2718 3959 2808 4013 ubi
2831 3957 3006 4012 crevit
3028 3967 3083 4014 et
3107 3960 3349 4025 fructus;
3371 3961 3498 4030 quia

1899 4071 2007 4126 quo
2037 4055 2278 4110 sanctior
2303 4054 2554 4124 quisque,
2587 4068 2655 4108 eo
2684 4053 3095 4108 communitior.
3128 4054 3221 4110 Sic
3266 4055 3499 4110 Elisazus

1898 4147 2170 4219 propheta
2203 4147 2478 4202 exercitus
2516 4145 2838 4216 angelorum
2880 4145 3134 4215 przesidia
3167 4146 3275 4201 sibi
3304 4146 3503 4202 adesse

1899 4242 2227 4296 monstravit
2261 4239 2347 4308 (ιν
2382 4240 2512 4310 Reg.
2541 4254 2615 4307 vi,
2651 4238 2740 4310 17)
2769 4256 2782 4294 :
2815 4239 2896 4294 sic
2938 4238 3099 4294 Jesus
3136 4238 3282 4294 Nave
3312 4239 3504 4295 ducem

1900 4336 2111 4390 militiae
2135 4335 2375 4391 caelestis
2401 4334 2623 4404 agnovit
2649 4333 2835 4405 (Josue
2863 4349 2916 4399 ν,
2963 4333 3076 4403 14).
3133 4333 3373 4390 Possunt
3404 4335 3507 4405 igi-

1900 4437 1988 4485 tur
2018 4430 2253 4484 fructum
2293 4428 2350 4483 in
2397 4428 2558 4484 nobis
2605 4427 2903 4495 custodire,
2939 4429 3030 4498 qui
3076 4437 3306 4496 possunt
3335 4430 3499 4484 etiam

213 4521 350 4570 ratus
372 4516 591 4588 (Matth.
622 4535 796 4586 xxvu,
819 4519 892 4576 29
921 4529 970 4575 et
989 4520 1145 4593 seq.),
1169 4530 1229 4576 ut
1256 4535 1356 4576 nos
1385 4520 1526 4576 sacri
1554 4520 1798 4576 vulneris
1823 4534 1878 4594 1)
1903 4523 2137 4578 militare
2183 4537 2280 4592 pro
2312 4521 2489 4577 nobis.
2538 4521 2699 4576 Vobis
2731 4530 2937 4588 autem,
2977 4520 3218 4590 virgines
3259 4533 3462 4577 sanctae
3482 4565 3496 4587 ,

216 4617 395 4664 cruore
423 4622 665 4678 sanaret,
703 4614 1062 4684 respondebit
1091 4614 1188 4669 tibi
1221 4613 1467 4685 profecto
1499 4612 1610 4685 (est
1649 4613 1795 4668 enim

213 4699 352 4756 mitis
381 4713 435 4757 et
480 4705 702 4762 humilis
732 4706 902 4762 corde
944 4705 1125 4778 (Joan.
1158 4721 1272 4773 XIX,
1298 4703 1412 4776 34),
1445 4705 1682 4762 blandus
1711 4718 1801 4758 as-

216 4796 390 4864 pectu)
420 4813 434 4848 :
478 4795 731 4870 Exsurge,
753 4799 965 4869 Aquilo,
989 4809 1039 4855 et
1068 4801 1202 4868 ueni,
1237 4800 1442 4864 Auster,
1465 4799 1645 4868 aspira
1676 4798 1798 4852 hor-

217 4890 312 4936 tum
349 4902 540 4956 meum,
569 4899 617 4944 et
643 4892 812 4960 ﬂuant
838 4899 1074 4946 aromata
1109 4907 1222 4946 mea
1248 4890 1423 4961 (Cant.
1456 4905 1531 4957 tv,
1571 4889 1684 4959 16).
1717 4891 1797 4943 Ex

215 4976 460 5033 omnibus
487 4981 625 5037 enim
658 4983 906 5052 partibus
933 4985 1123 5039 mundi
1153 4983 1291 5040 odor
1321 4993 1552 5038 sacratae
1581 4981 1802 5050 religio-

213 5070 296 5128 nis
343 5075 366 5103 ε
397 5075 643 5147 inolevit,
697 5078 1027 5152 dilectaque
1053 5079 1280 5151 virginis
1323 5077 1571 5134 membra
1603 5074 1801 5146 ﬂagra-

284 5259 559 5331 f‘Aliquot
579 5276 738 5329 mss.,
767 5261 955 5317 morali
983 5267 1159 5331 ceptus
1193 5257 1402 5330 spiritu.

284 5325 514 5407 δβύἱίη
545 5333 595 5386 in
619 5325 776 5407 lignis
804 5325 1128 5407 nemorosis,
1223 5325 1233 5330 ⁷
1397 5405 1401 5407 λ
1685 5395 1722 5407 ..

292 5408 314 5437 ε
337 5399 415 5455 Ita
444 5395 571 5476 is.
589 5395 834 5475 ple-"rique
853 5425 867 5460 :
889 5403 1132 5459 nonnulli
1153 5412 1333 5476 tamen
1355 5405 1411 5476 et
1428 5409 1618 5453 omnes
1637 5395 1796 5476 edit.,

218 5464 511 5526 Dacendat
689 5464 1051 5531 et'manducet
1083 5490 1103 5528 :
1143 5471 1288 5544 quod
1322 5471 1485 5526 etiam
1529 5466 1806 5524 consentit

220 5552 338 5595 ωπι
361 5557 521 5598 sacro
555 5556 728 5602 textu.

289 5609 316 5649 ⁸
349 5611 508 5689 [ὶοω.
537 5618 668 5689 edit.
695 5617 834 5685 sola,
862 5617 966 5673 Ille
985 5625 1188 5689 spretus
1215 5631 1247 5667 a
1275 5612 1543 5689 militibus.

296 5691 323 5720 ⁸
347 5683 548 5744 Omnes
572 5687 708 5744 edit.
750 5681 1198 5759 et'pauci'mssw
1228 5684 1447 5740 adoleuit
1477 5681 1680 5736 dilecta:
1703 5693 1804 5749 quo

628 5782 902 5847 Panos.
937 5782 1112 5846 XVI.

1902 4615 2141 4687 speciale
2171 4612 2486 4684 prmsidium
2513 4618 2619 4676 est,
2649 4625 2772 4680 quae
2803 4612 3130 4666 intemerato
3169 4611 3380 4680 pudore
3416 4626 3502 4667 sa-

1901 4718 2056 4760 crum
2104 4702 2316 4758 Domini
2357 4698 2591 4755 servatis
2617 4699 2815 4753 cubile.
2851 4697 3039 4768 Neque
3081 4699 3280 4753 mirum
3313 4699 3359 4753 si
3400 4715 3501 4769 pro

1904 4794 2061 4850 vobis
2091 4791 2274 4862 angeli
2295 4789 2556 4852 militant,
2579 4803 2699 4857 qua:
2721 4787 3040 4857 angelorum
3071 4787 3318 4844 moribus
3355 4788 3499 4843 mili-

1905 4885 2048 4940 tatis.
2087 4883 2247 4955 159
2282 4879 2522 4934 Meretur
2559 4892 2750 4932 eorum
2793 4875 3106 4945 praesidium
3134 4879 3358 4933 castitas
3389 4879 3502 4934 vir-

1907 4978 2128 5049 ginalis,
2161 4986 2388 5044 quorum
2419 4970 2585 5024 vitam
2619 4976 2882 5023 meretur.

1981 5068 2071 5125 52.
2114 5066 2184 5122 Et
2209 5063 2339 5134 quid
2370 5059 2617 5131 pluribus
2652 5071 2921 5128 exsequar
2947 5057 3163 5114 laudem
3193 5057 3504 5115 castitatis?

1899 5247 2112 5317 (Rom.,
2135 5255 2245 5317 quo
2263 5235 2484 5317 dilectae)
2511 5234 2724 5317 virginis
2747 5233 3293 5317 membrafragrqrum
3318 5256 3338 5294 ε
3365 5255 3498 5317 mss.

1903 5304 2038 5374 vero
2065 5304 2251 5370 cinieri
2293 5304 2843 5379 nobiseum't'aciuut,
2881 5304 2986 5359 nisi
3016 5304 3164 5374 quod
3196 5311 3383 5379 plures
3410 5313 3493 5369 le-

1901 5398 2042 5462 gunt
2056 5384 2385 5462 ﬂagrabunt;
2413 5395 2575 5462 unus,
2605 5375 2919 5462 flagrabant.

1980 5457 2000 5498 ί
2025 5448 2154 5513 Μδεῖ
2180 5457 2406 5524 aliquot,
2444 5448 2585 5503 mille
2617 5448 2902 5514 Salomon;
2928 5448 3199 5519 nonnulli,
3229 5453 3391 5524 mille,
3419 5457 3504 5514 in-

1904 5531 2016 5600 quit
2031 5527 2352 5602 ,_Salomon.
2492 5599 2499 5602 Α
2536 5590 2548 5602 υ
2590 5590 2619 5602 Α

1978 5609 2001 5651 8
2032 5590 2234 5657 Omnes
2265 5595 2426 5660 edit.,
2454 5590 2646 5647 strictis
2672 5595 2902 5645 armatos
2932 5590 3070 5648 telis.

3077 5761 3116 5820 7
