3974 6186
483 243 594 300 205

1827 225 2074 283 SANCTI
2111 221 2436 280 AMBROSII

3687 221 3788 280 204

477 358 714 414 Castitas
755 355 931 410 etiam.
963 350 1187 421 angelos
1226 348 1374 404 fecit.
1406 343 1510 414 Qui
1541 359 1662 401 eam
1693 344 1948 407 servavit,
1987 357 2086 396 an-
2113 339 2163 403 Α
2189 354 2348 402 cere;
2383 337 2640 408 perfectae
2669 335 2814 390 enim
2862 333 3079 390 virtutis
3118 350 3250 392 usus
3279 337 3653 408 magisterium
3688 354 3788 393 non

481 451 640 520 gelus
688 453 772 500 est
823 461 835 495 :
884 442 978 513 qui
1027 440 1285 511 perdidit,
1317 437 1591 494 diabolus.
1644 436 1780 491 llinc
1828 443 1854 471 τι
1888 433 2082 504 religio

488 543 650 598 etiam
680 553 878 594 nomen
902 533 1310 604 accepit.Virgo
1335 541 1436 596 est,
1467 545 1586 600 qua:
1607 529 1722 584 Deo
1750 527 1906 583 nubit
1934 545 1946 581 :
1972 540 2086 581 me—

489 632 682 696 retrix,
713 643 835 700 qua:
867 627 1005 683 deos
1047 625 1197 680 fecit.
1230 621 1363 678 Nam
1395 621 1463 676 de
1505 619 1913 675 resurrectione
1957 613 2084 686 quid

487 724 687 786 dicam,
729 718 888 790 cujus
918 717 1137 787 praemia
1164 714 1277 785 jam
1322 711 1557 778 tenetis?
1606 707 1671 764 In
1716 704 2087 766 resurrectione

490 826 659 873 autent
690 829 850 884 neque
879 810 1090 877 nubent,
1121 824 1282 879 neque
1309 807 1496 864 ducent
1525 819 1712 860 uxores
1754 819 1772 856 :
1803 801 1893 856 sed
1937 807 2087 856 erunt

491 912 623 966 sicut
663 908 855 978 angeli,
899 904 1092 975 inquit,
1123 905 1175 958 in
1207 902 1333 960 caelo
1364 899 1578 972 (Matth.
1626 911 1761 960 χιιι,
1785 895 1900 963 50).
1930 891 2085 960 Quod

489 1005 646 1062 nobis
667 1001 1024 1073 promittitur,
1048 997 1206 1052 vobis
1229 1004 1431 1065 praesto
1452 1001 1556 1054 est,
1576 999 1940 1059 votorumque
1959 1001 2086 1041 nos-

489 1107 697 1153 trorum
729 1108 859 1148 usus
887 1089 1029 1161 apud
1057 1104 1175 1146 vos.
1208 1088 1287 1146 De
1324 1089 1428 1142 hoc
1460 1083 1662 1140 mundo
1697 1082 1855 1147 estis,
1889 1090 1942 1136 et
1975 1094 2083 1135 non

487 1190 621 1248 estis
673 1189 726 1244 in
775 1187 877 1242 hoc
917 1183 1141 1240 mundo.
1183 1181 1456 1242 Smculum
1487 1193 1587 1236 vos
1627 1176 1830 1236 habere
1860 1175 2083 1244 meruit,

489 1291 676 1339 tenere
699 1295 806 1335 non
839 1277 1033 1348 potuit.

557 1375 646 1429 55.
677 1372 849 1439 Quam
882 1369 1203 1439 przeclarum
1235 1375 1419 1423 autem
1443 1363 1471 1403 ι)
1499 1361 1726 1433 angelos
1747 1369 1970 1432 propter
2005 1359 2086 1414 in-

485 1467 908 1538 temperantiam
937 1478 1092 1519 suam
1128 1462 1182 1518 in
1213 1461 1474 1516 saeculum
1505 1455 1775 1514 cecidisse
1806 1453 1876 1509 de
1913 1452 2082 1516 coelo,

482 1561 724 1631 virgines
750 1565 974 1628 propter
1003 1553 1380 1610 castimoniam
1413 1552 1467 1606 in
1500 1549 1698 1604 ctelum
1724 1545 1992 1602 transisse
2015 1543 2085 1599 de

485 1651 718 1708 sinente?
743 1649 922 1704 Beata:
947 1647 1206 1718 virgines,
1232 1659 1367 1714 quas
1400 1657 1506 1700 non
1539 1639 1797 1700 illecebra
1823 1636 2083 1694 sollicitat

2187 430 2484 495 desiderat,
2509 429 2605 484 sed
2638 427 3126 484 informat.Cernis
3155 438 3549 500 utpomparum
3570 431 3790 486 ferculis

2186 524 2384 580 similis
2407 521 2643 588 incedat,
2671 537 2795 592 qua:
2817 537 2875 577 se
2899 522 3179 592 componit
3203 531 3260 576 ut
3292 524 3520 593 placeat,
3547 525 3787 578 omnium

2187 619 2238 674 in
2287 634 2345 673 se
2383 618 2563 671 vultus
2605 624 2660 671 et
2692 631 2788 670 ora
2825 623 3180 684 convertens,
3217 631 3284 671 eo
3326 616 3444 686 ipso
3467 632 3576 687 qno
3615 615 3793 671 studet

2186 709 2436 779 placere,
2475 707 2805 773 deformior;
2855 707 3207 780 160'prius
3245 708 3388 764 enim
3429 708 3636 777 populo
3683 708 3792 764 dis—

2187 804 2373 875 plicet,
2416 819 2575 875 quam
2608 803 2819 872 placeat
2861 803 3000 857 viro.
3034 803 3102 858 At
3138 803 3190 857 in
3223 802 3380 856 vobis
3409 798 3436 840 ά
3465 801 3673 871 rejecta
3701 801 3791 857 de-

2187 898 2333 954 coris
2363 912 2493 952 cura
2522 896 2642 966 plus
2671 895 2831 950 decet
2863 913 2877 951 :
2911 904 2967 952 et
2997 894 3100 952 huc
3143 896 3320 965 ipsum
3357 895 3500 966 quod
3543 911 3645 950 vos
3687 911 3790 951 non

2189 991 2425 1057 ornatis,
2459 998 2684 1045 ornatus
2710 999 2815 1045 est.

2260 1082 2352 1138 55.
2381 1091 2404 1120 ε
2429 1079 2608 1136 Cerne
2630 1082 2841 1136 laceras
2877 1080 3191 1136 vulneribus
3224 1095 3405 1146 aures,
3433 1090 3487 1134 et
3515 1081 3793 1152 depressae

2187 1188 2355 1228 onera
2398 1173 2662 1228 miserare
2689 1173 2943 1228 cervicis.
2977 1171 3095 1227 Non
3126 1183 3254 1228 sunt
3283 1173 3644 1228 allevamenta
3677 1189 3791 1244 poe-

2191 1282 2382 1321 narum
2419 1265 2740 1321 discrimina
2770 1265 3141 1320 metallorum.
3187 1264 3324 1320 llinc
3351 1266 3555 1320 collum
3598 1276 3794 1322 catena

2189 1357 2539 1428 constringit,
2574 1357 2705 1413 inde
2747 1357 2938 1424 pedem
2970 1372 3194 1428 compos
3235 1357 3480 1412 includit.
3515 1357 3665 1413 Nihil
3708 1375 3795 1415 rc-

2185 1452 2290 1507 l‘ert
2312 1467 2444 1506 auro
2465 1466 2664 1522 corpus
2692 1461 2953 1506 oneretur
2979 1467 3048 1505 an
3074 1452 3243 1506 ferro.
3281 1449 3298 1488 ί
3333 1450 3424 1506 Sic
3451 1453 3639 1506 cervix
3668 1468 3790 1522 pre-

2185 1542 2372 1607 mitur,
2401 1543 2480 1598 sic
2500 1552 2757 1612 gravatur
2785 1544 3054 1599 incessus.
3075 1541 3158 1598 Nil
3186 1543 3421 1613 pretium
3456 1543 3644 1613 juvat;
3688 1544 3795 1598 nisi

2186 1635 2330 1705 quod
2360 1651 2454 1692 vos
2483 1638 2764 1705 mulieres,
2798 1653 2864 1692 nc
2892 1647 3079 1706 pereat
3105 1637 3256 1692 vobis
3281 1653 3458 1707 pinna,
3486 1637 3792 1708 trepidulis.

481 1756 797 1812 corporum,
830 1756 938 1795 non
977 1737 1213 1794 colluvio
1243 1735 1548 1805 prtecipitat
1578 1732 1917 1801 voluptatum
1949 1729 1962 1783 ι
1992 1725 2082 1782 Ci-
2109 1737 2158 1799 Β
2184 1731 2324 1799 Quid
2352 1732 2601 1794 interest,
2637 1742 2817 1809 utrum
2849 1732 3029 1787 aliena
3076 1733 3370 1798 sententia,
3395 1747 3462 1786 an
3486 1741 3665 1786 vestra
3693 1747 3793 1788 vos

481 1834 583 1892 bus
616 1830 991 1904 parcimonize,
1027 1839 1184 1899 potus
1214 1827 1564 1886 abstinentia:
1613 1824 1774 1884 docet
1813 1822 1946 1880 vitia
1988 1837 2085 1878 nc-

478 1925 644 1992 scire,
666 1927 754 1995 qui
783 1923 940 1978 docet
975 1935 1172 1978 causas
1201 1919 1414 1976 nescire
1431 1917 1719 1976 vitiorum.
1748 1915 1922 1972 Causa
1959 1928 2084 1982 pec-

483 2017 641 2073 candi
669 2015 832 2071 etiam
868 2015 1048 2084 jnsros
1092 2028 1240 2082 stupe
1270 2010 1507 2080 decepit.
1552 2008 1689 2064 Hinc
1722 2007 1954 2078 populus
1986 2003 2081 2066 Dei

483 2117 769 2180 postquam
801 2108 944 2162 sedit
975 2105 1308 2160 manducare
1336 2114 1389 2160 ct
1427 2103 1634 2168 bibere,
1665 2102 1838 2156 Deum
1864 2097 2087 2169 negavit

483 2198 680 2272 (Exod.
710 2214 882 2264 xxxn,
907 2198 985 2267 6).
1007 2197 1144 2252 Hinc
1168 2196 1304 2252 Loth
1331 2194 1660 2250 concubitus
1685 2191 1915 2248 filiarum
1932 2191 2084 2259 igno-

482 2291 641 2356 ravit,
677 2297 733 2344 ct
756 2287 977 2358 pertulit
1007 2286 1162 2360 (Gen.
1193 2303 1312 2353 xix,
1345 2287 1460 2356 53).
1495 2285 1634 2342 Hinc
1662 2284 1897 2340 inversis
1920 2280 2086 2336 vesti-

482 2382 585 2456 giis
611 2381 704 2436 ﬁlii
725 2379 841 2437 Noe
869 2381 1039 2451 patris
1062 2379 1334 2450 quondam
1363 2377 1617 2450 pudenda
1646 2384 1902 2432 texerunt
1927 2373 2080 2445 (Gen.

482 2492 558 2543 tx,
605 2476 699 2547 2:2)
733 2492 746 2529 :
781 2490 900 2546 qua:
944 2490 1147 2545 procax
1177 2474 1332 2541 vidit,
1368 2474 1648 2530 modestus
1689 2470 1932 2536 erubuit,
1963 2469 2084 2538 pius

484 2572 640 2635 texit,
661 2567 968 2623 olfensurus
1009 2567 1052 2620 si
1083 2576 1138 2622 et
1170 2567 1288 2636 ipse
1327 2565 1573 2620 vidisset.
1605 2562 1817 2631 Quanta
1847 2560 1955 2616 vini
1999 2565 2085 2614 est

475 2663 581 2726 vis,
605 2670 664 2716 ut
685 2675 844 2730 quem
867 2658 1070 2714 diluvia
1095 2673 1201 2711 non
1230 2656 1600 2720 nudaverunt,
1634 2653 1760 2708 vina
1784 2649 2079 2712 nudarent!

1099 2768 1330 2825 CAPUT
1378 2769 1472 2824 IX.

488 2866 681 2924 Ultima
711 2865 1023 2935 virginitatis
1066 2863 1182 2918 laus
1209 2864 1534 2935 praponitur,
1565 2863 1800 2916 avaritiae
1839 2862 2085 2915 nimirum

552 2957 872 3012 immunitas.
913 2954 1088 3022 Hujus
1117 2955 1386 3008 occasione
1427 2962 1635 3007 sanctus
1673 2949 1880 3006 Prwsul
1911 2950 2083 3005 sorori

557 3050 610 3103 in
631 3055 849 3102 mentem
870 3054 1096 3110 reuocat,
1123 3054 1316 3115 quanta
1339 3045 1404 3099 sit
1430 3044 1575 3099 illius
1602 3043 1824 3113 felicitas
1846 3058 1959 3112 quae
1980 3057 2084 3096 non

2184 1824 2441 1879 damnet?
2464 1823 2600 1878 Hinc
2622 1838 2718 1878 vos
2742 1823 2907 1880 etiam
2932 1824 3362 1879 miserabiliores
3378 1839 3536 1894 quam
3568 1825 3657 1894 qui
3687 1839 3792 1894 pu-

2188 1914 2460 1985 blicojure
2480 1914 2831 1983 damnantur,
2851 1915 2991 1986 quod
3011 1916 3092 1970 illi
3119 1916 3468 1987 optantexui.
3489 1929 3587 1970 vos
3608 1915 3789 1987 ligari.

2257 2007 2346 2063 56.
2388 2009 2563 2074 Quam
2618 2024 2751 2064 vero
2805 2009 3135 2065 miserabilis
3186 2009 3274 2064 illa
3327 2008 3591 2069 conditio,
3646 2007 3791 2078 quod

2187 2108 2461 2168 tamquam
2491 2099 2753 2169 mancipii
2779 2098 2949 2154 forma
2979 2099 3207 2164 venalis,
3242 2110 3477 2169 nuptura
3512 2099 3788 2164 licitatur;

2185 2200 2246 2248 ut
2272 2191 2362 2262 qui
2404 2193 2579 2262 pretio
2607 2193 2818 2260 vicerit,
2847 2202 3009 2248 emat.
3037 2193 3403 2248 Tolerabilius
3426 2203 3605 2247 tamen
3636 2208 3793 2246 man-

2186 2284 2325 2354 cipia
2351 2293 2605 2352 veneunt,
2639 2301 2757 2354 qua:
2785 2299 2932 2355 sa-pe
2956 2285 3057 2338 sibi
3082 2285 3334 2340 dominos
3359 2283 3566 2354 eligunt
3595 2301 3606 2336 :
3635 2284 3794 2354 virgo

2186 2378 2232 2434 si
2261 2379 2677 2449 eligat,crimen
2710 2389 2830 2444 est;
2863 2379 2909 2434 si
2935 2395 3042 2434 non
3067 2379 3253 2448 eligat,
3276 2378 3624 2433 contumelia.
3657 2378 3794 2444 Qua:

2184 2473 2431 2543 quamvis
2472 2471 2699 2542 pulchra
2726 2473 2796 2527 sit
2835 2481 2889 2528 et
2916 2472 3139 2538 decora,
3173 2481 3230 2528 et
3269 2473 3422 2526 timet
3454 2479 3510 2526 et
3536 2469 3689 2540 cupit
3715 2470 3794 2524 vi-

2184 2564 2302 2621 deri
2335 2584 2349 2621 :
2382 2565 2552 2634 cupit,
2579 2574 2637 2620 ut
2667 2581 2727 2620 se
2749 2565 2968 2621 charius
2998 2565 3198 2622 vendat
3229 2582 3240 2617 :
3271 2565 3446 2631 timet,
3478 2579 3546 2619 ne
3573 2563 3678 2618 hoc
3710 2564 3792 2632 ip-

2185 2672 2306 2713 sum
2337 2657 2599 2713 dedeceat
2634 2658 2778 2728 quod
2821 2658 3059 2715 videtur.
3089 2659 3296 2726 Quanta
3327 2668 3510 2712 autem
3537 2668 3792 2711 votorum

2187 2753 2444 2819 ludibria,
2473 2763 2529 2810 et
2556 2754 2622 2810 ad
2651 2770 2939 2824 procorum
2965 2766 3196 2812 eventus
3227 2753 3465 2825 suSpccti
3494 2765 3694 2820 metus,
3722 2769 3795 2810 ne

2185 2862 2392 2918 panper
2436 2848 2648 2916 illudat,
2690 2865 2759 2904 ne
2795 2849 2951 2905 dives
2994 2849 3260 2918 fastidiat,
3303 2864 3372 2904 nc
3400 2847 3628 2919 pulcher
3671 2848 3795 2903 irri-

2187 2936 2334 3004 deat,
2371 2953 2439 2994 ne
2477 2939 2677 2996 nobilis
2705 2942 2960 3012 spernat!

2825 3040 3058 3097 CAPUT
3085 3041 3157 3095 Χ.

554 3149 769 3212 cogatur
795 3139 940 3192 luxui
969 3147 1116 3206 atque
1138 3136 1369 3201 vanitati,
1397 3134 1585 3206 quibus
1617 3144 1856 3204 nupturae
1884 3133 2083 3186 manci-
2113 3115 2160 3180 Ο
2195 3130 2575 3205 Objicientibus
2622 3134 2969 3202 frequentium
3017 3132 3277 3189 Ambrosii
3326 3135 3394 3187 ad
3442 3133 3795 3204 virginitatem

555 3241 767 3302 ραιιιιιν,
794 3243 984 3282 morem
1016 3242 1212 3298 gerere.

553 3321 644 3377 54.
667 3320 808 3387 Quid
841 3317 1008 3373 illud?
1039 3318 1267 3385 Quantm
1297 3315 1575 3374 felicitatis
1626 3324 1732 3375 est.
1760 3313 1903 3384 quod
1932 3311 2079 3368 nulla

484 3429 582 3472 vos
611 3412 844 3470 habendi
879 3411 1151 3482 cupiditas
1182 3411 1521 3466 inﬂammat?
1548 3410 1762 3480 Pauper
1799 3407 1945 3480 qttod
1986 3408 2082 3461 Ita-

487 3510 582 3566 bes
615 3507 808 3578 poscit,
854 3505 998 3575 quod
1047 3519 1154 3562 non
1187 3504 1358 3560 trabes
1401 3520 1510 3560 non
1542 3503 1795 3570 requirit.
1839 3500 2079 3555 Fructus

483 3599 688 3654 laboris
717 3599 790 3652 tui
824 3596 1111 3651 thesaurus
1143 3603 1229 3650 est
1271 3595 1444 3664 inopi,
1475 3601 1530 3649 et
1565 3593 1675 3648 duo
1721 3606 1830 3647 aera
1873 3592 1919 3648 si
1961 3589 2078 3646 sola

484 3692 617 3755 sint,
641 3705 841 3750 census
877 3699 962 3744 est
992 3687 1291 3758 largientis.

557 3781 670 3846 54⁸.
699 3779 880 3837 cAudi
907 3794 1056 3851 ergo,
1085 3779 1712 3849 soror.quantiscareas.
1743 3775 1876 3832 Nam
1897 3788 2091 3834 cavere

486 3874 615 3946 quid
646 3873 870 3938 debeas,
914 3886 1014 3928 nec
1059 3887 1236 3930 meum
1278 3880 1364 3930 est
1393 3871 1614 3936 docere,
1644 3884 1744 3927 nec
1792 3878 1945 3924 tuum
1973 3866 2086 3922 dis-

561 3998 588 4026 ι
620 3987 828 4043 Theod.
875 4001 937 4041 ac
969 3986 1105 4040 Tell.
1149 3986 1298 4051 cod.,
1329 3985 1464 4041 Hinc
1503 3987 1638 4058 legio
1666 3987 1824 4058 etiam
1863 3985 2075 4058 dicitur.

489 4059 644 4128 Quod
671 4060 716 4114 si
753 4060 837 4114 cui
867 4059 1132 4124 arriserit,
1167 4058 1513 4114 referendum
1542 4056 1649 4112 erit
1678 4057 1745 4113 ad
1776 4056 2079 4116 diabolum,

489 4147 649 4200 quem
678 4131 747 4185 ob
774 4130 1140 4197 impuritatcm
1174 4129 1545 4200 ianrvangclio
1575 4131 1825 4199 legionem
1869 4128 2076 4200 dictum

491 4197 693 4254 indicat
737 4201 967 4253 Sanctus
1014 4207 1200 4252 noster
1239 4199 1329 4254 lib.
1363 4197 1416 4254 vi
1455 4203 1506 4252 in
1548 4197 1771 4263 Lucam,
1808 4214 1956 4252 num.
1983 4197 2072 4249 t7.

494 4271 683 4325 Melius
717 4277 898 4321 tamen
933 4268 1146 4336 reliqui,
1175 4277 1336 4336 atque
1365 4270 1520 4333 cdit.,
1561 4269 1694 4320 Ilmc
1725 4270 1930 4340 religio.
1965 4277 2074 4340 etc.

494 4343 638 4395 (lare
665 4349 844 4393 autem
870 4345 1024 4409 putes
1056 4352 1241 4393 vocem
1270 4341 1451 4409 religio
1473 4355 1502 4392 a
1531 4341 1762 4392 castitate
1791 4337 1985 4392 deduci
2009 4337 2078 4390 ab

493 4411 802 4466 Ambrosio.
828 4407 964 4477 Quid
987 4410 1130 4481 enim
1157 4411 1296 4464 inter
1321 4407 1414 4462 bas
1437 4409 1987 4481 voccsctngnalionis?
2011 4409 2081 4462 At

490 4499 620 4537 vero
650 4499 829 4535 nomen
861 4480 1076 4545 accepit,
1119 4480 1481 4547 interpretare
1525 4480 1729 4535 titulum
1769 4481 1989 4550 accepit,
2021 4491 2081 4532 ut

493 4570 687 4624 nempe
708 4553 896 4620 religio
912 4567 953 4624 v_
957 4554 966 4600 i
977 4565 1069 4619 rgo
1091 4550 1325 4624 dicatur,
1345 4552 1796 4624 quemadmodum
1823 4553 2086 4624 Continuo

497 4621 757 4695 post'ipse
787 4621 1069 4695 signiﬁcat.
1096 4621 1364 4695 Cmterum
1382 4623 1698 4695 religionem
1721 4623 1952 4695 Tullius,
1986 4623 2080 4677 lib.

493 4692 530 4750 it
555 4696 621 4748 de
647 4694 766 4749 Nat.
789 4694 977 4758 Deor.,
1001 4708 1029 4748 a
1050 4692 1350 4760 relegendo;
1381 4692 1709 4759 Laclantius,
1738 4694 1831 4750 lib.
1859 4710 1930 4756 tv,
1956 4707 2082 4760 cap.

495 4769 586 4826 28.
611 4781 640 4819 a
662 4765 964 4839 religando;
990 4765 1319 4836 Augustinus
1341 4765 1575 4838 denique
1605 4781 1632 4820 a
1661 4765 1954 4839 reeligendo
1977 4765 2084 4822 dic-

495 4847 602 4891 lam
630 4836 917 4889 afﬁrmant.

565 4906 591 4946 ι»
642 4907 933 4976 Triplicem
986 4907 1056 4978 de
1103 4906 1414 4975 angelorum
1469 4916 1689 4976 peccato
1741 4907 2076 4978 opinionem,

493 4994 653 5050 quam
674 4979 814 5050 apud
841 4978 976 5050 alios
1000 4977 1188 5050 Patres
1211 4979 1413 5050 invenit
1437 4979 1776 5044 Ambrosius,
1801 4979 1918 5046 ipse
1944 4989 2082 5050 tam-

493 5065 651 5120 quam
696 5049 1027 5120 probabilem
1069 5049 1305 5104 admis:t.
1339 5049 1574 5105 Primam
1618 5052 1815 5106 etenim
1857 5065 1977 5120 qua,
2012 5049 2081 5101 dc

493 5119 649 5174 bonis
694 5119 899 5190 angelis
945 5120 1295 5188 intelligitur,
1337 5122 1480 5188 quod
1532 5122 1725 5190 legitur
1779 5119 2078 5174 secundum

494 5189 637 5244 LXX
668 5206 680 5242 :
723 5188 970 5242 Viderunt
996 5192 1163 5259 angeli
1195 5190 1287 5242 Dei
1319 5193 1454 5256 ﬁlias
1484 5188 1772 5254 hominum,
1798 5201 1928 5254 etc.,
1957 5199 2082 5260 post

493 5261 861 5329 Philonemet
889 5277 1009 5314 cum
1037 5277 1104 5313 eo
1133 5260 1322 5315 Patres
1349 5261 1462 5314 fere
1491 5263 1555 5315 ad
1591 5278 1778 5326 unum,
1823 5261 2082 5329 proponit

495 5331 580 5402 hic
608 5341 659 5402 et
690 5331 742 5383 in
769 5328 1028 5399 Apologia
1061 5330 1248 5402 David,
1278 5349 1328 5402 p.
1357 5333 1482 5387 675.
1503 5333 1752 5387 Secunda
1779 5349 1898 5402 qua:
1927 5328 2082 5385 enm-

493 5401 614 5456 dem
649 5401 822 5472 locum
848 5403 913 5472 de
944 5403 1096 5455 malis
1118 5401 1337 5471 Angelis
1363 5404 1473 5472 jam
1509 5414 1732 5471 propter
1769 5401 2080 5471 superbiam

493 5474 558 5526 tle
590 5471 729 5526 cmlo
759 5471 922 5538 lapsis
958 5476 1201 5540 exponit,
1247 5491 1314 5527 ex
1357 5471 1550 5528 eodem
1594 5474 1819 5528 Philone
1855 5483 1908 5536 et
1958 5475 2082 5529 aliis

494 5542 770 5618 notimillis
795 5543 1082 5618 exhibetur
1110 5544 1200 5599 lib.
1236 5545 1303 5618 tle
1330 5545 1444 5618 Noe
1471 5558 1525 5600 et
1553 5550 1688 5618 Arca
1721 5560 1842 5618 cap.
1876 5549 1930 5618 4,
1951 5560 2073 5618 pag.

492 5613 585 5664 25.
613 5611 795 5683 Tertia
834 5612 1050 5666 demum
1093 5631 1213 5683 quae
1243 5615 1311 5669 de
1346 5615 1578 5670 liliorum
1627 5615 1757 5670 Seth
1790 5611 2077 5683 coniugiis

491 5698 610 5755 cum
646 5681 855 5755 tiliabus
877 5683 1007 5734 Cain
1033 5681 1204 5738 locum
1235 5685 1490 5755 explicat,
1523 5686 1812 5755 praefertur
1836 5687 1889 5739 in
1915 5681 2077 5740 reuin-

489 5751 611 5808 dein
635 5749 826 5822 psalm.
854 5763 1048 5821 cxvni,
1073 5749 1323 5828 δεταιηῆ
1348 5749 1656 5828 ρεεζιῦυ.
1697 5755 1781 5814 Ad
1807 5770 1943 5828 quos
1963 5771 2083 5814 om-

2105 4451 2165 4514 D

2267 3223 2684 3280 cxhortationum
2726 3226 2927 3280 nullum
2961 3230 3189 3297 fructum
3234 3241 3344 3279 esse
3391 3234 3447 3278 ut
3476 3226 3790 3295 satisfaciat,

2263 3315 2482 3372 adducit
2512 3317 2748 3386 exempla
2781 3334 2898 3370 cum
2933 3317 3159 3371 aliarum
3185 3316 3465 3389 virginum,
3492 3325 3601 3368 tum
3631 3315 3794 3370 Man-

2264 3408 2606 3464 ritanensium
2629 3425 2690 3462 ac
2703 3407 3112 3463 Bononiensium
3138 3423 3156 3462 :
3184 3409 3274 3463 sed
3305 3408 3488 3461 Irarum
3535 3408 3795 3479 imprimis

2263 3500 2476 3555 virtutes
2509 3518 2570 3556 ac
2596 3503 2950 3574 propagandae
2989 3502 3300 3574 virginitatis
3320 3501 3561 3555 ardorem
3584 3501 3794 3556 laudat.

2249 3595 2356 3650 '57.
2390 3595 2543 3651 Dicet
2569 3596 2767 3666 aliquis
2797 3614 2809 3650 :
2845 3596 2925 3651 Tu
2957 3595 3112 3651 nobis
3138 3594 3380 3666 quotidie
3408 3596 3682 3663 virginum
3707 3611 3798 3650 ca-

2199 3685 2282 3742 nis
2315 3686 2526 3743 laudes.
2547 3687 2685 3754 Quid
2722 3689 2913 3744 iaciam
2945 3689 3035 3758 qui
3067 3688 3258 3744 eadem
3283 3685 3528 3757 quotidie
3560 3688 3794 3756 cantito,

2199 3787 2257 3832 et
2288 3779 2512 3848 prolicio
2541 3781 2717 3834 nihil?
2742 3780 2850 3836 Sed
2895 3797 3002 3835 non
3040 3795 3161 3834 mea
3189 3778 3368 3850 culpa.
3407 3778 3649 3846 Denique
3679 3787 3706 3824 8
3729 3777 3798 3833 de

2198 3869 2520 3926 Placentino
2562 3872 2846 3927 sacrandus
2893 3871 3132 3942 virgines
3172 3869 3418 3936 veniunt,
3447 3865 3476 3905 ιι
3521 3868 3589 3924 de
3621 3869 3798 3924 Bono--

2189 3999 2286 4058 nes
2327 3987 2474 4042 locos
2502 3987 2624 4042 vide
2654 4002 2777 4058 quae
2806 3995 2932 4041 sunt
2961 4003 2989 4039 a
3029 3986 3188 4041 nobis
3215 3985 3618 4058 animadversa.
3650 3985 3796 4043 lnte-

2187 4056 2288 4110 rim
2337 4069 2515 4114 autem
2565 4056 2888 4113 observabis
2927 4073 3046 4112 eam
3079 4057 3390 4126 opinionem
3433 4073 3555 4126 quae
3598 4067 3794 4124 quarto

2186 4130 2384 4184 saeculo
2408 4145 2472 4186 ex
2509 4130 2806 4195 Ambrosii,
2828 4129 3147 4200 Hieronymi
3172 4137 3227 4184 et
3247 4129 3532 4200 Augustini
3556 4132 3796 4184 auctori-

2188 4205 2296 4254 tate
2330 4213 2451 4255 nata
2486 4201 2720 4263 videtur,
2748 4201 2920 4254 solam
2949 4199 3294 4268 postmodum
3324 4199 3644 4254 obtinuisse.

2261 4282 2281 4306 π
2317 4271 2371 4326 In
2412 4270 2647 4326 editione
2702 4271 3134 4326 Benedictiniana
3179 4269 3375 4340 duplex
3422 4285 3678 4324 nnwerus
3724 4270 3795 4326 54

2190 4354 2478 4412 usurpatur
2503 4360 2514 4394 :
2541 4355 2823 4412 utrumque
2847 4340 3256 4410 exscripsimns,
3282 4341 3632 4410 posteriorem
3651 4351 3800 4397 aste-

2189 4411 2331 4484 risco
2343 4415 2636 4484 signantes.
2655 4411 2799 4470 Idem
2813 4414 3076 4476 asterisci,
3099 4412 3376 4481 quotiescu
3387 4427 3541 4482 inque
3561 4428 3690 4465 num
3703 4426 3797 4468 ero

2194 4482 2450 4553 aliigitur,
2483 4499 2690 4538 sensus.
2730 4485 2857 4539 lion.

2267 4553 2292 4592 ά
2327 4554 2495 4622 Eilit.,
2528 4557 2720 4625 rejecta
2751 4554 2952 4608 decoris
2974 4571 3098 4608 cura
3121 4553 3235 4623 plus
3269 4555 3452 4625 placet.

2275 4637 2298 4665 ι’
2328 4621 2528 4680 Omnes
2557 4621 2687 4679 edit.
2729 4641 2851 4679 cum
2896 4641 3026 4678 mss.
3060 4621 3170 4678 uno
3202 4621 3285 4677 vel
3317 4625 3512 4687 altero,
3541 4621 3690 4677 Certe
3718 4626 3792 4679 la-

2195 4713 2326 4752 cera:
2354 4697 2645 4751 vulneribus
2667 4712 2835 4761 aures,
2866 4706 2914 4750 et
2936 4697 3194 4760 depressae
3231 4711 3380 4748 onere
3406 4697 3610 4749 miserae
3631 4702 3800 4749 cerui-

2197 4783 2278 4822 ces
2309 4785 2409 4822 non
2438 4779 2552 4821 sunt
2583 4768 2917 4821 alla-amenta
2949 4782 3233 4832 poenarum,
3253 4766 3363 4824 sed.
3389 4775 3496 4822 etc.
3525 4767 3651 4820 Mss.
3683 4783 3798 4822 non

2196 4839 2375 4906 pauci,
2422 4837 2609 4893 Carnes
2656 4839 2852 4892 laceras
2886 4837 3200 4897 t'ulneribus,
3244 4852 3391 4907 aures
3436 4846 3485 4891 et
3531 4833 3798 4907 depressai

2197 4927 2353 4964 onera
2377 4910 2582 4962 cervicis
2605 4908 2867 4962 miserare.
2895 4908 3016 4962 Non
3041 4917 3182 4968 sunt,
3206 4915 3315 4960 etc.
3337 4906 3544 4978 Reliqui
3569 4906 3794 4962 demum

2197 4981 2412 5044 melius,
2454 4990 2510 5035 ut
2551 4981 2602 5032 in
2635 4988 2802 5032 textu.
2837 4979 3008 5034 Porro
3048 4981 3092 5032 si
3139 4987 3308 5032 totum
3344 4979 3484 5031 hunc
3520 4979 3697 5031 locum
3733 4979 3800 5033 li-

2200 5051 2321 5104 beat
2343 5066 2463 5110 cum
2486 5051 2552 5106 iis
2568 5065 2688 5118 qum
2712 5055 2762 5102 in
2786 5051 3033 5106 eamdem
3057 5048 3341 5104 materiam
3369 5048 3623 5118 leguntur
3647 5049 3798 5116 apud

2195 5121 2366 5175 Clem.
2402 5124 2553 5175 Alex.
2587 5122 2680 5174 lib.
2708 5136 2743 5173 ιι
2775 5121 3053 5191 Purdagngi
3085 5123 3190 5184 sui,
3214 5133 3336 5191 cap.
3363 5119 3460 5191 12,
3484 5129 3536 5172 et
3559 5119 3795 5172 Tertull.

2195 5193 2264 5245 de
2291 5192 2445 5246 Cultu
2474 5192 2658 5245 femin.
2689 5206 2808 5256 cap.
2840 5191 2893 5255 6,
2921 5189 3291 5260 componere;
3327 5189 3465 5244 haud
3496 5204 3638 5259 aegre
3676 5191 3799 5243 ani-

2197 5263 2505 5316 ntadvcrlcs
2520 5262 2806 5316 Ambrosio
2824 5265 3031 5331 priscos
3053 5259 3220 5316 hosce
3237 5259 3428 5315 Patres
3447 5275 3793 5330 nequaquam

2198 5333 2363 5387 fuisse
2397 5333 2718 5401 inetxgnitos.

2273 5403 2290 5442 τ
2319 5406 2388 5458 Ita
2419 5423 2547 5457 Ittss.
2568 5418 2760 5474 magno
2781 5419 3006 5458 numero
3033 5423 3044 5456 :
3074 5405 3319 5460 nonnulli
3347 5414 3524 5458 tamen
3549 5408 3604 5455 et
3625 5401 3794 5474 edit.,

2198 5476 2260 5532 Si
2273 5476 2442 5528 cervix
2459 5473 2730 5543 premitur,
2746 5475 2790 5524 si
2807 5477 3072 5542 gravaturi
3086 5493 3313 5541 ncessns,
3330 5475 3405 5528 nil
3418 5474 3661 5544 pretium,
3680 5473 3792 5531 etc.

2269 5556 2293 5592 ις
2336 5547 2460 5598 Mss.
2502 5543 2728 5610 aliquot,
2776 5544 2840 5597 de
2882 5544 3251 5601 Placentinosa
3294 5548 3516 5617 grandes
3559 5543 3800 5618 virgines

2195 5618 2404 5671 veniunt
2436 5633 2452 5667 :
2498 5629 2604 5666 non
2643 5622 2806 5668 recte.

2269 5687 2297 5724 ιι
2327 5685 2407 5740 De
2438 5684 2748 5740 Bononiensi
2789 5687 3016 5758 veniunt,
3049 5687 3099 5742 in
3149 5703 3282 5744 mss.
3325 5701 3492 5756 prope
3536 5687 3799 5744 onmibus

2198 5757 2560 5814 desideratur.

2237 5767 2444 5817 estdera
2456 5767 2560 5814 tur.
