3974 6186
219 233 314 291 Ξοὸ

1453 231 1542 292 DE
1578 232 1975 295 VBGINIBUS
2014 235 2146 297 LIB.
2187 236 2229 295 l.

3388 245 3499 304 206

214 342 640 410 niensiveniunt,
675 342 749 399 de
782 343 1100 403 Mauritania
1128 346 1377 412 veniunt,
1410 354 1469 401 ut
1495 346 1585 403 hic
1607 346 1797 405 velen-
1820 361 1870 420 Α
1899 345 2069 404 ﬂabra
2111 347 2332 418 pudoris
2360 346 2605 417 aspirent
2632 363 2648 400 ε
2689 345 2790 410 sed
2835 344 2968 404 illud
2994 348 3310 419 gloriosius,
3343 352 3387 408 si
3414 361 3497 410 te-

217 446 315 493 tur.
336 436 578 505 Magnam
606 452 725 494 rem
751 436 972 494 videtis.
997 437 1096 494 Hic
1119 446 1312 501 tracto,
1334 448 1390 494 et
1414 437 1544 495 alibi
1566 454 1792 510 persua-

212 528 324 584 deo.
353 527 410 583 Si
437 526 511 583 ita
545 538 652 596 est,
695 529 829 586 alibi
858 539 1173 598 tractemus,
1205 540 1232 569 α
1278 540 1337 588 ut
1375 532 1530 589 vobis
1567 548 1790 604 persua-

213 620 443 679 deamus.

275 713 356 769 58.
386 710 549 779 Quid,
589 712 738 783 quod
782 714 949 770 etiam
991 714 1084 785 qui
1130 730 1218 771 me
1267 730 1376 770 non
1421 715 1672 784 audiunt,
1704 732 1794 774 se-

211 814 432 873 quuntur
458 822 473 856 :
506 803 600 876 qui
627 804 880 872 audiunt,
911 819 1018 860 non
1051 805 1393 876 sequuntur?
1418 805 1555 862 Nam
1587 807 1794 878 pleras-

210 912 305 968 que
335 897 568 968 virgines
594 899 828 970 cognovi
861 898 1024 962 velle,
1051 906 1108 954 et
1146 897 1431 969 prohiberi
1459 900 1624 955 etiam
1669 915 1795 972 pro-

208 988 314 1044 dire
340 1004 369 1044 τι
398 989 703 1055 matribus,
745 998 802 1045 et
831 990 977 1060 quod
1024 1000 1107 1044 est
1147 991 1389 1061 gravius,
1421 990 1624 1061 viduis,
1669 1007 1791 1051 cum

208 1080 384 1150 quibus
413 1080 505 1135 hic
528 1080 662 1135 mihi
691 1096 875 1137 sermo
898 1091 1003 1139 est.
1028 1081 1239 1152 Nempe
1258 1081 1287 1121 ι)
1308 1084 1351 1137 si
1377 1083 1652 1140 hominem
1684 1084 1797 1142 vel-

208 1172 308 1229 lent
334 1188 519 1229 amare
551 1174 682 1230 filia:
703 1183 922 1240 vestras,
947 1191 1048 1247 per
1078 1175 1230 1245 leges
1259 1175 1415 1247 161
1446 1188 1669 1245 possent
1695 1177 1795 1233 eli-

205 1281 323 1339 gere
358 1268 779 1338 quem'vellent.
809 1267 1024 1337 Quibus
1066 1265 1231 1339 igitur
1273 1268 1546 1323 hominem
1588 1268 1794 1339 eligere

206 1358 345 1427 licet,
371 1358 543 1419 Deum
572 1376 686 1419 non
715 1360 881 1416 licet?

266 1451 351 1507 59.
380 1452 731 1508 Contuemini
753 1468 916 1522 quam
944 1452 1122 1509 dulcis
1150 1452 1428 1524 pudicitiae
1468 1452 1674 1510 fructus
1697 1454 1794 1521 sit,

201 1544 282 1616 qui
300 1544 608 1602 barbaricis
635 1561 853 1616 quoque
886 1546 1117 1603 inolevit
1147 1546 1454 1602 afl‘eCtihus.
1478 1545 1557 1601 Ex
1589 1546 1795 1603 ultimis

205 1636 328 1692 infra
357 1637 612 1710 ultraque
635 1639 973 1696 Mauritaniae
997 1640 1244 1711 partibus
1278 1639 1530 1703 deductae
1554 1642 1795 1712 virgines

206 1729 284 1787 hic
332 1735 534 1789 sacrari
568 1735 846 1804 gestiunt;
882 1743 938 1791 et
991 1750 1114 1791 cum
1171 1735 1281 1791 sint
1338 1750 1530 1791 omnes
1574 1735 1791 1790 familia:

206 1832 226 1861 ε
246 1823 292 1878 in
312 1824 563 1892 vinculis,
580 1825 839 1895 pudicitia
859 1835 1039 1883 tamen
1054 1828 1229 1884 nescit
1245 1843 1369 1884 esse
1389 1829 1627 1898 captiva.
1657 1828 1792 1884 Pru-

201 1915 364 1971 fitetur
388 1931 628 1989 regnum
659 1919 999 1984 aeternitatis,
1029 1935 1149 1989 quae
1172 1926 1369 1974 niteret
1392 1918 1650 2001 iniuriam
1675 1932 1792 1975 ser-

204 2006 387 2062 ritutis.

260 2100 341 2157 60.
367 2101 497 2157 Nam
522 2103 659 2174 quid
683 2103 754 2160 de
780 2104 1223 2161 Bononiensibus
1243 2106 1548 2178 virginibus
1571 2107 1785 2177 loquar,

200 2191 408 2253 fecundo
440 2194 675 2264 pudoris
714 2198 937 2267 agmine
957 2239 973 2264 ,
1004 2214 1126 2269 quae
1169 2199 1461 2263 mundanis
1492 2216 1553 2259 se
1580 2200 1794 2263 deliciis

197 2282 516 2350 abdicantes,
568 2288 877 2343 sacrarium
924 2290 1254 2359 virginitatis
1293 2291 1576 2348 incolunt?
1605 2292 1736 2351 Sine
1761 2298 1792 2342 «ι

198 2378 556 2433 contubernali
606 2394 773 2445 sexu,
825 2380 1208 2437 contubernali
1262 2382 1467 2452 pudore
1518 2393 1791 2453 provectu:

196 2467 254 2523 ad
281 2469 609 2527 vicenarium
651 2486 938 2528 numerum
962 2514 975 2535 ,
1007 2482 1061 2528 et
1103 2473 1485 2530 centenarium
1526 2474 1787 2543 fructum,

197 2560 471 2633 relictoque
515 2571 815 2633 parentum
857 2564 1115 2636 hospitio,
1155 2566 1387 2621 tendunt
1424 2568 1476 2622 in
1526 2567 1788 2625 taberna-

194 2652 317 2708 culis
342 2651 575 2723 Christi,
596 2654 885 2713 indefessa:
916 2656 1117 2713 milites
1145 2659 1411 2719 castitatis
1442 2676 1456 2715 :
1488 2674 1633 2715 nunc
1659 2674 1787 2717 can-

194 2744 301 2801 ticis
340 2747 689 2815 spiritalibus
722 2759 1059 2818 personant,
1090 2766 1237 2805 nunc
1278 2751 1481 2805 victum
1526 2751 1788 2821 operibus

193 2852 447 2908 exercent,
470 2841 805 2900 liberalitati
840 2859 1057 2914 quoque
1084 2843 1387 2899 subsidium
1432 2860 1597 2900 manu
1641 2860 1790 2915 qua:-

198 2948 284 2989 1⁵υο
292 2943 329 2989 ῑ.

254 3028 335 3087 6f.
354 3031 581 3099 Quodsi
615 3036 639 3066 θ
661 3031 1030 3103 investigandi
1058 3032 1300 3103 virgines
1329 3033 1619 3091 inoleverit
1649 3034 1785 3090 odor

1898 455 2048 497 uerae
2075 441 2215 511 ignis
2251 440 2429 497 aetatis
2457 441 2621 498 etiam
2652 440 2773 498 sine
2820 442 3096 498 veteribus
3146 447 3494 507 nutrimentis

1896 541 2093 602 sponte
2123 548 2183 589 se
2208 534 2386 603 rapiat
2420 533 2475 588 in
2507 532 2751 589 fomitem
2785 533 3071 592 castitatis.
3101 535 3295 593 Dotem
3325 553 3493 610 nega—

1896 625 2031 681 bunt
2077 635 2377 697 parentes:
2409 625 2504 682 sed
2545 625 2716 683 habes
2755 625 2981 687 divitem
3032 642 3296 698 sponsum
3336 630 3493 699 cujus

1894 724 2152 772 contenta
2181 716 2467 784 thesauro,
2502 717 2692 787 patriae
2729 718 3097 775 successionis
3122 720 3493 776 emolumenta

1895 822 2004 862 non
2033 822 2269 878 quaeras.
2312 806 2525 876 Quanto
2568 807 2847 865 dotalibus
2884 819 3106 880 praestat
3153 812 3496 884 compendiis

1895 908 2044 954 easta
2077 908 2369 970 paupertas
2391 901 2404 955 ε

1965 989 2055 1046 65.
2090 990 2157 1053 Et
2197 1002 2378 1049 tamen
2427 1007 2589 1062 quam
2640 991 2871 1057 audistis
2919 993 3213 1064 aliquando
3268 1007 3493 1069 propter

1893 1081 2134 1143 studium
2189 1083 2537 1154 integritatis,
2580 1084 2834 1154 legitimae
2879 1085 3078 1143 factam
3126 1088 3493 1145 successionis

1893 1175 2210 1232 extorrem?
2231 1173 2628 1239 Contradicunt
2652 1186 2904 1249 parentes
2933 1194 2948 1231 :
2975 1178 3071 1235 sed
3104 1179 3295 1235 volunt
3325 1179 3490 1239 vinci.

1894 1267 2176 1323 Resistunt
2209 1268 2406 1337 primo,
2443 1270 2568 1339 quia
2599 1270 2826 1329 credere
2859 1270 3047 1326 timent
3089 1288 3103 1325 :
3138 1271 3493 1343 indignantur

1895 1358 2230 1431 frequenter,
2263 1368 2325 1416 ut
2349 1360 2529 1416 discas
2557 1362 2774 1418 vincere
2799 1378 2811 1415 :
2842 1360 3241 1425 abdicationem
3279 1366 3491 1421 minan-

1898 1461 2006 1517 tur,
2035 1459 2094 1508 ut
2114 1460 2324 1508 tentent
2343 1453 2389 1507 si
2415 1461 2571 1522 potes
2611 1453 2868 1511 damnum
2895 1454 3083 1510 saeculi
3115 1471 3225 1512 non
3255 1456 3447 1513 timere
3473 1475 3487 1513 :

1895 1544 2139 1615 quaesitis
2190 1543 2545 1600 blandiuntur
2592 1545 2887 1614 illecebris,
2940 1554 3000 1601 ut
3038 1547 3257 1603 videant
3302 1548 3350 1603 si
3396 1564 3491 1603 vu-

1892 1637 2093 1691 riarum
2128 1637 2341 1692 mollire
2374 1636 2531 1711 162
2556 1645 2609 1692 te
2633 1652 2742 1697 non
2785 1645 2949 1709 queat
2993 1638 3255 1701 blanditia
3296 1638 3486 1710 volup-

1898 1728 2427 1795 tatum.Exerceris,
2473 1730 2647 1800 virgo,
2695 1729 2822 1783 dum
2874 1729 3107 1800 cogeris.
3138 1730 3205 1784 Et
3249 1729 3368 1786 haec
3398 1730 3491 1787 tibi

1897 1821 2069 1889 prima
2098 1821 2419 1887 certamina,
2461 1821 2620 1876 auxia
2652 1830 2936 1891 parentum
2982 1832 3106 1878 vota
3152 1834 3487 1895 proponunt.

1895 1912 2065 1971 Vince
2104 1916 2276 1987 prius,
2326 1914 2527 1987 puella,
2572 1915 2853 1987 pietatem.
2912 1916 2969 1974 Si
3020 1918 3193 1975 vincis
3243 1919 3486 1986 domum,

1893 2006 2067 2062 vincis
2097 1996 2381 2064 saeculum.

1964 2097 2056 2153 64.
2083 2109 2108 2147 8
2139 2098 2247 2155 Sed
2295 2107 2415 2155 esto
2461 2109 2718 2156 maneant
2756 2115 2854 2157 vos
2884 2101 3081 2157 damna
3130 2104 3443 2173 patrimonii
3476 2121 3488 2158 :

1894 2205 2074 2245 nonne
2096 2191 2424 2247 eaducarum
2457 2200 2513 2246 et
2538 2191 2808 2262 fragilium
2838 2192 3121 2264 dispendia
3172 2194 3491 2252 facultatum

1892 2284 2072 2341 futura
2099 2285 2223 2341 caeli
2252 2300 2423 2357 regna
2451 2287 2842 2356 compensant?
2865 2287 3201 2360 Quamquam
3231 2291 3276 2345 si
3304 2291 3489 2351 verbis

1891 2379 2213 2437 ctelestibns
2250 2378 2547 2446 credimus,
2603 2394 2766 2443 nemo
2803 2390 2885 2436 est
2936 2380 3026 2452 qui
3075 2382 3359 2455 reliquerit
3387 2383 3490 2439 do-

1894 2488 2065 2539 mum,
2117 2482 2211 2529 aut
2254 2482 2531 2544 parentes,
2574 2482 2668 2529 aut
2698 2472 2917 2541 fratres,
2944 2484 3038 2531 aut
3083 2490 3309 2537 uxorem
3337 2518 3353 2547 ,
3398 2488 3496 2534 aut

1892 2566 2059 2633 filios,
2087 2574 2313 2637 propter
2343 2580 2568 2636 regnum
2612 2565 2731 2630 Dei,
2778 2575 2835 2622 et
2866 2581 2971 2622 non
3018 2566 3249 2638 recipiat
3287 2569 3492 2638 septies

1893 2666 2099 2711 tantum
2138 2657 2191 2711 in
2228 2656 2334 2713 hoc
2365 2667 2609 2727 tempore
2643 2674 2656 2711 :
2690 2656 2742 2715 in
2774 2658 2982 2715 saeculo
3023 2669 3205 2717 autem
3254 2669 3491 2718 venturo

1890 2748 2057 2804 vitam
2103 2756 2361 2804 aeternam
2416 2747 2718 2819 possidebit
2760 2748 2978 2821 (Matth.
3013 2766 3124 2820 nx,
3154 2749 3273 2822 29).
3315 2751 3493 2810 Crede

1890 2843 2050 2903 fidem
2085 2853 2228 2898 tuam
2256 2843 2411 2903 Deo:
2446 2857 2568 2915 quae
2607 2841 2814 2897 homini
2848 2845 3133 2914 pecuniam
3164 2844 3380 2911 credis,
3414 2845 3495 2903 fe-

1889 2951 2085 2999 nerare
2129 2936 2368 2992 Christo.
2395 2936 2584 2992 Bonus
2639 2935 2907 3008 depositae
2950 2939 3066 3009 spei
3097 2946 3282 2997 custos
3309 2939 3493 2997 multi-

1890 3028 2104 3099 plicatis
2135 3027 2260 3084 fidei
2299 3038 2404 3085 tua:
2451 3029 2712 3085 talentum
2760 3029 2931 3087 solvit
2974 3030 3178 3087 usuris.
3201 3032 3322 3089 Non
3354 3033 3491 3091 fallit

192 3118 437 3194 (namque
487 3138 612 3194 prae
660 3125 879 3180 exteris
911 3123 1227 3194 speculandi
1268 3137 1522 3181 renatum
1556 3126 1781 3195 pudoris
1807 3126 1852 3188 ο
1889 3122 2114 3188 veritas,
2144 3135 2256 3177 non
2286 3120 2687 3179 circumscribit
2722 3121 2954 3195 iustitia,
2989 3139 3098 3181 non
3143 3124 3348 3197 decipit
3376 3128 3488 3183 vir-

193 3215 503 3288 etplorant),
530 3216 667 3272 totis
696 3231 949 3271 curarum
992 3216 1233 3287 vestigiis
1258 3217 1495 3287 praedam
1524 3218 1780 3275 latentem

193 3322 343 3377 usque
386 3310 453 3365 ad
494 3312 623 3380 ipsa
644 3309 846 3375 cubilia
887 3318 1291 3381 persequuntur
1324 3327 1337 3363 :
1368 3320 1459 3364 aut
1484 3312 1528 3365 si
1556 3309 1785 3366 liberior

191 3400 402 3471 alicujus
425 3404 653 3459 volatus
679 3401 970 3469 affulserit,
1000 3403 1126 3458 totis
1157 3417 1349 3458 omnes
1384 3402 1573 3458 videas
1599 3417 1783 3458 assur-

192 3511 305 3566 gere
342 3497 465 3564 alis,
502 3512 858 3568 concrepare
904 3496 1120 3567 pennis,
1167 3496 1407 3559 emicare
1453 3496 1678 3567 plausu;
1727 3503 1785 3550 ut

200 3598 334 3646 casto
361 3590 641 3661 pudicitiae
693 3590 864 3647 choro
908 3590 1130 3659 cingant
1158 3589 1455 3656 volantem,
1487 3590 1665 3645 donec
1706 3588 1784 3643 al-

193 3678 325 3741 benti
361 3682 643 3740 delectata
672 3682 955 3747 comitatu,
981 3681 1036 3736 in
1067 3682 1251 3752 plagas
1282 3680 1504 3750 pudoris
1539 3690 1594 3735 et
1625 3679 1779 3737 inda-

196 3772 357 3842 Slnem
380 3776 658 3841 castitatis
693 3772 713 3813 ί
743 3773 942 3831 domus
971 3771 1163 3843 patriae
1193 3772 1362 3829 oblita
1384 3813 1399 3839 ,
1429 3771 1705 3829 succedat.

811 3864 1040 3922 CAPUT
1081 3864 1173 3921 XI.

206 3956 261 4012 Ut
285 3961 503 4030 optabile
528 3961 598 4019 sit
619 3960 811 4032 uirgini
839 3962 1011 4031 {auem
1038 3968 1275 4030 parentes
1300 3974 1443 4025 suos,
1479 3965 1783 4015 cumtamen

262 4050 403 4117 laude
420 4054 618 4128 majori
654 4052 866 4124 dignam
889 4068 1019 4120 esse,
1052 4067 1206 4122 quam
1227 4051 1291 4105 iis
1312 4051 1681 4106 reluctantibus
1701 4050 1784 4102 di-

265 4145 399 4201 citur:
443 4161 598 4203 amor
637 4146 706 4201 ad
753 4144 852 4200 hoc
894 4145 1219 4214 propositum
1264 4144 1604 4217 instigaverit.
1657 4143 1783 4197 Non

262 4238 524 4297 timendam
550 4238 715 4309 igitur
762 4252 854 4292 nec
890 4236 991 4293 vim
1034 4246 1305 4305 parentum
1349 4252 1440 4293 nec
1481 4235 1784 4306 patrimonii

256 4328 544 4399 iacturam;
574 4328 718 4397 quod
753 4327 1076 4383 memorabili
1125 4326 1310 4385 nobilis
1337 4344 1398 4382 ac
1432 4327 1534 4399 pia:
1562 4328 1781 4400 uirginis

260 4421 388 4491 facta
416 4422 785 4491 conﬁrmatur.

1889 3224 1998 3271 tus.
2031 3214 2187 3283 Quod
2212 3213 2259 3270 si
2285 3228 2395 3271 non
2424 3213 2648 3271 creditis
2671 3216 2919 3285 oraculo,
2954 3217 3042 3277 vel
3064 3219 3332 3293 exemplis
3370 3235 3491 3278 cre-

1887 3308 2022 3365 dite.

1957 3399 2048 3456 65.
2075 3398 2350 3455 Memoriae
2381 3407 2582 3457 nostrae
2612 3397 2794 3469 puella
2825 3397 3028 3455 dudum
3062 3401 3262 3461 nobilis
3302 3403 3353 3457 in
3383 3419 3487 3461 sm-

1885 3491 2030 3557 culo,
2062 3505 2209 3547 nunc
2246 3487 2485 3546 nobilior
2531 3489 2663 3553 Deo,
2702 3505 2826 3549 cum
2859 3500 3146 3563 urgeretur
3171 3494 3237 3551 ad
3269 3498 3486 3570 nuptias

1884 3600 1914 3639 a
1946 3583 2259 3653 parentibus
2284 3592 2340 3640 et
2370 3582 2713 3653 prepiuquis,
2748 3582 2816 3637 ad
2859 3595 3267 3643 sacrosanctum
3309 3589 3488 3647 altare

1885 3677 2145 3749 confugit.
2174 3678 2294 3746 Quo
2319 3677 2464 3732 enim
2497 3676 2693 3732 melius
2722 3673 2747 3713 ιι
2775 3678 2948 3751 virgo,
2981 3695 3143 3749 quam
3182 3681 3273 3737 ubi
3317 3684 3489 3739 sacri-

1887 3770 2066 3825 ficium
2093 3769 2415 3840 virginitatis
2445 3768 2713 3825 offertur?
2738 3768 2818 3824 Ne
2848 3770 2892 3824 is
2924 3772 3143 3840 quidem
3173 3773 3299 3828 linis
3320 3775 3489 3834 auda-

1885 3865 2002 3920 ciae.
2034 3862 2225 3918 Stabat
2246 3862 2310 3921 ad
2340 3877 2491 3925 aram
2514 3860 2611 3916 Dei
2639 3860 2863 3929 pudoris
2885 3860 3084 3927 hostia,
3110 3865 3335 3925 victima
3365 3882 3486 3925 cas-

1885 3955 2053 4012 titatis
2083 3971 2095 4007 :
2130 3967 2274 4011 nunc
2304 3952 2471 4023 capiti
2508 3951 2797 4007 dexteram
2828 3953 3130 4011 sacerdotis
3160 3958 3482 4030 imponens,

1884 4061 2101 4119 precem
2151 4060 2422 4116 poscens,
2463 4043 2796 4113 nuncjusue
2844 4044 3140 4119 impatiens
3186 4066 3375 4121 morte,
3418 4069 3483 4111 ac

1883 4154 2157 4196 summum
2208 4137 2365 4193 altari
2414 4134 2657 4205 subjecta
2696 4136 2977 4192 verticem.
3019 4136 3036 4175 ί
3071 4138 3210 4197 Num
3262 4143 3481 4212 melius,

1883 4231 2080 4304 inquit,
2111 4228 2340 4285 maforte
2370 4243 2458 4284 me
2479 4243 2640 4298 quam
2672 4227 2847 4287 altare
2872 4229 3098 4299 velabit,
3137 4234 3281 4307 quod
3316 4251 3482 4295 sanc-

1886 4325 2054 4382 tificat
2080 4322 2199 4395 ipsa
2239 4319 2547 4378 velamina?
2575 4319 2704 4377 Plus
2736 4320 2857 4375 talis
2884 4320 3047 4380 decet
3085 4322 3394 4398 flammeus,
3427 4332 3483 4388 in

1884 4432 1992 4488 quo
2035 4422 2201 4486 caput
2242 4414 2481 4473 omnium
2533 4410 2780 4468 Christus
2818 4414 3066 4483 quotidie
3108 4431 3480 4482 consecratur.

260 4514 564 4573 62.Burmm
593 4516 786 4586 itaque
814 4514 863 4571 si
890 4513 1088 4587 virgini
1114 4514 1290 4572 studia
1306 4523 1593 4586 parentum
1617 4511 1772 4585 quasi
1799 4517 1855 4578 Ι)
1877 4506 2017 4579 Quid
2059 4504 2223 4578 agitis
2251 4519 2373 4572 vos,
2405 4502 2738 4579 ριόρῐιιαυὶἳ
2764 4503 2897 4577 quid
2925 4507 3278 4578 exquirendis
3304 4510 3483 4571 adhuc

264 4680 287 4707 ⁸
310 4672 533 4798 auidum
563 4686 722 4735 mss.,
749 4679 805 4724 ut
833 4669 960 4725 alibi
980 4671 1346 4743 persuadeam.

267 4740 293 4779 ⁵
365 4743 466 4798 dit.
499 4744 560 4798 Si
589 4743 852 4798 hominem
886 4753 1155 4798 amarent:
1186 4757 1319 4796 mss.

267 4740 293 4779 ⁵
321 4740 466 4799 Edit.
499 4744 560 4799 Si
589 4743 852 4798 hominem
886 4740 1117 4796 amarent
1134 4758 1155 4809 ;
1186 4757 1319 4796 mss.
1351 4740 1540 4796 vellent
1576 4756 1772 4796 amare.

209 4809 306 4876 Qua
332 4827 510 4870 autem
547 4816 769 4869 ratione
806 4812 958 4867 locus
995 4813 1084 4868 hic
1120 4827 1244 4870 cum
1277 4813 1385 4869 alio
1413 4828 1479 4868 ex
1511 4812 1608 4869 lib.
1646 4830 1665 4868 ι
1709 4812 1778 4867 de

204 4881 481 4967 QAhrabanr,
505 4900 633 4967 capt1
643 4885 705 4967 .9,
724 4883 1101 4966 conciliandus
1124 4884 1218 4950 sit,
1254 4885 1389 4939 infra
1417 4884 1778 4954 explicabitur

207 4956 257 5006 in
275 4956 494 5021 epistola
513 4958 579 5011 ad
600 4956 923 5012 Sisittttium.
1222 5025 1234 5037 _
1530 5024 1541 5036 θ
1637 5025 1650 5036 .

266 5023 631 5097 FDesignatur
680 5027 785 5081 hoc
831 5026 954 5097 loco
995 5024 1291 5097 Tyrannus
1317 5039 1437 5097 non
1480 5023 1674 5097 Fiunt,
1721 5031 1780 5079 ttt

266 5095 405 5150 idam
444 5095 653 5163 Volunt,
686 5113 809 5151 cum
842 5095 932 5150 ille
958 5112 986 5148 a
1011 5095 1207 5161 comite
1251 5095 1564 5153 Theodosio
1604 5095 1779 5150 Theo-

294 5166 331 5220 ii
357 5166 530 5238 “agni
560 5177 785 5238 parente
810 5184 900 5221 an.
933 5168 1041 5223 373
1067 5170 1249 5238 victus
1287 5167 1450 5222 fuerit
1482 5182 1496 5220 :
1522 5166 1616 5221 sed
1665 5165 1780 5221 Gil-

202 5233 347 5308 donis
387 5233 483 5308 qui
529 5233 654 5293 licet
700 5240 755 5292 in
788 5237 1026 5292 Firmum
1066 5237 1289 5293 fratrem
1346 5245 1640 5308 pugnasset
1681 5250 1779 5305 pro

205 5305 734 5370 Romanis.eotanien
753 5309 1290 5372 exstincto,Africam
1310 5305 1539 5372 ipsemet
1556 5323 1780 5377 oppres-

203 5378 291 5446 sit,
326 5393 395 5435 ac
436 5380 832 5443 Donatistarum
880 5380 1139 5435 atrociter
1167 5378 1484 5434 Catliolicos
1519 5378 1781 5433 divuan-

206 5448 329 5505 tium
363 5461 539 5521 partes
564 5450 790 5521 adjuvit.
820 5448 979 5521 Quod
1006 5457 1189 5505 autem
1213 5451 1282 5521 ad
1314 5451 1511 5521 Legem
1540 5464 1660 5521 quae
1678 5450 1781 5503 hoc

207 5531 343 5590 me
363 5519 488 5576 data
527 5519 758 5577 habetur
785 5521 840 5577 in
871 5519 1003 5576 Cod.
1037 5520 1246 5577 'I'lteod.
1273 5532 1326 5575 et
1358 5536 1461 5590 qua
1491 5519 1783 5590 baptisma-

208 5588 510 5665 tigiteratie
534 5592 887 5665 prohibetur;
917 5605 981 5665 ea
1007 5607 1129 5665 cum
1161 5588 1437 5665 destinata
1456 5590 1631 5665 fuerit
1656 5589 1783 5665 Flaf

212 5660 375 5717 vino
397 5658 597 5732 Africa:
634 5664 836 5719 vicario
875 5663 965 5730 qui
988 5671 1043 5717 et
1070 5663 1187 5732 ipse
1227 5662 1329 5717 hac
1374 5661 1561 5717 eadem
1588 5660 1782 5715 bteresi

211 5740 325 5786 erat
350 5730 604 5799 infectus,
644 5751 751 5790 nun
777 5732 1050 5789 credenda
1080 5730 1167 5788 est
1209 5731 1467 5787 Ecclesir.
1506 5732 1783 5801 peperisse

1883 4658 2665 4736 quidquamauxilii.‘Videsis
2706 4658 2933 4736 August.
2960 4659 3054 4736 lib.
3089 4677 3123 4717 ιι
3150 4675 3341 4724 contra
3376 4672 3477 4730 Pe-

1885 4730 1963 4792 til.
1997 4730 2116 4805 cap.
2147 4734 2238 4796 83,
2269 4740 2322 4805 et
2353 4731 2512 4805 epist.
2549 4730 2601 4783 in
2631 4743 2765 4784 nova
2788 4732 2919 4805 edit.
2954 4730 3043 4805 87,
3077 4749 3225 4793 num.
3258 4741 3311 4796 8.
3341 4741 3474 4800 Item

1883 4800 2335 4863 AnunJMarcell.
2367 4802 2461 4858 lib.
2495 4815 2661 4857 xxvnt
2687 4838 2703 4865 ,
2745 4809 2802 4856 et
2843 4800 3202 4863 Claudianum
3232 4811 3306 4867 de
3328 4813 3477 4872 bello

1885 4877 2206 5008 G'Ldfdlest,
2244 4941 2576 5004 masculino,
2608 4940 2734 5010 quia
2782 4938 3013 4998 feminas
3063 4944 3181 5001 sine
3228 4951 3470 5013 virorum

1884 5014 2247 5076 contubernio
2277 5013 2477 5082 degere
2501 5020 2629 5066 tunc
2655 5026 2840 5065 rarum
2864 5019 3004 5068 erat.

1960 5100 1983 5127 θ
2014 5086 2230 5165 omnes
2246 5081 2378 5138 edit.
2406 5092 2463 5165 et
2484 5098 2616 5165 mss.
2645 5082 2774 5165 duo,
2808 5082 3475 5165 inuestigandwrirginita-

1884 5162 1949 5216 tis
1972 5178 1990 5215 :
2031 5158 2121 5211 alii
2162 5156 2402 5232 aliquot,
2434 5153 2805 5224 investigandw
2834 5153 3046 5223 uirginis
3074 5174 3093 5212 :
3122 5153 3317 5232 reliqui
3357 5184 3474 5224 ma-

1879 5233 1985 5304 jori
2011 5242 2264 5304 numero,
2293 5226 2424 5280 utin
2454 5236 2624 5304 textu.

1962 5301 1980 5342 ε
1999 5302 2088 5373 εἰς
2102 5313 2232 5373 [ηεξ.
2252 5292 2474 5373 omnes;
2499 5292 2984 5373 cdit.vero,.domur
3001 5300 3468 5373 patriequeoblita.

1958 5383 1983 5421 Β
2012 5371 2158 5427 Edit.
2193 5370 2350 5424 Rom.
2381 5370 2518 5433 sola,
2547 5368 2637 5423 sed
2677 5366 2801 5433 quid
2829 5368 2984 5437 refert
3015 5377 3060 5422 te
3097 5388 3164 5425 an
3193 5366 3318 5432 'tuos
3356 5366 3475 5437 ma-

1888 5455 2040 5522 neunt
2080 5445 2270 5522 damna
2322 5438 2655 5522 patrimonii?
2684 5439 2746 5491 Et
2798 5434 2959 5522 infra,
3011 5449 3208 5522 etnon
3254 5434 3473 5522 recipiat

1888 5516 2048 5570 multo
2090 5504 2332 5583 pluru...l
2361 5513 2517 5566 vitam
2535 5518 2798 5564 teternam.
2828 5504 3008 5576 Crede,
3038 5520 3143 5570 etc.

1959 5584 1987 5624 ιι
2009 5582 2211 5641 omnes
2239 5582 2394 5648 edit.,
2422 5586 2567 5653 uirgo
2590 5588 3052 5653 recttrreret,qttam
3076 5586 3162 5641 ubi
3180 5629 3194 5653 ,
3220 5597 3325 5646 etc.

1964 5657 1982 5694 ί
2019 5656 2244 5735 Amare:
2275 5664 2440 5735 atque
2478 5649 2608 5735 Ere,-
2642 5649 3052 5735 Ναηξ.ηω¹ίαδ.ε
3087 5649 3283 5735 ίηεξίιίίν
3322 5681 3478 5735 “am

1891 5730 2056 5783 altare
2084 5725 2268 5782 velabit
2295 5741 2312 5779 :
2337 5720 2466 5781 Gill.
2488 5730 2545 5780 ot
2568 5723 2730 5780 Rom.
2760 5720 2908 5783 Num
2934 5726 3134 5798 mlius,
3154 5720 3345 5803 inquit,
3370 5720 3485 5797 me;
