3974 6186
511 234 620 293 201

1853 229 2095 290 SANCTI
2136 229 2456 290 AMBROSII

3710 233 3810 292 208

515 353 719 425 nuptiis
745 349 1057 408 sollicitatis
1079 348 1359 404 animum?
1379 345 1706 404 Iamdudum
1749 348 1995 417 provisas
2021 347 2117 401 Ita-
2141 351 2191 411 Α
2221 350 2420 421 pietate
2451 365 2464 402 :
2493 347 2562 404 Et
2587 346 2712 404 ideo
2754 345 2984 404 fortasse
3022 346 3240 414 defecit,
3273 355 3298 386 ει
3324 361 3392 404 ne
3415 348 3538 421 quis
3587 349 3811 421 impedi-

514 446 641 502 beo.
684 445 954 515 Sponsum
1006 440 1255 496 offertis?
1312 439 1594 495 Meliorem
1648 441 1853 510 reperi.
1900 439 2114 507 Quaslir

515 538 607 593 bet
650 541 976 604 exaggerate
1006 532 1242 598 divitias,
1275 532 1477 601 jactate
1522 531 1881 596 nobilitatem,
1920 529 2115 602 praedi-

512 637 632 684 cate
655 628 952 698 potentiam
985 645 997 679 :
1025 627 1201 682 habeo
1228 642 1350 682 eum
1393 626 1481 682 cui
1517 641 1676 681 nemo
1719 641 1778 680 se
1808 633 2108 695 comparet,

511 722 732 778 divitem
784 720 1007 788 mundo,
1056 728 1335 791 potentem
1384 719 1642 789 imperio,
1677 719 1916 774 nobilem
1949 720 2109 773 coelo.

512 817 567 872 Si
603 816 764 871 talem
796 814 1028 878 habetis,
1060 830 1168 870 non
1198 812 1376 869 refuto
1403 815 1679 882 optionem
1707 828 1720 865 :
1748 813 1790 866 si
1823 827 1930 866 non
1957 826 2114 882 repe-

509 911 653 978 ritis,
683 926 794 965 non
823 908 1124 979 providetis
1168 909 1322 974 mihi,
1354 920 1631 979 parentes,
1684 906 1782 964 sed
1833 907 2112 961 invidetis.

583 1003 671 1059 66.
707 1001 1005 1058 Silentibus
1031 1001 1268 1069 caeteris,
1318 1016 1458 1055 unus
1507 1000 1792 1069 abruptius
1827 1015 1840 1052 :
1871 997 2012 1066 Quid
2043 997 2111 1066 si,

511 1097 710 1169 inquit,
737 1105 891 1166 pater
931 1105 1056 1151 tuus
1091 1096 1320 1160 viveret,
1352 1094 1634 1165 innuptam
1673 1099 1727 1147 te
1756 1107 1980 1147 mattere
2022 1106 2115 1161 pa-

505 1190 754 1248 teretur?
803 1188 938 1244 Tum
995 1190 1089 1244 illa
1139 1189 1335 1259 majori
1385 1189 1689 1261 religione,
1744 1185 2114 1243 moderatiore

511 1315 586 1360 ter
617 1317 670 1359 tu
701 1321 798 1368 me,
829 1321 984 1374 quant
1027 1304 1192 1357 altare
1240 1303 1468 1358 velabit?
1496 1302 1713 1374 optime,
1742 1318 1876 1357 vero
1925 1301 2109 1358 cuncti

509 1392 640 1432 mss.
669 1376 721 1429 Ν
727 1393 813 1429 um
841 1376 1041 1440 melius,
1073 1375 1258 1444 inquit,
1289 1380 1530 1444 maforte,
1556 1382 1666 1428 etc.
1696 1373 1987 1429 Dicebatur
2015 1388 2107 1426 au-

511 1459 617 1504 tem
645 1447 875 1501 maforte
907 1461 999 1502 seu
1018 1443 1280 1510 mavorte,
1303 1455 1360 1499 ut
1379 1443 1698 1510 Cassianus,
1725 1445 1816 1499 lib.
1846 1461 1884 1507 ι,
1913 1445 2107 1515 cap.7,

519 1520 698 1573 velum
726 1518 997 1587 quoddam
1029 1532 1138 1586 quo
1184 1517 1407 1587 virginis
1456 1518 1509 1570 in
1555 1515 1976 1571 consecratione
2016 1531 2113 1587 sua

519 1599 683 1656 caput
733 1585 1106 1657 operiebatur,
1164 1585 1292 1642 non'
1327 1602 1487 1643 secus
1532 1602 1596 1641 ac
1649 1587 1957 1640 flammeum
1998 1585 2115 1642 sive

520 1659 804 1716 flauuneus
830 1674 938 1730 quo
977 1659 1196 1731 puellte,
1229 1659 1357 1714 dum
1406 1658 1757 1714 matrimonio
1785 1658 2118 1730 copulaban-

2222 456 2466 502 mentum
2495 446 2671 516 possit
2711 444 2926 501 afferre.
2956 445 3108 513 Quod
3155 446 3245 502 ille
3274 461 3596 517 responsum
3625 445 3693 499 de
3723 459 3811 515 pa-

2223 548 2325 603 tre,
2357 537 2425 593 de
2450 552 2509 593 se
2539 539 2839 605 oraculum,
2869 548 3080 594 maturo
3125 539 3205 594 sui
3237 538 3481 609 probavit
3516 537 3709 594 exitio.
3739 536 3811 591 Ita

2221 631 2404 686 caeteri
2436 630 2623 687 eadem
2673 632 2775 686 sibi
2811 632 3040 702 quisque
3078 640 3382 688 metuentes
3405 673 3420 698 ,
3473 632 3662 687 favere
3704 647 3810 688 ete-

2221 735 2461 796 perunt,
2493 726 2584 796 qui
2616 725 2881 794 impedire
2909 726 3264 796 quarrebant:
3318 740 3420 780 nec
3465 724 3809 796 dispendium

2221 819 2524 875 debitarutn
2560 819 2740 874 attulit
2783 819 3062 889 virginitas
3109 819 3420 874 facultatum
3448 859 3461 884 ,
3513 818 3612 874 sed
3652 819 3811 875 etiam

2222 915 2652 969 emolumentum
2686 913 3013 983 integritatis
3042 912 3269 984 accepit.
3308 911 3554 979 Habetis,
3603 914 3810 982 puellae,

2223 1004 2531 1061 devotionis
2571 1003 2854 1075 praemium
2887 1013 3190 1075 :‘parentes
3213 1045 3228 1073 ,
3261 1012 3452 1060 cavete
3497 1003 3812 1061 offensionis
3900 1026 3903 1027 ν

2220 1097 2554 1168 exemplum.

2221 1310 2346 1375 tur,
2400 1299 2594 1357 faciem
2643 1299 3016 1368 obnubeliant,
3065 1298 3209 1357 unde
3256 1299 3460 1357 nubere
3504 1304 3814 1375 nuptizeque

2219 1373 2582 1428 deducuntur.
2606 1375 2856 1427 Attamen
2895 1388 3302 1443 nonnumquam
3331 1375 3496 1428 etiam
3533 1373 3815 1431 flammeus

2220 1445 2288 1516 de
2319 1445 2440 1516 velo
2462 1443 2662 1516 dicitur
2689 1443 2957 1516 virgineo,
2991 1455 3048 1516 ut
3091 1444 3194 1500 hoc
3221 1445 3340 1516 ipso
3388 1445 3530 1510 loco,
3563 1446 3711 1516 quod
3737 1449 3817 1502 in-

2223 1515 2299 1569 fra
2333 1515 2516 1568 videre
2545 1515 2649 1568 erit
2673 1513 2917 1583 pluribus
2941 1515 3095 1570 locis.

2297 1596 2322 1623 ιι
2353 1586 2511 1640 Boni.
2545 1585 2676 1660 edit.
2703 1601 2823 1642 cum
2855 1587 3040 1657 paucis
3069 1602 3205 1643 mss.
3233 1603 3295 1642 ne
3315 1586 3454 1656 quod
3482 1588 3814 1660 impedimen-

2226 1665 2332 1710 tum
2360 1665 2529 1728 posset
2553 1655 2762 1723 aﬂ‘erre.

540 1812 3804 1846 mm

1641 1941 1985 2026 LIBER
2057 1939 2711 2026 SECUNDUS.

1089 2209 1245 2287 133
1284 2209 1512 2268 CAPUT
1553 2207 1596 2264 ι.

505 2310 808 2371 Ambrosius
840 2309 936 2365 hoc
963 2308 1092 2364 libro
1121 2306 1380 2378 virginum
1424 2318 1593 2357 mores
1629 2297 1975 2356 instituendos
2003 2311 2114 2352 esse

572 2423 691 2463 cum
715 2411 1035 2476 agnosceret,
1065 2416 1157 2453 cur
1183 2396 1542 2467 exemplorum
1592 2393 1725 2447 viam
1775 2391 1873 2445 sibi
1914 2405 2107 2459 propo-

581 2499 764 2563 suerit,
812 2495 959 2549 docet
995 2509 1012 2547 :
1043 2491 1167 2545 inde
1216 2487 1638 2562 pra’sumptionis
1678 2484 1874 2537 invidia
1923 2481 2013 2535 abs
2061 2496 2115 2534 se

583 2607 735 2662 quam
763 2586 1134 2642 modestissime
1163 2583 1416 2646 derivata,
1437 2596 1530 2634 cur
1556 2579 1749 2648 scripto
1766 2576 1935 2646 potius
1955 2589 2110 2643 quant

502 2670 512 2698 ⁵
579 2699 702 2738 voce
726 2681 781 2734 id
810 2694 1081 2750 aggressus
1111 2677 1198 2741 sit,
1225 2683 1418 2728 monet.

574 2779 628 2831 ι.
667 2772 968 2841 Superiore
1015 2769 1155 2823 libro
1205 2775 1467 2836 quantum
1525 2760 1855 2833 virginitatis
1908 2773 2106 2814 munus

503 2871 595 2936 sit,
627 2877 654 2905 ιι
683 2864 956 2920 voluimus
989 2863 1138 2933 (non
1166 2859 1310 2915 enim
1355 2854 1661 2929 potuimus)
1694 2855 1999 2924 explicare;
2049 2863 2106 2909 ut

501 2977 598 3032 per
627 2975 687 3015 se
714 2956 956 3013 caelestis
987 2952 1162 3025 gratia
1185 2950 1428 3006 muneris
1457 2947 1650 3003 invitet
1682 2948 1975 3018 legentem.
2006 2945 2105 3001 Se-

499 3051 679 3108 cundo
722 3050 863 3104 libro
907 3046 1173 3117 virginem
1221 3043 1433 3099 institui
1480 3041 1668 3107 decet,
1715 3049 1770 3094 et
1827 3047 2102 3110 tamquam

499 3141 929 3214 competentium
960 3145 1360 3209 praeceptorum
1385 3133 1714 3206 magisteriis
1739 3132 1965 3188 erudiri.

570 3238 626 3292 ‘2.
651 3235 761 3292 Sed
807 3233 1065 3305 quoniam
1092 3230 1119 3269 ι)
1149 3245 1248 3287 nos
1285 3229 1483 3284 infirmi
1513 3228 1580 3283 ad
1623 3227 1954 3283 monendum
2003 3241 2098 3282 su-

499 3343 650 3394 mus,
698 3337 752 3382 et
799 3327 1038 3395 impares
1076 3322 1145 3378 ad
1181 3321 1487 3378 docendum
1521 3319 1717 3392 (debet
1758 3319 1903 3373 enim
1934 3318 1980 3374 is
2005 3319 2097 3390 qui

498 3423 658 3476 docet
686 3434 853 3489 supra
883 3432 1008 3472 eum
1033 3416 1127 3487 qui
1167 3414 1397 3469 docetur
1421 3409 1744 3480 excellere),
1763 3425 1830 3465 ne
1856 3411 1940 3466 vel
1971 3425 2096 3467 sus-

495 3520 712 3582 ceptum
736 3509 1047 3565 deseruisse
1082 3521 1300 3572 munus,
1333 3504 1422 3559 vel
1465 3503 1622 3558 nobis
1651 3517 1936 3574 arrogasse
1978 3519 2095 3558 am-

495 3605 639 3676 plius
688 3604 1023 3669 videremur,
1071 3599 1334 3669 exemplis
1387 3598 1566 3669 potius
1597 3613 1759 3668 quam
1808 3592 2166 3668 prmceptisC

486 3697 798 3768 putavimus
851 3693 1201 3750 imbuendam
1251 3691 1434 3746 :licet
1485 3690 1719 3760 amplius
1772 3689 2090 3757 proficiatur

489 3791 777 3862 exemplo;
810 3790 1066 3860 quoniam
1092 3801 1194 3844 nec
1210 3784 1433 3841 difficile
1463 3784 1607 3855 quod
1636 3784 1747 3854 jam
1780 3783 1975 3838 factum
2006 3790 2090 3837 est

488 3885 812 3950 aestimatur,
865 3890 920 3937 et
964 3880 1096 3936 utile
1138 3879 1282 3950 quod
1337 3877 1655 3948 probatum,
1691 3886 1746 3931 et
1769 3874 2084 3946 religiosum

484 3975 630 4046 quod
661 3973 1008 4029 haereditario
1052 3971 1286 4043 quodam
1342 3979 1584 4041 paterna:
1621 3968 1838 4025 virtutis
1885 3983 1986 4023 usu
2029 3968 2083 4024 in

483 4081 587 4124 nos
610 4074 692 4122 est
719 4064 1072 4120 successione
1093 4061 1450 4117 transfusum.

556 4159 602 4213 5.
635 4157 789 4226 Quod
827 4157 870 4209 si
907 4157 1028 4224 quis
1059 4169 1161 4209 nos
1191 4152 1635 4223 prtesumptionis
1664 4151 1863 4223 arguit,
1892 4159 2083 4223 arguat

485 4253 666 4324 pmius
695 4248 1028 4310 sedulitatis;
1061 4247 1184 4315 quia
1211 4246 1528 4316 rogantibus
1554 4245 1856 4314 virginibus
1885 4260 1952 4298 ne
1979 4243 2081 4297 hoc

483 4342 704 4414 quidem
735 4338 919 4410 putavi
941 4336 1274 4407 negandum.
1301 4337 1465 4392 Malui
1495 4335 1640 4390 enim
1665 4350 1752 4390 me
1779 4336 1832 4388 in
1864 4332 2081 4404 pericu-

481 4437 591 4492 lum
641 4432 837 4488 deduci
884 4429 1134 4501 pudoris,
1179 4443 1343 4499 quam
1375 4443 1485 4482 non
1532 4427 1758 4498 obsequi
1809 4425 2078 4481 voluntati

478 4543 690 4594 earum,
723 4539 952 4596 quarum
987 4521 1186 4577 studiis
1225 4521 1388 4577 etiam
1435 4520 1578 4576 Deus
1628 4527 1816 4577 noster
1862 4519 2077 4590 placido

479 4637 540 4678 se
573 4619 817 4688 indulget
838 4628 1090 4670 assensu.

546 4713 603 4766 4.
629 4710 734 4767 Sed
767 4723 942 4778 neque
978 4705 1332 4776 praesumptio
1362 4704 1542 4760 notari
1586 4712 1789 4775 potest,
1813 4705 2071 4775 quoniam

473 4820 596 4862 cum
626 4802 892 4857 haberent
921 4798 1068 4854 unde
1091 4797 1392 4866 discerent,
1420 4796 1676 4853 affectum
1706 4796 1886 4868 potius
1908 4811 2071 4868 quam

2145 2207 2195 2268 B
2222 2203 2599 2274 magisterium
2638 2205 3010 2276 quasiverunt
3049 2221 3231 2263 meum
3265 2224 3279 2262 :
3311 2219 3331 2246 ε
3361 2216 3416 2264 et
3445 2208 3704 2264 exettsari
3733 2223 3820 2264 se-

2214 2295 2446 2362 dulitas;
2475 2298 2730 2366 quoniam
2763 2314 2885 2354 cum
2920 2300 3186 2356 haberent
3234 2302 3619 2356 auctoritatem
3671 2317 3815 2356 mar-

2217 2389 2350 2459 tyris
2377 2388 2444 2442 ad
2490 2389 2892 2446 observantiam
2934 2391 3272 2462 disciplinae,
3308 2407 3414 2447 non
3467 2393 3810 2464 superfluum

2207 2479 2468 2550 judicavi,
2517 2483 2563 2536 si
2612 2483 2784 2538 nostri
2837 2485 3111 2539 sermonis
3148 2484 3469 2540 blanditiam
3498 2485 3810 2542 derivarem

2206 2571 2274 2626 ad
2319 2573 2674 2643 professionis
2705 2574 3041 2630 illecebram.
3076 2575 3173 2632 Ille
3220 2576 3422 2633 docere
3469 2577 3673 2645 facilis,
3716 2577 3812 2648 qui

2209 2684 2408 2726 severo
2458 2671 2589 2726 vitia
2637 2681 2856 2728 coercet
2899 2671 3138 2728 affectu:
3167 2689 3268 2729 nos
3315 2674 3406 2744 qui
3448 2673 3650 2730 docere
3697 2689 3809 2730 non

2209 2777 2524 2834 possumus,
2552 2763 2920 2820 blandiamur.

2278 2857 2331 2911 5.
2369 2855 2435 2910 Ει
2463 2858 2720 2927 quoniam
2772 2859 3046 2929 pleraeque
3078 2860 3334 2916 absentes
3373 2861 3543 2916 nostri
3588 2860 3809 2918 deside-

2204 2947 2404 3002 rabant
2441 2949 2714 3005 sermonis
2744 2966 2922 3018 usutn,
2952 2951 3209 3008 volumen
3237 2953 3364 3021 '_hoc
3391 2953 3614 3009 condidi
3650 2973 3663 3009 :
3699 2970 3807 3026 quo

2203 3041 2463 3110 profectae
2505 3041 2574 3096 ad
2601 3056 2661 3096 se
2691 3043 2838 3098 vocis
2868 3059 3002 3100 mea:
3049 3061 3249 3101 munus
3294 3055 3568 3114 tenentes,
3606 3049 3806 3105 deesse

2205 3148 2314 3189 non
2343 3133 2655 3202 crederent,
2689 3151 2854 3206 quem
2907 3145 3178 3195 tenerent.
3215 3139 3322 3196 Sed
3353 3141 3634 3211 proposita
3683 3157 3805 3212 per-

2200 3241 2517 3299 sequamur.

2737 3320 2895 3394 ιθά
2921 3322 3150 3380 CAPUT
3190 3324 3255 3380 ll.

2204 3410 2510 3483 Virginibus
2546 3415 2840 3486 exemplum
2877 3414 3065 3469 Maria:
3094 3418 3417 3485 proponitur,
3451 3419 3605 3487 cujus
3645 3420 3805 3475 varia:

2269 3505 2480 3559 virtutes
2505 3517 2896 3574 enumerantur,
2927 3509 3164 3576 castitas,
3187 3509 3473 3575 humilitas,
3499 3512 3621 3566 vita:
3650 3529 3804 3585 aspe-

2265 3597 2416 3662 ritas,
2447 3613 2676 3653 secessus
2706 3614 2888 3666 amor;
2907 3617 3020 3670 qua:
3043 3600 3252 3671 quidem
3277 3603 3436 3657 virtus
3459 3602 3546 3657 ubi
3566 3606 3802 3661 testimo-

2271 3690 2357 3743 nio
2385 3687 2700 3760 Evangelico
2740 3691 2959 3763 probata
2994 3701 3092 3760 est,
3119 3694 3242 3748 inde
3287 3696 3440 3748 etiam
3484 3696 3603 3765 ejus
3629 3698 3798 3769 pietas

2267 3799 2390 3854 erga
2419 3783 2761 3854 propinquas,
2793 3785 3027 3840 discendi
3063 3787 3334 3853 sedulitas,
3375 3796 3529 3858 atque
3564 3790 3800 3845 adeundi

2269 3876 2445 3946 templi
2503 3877 2733 3930 studium
2788 3879 3198 3934 commendatur.
3252 3879 3516 3934 Narratur
3571 3881 3796 3953 denique

2262 3969 2695 4041 quemadmodum
2728 3971 2823 4026 illa
2859 3982 2932 4028 tot
2978 3975 3278 4029 muneribus
3316 3984 3590 4040 exornata,
3633 3976 3796 4030 innu-

2199 4077 2205 4082 ‘
2264 4064 2419 4118 meris
2449 4064 2732 4135 virginibus
2756 4064 2955 4119 obviam
2972 4077 3188 4122 ventura
3208 4069 3296 4131 sit,
3326 4082 3418 4122 nec
3442 4069 3556 4122 sine
3584 4069 3793 4140 magni-

2262 4157 2362 4226 ﬁco
2395 4157 2653 4228 triumpho
2675 4158 2744 4210 ad
2769 4159 3055 4213 thalamum
3079 4160 3295 4229 Sponsi,
3322 4169 3368 4214 et
3397 4161 3623 4216 caelestia
3651 4162 3793 4216 alta-

2259 4246 2341 4300 ria
2370 4246 2552 4314 quibus
2581 4247 2644 4302 ob
2663 4249 2950 4303 castitatem
2981 4251 3178 4305 similes
3203 4251 3368 4321 fuere,
3400 4251 3708 4310 deductura.

2257 4338 2310 4393 6.
2346 4339 2429 4395 Sit
2453 4338 2618 4409 igitur
2654 4340 2812 4396 vobis
2841 4351 3118 4412 tamquam
3149 4342 3204 4397 in
3242 4344 3477 4415 imagine
3503 4344 3790 4418 descripta

2185 4427 2213 4467 τι
2241 4430 2523 4502 virginitas
2549 4433 2660 4487 vita
2703 4433 2902 4497 Mariae,
2935 4433 3003 4488 de
3031 4449 3138 4504 qua
3165 4435 3316 4491 velut
3353 4436 3580 4506 speculo
3611 4437 3792 4493 reful-

2182 4529 2309 4591 geat
2336 4523 2551 4593 species
2578 4523 2845 4579 castitatis
2869 4533 2922 4580 et
2958 4523 3132 4580 forma
3162 4525 3398 4582 virtutis.
3431 4526 3566 4582 llinc
3592 4542 3791 4585 suma-

2181 4613 2252 4668 tis
2299 4613 2425 4669 licet
2473 4615 2724 4685 exempla
2766 4615 3009 4683 vivendi,
3044 4617 3135 4672 ubi
3176 4625 3447 4689 tamquam
3489 4619 3542 4674 in
3586 4633 3788 4678 exem-

2182 4703 2320 4774 plari
2351 4705 2667 4774 magisteria
2691 4721 2951 4777 expressa
2984 4709 3294 4777 probitatis,
3325 4710 3449 4781 quid
3469 4713 3783 4785 corrigere,

2181 4807 2205 4835 ο
2238 4796 2367 4868 quid
2393 4797 2674 4870 effingere,
2701 4799 2831 4870 quid
2859 4808 3049 4858 tenere
3075 4801 3345 4870 debeatis,
3377 4805 3698 4862 ostendunt.

543 5017 567 5047 ιι
594 5006 794 5063 Omnes
817 5002 972 5083 cdit.,
993 5000 1291 5083 evolvimus.
1317 5015 1428 5083 non
1459 4999 1592 5083 enim
1613 5001 1874 5071 potuimus
1905 5014 1923 5053 :
1950 5014 2068 5056 om-
2093 4998 2144 5058 D
2171 4997 2301 5083 edit.
2333 5000 2518 5062 Rom..
2539 5017 2674 5083 m_ss._
2695 5001 2818 5057 aliis
2846 5003 3100 5083 habetur,
3119 5009 3477 5083 auctoritatem
3491 5017 3782 5083 martyris;

469 5095 566 5136 nes
596 5093 752 5142 “15's.,
782 5075 1062 5139 voluimus,
1092 5080 1199 5128 etc.
1227 5071 1465 5140 Optime,
1507 5081 1566 5124 ιιι
1612 5085 1808 5126 sensus
1859 5084 1958 5140 per
2002 5085 2063 5126 se

472 5151 1072 5274 5⁸1111εῐέέῗῖωῐῗιξιιιιιιιιιη
1125 5213 1322 5276 Paris.,
1376 5211 1573 5281 inﬁrmi
1623 5212 1692 5264 ad
1734 5211 2057 5266 movendum.

467 5291 620 5347 llaud
656 5291 846 5344 inscite
866 5285 1106 5357 quidem,
1126 5285 1171 5338 si
1198 5285 1378 5354 aliquo
1401 5283 1532 5337 edit.
1565 5282 1793 5337 aliarum
1817 5284 1898 5337 vel
1925 5298 2049 5339 mss.

470 5361 722 5434 praesidio
751 5362 1075 5434 niterentur.

545 5444 565 5470 ο
594 5433 794 5486 Omnes
828 5430 982 5492 edit.,
1031 5435 1077 5480 et
1121 5424 1358 5482 excusari
1409 5422 1658 5476 sedulitas
1707 5439 1809 5476 non
1859 5431 2056 5490 potest;

465 5505 614 5558 nttllo
637 5504 717 5556 vel
749 5499 1021 5556 contrario
1051 5510 1237 5558 sensu,
1263 5493 1501 5548 tollenda
1526 5493 1669 5547 enim
1711 5496 1931 5547 omnino
1963 5509 2057 5549 ne-

461 5578 643 5641 gatio:
676 5573 773 5628 sed
803 5571 958 5641 deest
980 5568 1142 5641 etiam
1175 5567 1396 5641 verbum
1430 5565 1483 5618 in
1527 5563 2051 5641 mss._qn_od_subir_t-

463 5634 808 5711 felligendum
845 5636 1190 5711 relinquitur.
1223 5635 1423 5692 lterum
1458 5649 1585 5711 vero
1627 5634 1715 5689 ubi
1759 5634 1955 5711 legitur
1994 5634 2049 5711 in

462 5706 734 5770 vetfcdit.
763 5725 827 5767 ac
851 5724 983 5766 mss.
1009 5706 1254 5780 aliquot,
1283 5706 1643 5763 auctoritatem
1683 5707 1883 5774 matris,
1911 5715 1966 5764 et
1996 5707 2049 5764 in

2171 5069 2405 5140 denique
2434 5087 2534 5145 pro
2563 5074 2877 5145 derivarem,
2911 5077 3051 5145 quod
3080 5069 3164 5132 est
3183 5079 3234 5133 in
3266 5081 3517 5135 omnibus
3542 5069 3678 5137 edit.
3700 5069 3786 5143 ac

2169 5156 2302 5222 mss.
2336 5143 2636 5211 nonnullis,
2668 5144 2758 5200 alii
2807 5143 2989 5215 plures
3017 5149 3336 5208 concinnius
3381 5151 3643 5208 exhibent
3676 5160 3782 5212 de-

2166 5227 2278 5264 τινα
2285 5230 2388 5267 rem
2399 5253 2413 5267 .

2238 5281 2265 5320 ἀ
2297 5284 2373 5358 lta
2403 5300 2532 5341 mss.
2563 5286 2748 5355 plures
2777 5301 2840 5342 ac
2872 5288 3114 5357 potiores
3145 5307 3157 5343 :
3191 5291 3284 5346 alii
3323 5303 3501 5349 autem
3522 5335 3536 5358 ,
3563 5303 3615 5350 et
3645 5313 3782 5355 om-

2165 5368 2261 5435 nes
2288 5357 2353 5409 ed
2363 5357 2422 5435 it.
2432 5397 2446 5418 ,
2475 5358 2760 5435 virginitas,
2781 5359 2985 5435 vitaque
3005 5359 3387 5435 beatharitu,
3413 5364 3477 5418 de
3495 5357 3597 5435 qua
3620 5372 3778 5426 velut

2163 5427 2216 5477 in
2245 5428 2457 5498 speculo
2485 5427 2707 5497 refulget
2734 5432 2927 5496 species
2951 5432 3230 5498 castitatis,
3263 5443 3372 5489 etc.

2235 5497 2490 5580 spumas
2518 5498 2674 5563 cdit.,
2723 5499 2850 5580 quid
2890 5497 3316 5580 eﬁ'ugereimss.
3365 5519 3495 5580 vero
3534 5510 3772 5580 partim,

2157 5567 2301 5648 quid“
2331 5568 2862 5648 cli/ﬁngereinpartim
2883 5611 2902 5648 ,_
2931 5567 3056 5642 quid
3087 5575 3342 5648 effingere.
3374 5576 3438 5648 Et
3464 5567 3564 5632 hoc
3601 5567 3773 5637 com:

2155 5637 2408 5764 ggdius;
2439 5637 2524 5696 est
2563 5637 2823 5711 effingere
2851 5637 2994 5700 idem
3023 5637 3188 5715 atque
3203 5637 3532 5704 vimitatione
3572 5654 3774 5723 ειμι-ἰ-

2249 5724 2330 5766 re.
