3974 6186
200 247 297 308 ἳοθ

1425 249 1515 308 DE
1554 249 1944 310 VIRGINIBUS
1984 250 2112 310 LIB.
2154 253 2220 310 Il.

3364 258 3472 316 ⁶210

262 366 309 420 7.
337 363 548 421 Primus
578 365 822 422 discendi
875 365 1036 421 ardor
1085 366 1343 423 nobilitas
1369 375 1453 423 est
1496 368 1766 439 magiSIri.
1794 371 1849 432 Α
1946 368 2034 424 10.
2091 369 2277 425 Talem
2327 369 2469 426 hanc
2511 370 2848 441 evangelista
2892 372 3217 429 monstravit
3258 371 3395 446 (Luc
3423 389 3464 440 ι,

199 461 320 528 Quid
352 461 584 515 nobilius
617 461 717 516 Dei
747 461 958 516 matre?
978 459 1102 532 quid
1125 461 1463 532 splendidius
1487 477 1574 530 ea,
1605 476 1766 532 quam

196 553 449 625 Splendor
492 553 693 624 elegit?
732 554 862 623 quid
901 555 1105 609 castius
1146 570 1207 609 ea
1243 571 1364 624 quae
1411 569 1610 623 corpus
1648 555 1770 609 sine

197 650 421 719 corporis
449 649 780 719 contagione
805 648 1121 719 generavit?
1143 648 1275 703 Nam
1300 649 1368 702 de
1400 648 1618 703 eteteris
1649 649 1768 715 ejus

194 743 464 798 virtutibus
493 742 624 814 quid
655 741 882 812 loquar?
918 741 1082 812 Virgo
1113 750 1228 796 erat
1263 738 1381 812 (Cf.
1416 740 1476 795 S.
1505 742 1639 811 Aug.
1673 739 1760 794 lib.

195 855 241 894 tr
274 837 331 890 de
375 835 528 890 Doct.
568 835 763 890 Christ.
792 853 839 889 c.
869 834 962 906 21)
1012 849 1121 890 non
1176 834 1351 889 solum
1384 848 1634 903 corpore,
1670 832 1765 888 sed

197 931 341 984 etiam
368 938 566 996 mente,
602 944 726 1000 qum
752 927 904 982 nullo
934 926 1044 982 doli
1075 927 1281 981 ambitu
1311 925 1589 981 sincerum
1617 924 1765 979 adul-

195 1029 378 1077 teraret
430 1020 686 1076 aﬁ‘ectum
735 1036 749 1073 :
793 1021 958 1074 corde
1013 1017 1266 1084 humilis,
1320 1017 1507 1073 verbis
1551 1016 1764 1088 gravis,

193 1114 338 1168 animi
362 1112 626 1183 prudens,
647 1110 905 1182 loquendi
922 1110 1163 1180 parcior,
1195 1109 1408 1180 legendi
1435 1108 1729 1165 studiosior
1749 1128 1764 1165 :

192 1223 284 1262 non
313 1207 362 1261 in
407 1208 623 1262 incerto
659 1204 1009 1270 divitiarum,
1054 1190 1151 1258 séd
1185 1204 1234 1258 in
1269 1219 1430 1274 prece
1462 1217 1764 1274 pauperum

189 1315 321 1371 Spem
351 1313 630 1370 reponens
658 1317 671 1354 :
697 1299 907 1354 intenta
935 1299 1108 1368 operi,
1141 1296 1449 1353 verecunda
1484 1310 1762 1362 sermone,

189 1393 433 1448 arbitrum
479 1391 682 1448 mentis
736 1390 896 1447 solita
947 1405 1054 1445 non
1110 1389 1404 1456 hominem,
1449 1389 1543 1445 sed
1591 1388 1762 1444 Deum

190 1498 454 1555 qurerere:
489 1482 704 1538 nullum
733 1480 953 1547 laedere,
1005 1481 1146 1536 bene
1189 1480 1329 1536 velle
1376 1480 1646 1547 omnibus,
1677 1494 1767 1534 as-

187 1591 390 1647 surgere
437 1574 743 1646 majoribus
790 1581 955 1641 natu,
1000 1572 1301 1644 aequalibus
1342 1588 1452 1627 non
1495 1572 1762 1637 invidere,

188 1667 353 1738 fugere
371 1668 722 1738 jactantiam,
746 1667 1018 1723 rationem
1061 1667 1240 1738 sequi,
1277 1681 1462 1722 amare
1483 1667 1762 1720 virtutem.

1869 461 1986 532 27),
2018 464 2179 519 talem
2217 463 2440 533 angelus
2483 466 2712 534 reperit,
2745 465 2910 520 talem
2964 465 3202 536 Spiritus
3249 476 3470 521 sanctus

1869 555 2054 626 elegit.
2085 555 2223 624 Quid
2255 556 2400 611 enim
2431 557 2483 610 in
2513 557 2748 628 singulis
2777 573 2985 621 morer,
3029 568 3086 612 ut
3115 573 3233 613 eam
3273 574 3472 627 paren-

1870 655 1953 702 tes
2007 647 2321 715 dilexerint,
2349 649 2594 704 extranei
2640 649 3092 718 praedicaveriut,
3146 666 3271 720 qua:
3297 650 3462 722 digna

1870 740 1968 795 fuit
1996 756 2060 796 ex
2093 757 2196 812 qua
2226 741 2321 796 Dei
2348 741 2518 796 Filius
2553 741 2908 798 nasceretur?
2942 743 3069 796 llzee
3098 742 3165 796 ad
3193 743 3339 812 ipsos
3378 743 3465 797 in-

1867 847 2087 905 gressus
2114 834 2292 904 angeli
2342 833 2567 889 inventa
2619 832 2768 887 domi
2793 833 2846 888 in
2901 833 3305 904 penetralibus,
3352 832 3473 888 sine

1869 926 2092 994 comite,
2145 942 2211 982 ne
2262 925 2384 997 quis
2413 925 2775 981 intentionem
2803 925 3190 996 abrumperet,
3243 942 3310 980 ne
3348 926 3468 996 quis

1867 1018 2247 1088 obstreperet;
2300 1033 2474 1088 neque
2505 1019 2649 1074 enim
2700 1019 2930 1074 comites
2974 1018 3205 1074 feminas
3245 1019 3464 1074 deside-

1867 1110 2043 1178 rabat,
2073 1127 2194 1180 quae
2222 1111 2390 1166 bonas
2408 1112 2768 1181 cogitationes
2791 1112 3021 1167 comites
3045 1112 3299 1167 habebat.
3325 1113 3465 1181 Quin

1866 1203 2034 1258 etiam
2065 1212 2174 1257 tum
2198 1203 2300 1259 sibi
2327 1204 2503 1260 minus
2531 1205 2646 1260 sola
2681 1205 2993 1272 videbatur,
3020 1221 3141 1260 cum
3167 1207 3280 1260 sola
3301 1217 3470 1262 esset.

1867 1293 2001 1350 Nam
2048 1297 2509 1366 quemadmodum
2553 1299 2670 1352 sola
2697 1339 2713 1366 ,
2769 1299 2857 1354 cui
2883 1308 2963 1355 tot
2994 1300 3120 1356 libri
3169 1300 3462 1366 adessent;

1867 1396 1946 1442 tot
1971 1389 2304 1459 archangeli,
2338 1397 2419 1443 tot
2458 1389 2782 1460 propheta}?

1941 1481 2028 1536 11.
2061 1481 2305 1551 Denique
2335 1490 2390 1537 et
2417 1481 2634 1538 Gabriel
2666 1497 2785 1536 eam
2819 1482 2909 1538 ubi
2935 1485 3178 1539 revisere
3208 1484 3458 1551 solebat,

1869 1575 2120 1630 invenit:
2170 1583 2226 1630 et
2270 1575 2525 1647 angelum
2565 1575 2732 1630 Maria
2771 1574 2795 1611 ιι
2831 1577 2986 1647 quasi
3039 1578 3215 1632 virum
3272 1579 3454 1647 specie

1868 1679 2014 1723 mota
2078 1668 2389 1733 trepidavit,
2437 1668 2592 1738 quasi
2640 1683 2746 1723 non
2778 1669 3115 1741 incognitum
3147 1668 3334 1726 audito
3367 1686 3465 1726 no-

184 1758 386 1826 Quando
408 1760 512 1814 ista
541 1759 632 1813 vel
665 1758 812 1812 vultu
839 1758 980 1813 lzesit
1002 1769 1258 1828 parentes
1275 1758 1534 1828 ?quando
1555 1758 1763 1813 dissen-
1792 1764 1840 1824 B
1868 1762 2013 1818 mine
2039 1762 2361 1833 recognovit
2389 1760 2580 1834 (Ibid.,
2611 1761 2684 1818 28
2719 1772 2766 1817 et
2805 1761 2956 1834 δρψ).
3005 1763 3083 1818 ita
3115 1765 3466 1835 peregrinata

185 1850 243 1905 sit
268 1867 293 1904 a
320 1852 676 1923 propinquis?
706 1850 926 1921 quando
951 1851 1213 1906 fastidivit
1236 1851 1522 1906 humilem?
1546 1851 1761 1921 quando

184 1945 351 2001 derisit
389 1945 670 2002 debilem?
704 1944 923 2016 quando
953 1945 1143 2000 vitavit
1189 1945 1443 2016 inepem;
1472 1960 1568 2001 eos
1613 1945 1762 2001 solos

184 2038 320 2092 solita
365 2048 541 2094 ctetus
591 2038 841 2092 virorum
892 2037 1148 2104 invisere,
1204 2052 1339 2108 quos
1387 2037 1761 2094 misericordia

185 2145 275 2187 non
301 2133 672 2198 erubesceret,
693 2147 871 2203 neque
897 2135 1209 2204 praeteriret
1232 2133 1594 2189 verecundia?
1616 2131 1762 2188 Nihil

186 2231 369 2278 torvum
387 2225 440 2279 in
466 2225 669 2288 oculis,
687 2223 818 2278 nihil
842 2225 895 2278 in
920 2225 1104 2280 verbis
1131 2241 1356 2296 procax,
1392 2225 1530 2281 nihil
1561 2227 1614 2282 in
1635 2238 1760 2283 actu

185 2315 582 2372 inverecundum
620 2333 637 2370 :
681 2331 788 2372 non
818 2327 1010 2387 gestus
1058 2316 1306 2386 fractior,
1353 2334 1460 2373 non
1515 2319 1761 2374 incessus

185 2408 406 2474 solutior,
440 2425 549 2464 non
578 2425 690 2464 vox
727 2409 1096 2480 petulantior;
1127 2419 1184 2465 ut
1214 2411 1326 2479 ipsa
1355 2413 1604 2481 corporis
1639 2427 1763 2482 spe-

186 2499 280 2555 cies
320 2501 672 2557 simulacrum
731 2501 893 2558 iuerit
951 2504 1178 2569 mentis,
1228 2504 1403 2573 ﬁgura
1452 2505 1758 2575 probitatis.

190 2590 314 2646 Bona
340 2594 537 2665 quippe
569 2594 770 2649 domus
801 2595 854 2649 in
881 2593 1001 2664 ipso
1029 2596 1299 2651 vestibulo
1326 2595 1490 2652 debet
1516 2598 1760 2668 agnosci,

188 2699 240 2741 ac
265 2688 426 2756 primo
451 2687 766 2759 praetendat
793 2689 1037 2759 ingressu
1065 2689 1197 2744 nihil
1225 2692 1370 2746 intus
1400 2692 1573 2748 latere
1606 2702 1759 2748 tene-

187 2779 409 2848 brarum;
443 2793 500 2838 ut
548 2797 706 2838 mens
734 2791 921 2837 nostra
950 2791 976 2819 ει
1004 2783 1168 2838 nullis
1195 2785 1467 2854 repagulis
1500 2799 1764 2854 corpora-

187 2870 311 2930 libus
335 2874 619 2947 impedita,
646 2883 922 2946 tamquam
947 2875 1185 2932 lucernae
1206 2877 1295 2931 lux
1330 2877 1475 2932 intus
1493 2877 1668 2948 posita
1683 2879 1763 2934 fo-

186 2968 254 3024 ris
271 2968 456 3025 luceat.

246 3067 293 3116 8.
320 3063 455 3132 Quid
479 3077 592 3135 ego
621 3078 887 3134 exsequar
915 3063 1161 3120 ciborum
1205 3065 1612 3135 pareimoniam,
1642 3067 1763 3122 ofﬁ—

1867 1853 2031 1908 estin
2065 1853 2184 1908 viro
2209 1894 2224 1920 ,
2265 1867 2387 1924 quae
2439 1869 2547 1908 non
2582 1862 2670 1909 est
2715 1855 3066 1926 peregrinata
3105 1852 3161 1909 in
3215 1855 3462 1926 Angela;

1864 1958 1924 2003 ut
1955 1963 2219 2020 agnoscas
2240 1962 2402 2005 aures
2428 1949 2734 2018 religiosas,
2757 1950 2944 2006 oculos
2965 1950 3334 2007 verecundos.
3360 1952 3466 2007 De-

1865 2041 2027 2112 nique
2055 2042 2288 2097 salutata
2341 2042 2636 2108 obmutuit,
2693 2049 2750 2097 et
2794 2042 3069 2112 appellata
3126 2044 3457 2114 respondit:

1864 2134 1957 2188 sed
1983 2149 2103 2204 quae
2136 2134 2318 2203 primo
2348 2143 2371 2172 ε
2419 2135 2734 2190 turbaverat
2785 2133 3063 2204 affectum,
3091 2145 3280 2207 postea
3331 2151 3462 2206 pro-

1865 2226 2016 2281 misit
2042 2226 2382 2296 obsequium.

1939 2318 2025 2373 12.
2085 2319 2258 2386 Quam
2298 2333 2429 2374 vero
2477 2319 2730 2390 religiosa
2773 2320 2827 2374 in
2872 2320 3207 2391 propinquas
3257 2320 3459 2391 fuerit,

1865 2411 2148 2482 Scriptura
2166 2411 2345 2468 divina
2376 2413 2644 2484 significat
2671 2412 2861 2486 (lbid.,
2891 2413 3003 2484 45).
3034 2414 3167 2469 Nam
3201 2424 3257 2470 et
3284 2415 3462 2470 humi-

1865 2506 1968 2562 lior
2012 2505 2152 2562 facta
2203 2515 2308 2575 est,
2340 2505 2429 2561 ubi
2484 2521 2623 2581 se'a
2665 2507 2778 2563 Deo
2819 2507 3075 2578 cognovit
3114 2508 3368 2576 electam,
3410 2518 3465 2563 et

1862 2599 2046 2654 statim
2073 2599 2138 2654 ad
2167 2608 2453 2670 cognatam
2481 2613 2634 2654 suam
2661 2600 2713 2655 in
2737 2608 2996 2654 montana
3025 2601 3320 2671 processit:
3350 2615 3459 2655 non

1864 2692 2051 2762 utique
2100 2701 2159 2747 ut
2211 2694 2463 2763 exemplo
2518 2692 2794 2761 crederet,
2847 2709 2968 2764 quae
2995 2695 3106 2762 jam
3150 2693 3466 2750 crediderat

1863 2786 2086 2841 oraculo
2116 2804 2127 2839 :
2161 2785 2323 2841 Beata
2368 2789 2537 2853 enim,
2571 2787 2766 2857 inquit,
2799 2804 2913 2856 quw
2950 2787 3214 2842 credidisti
3267 2786 3457 2858 (Ibid,

1863 2876 1978 2948 56).
2023 2876 2092 2931 Et
2125 2878 2299 2934 tribus
2356 2893 2476 2933 cum
2508 2893 2573 2934 ea
2600 2879 2880 2934 mensibus
2927 2881 3148 2934 mansit.
3179 2879 3336 2934 Tanti
3366 2895 3462 2934 au-

1864 2977 1975 3024 tem
2027 2970 2317 3027 intervallo
2371 2972 2634 3042 temporis
2690 2986 2798 3026 non
2829 2970 2966 3026 ﬁdes
3013 2971 3298 3041 qureritur,
3359 2973 3456 3028 sed

1867 3063 2038 3134 pietas
2087 3065 2399 3122 exhibetur.
2433 3065 2501 3120 Et
2544 3065 2648 3121 hoc
2698 3075 3052 3137 posteaquam
3093 3067 3147 3122 in
3173 3075 3330 3122 utero
3361 3083 3453 3137 pa-

186 3153 367 3210 ciorum
409 3155 837 3212 redundantiam
873 3174 887 3208 :
917 3157 1153 3212 alterum
1198 3158 1339 3213 ultra
1379 3169 1626 3213 naturam
1667 3173 1760 3212 su-
1788 3153 1836 3218 C
1867 3155 2036 3210 rentis
2059 3157 2315 3212 exsiliens
2340 3173 2473 3227 puer
2497 3167 2725 3214 matrem
2758 3160 2970 3214 Domini
2997 3159 3273 3227 salutavit,
3307 3161 3458 3232 prius

189 3248 452 3316 perfuisse,
482 3251 726 3306 alterum
772 3264 909 3320 pene
931 3251 1032 3320 ipsi
1064 3261 1272 3306 naturae
1287 3250 1528 3306 defuisse
1559 3268 1570 3304 :
1608 3251 1762 3323 165

190 3340 285 3396 illic
300 3343 439 3397 nulla
469 3343 789 3398 intermissa
821 3353 1086 3412 tempora,
1124 3343 1213 3398 hie
1241 3345 1651 3413 congeminatos
1677 3347 1760 3414 je-

183 3434 316 3504 junio
335 3437 483 3494 dies?
509 3437 863 3508 Etsiquando
888 3437 1164 3492 reficiendi
1190 3438 1547 3494 successisset
1569 3438 1764 3493 volun-

190 3537 275 3594 tas,
290 3531 434 3587 cibus
450 3532 781 3602 plerumque
802 3531 1019 3594 obvius,
1036 3533 1126 3602 qui
1150 3539 1380 3586 mortem
1404 3541 1638 3598 arceret,
1657 3547 1762 3588 non

189 3619 396 3679 delicias
443 3625 806 3679 ministraret.
857 3625 1106 3679 Dormire
1153 3639 1261 3679 non
1291 3626 1443 3695 prius
1495 3625 1763 3696 cupiditas

188 3730 332 3785 quam
363 3718 668 3775 necessitas
695 3717 824 3784 fuit;
857 3728 913 3773 et
936 3727 1118 3773 tamen
1148 3733 1272 3772 cum
1311 3719 1618 3787 quiesceret
1642 3733 1766 3772 cor-

190 3823 306 3876 pus,
347 3812 598 3884 vigilaret
646 3813 902 3867 animus:
953 3812 1043 3882 qui
1098 3813 1408 3882 frequenter
1453 3810 1507 3866 in
1558 3810 1762 3866 somnis

192 3898 214 3937 δ
244 3911 325 3956 aut
345 3905 480 3958 lecta
514 3904 736 3974 repetit,
773 3914 863 3957 aut
887 3919 1082 3958 somno
1133 3903 1430 3972 interrupta
1461 3903 1761 3970 continuat,

193 4003 270 4048 aut
292 3996 546 4067 disposita
577 3997 748 4067 gerit,
776 4005 869 4049 aut
894 3995 1133 4066 gerenda
1162 3995 1513 4066 praenuntiat.

253 4090 301 4143 9.
345 4091 571 4146 Prodire
627 4089 791 4145 domo
830 4090 1045 4155 nescia,
1080 4090 1180 4144 nisi
1209 4104 1331 4143 cum
1368 4087 1436 4142 ad
1463 4087 1763 4142 Ecclesiam

197 4185 506 4250 conveniret,
541 4183 726 4238 ethoc
777 4183 951 4252 ipsum
1004 4196 1126 4236 cum
1160 4181 1496 4251 parentibus,
1526 4189 1615 4235 aut
1643 4194 1770 4250 pro-

196 4273 402 4344 pinquis.
438 4275 747 4330 Domestico
775 4288 1008 4344 Operosa
1051 4283 1290 4339 secreto,
1325 4272 1532 4327 forensi
1564 4271 1766 4342 stipata

198 4366 462 4432 comitatu;
492 4368 641 4422 nullo
669 4367 897 4422 meliore
927 4377 1112 4421 tamen
1141 4366 1222 4421 sui
1251 4365 1478 4420 custode
1515 4379 1675 4435 quam
1705 4378 1769 4420 se

197 4454 292 4526 ipsa
325 4477 339 4513 :
370 4477 490 4531 qua:
545 4462 764 4516 incessu
813 4457 1086 4530 aﬁ‘atuque
1116 4457 1464 4524 venerabilis,
1500 4472 1606 4512 non
1661 4467 1766 4511 tam

1862 3263 2092 3317 compos
2137 3249 2468 3318 devotionis,
2503 3267 2664 3322 quam
2690 3263 2919 3308 naturae.

1938 3341 2024 3395 15.
2066 3340 2196 3396 inde
2229 3350 2307 3398 tot
2333 3343 2688 3413 sequentibus
2736 3343 2932 3414 signis,
2961 3359 3084 3399 cum
3115 3344 3320 3400 sterilis
3362 3359 3460 3416 pa-

1865 3448 2035 3504 reret,
2068 3438 2220 3508 virgo
2249 3439 2580 3508 conciperet,
2618 3440 2936 3509 loqueretur
2975 3450 3181 3506 mutus,
3204 3440 3464 3497 adoraret

1865 3545 2088 3602 magus,
2158 3541 2501 3600 exSpectaret
2550 3533 2809 3598 Simeon,
2861 3533 3042 3588 sidera
3093 3534 3454 3598 nuntiarent,

1866 3625 2037 3681 Maria
2081 3625 2300 3680 mobilis
2346 3624 2412 3679 ad
2464 3625 2774 3692 introitum,
2825 3625 3124 3682 immobilis
3167 3624 3234 3679 ad
3285 3625 3453 3678 mira-

1865 3717 2047 3772 culum
2081 3736 2093 3771 :
2125 3717 2491 3784 Conservobat,
2520 3719 2718 3787 inquit,
2764 3718 2875 3772 lucc
2906 3719 3081 3772 omnia
3111 3719 3164 3771 in
3193 3717 3347 3770 corde
3365 3732 3462 3772 suo

1868 3809 2022 3884 (Luc.
2049 3826 2109 3877 ιι,
2144 3809 2257 3881 19).
2287 3810 2543 3878 Quamvis
2588 3821 2762 3864 mater
2788 3810 3027 3874 Domini,
3060 3809 3220 3880 166
3247 3808 3461 3864 discere

1870 3909 2048 3955 tamen
2091 3910 2362 3970 praecepta
2394 3899 2608 3955 Domini
2631 3900 2977 3955 desiderabat
3010 3917 3023 3953 :
3050 3911 3104 3954 et
3134 3915 3255 3970 quae
3278 3899 3450 3957 Deum

1867 4000 2155 4063 genuerat,
2182 3991 2353 4046 Deum
2387 4001 2566 4046 tamen
2605 3992 2748 4046 scire
2788 3990 3061 4060 cupiebat.

1943 4089 2030 4144 M.
2074 4087 2252 4158 Quid,
2310 4087 2453 4160 quod
2507 4088 2666 4143 annis
2713 4102 2930 4158 quoque
2959 4087 3215 4143 omnibus
3269 4088 3382 4144 ibat
3405 4091 3460 4144 in

1872 4183 2214 4239 llierusalem
2247 4181 2480 4237 solemni
2527 4181 2616 4236 die
2655 4180 2894 4251 pasch:e,
2941 4190 2997 4238 et
3035 4181 3146 4236 ibat
3193 4196 3314 4236 cum
3367 4181 3460 4238 Jo-

1869 4277 2001 4348 seph
2013 4277 2036 4330 ?
2050 4275 2216 4349 (Ibid.
2230 4318 2244 4343 ,
2259 4273 2375 4346 41.)
2394 4274 2601 4345 Ubique
2620 4276 2673 4330 in
2699 4275 2908 4345 virgine
2923 4290 3107 4332 comes
3125 4276 3460 4347 singularum

1873 4369 2132 4424 virtutum
2159 4375 2244 4423 est
2273 4367 2467 4438 pudor.
2505 4365 2605 4421 Hic
2635 4365 2942 4420 individuus
2970 4365 3132 4421 debet
3153 4380 3275 4423 esse
3299 4365 3466 4436 virgi-

1875 4461 2053 4526 nitati,
2085 4461 2323 4529 sinequo
2342 4475 2448 4514 non
2471 4466 2782 4528 potestesse
2799 4457 3098 4529 virginitas.
3120 4457 3306 4513 Necad
3326 4466 3466 4511 tem-

199 4554 460 4624 vestigium
491 4555 648 4626 pedis
695 4554 933 4619 tolleret,
968 4567 1127 4622 quam
1176 4551 1402 4622 gradum
1448 4549 1666 4605 virtutis
1687 4557 1769 4604 at-
1795 4547 1849 4609 D
1877 4553 2027 4624 plum
2051 4552 2214 4623 igitur
2235 4551 2398 4605 Maria
2423 4551 2540 4607 sine
2566 4551 2788 4621 pudoris
2816 4551 2898 4604 sui
2921 4548 3148 4605 custode
3179 4549 3470 4619 processit.

198 4643 412 4703 tolleret.
442 4647 512 4704 Ut
540 4657 719 4703 tamen
761 4646 900 4701 alios
955 4645 1155 4700 habeat
1196 4647 1347 4714 virgo
1390 4644 1764 4699 membrorum

199 4737 431 4795 custodes
456 4755 700 4806 suorum,
737 4753 950 4795 morum
1000 4746 1182 4793 autem
1213 4753 1438 4792 suorum
1471 4752 1530 4791 se
1562 4736 1759 4791 habeat

203 4827 304 4899 ipsa
351 4835 627 4891 custodem
663 4854 677 4890 :
721 4834 906 4906 plures
957 4840 1120 4888 erunt.
1145 4831 1215 4888 de
1258 4832 1457 4902 quibus
1496 4829 1690 4892 discat,
1721 4829 1768 4884 si

202 4920 301 4990 ipsa
351 4939 410 4982 se
460 4927 650 4983 doceat
697 4938 718 4966 ο
769 4942 892 4997 quae
950 4926 1178 4982 virtutes
1223 4925 1510 4996 magistras
1563 4923 1768 4980 habet:

198 5020 308 5089 quia
326 5023 576 5094 quidquid
629 5023 836 5094 egerit,
865 5021 1150 5090 disciplina
1193 5028 1298 5076 est.
1341 5020 1429 5076 Sic
1479 5019 1641 5074 Maria
1687 5019 1774 5074 iu-

203 5111 443 5168 tendebat
487 5117 735 5172 omnibus
761 5156 778 5182 ,
819 5115 972 5185 quasi
1018 5129 1047 5168 a
1093 5113 1344 5184 pluribus
1396 5123 1758 5168 moneretur:

201 5203 274 5260 sic
299 5209 477 5264 omnia
527 5210 788 5280 implebat
813 5208 1030 5264 virtutis
1073 5207 1282 5276 ofﬁcia,
1311 5213 1373 5263 ut
1397 5221 1503 5263 non
1538 5216 1645 5262 tam
1667 5206 1775 5263 dis-

202 5309 363 5368 ceret,
401 5317 559 5372 quam
587 5303 831 5361 doceret.

283 5449 307 5479 ο
336 5441 496 5497 Rom.
522 5444 677 5510 edit.,
719 5457 842 5498 cum
870 5455 980 5496 uno
1019 5450 1114 5496 aut
1143 5442 1318 5494 altero
1347 5452 1450 5493 ms.
1479 5478 1494 5505 ,
1533 5437 1692 5493 nullis
1716 5452 1798 5491 re-

225 5511 456 5586 tinaculis
479 5514 844 5586 corporalibus.

293 5584 321 5624 δ
357 5583 488 5655 Mss.
539 5583 764 5654 aliquot,
797 5595 885 5639 aut
919 5584 1035 5638 (tetu
1063 5583 1265 5655 repetit.

289 5657 341 5727 f_
360 5653 616 5727 Nonnulli
632 5651 779 5713 'mss.
792 5698 808 5724 ,
825 5671 943 5727 quae
967 5651 1174 5710 uirtutis
1196 5652 1464 5724 magistros
1491 5652 1662 5719 habet,
1684 5651 1808 5723 quia

224 5721 463 5794 qtﬁdquid
493 5726 638 5796 gerit.

1951 4646 2038 4702 15.
2073 4646 2202 4702 llaec
2226 4655 2310 4701 est
2357 4646 2534 4716 imago
2584 4645 2933 4715 virginitatis.
2967 4644 3116 4699 Talis
3171 4644 3319 4699 enim
3364 4642 3471 4699 fuit

1876 4741 2068 4805 Maria,
2102 4751 2163 4796 ut
2186 4741 2304 4810 ejus
2348 4740 2508 4794 unius
2537 4739 2649 4792 vita
2675 4739 2916 4793 omnium
2971 4738 3040 4792 sit
3069 4737 3376 4805 disciplina.
3410 4736 3472 4792 Si

1875 4832 2039 4904 igitur
2066 4842 2257 4887 auctor
2282 4848 2388 4886 non
2417 4831 2684 4900 displicet,
2708 4845 2848 4901 opus
2875 4831 3198 4900 probemus;
3231 4839 3289 4884 ut
3315 4845 3466 4900 quaa-

1879 4939 2111 4995 cumque
2131 4923 2237 4978 sibi
2263 4923 2381 4992 ejus
2418 4931 2641 4991 exeptat
2689 4921 2999 4992 praemium,
3028 4921 3270 4977 imitetur
3291 4937 3475 4977 exem-

1878 5019 2051 5090 plum.
2105 5017 2332 5084 Quantm
2407 5016 2460 5070 in
2511 5030 2614 5070 una
2684 5014 2897 5084 virgine
2951 5015 3166 5084 species
3207 5014 3475 5071 virtutum

1879 5111 2146 5170 emicant?
2169 5112 2452 5167 Secretum
2474 5108 2818 5166 verecundiae
2843 5149 2859 5174 ,
2882 5107 3140 5164 vexillum
3185 5107 3332 5171 ﬁdei,
3375 5108 3472 5164 de-

1893 5205 2124 5262 votionis
2149 5203 2469 5275 obsequium
2503 5221 2516 5258 :
2547 5203 2698 5274 virgo
2721 5201 2865 5258 intra
2915 5200 3160 5269 domum,
3193 5213 3382 5259 comes
3405 5201 3475 5258 ad

1890 5298 2277 5367 ministerium,
2305 5305 2481 5353 mater
2504 5297 2573 5352 ad
2618 5296 2901 5367 templum.

1977 5432 2004 5472 ἀ
2056 5435 2183 5514 Mss.
2216 5447 2413 5504 magno
2432 5445 2685 5514 numero,
2708 5431 2856 5514 quasi
2883 5430 3048 5514 uirum
3075 5433 3244 5514 specie
3261 5444 3456 5514 mutata
3473 5453 3494 5492 :

1908 5506 2152 5564 nonnulli
2189 5501 2446 5576 tamenet
2473 5504 2607 5559 edit.
2633 5503 2780 5576 quasi
2810 5503 2970 5558 uirum
3002 5501 3183 5576 (edit.,
3214 5504 3334 5576 utri)
3381 5523 3496 5568 ευθ-

1909 5581 1984 5635 cie
2010 5586 2148 5633 mota
2176 5593 2194 5632 :
2238 5575 2382 5646 quod
2409 5576 2579 5645 magis
2617 5575 2816 5643 placet.

1984 5661 2007 5686 ο
2062 5648 2262 5703 Omnes
2284 5647 2444 5719 edit.,
2472 5646 2782 5701 titubaverat
2809 5654 3017 5719 aspectu
3041 5662 3060 5713 ;
3103 5661 3294 5707 omnes
3335 5655 3503 5718 tum,

1915 5720 2204 5779 turbaverat
2232 5716 2493 5785 affectum;
