3974 6186
457 277 557 332 211

1816 249 2064 316 SANCTI
2101 242 2422 312 AllBllOSll

3652 237 3757 294 ΞΙΞ

535 392 628 449 l6.
680 390 726 445 Ο
776 386 992 458 quantis
1033 383 1124 439 illa
1173 378 1468 451 virginibus
1503 378 1776 441 occurret,
1827 379 2056 442 quantas
2085 367 2405 438 ANamque
2456 373 2640 436 parata
2701 362 2768 416 ad
2834 362 2997 426 teras,
3061 374 3185 415 cum
3239 365 3494 427 aspectus
3547 369 3758 426 quoque

466 485 751 554 complexa
781 479 846 534 ad
880 477 1166 531 Dominum
1201 474 1404 533 trahet,
1428 471 1652 525 dicens:
1686 469 1810 522 Iltcc
1845 467 2060 520 thorum

471 579 563 634 lilii
593 577 721 641 mei,
767 572 883 628 haec
915 570 1180 623 thalamos
1207 566 1474 635 nuptiales
1505 561 1851 617 immaculato
1879 573 2066 614 serva-

465 675 544 728 vit
573 667 800 741 pudore!
837 660 1303 732 Quemadmodum
1334 671 1428 712 eas
1467 657 1580 725 ipse
1627 653 1886 708 Dominus
1908 664 2062 705 com-

470 763 747 823 mendabit
774 758 945 824 Patri;
975 754 1230 811 nimirum
1255 751 1383 806 illud
1412 759 1664 821 repetens
1686 761 1841 802 suum
1865 763 1878 800 :
1903 745 2064 799 Pater

468 866 677 922 sancte,
711 856 829 908 istze
867 858 991 906 sunt
1027 861 1160 918 quas
1191 843 1457 900 custodivi
1502 842 1625 906 libi,
1656 841 1708 894 in
1737 838 1937 909 quibus
1977 835 2067 890 Fi-

466 954 575 1007 lius
627 945 865 1004 hominis
903 950 1062 1013 eaput
1117 939 1387 994 reclinans
1428 935 1667 1006 quievit;
1728 942 1852 1003 pcto
1884 937 1943 984 ut
1971 928 2065 983 ubi

469 1059 570 1116 ego
620 1057 761 1107 sum,
794 1046 850 1093 et
876 1037 1007 1106 ipsre
1033 1033 1143 1088 sint
1187 1045 1400 1087 mecum
1435 1027 1595 1101 (Joan
1626 1041 1756 1091 xvu,
1797 1022 1912 1095 24).
1957 1021 2064 1078 Sed

466 1139 511 1194 si
533 1146 557 1174 ἰ
583 1151 687 1190 non
711 1131 843 1189 solis
865 1131 967 1186 sibi
984 1127 1180 1183 debent
1202 1125 1484 1196 prodesse,
1502 1135 1625 1192 qua:
1649 1135 1754 1176 non
1772 1119 1901 1173 solis
1917 1118 2068 1171 vixeo

467 1238 597 1287 runt
627 1227 766 1282 sibi:
810 1225 925 1278 inec
953 1227 1227 1292 parentes,
1259 1219 1373 1272 haec
1405 1215 1638 1271 redimat
1661 1211 1883 1268 fratres.
1904 1209 2067 1264 Pater

467 1327 631 1397 justo,
651 1320 885 1376 mundus
905 1333 990 1372 me
1011 1331 1116 1371 non
1147 1311 1418 1384 cognovit,
1439 1312 1555 1365 ista:
1575 1316 1753 1363 autem
1769 1323 1856 1364 me
1869 1320 2070 1376 cogno-

468 1425 689 1482 verunt,
707 1425 760 1471 et
793 1413 1051 1468 mundum
1079 1420 1409 1478 cognoscere
1436 1404 1721 1459 noluerunt
1743 1398 2066 1473 (Ibid.,25).

541 1512 628 1564 l7.
658 1508 687 1547 δ
719 1509 850 1575 Qua:
901 1517 1095 1576 pompa
1126 1502 1240 1565 illa,
1289 1507 1486 1570 quanta
1516 1496 1833 1567 angelorum
1883 1495 2069 1549 laetitia

471 1601 871 1674 plaudentium,
904 1595 1046 1666 quod
1080 1593 1322 1648 habitare
1349 1599 1620 1647 mereatur
1651 1590 1705 1644 iu
1737 1589 1898 1655 ccelo,
1949 1603 2070 1659 quae

473 1694 684 1754 caelesti
736 1693 846 1748 vita
907 1689 1042 1745 vixit
1086 1689 1140 1742 in
1186 1685 1425 1742 stectilo!
1479 1683 1630 1738 Tunc
1680 1683 1843 1738 etiam
1899 1679 2063 1736 Maria

2163 461 2465 515 declinaret
2523 459 2784 522 virorum,
2834 470 2896 510 ac
2947 453 3130 508 vitalia
3181 452 3294 520 ipsa
3343 464 3492 504 saevo
3546 447 3762 502 offerret

2164 552 2348 618 leoni,
2407 550 2534 606 fecit
2585 548 2774 618 utqui
2819 545 3124 616 impudicos
3177 541 3490 598 detulerant
3541 541 3752 606 oculos,

2166 643 2394 714 pudicos
2448 641 2735 697 referrent.

2236 735 2328 790 20.
2355 734 2595 789 Cernere
2629 740 2747 786 erat
2797 731 3093 799 lingentem
3131 726 3295 797 pedes
3342 725 3580 781 bestiam
3609 722 3759 779 cubi-

2167 836 2283 882 tare
2309 826 2479 893 humi,
2534 836 2686 880 muto
2735 823 3116 878 testiﬁcantem
3174 834 3313 874 sono
3354 817 3499 889 quod
3553 831 3763 870 sacrum

2172 918 2397 988 virginis
2426 931 2622 986 corpus
2663 915 2867 969 violare
2920 927 3028 967 non
3072 918 3276 982 posset.
3314 909 3459 978 Ergo
3503 906 3770 962 adorabat

2166 1012 2400 1083 praedam
2448 1023 2600 1065 suam
2645 1009 2810 1065 bestia
2849 1015 2946 1063 :et
2987 1005 3221 1076 propria:
3266 1002 3438 1058 oblita
3498 1013 3712 1056 natura:
3746 1039 3760 1064 .

2170 1119 2419 1161 naturam
2446 1103 2699 1158 induerat
2721 1117 2878 1170 quam
2912 1099 3160 1155 homines
3183 1098 3508 1153 amiserant.
3534 1095 3770 1150 Videres

2171 1199 2402 1270 quadam
2425 1207 2635 1252 natura:
2652 1195 3020 1251 translusione
3040 1193 3293 1248 homines
3317 1191 3596 1247 feritatem
3613 1189 3774 1244 indu-

2170 1303 2278 1359 tos,
2310 1293 2576 1348 saevitiam
2614 1291 2886 1360 imperare
2915 1289 3107 1344 bestia:
3142 1306 3156 1340 :
3187 1285 3420 1342 bestiam
3447 1283 3775 1340 exosculan-

2171 1396 2282 1441 tem
2314 1383 2482 1453 pedes
2505 1384 2760 1454 virginis,
2819 1381 3021 1436 docere
3047 1379 3178 1452 quid
3209 1379 3458 1434 homines
3481 1377 3773 1434 deberent.

2175 1478 2411 1532 Tantum
2441 1474 2606 1530 habet
2636 1473 2920 1546 virginitas
2947 1472 3350 1538 admirationis,
3381 1481 3438 1526 ut
3463 1485 3586 1526 eam
3609 1470 3776 1525 etiam

2173 1573 2361 1628 leones
2410 1571 2695 1626 mirentur.
2749 1567 2868 1624 Non
2921 1569 3186 1638 impastus
3233 1567 3390 1620 cibus
3435 1565 3626 1630 ﬂexit,
3662 1579 3773 1620 non

2175 1665 2370 1720 citatos
2420 1665 2658 1733 impetus
2707 1661 2908 1731 rapuit,
2949 1675 3060 1714 non
3089 1658 3402 1714 stimulatos
3431 1658 3513 1712 ira
3543 1672 3777 1726 exaspe-

475 1795 792 1862 ιγηιρρηυη,
843 1797 1084 1846 sumens.
1114 1781 1310 1837 ειιοιιος
1337 1779 1627 1850 virginal“
1653 1775 1911 1832 excitabit
1934 1789 2064 1828 can-
2096 1754 2144 1814 B
2174 1754 2384 1862 ravit,:1
2420 1770 2526 1811 non
2561 1769 2691 1810 usus
2731 1753 2950 1824 decepit
2970 1761 3235 1816 assuetos,
3275 1766 3382 1862 non
3404 1749 3548 1805 feros
3573 1758 3778 1804 natura

476 1889 654 1939 tantes
701 1875 931 1934 Domino
958 1873 1102 1945 quod
1131 1889 1230 1945 per
1259 1886 1409 1928 mare
1438 1870 1623 1926 szeculi
1647 1868 1765 1924 sine
1795 1866 2072 1922 saeculari-

475 1979 576 2032 bus
643 1971 895 2029 fluctibus
967 1969 1300 2025 transierunt
1351 1964 1561 2036 (Exod.
1618 1979 1707 2028 xv,
1746 1960 1883 2032 20).
1915 1960 2072 2015 Tunc

477 2078 812 2137 uuaquceque
855 2061 1148 2119 exsultabit
1194 2061 1382 2115 dicens
1417 2076 1429 2112 :
1463 2056 1533 2112 Et
1559 2057 1784 2111 introibo
1813 2053 1881 2108 ad
1908 2054 2075 2108 altare

477 2160 576 2214 Dei
607 2159 724 2222 mei,
759 2167 809 2213 et
838 2158 904 2210 ad
950 2155 1118 2208 Deum
1135 2155 1221 2224 qui
1275 2152 1504 2221 laetiﬁcat
1543 2153 1863 2221 juventutcm
1909 2163 2074 2200 mratn

478 2252 653 2323 (Psal.
707 2265 840 2314 xui,
887 2246 965 2318 4).
1002 2245 1227 2300 lmmolo
1272 2243 1386 2299 Deo
1432 2241 1756 2297 sacrificium
1788 2239 1988 2305 laudis,
2020 2248 2076 2294 et

482 2345 652 2403 reddo
686 2344 964 2400 Altissimo
993 2349 1117 2395 vota
1141 2353 1258 2394 mea
1284 2337 1457 2410 (Psnl.
1493 2352 1640 2401 xux,
1673 2335 1788 2404 H).

554 2438 644 2494 18.
697 2437 882 2506 Neque
925 2435 1070 2490 enim
1100 2431 1459 2487 dubitaverim
1483 2429 1632 2484 vobis
1675 2437 1862 2498 patere
1887 2427 2074 2482 altaria

487 2532 620 2599 Dei,
679 2545 905 2602 quarum
952 2535 1160 2583 mentes
1209 2525 1403 2579 altaria
1451 2522 1786 2578 conﬁdenter
1824 2521 2075 2585 dixerim,

487 2627 540 2680 in
563 2625 760 2695 quibus
787 2621 1030 2693 quotidie
1050 2634 1153 2691 pro
1183 2617 1557 2687 redemptione
1596 2614 1846 2685 corporis
1894 2612 2082 2669 Chris-

487 2730 574 2774 tus
607 2718 934 2772 immolatur.
963 2714 1094 2768 Nam
1122 2714 1166 2767 si
1200 2725 1398 2781 corpus
1438 2709 1662 2779 virginis
1687 2707 1779 2762 Dei
1819 2706 2078 2776 templum

491 2821 594 2879 est,
652 2811 865 2863 animus
911 2807 1038 2877 qttid
1093 2815 1196 2870 est,
1240 2803 1332 2874 qui
1388 2813 1658 2872 tamquam
1710 2799 2079 2855 membrorum

493 2916 514 2942 ο
547 2901 821 2959 cineribus
856 2898 1162 2969 exagitatis,
1193 2895 1496 2952 sacerdotis
1528 2893 1716 2948 interni
1758 2891 2082 2961 retlopertus

489 3011 674 3060 manu,
711 3007 965 3062 vaporem
993 2990 1157 3045 divini
1183 2990 1320 3060 ignis
1347 2987 1595 3044 exhalat?
1617 2987 1795 3040 Beatre
1818 2987 2081 3056 virgines,

499 3103 622 3158 qum
655 3095 760 3140 tam
795 3083 1086 3140 immortali
1116 3081 1332 3153 spiratis
1357 3082 1548 3153 gratia,
1583 3088 1638 3133 ut
1662 3075 1801 3132 horti
1831 3075 2075 3144 ﬂoribus,

493 3189 545 3234 ut
589 3177 788 3246 templa
816 3174 1093 3246 religione,
1129 3185 1185 3229 ut
1215 3174 1400 3229 altaria
1432 3169 1718 3228 sacerdote
1747 3171 1759 3224 !

1107 3308 1336 3364 CAPUT
1382 3295 1470 3363 Ill.

495 3429 562 3485 Ut
598 3428 767 3482 Maria
794 3428 910 3480 vitta
936 3424 1298 3493 informandte,
1317 3425 1390 3477 sic
1404 3421 1596 3476 Thecla
1627 3422 1806 3474 mortis
1836 3420 2086 3476 obeunda

561 3517 828 3590 exemplar
848 3517 1060 3570 dicitur.
1081 3515 1128 3569 11
1135 3533 1231 3569 anc
1251 3533 1282 3569 a
1303 3515 1478 3569 bestiis
1490 3514 1558 3568 ad
1568 3529 1694 3584 quas
1715 3514 1959 3566 damnata
1973 3513 2084 3582 fue-

561 3623 665 3679 rat,
697 3628 800 3667 non
827 3611 995 3665 solum
1021 3608 1153 3663 nihil
1175 3623 1403 3679 passam,
1429 3607 1521 3660 sed
1550 3623 1576 3658 e
1603 3606 1866 3660 contrario
1888 3606 2083 3659 cultam

560 3717 605 3762 et
626 3707 895 3760 adoratam
913 3719 1038 3758 esse.
1061 3703 1128 3756 At
1144 3717 1206 3756 ne
1227 3717 1356 3769 quas
1372 3700 1647 3770 superiora
1664 3698 1897 3766 exempla
1914 3699 2083 3751 deter-

561 3807 739 3864 reant,
791 3797 1046 3851 recentius
1078 3793 1341 3865 quoddam
1366 3791 1688 3846 narrandum
1726 3793 2053 3864 praponitur.

568 3892 654 3946 19.
681 3889 828 3960 Ergo
859 3896 1043 3943 sancta
1073 3885 1240 3941 Maria
1271 3884 1614 3954 disciplinam
1663 3885 1787 3938 vitae
1812 3883 2089 3948 informet,

489 3981 692 4037 Tbecla
738 3981 933 4036 doceat
986 3977 1255 4034 immolari
1291 3995 1303 4031 :
1337 3992 1458 4048 quas
1515 3976 1668 4049 167
1723 3978 1977 4047 copulam
2009 3977 2089 4030 lu-

492 4078 644 4148 giens
688 4075 1006 4145 nuptialem,
1055 4079 1110 4127 et
1139 4071 1328 4141 sponsi
1380 4069 1565 4124 furore
1606 4070 1881 4137 damnata,
1934 4077 2090 4123 natu-

490 4182 605 4226 ram
623 4169 787 4227 etiam
812 4167 1107 4222 bestiarum
1128 4161 1452 4232 virginitatis
1473 4163 1822 4217 veneratione
1839 4165 2085 4223 mutavit.

569 4293 596 4323 η
634 4279 864 4351 Quidam
907 4289 1077 4340 mss.,
1136 4289 1240 4328 non
1269 4275 1394 4351 solis
1436 4274 1534 4329 sibi
1579 4273 1759 4334 debent
1789 4293 1961 4351 posse.
2011 4287 2079 4341 Et

497 4346 674 4420 infra,
689 4349 910 4404 mundus
936 4357 985 4420 te
1007 4362 1109 4400 non
1134 4346 1420 4416 cognovit..

565 4423 593 4463 b
624 4416 699 4480 Ita
734 4431 840 4476 vet.
877 4419 1016 4499 edit.
1051 4431 1137 4499 .ac-
1161 4431 1290 4470 mss.
1319 4416 1526 4499 “paucis
1555 4423 1826 4499 exceptis,
1858 4426 1947 4480 ubi
1982 4444 2080 4499 pro

497 4498 628 4566 Quae
657 4509 846 4566 pompa
870 4490 965 4545 illa
990 4531 1005 4554 ,
1051 4485 1280 4566 babetu_r
1312 4486 1440 4554 Quae
1468 4488 1599 4566 bona
1638 4485 1731 4545 illa
1758 4511 1776 4548 :
1815 4485 1918 4551 non
1949 4485 2082 4555 εὲιιῑε

492 4557 682 4632 ἦοιθξ
712 4557 1048 4638 Gill._autem
1075 4599 1090 4624 ,
1123 4573 1186 4612 ac
1229 4558 1385 4638 llum.
1420 4557 1553 4638 edit.
1587 4573 1708 4627 post
1753 4581 1915 4623 voces
1965 4571 2081 4638 Qua

496 4629 684 4710 pompa
704 4637 798 4691 illa
819 4635 938 4710 sine.
956 4645 1202 4703 sponsore
1225 4631 1319 4710 illo
1337 4670 1351 4694 ,
1394 4629 1725 4710 subjungunt
1751 4653 1865 4705 qme
1893 4629 2077 4710 gra'tia.

571 4723 591 4749 ε
620 4703 832 4774 Omnes
855 4704 990 4762 edit.
1030 4716 1094 4756 ac
1125 4703 1279 4769 pauci
1312 4716 1468 4774 mss.,
1502 4703 1779 4760 cineribus
1805 4703 2078 4768 excitatis.

565 4780 592 4818 ἀ
621 4771 874 4834 Nonnulli
909 4788 1069 4838 mss.,
1103 4788 1203 4824 non
1234 4788 1356 4824 usus
1386 4771 1582 4842 decepit
1603 4788 1857 4834 assuetus.

568 4861 592 4889 θ
626 4849 921 4920 Martyretu
945 4849 1104 4900 vocat
1132 4844 1343 4920 beatam
1370 4843 1632 4901 Theclam
1655 4889 1669 4914 ,
1703 4851 1846 4918 quod
1877 4866 1940 4908 ea
1971 4857 2082 4909 tor-

500 4930 682 4979 menta
727 4915 826 4990 pro
856 4918 959 4972 lide
988 4915 1302 4986 pertulerit,
1328 4929 1447 4984 qua:
1481 4923 1670 4990 natura
1703 4915 1800 4975 sua
1849 4937 2080 4980 mortem

499 4993 700 5064 inferre
727 4987 1029 5064 idebuerjnt
1055 5003 1084 5064 ;_
1117 5001 1425 5064 queinquam
1465 4987 1818 5064 verisimilius
1863 5006 2083 5064 putetur

501 5001 700 5049 inferre
742 5001 1029 5046 debuerunt
1055 5003 1084 5066 ς.
1117 5001 1425 5109 (Ittanquam
1465 5001 1818 5048 verrsruultus
1863 5006 2077 5064 putetur

501 5080 619 5136 eam
640 5059 973 5136 divinitusab
988 5059 1116 5136 i_psrs
1159 5055 1729 5136 iberatamtranquille
1750 5067 2077 5136 exsiiirasse.

505 5131 638 5191 Vide
669 5127 863 5188 Baron.
898 5129 952 5184 in
983 5125 1297 5198 Appendice
1327 5125 1391 5180 ad
1424 5135 1556 5180 lout.
1580 5125 1659 5185 Χ.

577 5205 596 5242 ι
627 5205 752 5258 MSS,
791 5203 997 5276 aliquot
1021 5239 1036 5265 ,
1076 5199 1304 5269 fugitans
1342 5198 1536 5276 publici
1577 5216 1697 5276 usus
1740 5204 2079 5276 adspeetum,

502 5288 632 5340 etc.;
664 5276 777 5337 alii,
804 5280 859 5346 et
886 5269 1019 5327 edit.
1052 5276 1185 5322 utin
1219 5280 1386 5346 textu,
1421 5269 1524 5322 nisi
1553 5273 1696 5340 quod
1723 5269 1855 5331 edit'.
1893 5269 2083 5346 praele-

503 5338 663 5411 runt,
694 5343 910 5398 evitabat
948 5350 1249 5409 aspectum,
1292 5338 1380 5411 ubi
1422 5338 1616 5395 omnes
1663 5360 1820 5408 mss.,
1867 5338 2086 5403 e'vitabat

502 5410 696 5470 oculos.
729 5414 878 5487 biubi
910 5425 1072 5482 porro
1113 5411 1164 5462 in
1195 5424 1260 5487 ea
1299 5410 1449 5462 luere
1484 5411 1748 5487 Opinione
1774 5417 2038 5486 virginem
2067 5463 2081 5487 ,

501 5487 571 5552 de
592 5502 694 5556 qua
727 5485 815 5540 hic
841 5477 1036 5553 agitur,
1065 5477 1314 5535 eamdem
1343 5477 1910 5556 esseae'l‘lieodoram
1939 5477 2080 5546 illam

504 5549 968 5629 Alexandrinam,
1022 5567 1196 5629 quam
1242 5565 1272 5604 a
1323 5549 1812 5629 sitnili_supp_licio
1872 5559 2080 5629 Didymi

503 5628 793 5700 christiani
807 5617 1118 5700 militiso'pe
1143 5620 1425 5700 liberatam
1448 5617 1623 5700 fuisse
1643 5617 2080 5700 Martyrologium

503 5693 733 5772 antehac
762 5695 922 5772 Beda:
968 5693 1304 5748 Venerabilis
1345 5695 1562 5772 nomine
1589 5693 1966 5772 pervulgatum]
1997 5718 2083 5760 re.

494 5772 617 5826 fert.
647 5767 759 5826 Hoc
782 5769 837 5824 in
860 5779 1102 5823 errorem
1131 5779 1239 5822 non
1275 5771 1479 5822 tantum
1513 5765 1808 5844 Molanum,
1835 5773 2076 5850 Surittm,

2173 1847 2434 1920 possedit.
2469 1849 2780 1902 Dncuerunt
2804 1846 3124 1916 religionem
3153 1844 3282 1898 dum
3301 1841 3533 1897 adorant
3563 1852 3586 1880 ε
3618 1856 3768 1896 mar-

2174 1951 2349 2014 tyrem
2367 1959 2378 1996 :
2395 1939 2880 1996 docueruntetiam
2900 1937 3230 2004 castitatem,
3255 1935 3384 1990 dum
3403 1933 3604 2006 virgini
3622 1933 3759 1988 nihil

2174 2035 2320 2091 aliud
2351 2035 2451 2089 nisi
2488 2034 2701 2104 plantas
2726 2033 3131 2096 exosculantur,
3165 2029 3431 2087 demersis
3469 2029 3523 2084 in
3559 2039 3766 2084 terram

2174 2129 2346 2182 oculis
2372 2168 2385 2191 ,
2420 2137 2694 2198 tamquam
2724 2124 3247 2189 verecundantibus,
3284 2137 3353 2178 ne
3400 2136 3517 2177 mas
3581 2120 3788 2191 aliquis

2179 2220 2262 2277 vel
2295 2221 2462 2276 bestia
2498 2219 2758 2290 virginem
2790 2218 2986 2272 nudam
3019 2216 3246 2271 videret.

2249 2312 2334 2366 21.
2369 2312 2522 2367 Dicet
2565 2310 2797 2382 aliquis:
2829 2310 2936 2364 Cur
2965 2308 3276 2378 exemplum
3303 2305 3530 2360 attulisti
3561 2304 3776 2371 Mariae,

2179 2408 2336 2478 quasi
2366 2405 2597 2475 reperiri
2622 2414 2786 2476 queat
2816 2412 3046 2458 matrem
3079 2403 3292 2458 Domini
3316 2416 3433 2470 qua!
3457 2401 3628 2470 possit
3659 2401 3784 2455 imi-

2181 2503 2330 2557 tari?
2369 2501 2480 2556 Cur
2511 2502 2674 2556 etiam
2723 2498 2964 2563 Theclte,
3002 2513 3164 2568 quam
3195 2497 3436 2568 gentium
3469 2495 3672 2549 Doctor
3702 2495 3788 2549 in-

2181 2595 2397 2651 stituit?
2447 2595 2518 2648 Da
2568 2591 2943 2661 hujuscemodi
2984 2591 3263 2645 doctorem
3293 2629 3309 2656 ,
3365 2593 3408 2642 si
3455 2586 3786 2656 discipulam

2190 2687 2449 2758 requiris.
2495 2685 2878 2754 Huiuscemodi
2905 2698 3097 2739 recens
3131 2682 3290 2738 vobis
3315 2681 3625 2749 exemplum
3657 2695 3788 2750 pro-

2184 2782 2320 2846 tero,
2366 2789 2424 2836 ut
2471 2779 2784 2849 intelligetis
2816 2776 3143 2847 Ap0stolum
3173 2789 3278 2831 non
3312 2775 3470 2830 unius
3494 2785 3618 2829 esse
3658 2773 3792 2828 doc-

2187 2886 2381 2940 torem,
2416 2873 2508 2928 sed
2541 2875 2803 2927 omnium.

2799 2964 3031 3021 CAPUT
3087 2964 3173 3020 IV.

2188 3060 2503 3116 Antiochena
2544 3060 2705 3132 virgo,
2745 3074 2862 3112 cum
2917 3058 3214 3124 sacriﬁcare
3258 3055 3414 3110 idolis
3483 3063 3789 3118 recusaret,

2263 3154 2330 3207 ad
2353 3153 2578 3222 lupanar
2603 3152 2870 3213 damnata,
2915 3150 3037 3203 inde
3083 3149 3265 3203 militis
3303 3147 3576 3201 christiani
3605 3162 3792 3216 opera,

2261 3249 2471 3302 mutatis
2509 3247 2643 3299 inter
2686 3261 2740 3298 se
2773 3242 3013 3306 vestibus,
3044 3243 3156 3296 sine
3197 3242 3307 3295 ullo
3333 3241 3547 3310 pudoris
3577 3240 3781 3294 damno

2259 3338 2461 3403 evadit;
2489 3349 2541 3391 at
2568 3353 2686 3390 cum
2711 3336 2800 3389 ille
2841 3343 3112 3405 propterea
3151 3335 3414 3386 duceretur
3463 3333 3532 3384 ad
3574 3333 3784 3402 suppli-

2257 3432 2414 3494 cium,
2437 3430 2543 3482 hwc
2563 3444 2589 3482 e
2606 3428 2812 3498 vestigio
2833 3426 3358 3488 rediens,constanter
3374 3423 3436 3477 de
3457 3426 3636 3494 palma
3660 3439 3781 3476 cum

2259 3525 2433 3578 eodem
2480 3521 2775 3584 contendit,
2810 3537 2912 3592 qua
2934 3519 3141 3574 tandem
3188 3528 3396 3582 uterque
3425 3517 3611 3570 donati
3638 3529 3787 3572 sunt.

2259 3615 2352 3669 22.
2403 3613 2702 3668 Antiochiae
2743 3627 2916 3684 nuper
2962 3614 3120 3681 virgo
3174 3609 3420 3680 qtnedam
3479 3608 3582 3662 fuit
3626 3607 3645 3645 ί
3706 3610 3787 3662 lu-

2191 3709 2371 3779 gitans
2418 3705 2620 3776 publici
2653 3705 2845 3759 visus:
2882 3704 2977 3758 sed
3027 3719 3134 3773 quo
3185 3703 3355 3772 magis
3394 3701 3636 3756 virorum
3681 3701 3798 3754 evi-

2191 3799 2341 3855 tabat
2391 3799 2582 3853 oculos
2605 3840 2619 3863 ,
2651 3813 2716 3853 eo
2757 3797 2995 3866 amplius
3027 3795 3375 3850 incendebat.
3427 3793 3792 3848 Pulchritudo

2197 3894 2342 3948 enim
2403 3890 2590 3945 audita
2636 3904 2738 3946 nec
2791 3891 2904 3943 visa
2961 3887 3082 3958 plus
3128 3887 3513 3949 desideratur,
3561 3884 3784 3940 duobus

2197 3983 2433 4039 stimulis
2464 3979 2844 4051 cupiditatum,
2881 3978 3086 4033 amoris
3103 3985 3160 4033 et
3181 3976 3507 4048 cognitionis
3538 3993 3552 4028 :
3588 3975 3722 4030 dum
3745 3983 3798 4029 et

2198 4074 2330 4130 nihil
2381 4073 2623 4129 occurrit
2667 4071 2813 4142 quod
2863 4072 3042 4125 minus
3081 4069 3326 4140 placeat,
3369 4077 3424 4123 et
3476 4067 3599 4138 plus
3641 4078 3796 4136 puta-

2195 4180 2281 4226 tur
2338 4183 2461 4225 esse
2528 4167 2672 4238 quod
2735 4166 2969 4237 placeat,
3020 4164 3166 4235 quod
3216 4178 3325 4218 non
3373 4161 3539 4231 iudex
3602 4165 3796 4217 oculus

2183 4286 2426 4352 aliosque
2455 4282 2763 4349 complures
2797 4279 3124 4352 induxerat,
3167 4277 3267 4352 sed
3291 4278 3452 4352 etiam
3483 4278 3789 4352 ipsummet

2184 4347 2497 4414 Baronium,
2529 4347 2619 4420 qui
2656 4351 2882 4419 proinde
2903 4349 3046 4420 quod
3071 4348 3213 4418 apud
3246 4347 3596 4403 Ambrosium
3623 4362 3796 4402 even-

2186 4435 2276 4483 tus
2307 4427 2398 4482 ille
2432 4419 2718 4478 Antiochia:
2747 4419 3039 4489 contigisse
3068 4421 3264 4484 legitur
3285 4461 3299 4482 ,
3328 4419 3660 4489 scriptorum
3696 4421 3795 4471 itii-

2190 4499 2394 4569 ρει-ἰήιε
2427 4495 2774 4569 tribuendum
2803 4494 2854 4548 itt
2876 4487 3040 4569 ‘Notis
3068 4492 3132 4569 ad
3163 4491 3384 4561 Martyr.
3407 4506 3481 4569 ,ιν
3511 4487 3624 4543 kal.
3666 4489 3790 4569 Maii

2189 4561 2394 4625 scribit.
2426 4565 2625 4620 Verum
2673 4565 2816 4619 idem
2849 4563 3154 4617 tiartlinalis
3184 4562 3512 4616 sententiam
3541 4575 3700 4613 suam
3738 4561 3789 4614 in

2188 4641 2382 4696 Annal.
2413 4637 2482 4692 ad
2508 4651 2600 4691 an.
2631 4636 2736 4692 509
2765 4638 3080 4695 revocavit,
3120 4636 3221 4688 hoc
3250 4633 3592 4700 potissimum
3625 4647 3793 4701 argu-

2186 4724 2369 4769 mento
2406 4709 2599 4762 ductus
2631 4751 2643 4767 .
2681 4707 2825 4775 quod
2867 4707 2918 4760 in
2950 4705 3131 4760 citatis
3160 4703 3558 4775 Martyrologiis
3594 4718 3793 4770 passus

2183 4799 2306 4838 cum
2340 4780 2629 4836 'l‘liendora
2660 4773 2922 4849 Didymus
2958 4794 3062 4829 non
3099 4773 3333 4846 legatur.
3365 4774 3477 4829 Alia
3517 4773 3629 4849 duo
3665 4789 3796 4849 pro-

2187 4863 2392 4924 ponunt
2437 4849 2684 4904 Bollandi
2724 4845 3427 4924 continuatores,nempe
3468 4845 3612 4924 quod
3666 4845 3786 4924 hgcc

2186 4916 2337 4993 virgo
2381 4925 2653 4975 scribatur
2684 4937 2850 4993 nuper
2879 4921 2930 4993 in
2965 4918 3101 4993 vivis
3135 4917 3304 4993 fuisse
3332 4916 3637 4993 {quodque
3660 4916 3788 4993 ejus

2184 4987 2306 5051 cum
2342 4995 2633 5048 liberatore
2659 5007 2760 5044 suo
2790 4992 3035 5060 dialogus
3055 4987 3118 5060 iu
3138 4988 3460 5060 quibusdam
3483 4987 3793 5060 Theudoria

2187 5067 2340 5122 Actis
2365 5079 2470 5118 non
2491 5064 2718 5133 legatur.
2749 5061 2856 5118 Sed
2884 5057 3412 5133 responderipoSset
3437 5057 3502 5111 ad
3527 5058 3788 5133 primum,

2187 5152 2306 5192 eam
2353 5129 2763 5204 comparatione
2806 5131 3024 5202 quidem
3054 5129 3270 5204 Theclze
3296 5145 3430 5204 quae
3448 5129 3792 5204 temporibus

2187 5208 2415 5277 degebat
2447 5200 2765 5277 apostolicis
2793 5200 3279 5277 ,inupenvixisse
3308 5217 3322 5255 :
3367 5201 3432 5277 ad
3481 5200 3788 5277 secundum

2188 5271 2341 5341 vero,
2366 5271 2700 5344 colloquium
2728 5274 2854 5328 illud
2877 5271 3106 5344 nonnisi
3129 5271 3412 5325 brevitatis
3433 5285 3600 5344 eausa
3621 5271 3794 5344 fuisse

2189 5339 2636 5419 praetermissum.
2686 5349 2754 5419 At
2793 5344 2932 5414 quod
2966 5343 3044 5419 illi
3086 5352 3272 5410 putant
3298 5356 3436 5419 esse
3482 5339 3692 5409 aliquid
3739 5342 3788 5393 in

2188 5411 2462 5476 Ambrosii
2501 5411 2822 5470 narratione
2844 5415 2986 5483 quod
3031 5413 3147 5482 ipse
3186 5428 3252 5466 ex
3284 5411 3438 5465 Actis
3486 5426 3792 5483 proconsu-

2191 5491 2426 5552 laribus,
2461 5498 2518 5540 ut
2549 5496 2781 5548 vocant,
2817 5481 3185 5545 transtulerit,
3214 5483 3385 5536 multo
3413 5481 3570 5536 nobis
3600 5481 3789 5536 verisi-

2192 5561 2374 5616 milius
2411 5551 2572 5610 fuerit
2595 5597 2608 5620 ,
2638 5556 2773 5609 illud
2805 5555 2982 5625 ipsum
3015 5571 3080 5610 ex
3111 5553 3489 5625 Ambrosioiu
3521 5554 3658 5608 Acta
3692 5551 3785 5607 illa

2189 5631 2510 5688 translatum
2541 5641 2682 5680 esse.
2715 5622 2975 5692 Quaenam
3010 5627 3170 5697 igitur
3194 5622 3468 5697 censenda
3495 5633 3580 5678 est
3622 5625 3783 5697 virgo

2189 5704 2279 5759 illa
2313 5697 2716 5772 Ambrosiaua?
2749 5699 2876 5752 lllud
2903 5694 3049 5772 vero
3067 5696 3296 5772 delinire
3339 5707 3515 5767 neque
3553 5694 3785 5772 expedi-

2189 5784 2301 5834 tum
2328 5769 2624 5842 credimus,
2654 5786 2830 5845 neque
2853 5769 2988 5837 adeo
3019 5766 3408 5832 necessarium.
