3974 6186
453 161 561 218 215

1811 151 2056 209 SANCTI
2096 151 2422 210 AMBROSII

3642 144 3766 200 218

453 279 546 346 do,
577 286 635 336 tu
665 291 765 349 pro
796 291 882 333 me
924 275 1150 331 militem
1181 273 1419 329 Christo.
1462 271 1641 329 [labes
1680 269 1878 326 bonam
1910 270 2050 325 mili-
2081 271 2136 332 Α
2159 271 2270 326 riar
2299 284 2522 327 nocens.
2549 267 2692 325 Nihil
2724 267 2811 324 hic
2833 267 3071 326 medium
3100 275 3185 325 est
3209 286 3220 322 :
3244 265 3404 322 hodie
3426 273 3519 321 aut
3546 278 3632 321 rea
3657 279 3769 320 ero

453 377 586 431 tiam
618 371 908 434 castitatis,
949 384 1067 439 quae
1105 367 1392 438 stipendiis
1429 367 1624 422 militat
1663 364 2011 435 sempiternis
2042 380 2057 417 :

454 466 684 521 loricam
711 462 955 533 justitite,
995 475 1116 529 qua:
1151 459 1378 530 spiritali
1428 458 1725 513 munimine
1751 471 1949 526 corpus
1981 457 2063 510 in-

459 557 686 613 cludat:
735 564 948 608 scutum
982 551 1128 617 fidei,
1171 567 1281 622 quo
1309 551 1504 605 vulnus
1548 549 1820 620 repellas:
1849 549 2061 620 galeam

457 650 681 716 salutis;
731 649 805 705 ibi
834 648 976 704 enim
1007 657 1091 702 est
1129 645 1438 717 praesidium
1487 655 1691 700 nostra:
1712 644 1924 711 salutis,
1969 642 2064 699 ubi

461 743 710 799 Christus
759 758 770 794 :
826 739 1088 811 quoniam
1138 738 1387 794 mulieris
1439 746 1602 808 caput
1650 736 1735 792 vir
1767 777 1782 804 ,
1840 735 2063 806 virginis

461 833 732 891 Christus.

534 927 624 984 '50.
657 925 727 981 Et
764 926 907 980 inter
934 924 1050 979 hrcc
1077 923 1241 978 verba
1264 921 1607 994 chlamydem
1638 920 1806 976 exuit.
1835 919 2068 989 Suspec-

461 1033 549 1078 tus
590 1031 772 1076 tamen
806 1018 982 1074 adhuc
1011 1018 1230 1072 habitus
1262 1028 1316 1072 et
1342 1015 1705 1086 persecutoris
1732 1023 1786 1070 et
1813 1013 2066 1068 adulteri.

466 1115 632 1184 Virgo
651 1113 950 1178 cervicem,
974 1109 1314 1180 chlamydem
1334 1107 1494 1163 miles
1514 1106 1730 1162 offerre.
1759 1105 1892 1174 Qua:
1915 1120 2070 1176 pom-

464 1219 532 1274 pa
582 1203 694 1269 illa,
743 1217 865 1272 qum
907 1201 1104 1271 gratia,
1152 1215 1272 1254 cum
1307 1199 1360 1253 in
1405 1198 1651 1269 lupanari
1697 1197 1764 1253 de
1810 1197 2070 1268 martyrio

465 1295 768 1350 certarent!
813 1293 1101 1348 Addantur
1146 1306 1418 1361 personae,
1464 1291 1622 1346 miles
1652 1299 1706 1345 et
1749 1291 1919 1360 virgo,
1969 1289 2071 1343 hoc

467 1399 572 1454 est,
621 1387 911 1441 dissimiles
957 1387 1098 1440 inter
1128 1401 1188 1440 se
1238 1385 1397 1456 170
1426 1393 1643 1449 natura,
1677 1383 1774 1439 sed
1818 1383 1913 1438 Dei
1965 1382 2069 1436 mi-

467 1481 744 1535 seratione
800 1479 1154 1543 consimiles;
1211 1487 1270 1531 ut
1324 1476 1666 1545 compleatur
1720 1475 2002 1530 oraculum
2055 1491 2069 1526 :

474 1574 623 1628 Tunc
665 1573 772 1644 lupi
807 1582 852 1626 et
891 1573 1012 1642 agni
1057 1572 1216 1626 simul
1254 1580 1530 1643 pascentur
1575 1568 1748 1639 (Esai.
1781 1584 1908 1631 va,
1948 1568 2068 1638 25).

2162 364 2239 418 tui
2269 363 2568 433 sanguinis,
2593 371 2685 418 aut
2713 370 2920 434 martyr
2946 361 3074 417 mei.
3108 361 3162 417 Si
3191 361 3299 416 cito
3331 358 3492 426 redii,
3522 359 3641 429 quis
3673 372 3770 414 me

2165 457 2330 512 audet
2358 456 2689 512 excludere?
2716 455 2775 512 Si
2809 471 3015 511 moram
3045 454 3170 521 feci,
3211 455 3334 525 quis
3374 453 3541 508 audet
3579 451 3771 508 absol-

2164 551 2331 606 vere?
2359 550 2486 607 Plus
2515 549 2726 621 legibus
2755 549 2950 616 debeo,
2978 563 3068 603 rea
3097 562 3206 602 non
3235 547 3409 602 solum
3435 545 3574 616 fuga:
3597 559 3768 612 meae,

2167 641 2262 698 sed
2293 643 2455 696 etiam
2485 642 2650 697 caedis
2693 641 2907 696 aliente.
2954 640 3239 696 Sulliciunt
3284 638 3524 694 membra
3572 637 3770 702 morti,

2167 749 2287 805 quae
2321 749 2425 788 non
2457 733 2798 790 sufficiebant
2835 733 3067 804 injuriaz.
3103 731 3199 786 Est
3229 731 3282 786 in
3311 731 3521 801 virgine
3553 731 3774 785 vulneri

2167 827 2339 894 locus,
2383 828 2472 899 qui
2517 842 2622 882 non
2674 835 2792 882 erat
2835 825 3203 882 contumeliae.
3246 825 3360 896 Ego
3405 823 3773 894 opprobrium

2167 921 2457 984 declinavi,
2511 937 2619 976 non
2660 920 3002 992 martyrium.
3037 919 3155 973 Tibi
3198 919 3338 974 cessi
3378 927 3611 983 vestem,
3655 932 3776 972 non

2170 1013 2565 1084 professionem
2589 1012 2809 1067 mutavi.
2837 1011 2992 1079 Quod
3022 1011 3066 1066 si
3092 1009 3225 1066 mihi
3249 1010 3496 1081 praeripis
3514 1017 3778 1076 mortem,

2171 1123 2276 1163 non
2307 1106 2586 1163 redemisti
2616 1122 2723 1173 me,
2756 1107 2852 1162 sed
2893 1103 3324 1161 circumvenisti.
3356 1101 3523 1171 Cave,
3555 1118 3776 1174 qumso,

2172 1216 2240 1256 ne
2273 1200 2594 1265 contendas,
2622 1209 2644 1236 ο
2675 1214 2805 1254 cave
2837 1214 2906 1254 ne
2949 1197 3327 1252 contradicere
3375 1196 3599 1252 audeas.
3647 1195 3780 1250 Noli

2172 1296 2388 1363 eripere
2432 1291 2776 1358 beneficium,
2829 1289 2971 1360 quod
2999 1289 3216 1344 dedisti.
3261 1289 3398 1344 Dum
3439 1288 3573 1343 mihi
3629 1288 3780 1346 hanc

2172 1385 2500 1441 sententiam
2531 1400 2720 1456 negas,
2769 1384 2915 1439 illam
2945 1384 3192 1439 restituis
3240 1385 3606 1452 superiorem.
3635 1383 3781 1440 Sen-

2174 1480 2339 1535 tentia
2372 1478 2518 1534 enim
2547 1478 2818 1533 sententia
2861 1479 3147 1548 superiore
3191 1483 3452 1530 mutatur.
3495 1475 3554 1532 Si
3583 1486 3780 1544 poste-

2173 1571 2287 1626 rior
2311 1585 2399 1626 me
2419 1587 2524 1625 non
2555 1579 2724 1635 tenet,
2755 1577 2904 1625 tenet
2930 1569 3199 1638 superior.
3224 1567 3519 1622 Possumus
3543 1577 3784 1639 uterque

473 1667 615 1722 Ecce
645 1682 781 1737 agna
814 1675 869 1720 et
897 1666 1053 1735 lupus
1087 1679 1193 1718 non
1225 1664 1404 1718 solum
1435 1674 1732 1732 pascuntur
1757 1661 1940 1728 simul,
1968 1659 2065 1716 sed
2099 1661 2148 1722 B
2175 1661 2489 1717 satisfacere
2521 1661 2826 1724 sententiae,
2865 1660 2911 1715 si
2945 1674 3032 1715 mc
3061 1660 3208 1729 prius
3235 1646 3457 1730 patiaris
3482 1659 3684 1716 occidi.
3725 1658 3782 1713 In

471 1761 635 1815 etiam
667 1759 1036 1814 immolantur.
1070 1757 1210 1824 Quid
1238 1756 1432 1826 plura?
1457 1756 1662 1810 Mutato
1699 1755 1909 1820 habitu,
1940 1768 2072 1808 evo-

472 1853 550 1907 lat
583 1853 760 1924 puella
784 1851 852 1906 de
883 1852 1100 1919 laqueo,
1128 1851 1240 1920 jam
1265 1866 1374 1904 non
1407 1850 1524 1904 suis
1553 1849 1678 1917 alis,
1713 1858 1769 1903 ut
1797 1857 1920 1918 pote
1950 1862 2070 1914 qua:

474 1945 818 2015 spiritalibus
849 1943 1123 2000 ferebatur
1153 1961 1165 1996 :
1200 1953 1254 1997 et
1279 1941 1445 2013 (quod
1472 1941 1616 1996 nulla
1644 1955 1896 2011 umquam
1920 1939 2071 1994 vide-

475 2047 602 2091 runt
626 2035 846 2107 saecula)
867 2035 1146 2104 egreditur
1167 2035 1235 2090 de
1256 2034 1504 2104 lupanari
1527 2035 1698 2104 virgo,
1729 2033 1823 2088 sed
1845 2031 2068 2087 Christi.

545 2131 635 2184 51.
671 2132 741 2183 At
767 2129 844 2183 illi
875 2130 965 2200 qui
993 2127 1252 2185 videbant
1279 2128 1473 2194 oculis,
1507 2136 1534 2164 α
1556 2136 1611 2182 et
1651 2143 1759 2182 non
1791 2126 2071 2194 videbant,

478 2239 576 2280 ceu
613 2234 862 2293 raptores
908 2223 976 2278 ad
1009 2238 1225 2294 agnam,
1274 2237 1372 2279 ceu
1415 2222 1527 2294 lupi
1565 2222 1800 2279 fremere
1835 2222 1902 2278 ad
1935 2238 2074 2294 prae-

487 2320 633 2372 dam.
663 2317 815 2373 Unus
844 2318 933 2388 qui
963 2328 1082 2372 erat
1107 2317 1506 2385 immodestior,
1548 2317 1813 2373 introivit.
1843 2317 1950 2374 Sed
1981 2317 2074 2372 ubi

480 2411 659 2466 hausit
701 2410 876 2465 oculis
917 2409 1001 2464 rei
1053 2418 1264 2464 textum
1303 2409 1488 2477 :Quid
1533 2410 1658 2478 hoc,
1709 2411 1906 2480 inquit,
1946 2411 2074 2466 est?

478 2505 664 2561 Puella
697 2506 943 2575 ingressa
964 2514 1070 2569 est,
1097 2505 1180 2559 vir
1199 2505 1432 2560 videtur.
1468 2504 1612 2560 Ecce
1642 2521 1748 2559 non
1771 2503 2075 2558 fabulosum

479 2595 611 2650 illud
643 2596 670 2634 h
694 2611 855 2651 cerva
884 2610 982 2664 pro
1003 2596 1232 2667 virgine,
1263 2595 1362 2651 sed
1394 2595 1538 2666 quod
1567 2611 1753 2650 verum
1777 2604 1884 2660 est,
1919 2597 2077 2652 miles

481 2703 552 2742 ex
581 2687 811 2756 virgine.
861 2686 1117 2741 Atetiam
1161 2687 1439 2742 audieram
1484 2697 1538 2742 et
1575 2704 1680 2742 non
1709 2687 2073 2756 credideram,

480 2777 624 2846 quod
645 2792 840 2847 aquam
861 2777 1112 2832 Christus
1133 2779 1184 2831 in
1205 2778 1390 2832 vinum
1417 2780 1685 2833 convertit
1709 2777 1888 2852 (Joan.
1906 2795 1962 2845 ιι,
1982 2779 2074 2850 9):

477 2871 588 2939 jam
619 2877 828 2923 mutare
872 2869 1038 2937 cmpit
1081 2877 1136 2923 et
1175 2883 1356 2923 sexus.
1401 2869 1736 2924 Itecetlamus
1769 2869 1915 2936 hinc,
1950 2870 2077 2924 dum

483 2958 660 3014 adhuc
687 2959 778 3030 qui
807 2958 1026 3024 fuimus,
1070 2974 1280 3014 sumus.
1311 2959 1577 3030 Numquid
1608 2969 1662 3015 et
1697 2961 1812 3030 ipse
1841 2968 2080 3016 mutatus

480 3069 624 3119 sum,
654 3053 743 3122 qui
775 3051 919 3105 aliud
939 3065 1128 3119 cerno,
1159 3067 1320 3122 quam
1344 3052 1545 3108 credo?
1566 3051 1648 3108 Ad
1680 3051 1910 3121 lupanar
1933 3053 2076 3118 veni,
2105 3047 2151 3110 C

481 3159 647 3200 cerno
678 3154 699 3182 ο
729 3143 1093 3198 vadimonium
1139 3163 1153 3199 :
1198 3154 1252 3199 ct
1298 3154 1476 3199 tamen
1523 3153 1760 3199 mutatus
1807 3143 2076 3214 egrediar,

487 3240 712 3311 pudicus
735 3240 916 3308 exibo,
950 3241 1038 3311 qui
1066 3241 1279 3296 adulter
1306 3241 1521 3296 intravi.

555 3333 646 3388 52.
681 3333 885 3388 Indicio
922 3334 1022 3399 rei,
1055 3335 1179 3403 quia
1219 3334 1520 3390 debebatur
1547 3342 1698 3388 tanto
1731 3347 1934 3389 corona
1966 3334 2079 3388 vic-

486 3427 647 3489 ctori,
696 3425 985 3480 damnatus
1039 3435 1122 3481 est
1177 3441 1276 3495 pro
1311 3425 1542 3496 virgine,
1587 3426 1680 3496 qui
1727 3441 1824 3496 pro
1872 3427 2081 3497 virgine

485 3515 918 3586 comprehensus
940 3525 1048 3572 est.
1079 3515 1156 3570 Ita
1183 3515 1250 3571 de
1293 3516 1538 3586 lupanari
1569 3533 1674 3571 non
1707 3516 1881 3572 solum
1907 3518 2080 3588 virgo,

487 3611 582 3667 sed
625 3611 786 3666 etiam
831 3619 1103 3680 martyres
1150 3610 1420 3664 exierunt.
1452 3607 1649 3664 Fertur
1683 3610 1862 3678 puella
1895 3610 1961 3664 ad
2007 3611 2084 3664 lo-

486 3721 609 3760 cum
649 3703 898 3774 supplicii
929 3703 1261 3769 cucurrisse,
1311 3712 1548 3758 certasse
1585 3701 1774 3757 ambos
1815 3701 1882 3756 de
1925 3717 2078 3766 nece,

491 3817 614 3857 cum
647 3802 737 3857 ille
760 3802 970 3856 diceret
1007 3817 1018 3852 :
1047 3800 1159 3869 Ego
1188 3815 1307 3854 sum
1330 3799 1511 3869 jussus
1554 3797 1747 3866 occidi,
1775 3807 1828 3853 te
1850 3798 2086 3854 absolvit

492 3896 782 3958 sententia,
817 3893 1032 3963 quando
1056 3907 1143 3947 me
1171 3892 1366 3948 tenuit.
1397 3891 1466 3946 At
1493 3891 1579 3945 illa
1612 3889 1850 3945 clamare
1878 3891 2043 3960 coepit
2069 3907 2082 3947 :

489 3987 607 4043 Non
635 4001 735 4056 ego
761 3995 812 4041 te
844 3987 1033 4042 mortis
1064 3985 1254 4040 vadem
1283 3983 1443 4053 elegi,
1472 3981 1498 4020 ἀ
1519 3983 1612 4040 sed
1649 3984 1882 4054 pranlem
1915 3983 2087 4054 pudo-

490 4081 564 4134 ris
590 4080 792 4150 optavi.
827 4079 886 4134 Si
919 4079 1091 4148 pudor
1117 4077 1399 4146 qumritur,
1435 4087 1617 4132 manet
1643 4091 1804 4132 Sexus
1838 4095 1850 4132 :
1885 4078 1930 4132 si
1955 4092 2084 4131 san-

490 4169 610 4237 guis
646 4168 978 4235 exposcitur,
1021 4167 1395 4236 ﬁdejussorem
1438 4183 1544 4221 non
1587 4167 1866 4236 desidero,
1909 4167 2086 4223 habeo

493 4261 640 4315 unde
665 4259 981 4313 dissolvam.
1014 4258 1071 4312 lu
1114 4274 1201 4312 me
1232 4259 1335 4312 lata
1368 4259 1472 4312 ista
1512 4260 1803 4323 sententia,
1836 4275 1960 4329 qua:
1986 4275 2086 4330 pro

491 4369 581 4410 me
609 4353 715 4409 lata
746 4361 846 4408 est.
877 4351 1040 4408 Certe
1068 4355 1112 4406 si
1147 4353 1388 4422 pecuniae
1415 4360 1468 4406 te
1491 4351 1872 4422 fidejussorem
1903 4352 2084 4408 dedis-

2173 1763 2226 1810 te
2275 1769 2380 1809 non
2414 1753 2616 1808 habent
2653 1753 2814 1808 aliam
2854 1767 3013 1822 quam
3062 1760 3372 1818 exerceant,
3425 1765 3642 1822 pmuam
3675 1768 3689 1806 :
3725 1751 3785 1806 in

2173 1847 2381 1918 virgine
2410 1846 2673 1901 obnoxius
2705 1846 2858 1918 171
2909 1844 3082 1914 pudor
3132 1853 3231 1899 est.
3263 1842 3448 1914 Itaque
3486 1843 3786 1915 gloriosior

2174 1939 2304 2005 eris,
2335 1939 2380 1992 si
2408 1939 2642 1994 videaris
2663 1937 2730 1993 de
2763 1937 3008 1993 adultera
3050 1947 3342 2008 martyrem
3369 1935 3586 2004 fecisse,
3614 1953 3783 2008 quam

2175 2034 2243 2090 de
2270 2044 2511 2105 martyre
2535 2033 2837 2088 adulteram
2868 2031 3193 2087 reddidisse.

2245 2128 2338 2182 55.
2378 2125 2516 2195 Quid
2539 2124 2904 2194 exspectatis?
2927 2124 3042 2178 Duo
3081 2122 3501 2188 contenderunt,
3533 2131 3589 2178 et
3618 2123 3785 2177 ambo

2176 2224 2421 2279 vicerunt
2447 2238 2461 2276 :
2483 2236 2583 2277 nec
2603 2221 2775 2277 divisa
2800 2229 2885 2275 est
2905 2235 3130 2282 corona,
3161 2220 3254 2275 sed
3278 2219 3478 2275 addita.
3503 2218 3584 2274 lta
3606 2220 3784 2275 sancti

2178 2326 2444 2388 martyres
2487 2315 2716 2370 invicem
2763 2313 2867 2368 sibi
2895 2313 3158 2369 beneficia
3195 2312 3567 2382 conferentes,
3607 2313 3783 2369 altera

2178 2407 2502 2480 principium
2537 2407 2798 2478 martyrio
2825 2405 2995 2473 dedit,
3025 2406 3165 2461 alter
3195 2404 3470 2463 elfectum.

2803 2497 3034 2554 CAPUT
3077 2499 3141 2553 V.

2179 2595 2477 2650 Amicorum
2503 2595 2720 2650 duorum
2745 2609 2773 2648 e
2798 2602 2936 2649 secta
2959 2591 3290 2664 Pythagorea
3317 2593 3654 2649 memorabile
3672 2595 3785 2666 fac-

2252 2698 2357 2742 tum
2379 2704 2495 2742 cum
2517 2687 2672 2741 laude
2691 2695 2980 2741 recensetur
3002 2702 3022 2752 ,'
3047 2685 3308 2757 superiori
3335 2695 3505 2740 tamen
3549 2687 3785 2740 ostendi-

2253 2793 2338 2838 tur
2373 2799 2486 2838 esse
2530 2782 2941 2854 postponendum
2970 2797 2988 2834 :
3015 2780 3100 2834 ubi
3137 2781 3289 2835 etiam
3334 2780 3396 2834 de
3442 2780 3693 2851 Dionysii
3733 2782 3787 2834 iu

2253 2875 2543 2946 spoliandis
2593 2874 2748 2930 idolis
2795 2874 3055 2938 irrisione,
3090 2888 3179 2926 nec
3223 2889 3325 2927 non
3357 2872 3421 2927 de
3468 2873 3689 2926 deorum
3733 2873 3784 2925 in

2255 2967 2539 3023 tolerandis
2568 2967 2710 3022 illius
2739 2965 3024 3034 sacrilegiis
3043 2965 3343 3032 infirmitate
3364 2963 3664 3031 disseritur,
3689 2980 3784 3035 po-

2255 3065 2355 3118 sita
2382 3079 2443 3118 ea:
2462 3063 2678 3117 adverso
2707 3077 2861 3134 quant
2894 3059 3032 3116 Deus
3059 3059 3181 3114 olim
3213 3059 3362 3131 coepit
3390 3059 3454 3113 de
3471 3056 3785 3125 Jeroboam,

2255 3171 2428 3211 severa
2459 3157 2676 3210 ultione.

2256 3249 2346 3303 54.
2380 3249 2448 3302 At
2469 3246 2630 3301 etiam
2654 3245 3104 3316 philosophorum
3132 3243 3407 3316 gymnasia
3441 3241 3460 3280 τ
3483 3243 3786 3300 Damonem

2184 3348 2239 3395 et
2278 3338 2528 3410 Pythiam
2557 3336 2924 3408 Pythagoreos
2971 3337 3024 3390 in
3070 3336 3269 3392 caelum
3309 3334 3508 3401 ferunt,
3551 3349 3787 3406 quorum

2186 3447 2326 3487 unus
2375 3445 2498 3486 cum
2541 3438 2690 3486 esset
2735 3427 2894 3484 morti
2922 3428 3288 3498 adjudicatus,
3325 3427 3792 3484 commendando—

2185 3539 2303 3580 rum
2329 3538 2550 3578 suorum
2587 3530 2800 3591 tempus
2824 3521 3069 3591 pOpOSCil
3096 3538 3108 3573 2
3136 3530 3396 3592 tyrannus
3420 3528 3606 3574 autem
3639 3528 3792 3575 35111·-

2188 3617 2448 3682 tissimus,
2477 3615 2621 3685 quod
2653 3613 2882 3684 reperiri
2918 3629 3028 3670 non
3059 3629 3220 3685 posse
3249 3613 3609 3679 existimaret,
3646 3613 3790 3684 peti-

2186 3708 2264 3763 vit
2287 3719 2346 3762 ut
2371 3721 2694 3778 Sponsorem
2722 3707 2900 3772 daret,
2928 3709 3016 3776 qui
3045 3721 3145 3777 pro
3184 3722 3245 3762 se
3285 3704 3563 3773 feriretur,
3596 3707 3643 3760 si
3670 3706 3789 3777 ipse

2187 3800 2391 3855 faceret
2417 3813 2643 3853 moram.
2677 3797 2818 3865 Quid
2844 3797 2912 3852 dc
2938 3797 3151 3851 duobus
3191 3795 3528 3867 prmclarius,
3572 3797 3785 3852 nescio.

2192 3891 2489 3962 Utrumque
2520 3891 2866 3963 praeclarum.
2909 3889 3062 3944 Alter
3102 3889 3294 3944 mortis
3324 3888 3515 3944 vadem
3549 3889 3785 3952 invenit,

2187 3985 2324 4040 alter
2363 4000 2424 4040 se
2453 3985 2666 4040 obtulit.
2709 3984 2894 4053 Itaque
2921 3982 3050 4039 dum
3093 3997 3218 4038 reus
3262 3997 3469 4037 moram
3517 3983 3788 4054 supplicio

2188 4078 2408 4142 faceret,
2443 4076 2731 4146 lidejussor
2761 4075 2911 4132 vultu
2939 4090 3136 4130 sereno
3162 4083 3391 4130 mortem
3424 4089 3533 4129 non
3565 4089 3790 4130 recusa-

2187 4171 2284 4225 vit.
2340 4167 2474 4224 Cum
2527 4168 2841 4232 duceretur,
2889 4166 3094 4220 amicus
3143 4166 3457 4230 revertitur,
3511 4166 3788 4222 cervicem

2188 4259 2488 4327 substituit,
2529 4259 2667 4314 colla
2708 4258 2962 4328 subjecit.
2987 4257 3142 4312 Tunc
3185 4255 3482 4312 admiratus
3517 4268 3790 4329 tyrannus

2188 4353 2494 4408 chariorem
2521 4351 2857 4421 philosophis
2887 4349 3180 4405 amicitiam
3207 4364 3366 4420 quam
3388 4349 3553 4404 vitam
3578 4349 3787 4419 fuisse;

489 4460 629 4510 sem,
661 4453 717 4501 et
744 4445 970 4501 absente
1013 4459 1122 4510 me,
1146 4443 1314 4514 judex
1357 4453 1506 4498 tuum
1537 4459 1762 4500 censum
1793 4446 2083 4502 feneratori
2113 4432 2166 4492 D
2195 4445 2382 4518 petivit
2428 4455 2486 4500 ut
2515 4444 2634 4515 ipse
2671 4445 2740 4499 ab
2779 4443 2866 4498 his
2893 4457 3030 4514 quos
3075 4441 3448 4510 damnaverat,
3498 4443 3550 4497 in
3601 4446 3792 4500 amici-

490 4538 890 4609 adjudicasset;
922 4537 1116 4593 eadem
1143 4552 1232 4592 me
1261 4538 1530 4592 sententia
1574 4539 1919 4604 convenires,
1964 4556 2086 4596 meo

491 4630 821 4700 patrimonio
848 4631 1112 4685 solverem
1149 4640 1268 4684 tuos
1293 4644 1484 4685 nexus.
1516 4628 1574 4684 Si
1605 4643 1940 4699 recusarem,
1964 4633 2086 4701 quis

491 4722 875 4793 meindignam
907 4721 1124 4793 indigna
1160 4731 1336 4777 mortc
1372 4723 1666 4777 censeret?
1711 4723 1925 4790 Quanto
1968 4739 2085 4778 ma-

483 4814 573 4884 jor
593 4826 676 4871 est
702 4815 894 4886 capitis
921 4815 1080 4886 hujus
1109 4817 1304 4870 usura!
1333 4814 1539 4870 Moriar
1567 4817 1850 4884 innocens,
1877 4832 1944 4873 ne
1970 4833 2088 4874 mo-

568 4973 693 5028 ulta
739 4986 870 5027 mss.
918 4987 1131 5040 omnes,
1181 4972 1281 5028 nisi
1317 4972 1460 5043 quod
1503 4972 1610 5027 duo
1655 4973 1936 5038 exhibent,
1983 4977 2086 5044 {re-

495 5051 668 5099 muere
700 5061 718 5099 :
751 5044 909 5098 Rom.
945 5059 1075 5098 vero
1098 5044 1254 5109 edit.,
1282 5054 1404 5113 post
1430 5060 1594 5099 voces
1613 5056 1662 5098 et
1691 5063 1794 5098 non
1824 5045 2082 5110 videbant,

497 5117 610 5170 sola
640 5116 915 5184 subjungit
941 5115 1116 5178 corde,
1145 5125 1198 5168 at
1224 5130 1344 5169 cum
1375 5115 1498 5170 aliis
1531 5117 1846 5184 particulam
1874 5132 1966 5169 ceu
1995 5115 2086 5171 deo

499 5185 664 5256 trahit
695 5196 820 5240 ante
853 5200 1038 5240 vocem
1070 5187 1204 5256 lupi.

569 5255 597 5293 ι’
619 5255 845 5310 Cervam
893 5255 1138 5326 intellige’
1160 5259 1211 5311 in
1235 5255 1506 5310 sacrilicio
1547 5272 1642 5324 pro
1675 5256 1950 5326 Iphigenia
1981 5258 2091 5310 vir-

501 5328 623 5396 gine
637 5329 1060 5397 Agamemnonis
1083 5331 1224 5397 regis
1248 5327 1356 5380 lilia
1371 5327 1702 5396 suppositam
1725 5345 1737 5380 :
1761 5329 1826 5380 de
1849 5343 1949 5396 qua
1966 5327 2093 5381 Dic-

502 5409 608 5468 tys.
637 5396 886 5452 Cret.lib.
920 5414 958 5463 ι,
990 5396 1176 5468 Ευτίιι.
1211 5400 1262 5451 iu
1306 5399 1578 5467 Iphigenia
1607 5398 1659 5453 in
1691 5399 1905 5465 Aulide,
1933 5398 2089 5453 Ovid.

502 5467 596 5522 lib.
644 5483 721 5521 χιι
749 5468 988 5534 Metam.,
1019 5478 1074 5523 et
1101 5467 1215 5523 alii.

578 5551 599 5577 ο
623 5537 1005 5610 Vadimonium
1036 5541 1254 5610 proprie
1277 5550 1358 5594 eSt
1384 5540 1671 5609 promissio
1689 5539 1914 5596 sistendi
1939 5554 1999 5595 se
2021 5539 2088 5593 ad

502 5610 852 5684 constitutum
907 5609 1050 5684 diem
1099 5609 1600 5684 ceramjudicibus,
1636 5624 1706 5684 fat
1742 5613 1942 5668 dicitur
1985 5611 2088 5678 hoc

495 5678 616 5735 l'o'co
656 5680 1022 5735 vadimOnium
1073 5681 1216 5744 quod
1257 5678 1320 5736 se
1362 5682 1516 5744 quasi
1549 5683 1736 5741 vadem
1789 5684 1946 5738 miles
1989 5695 2087 5752 pro

2192 4541 2322 4595 tiam
2354 4539 2711 4608 reciperetur.
2747 4546 2772 4583 ε
2799 4535 3029 4591 Tantam
3057 4533 3271 4590 virtutis
3295 4549 3418 4591 esse
3440 4535 3700 4607 gratiam,
3734 4546 3793 4592 ut

2189 4643 2246 4691 et
2276 4645 2566 4705 tyrannum
2591 4631 2902 4686 inclinaret.

2260 4727 2353 4781 '55.
2404 4725 2570 4795 Digna
2615 4722 2795 4789 laude,
2846 4720 2944 4777 sed
2986 4719 3198 4776 minora
3239 4720 3461 4776 nostris.
3508 4719 3648 4777 Nam
3681 4723 3795 4779 illic

2191 4817 2353 4872 ambo
2382 4815 2505 4882 viri;
2549 4815 2638 4870 hic
2675 4828 2780 4870 una
2813 4813 2989 4884 virgo,
3021 4828 3142 4883 quae
3170 4812 3346 4883 primo
3389 4812 3554 4869 etiam
3597 4827 3794 4871 sexum

2190 4974 2401 5081 vir‘gine
2426 4972 2800 5056 constituerit.

2317 5046 2420 5081 Mc:
2476 5045 2676 5081 nlsnnnl
2731 5061 2800 5081 ea:

2314 5046 2440 5100 Mss.
2475 5045 2702 5115 aliquot,
2727 5043 2818 5116 sed
2840 5043 3070 5116 praedam
3113 5043 3554 5116 pudor-isea'pavi.
3591 5042 3793 5102 Plures

2193 5132 2325 5171 vero
2366 5116 2458 5170 ubi
2486 5114 2676 5170 omnes
2717 5114 2848 5169 edit.
2891 5129 3015 5168 eum
3047 5117 3236 5184 paucis
3278 5114 3399 5168 aliis
3445 5128 3582 5170 mss.
3615 5127 3794 5172 manet

2193 5203 2377 5251 nexus,
2413 5187 2706 5255 [inplerunt
2731 5186 3029 5256 elegantius
3058 5195 3228 5238 manet
3253 5201 3424 5239 sexus.

2272 5268 2294 5294 ο
2317 5259 2545 5310 ()uitlam
2581 5273 2710 5310 mss.
2745 5273 2866 5310 cave
2887 5258 3238 5310 contradicere
3275 5255 3484 5310 audiari

2272 5268 2294 5294 θ
2317 5268 2545 5311 Uuulam
2581 5273 2710 5311 mss.
2745 5273 2866 5310 cave
2887 5268 3238 5311 contradicere
3275 5268 3530 5310 audiarts.

2274 5268 2294 5294 ε
2317 5259 2545 5323 Quidam
2581 5273 2710 5311 mss.
2745 5273 2866 5310 cave
2887 5259 3238 5311 contradicere
3275 5259 3530 5310 audiaris.

2274 5327 2292 5365 ί
2323 5329 2396 5383 De
2438 5328 2540 5383 hoc
2567 5329 2866 5381 amicorum
2901 5329 3012 5396 pari
3051 5329 3228 5396 agitur
3267 5326 3408 5395 apud
3436 5323 3554 5380 Cie.
3604 5328 3706 5384 lib.
3738 5345 3796 5385 ut

2200 5398 2380 5464 Oflie.,
2409 5399 2528 5452 locu
2557 5399 2663 5461 jam
2709 5415 2736 5451 a
2769 5397 2926 5451 nobis
2968 5398 3133 5452 citato
3160 5407 3322 5466 atque
3349 5397 3501 5459 alibi.
3537 5413 3640 5455 nec
3687 5416 3798 5456 non

2199 5470 2340 5540 apud
2373 5469 2484 5522 Val.
2523 5469 2660 5540 Max.
2696 5469 2790 5540 lib.
2825 5484 2899 5533 tv,
2923 5483 2974 5525 c.
3005 5471 3128 5535 7,et
3155 5472 3311 5524 alios.

2271 5551 2294 5586 8
2318 5540 2515 5594 Omnes
2532 5539 2664 5594 edit.
2678 5580 2691 5604 ,
2711 5538 2881 5593 Tanta
2893 5541 3088 5612 uirtutis
3103 5549 3178 5593 est
3195 5540 3384 5612 gratia.
3411 5537 3614 5595 Omnes
3635 5559 3794 5612 mss.,

2195 5622 2394 5738 lamina
2420 5613 2622 5666 virtutis
2644 5627 2751 5668 esse
2784 5611 3026 5683 gratiam,
3054 5611 3246 5682 supple
3283 5617 3504 5678 constat,
3543 5623 3642 5668 aut
3670 5611 3798 5685 quid

2195 5695 2235 5738 δι
2275 5698 2292 5737 ι
2336 5697 2384 5738 e.

2193 5695 2384 5738 smnte.
