3998 6190
191 225 290 279 ΞΠ

1396 218 1492 278 DE
1535 220 1922 281 VIRGlNlBUS
1961 223 2091 281 LIB.
2131 224 2194 280 ll.

3373 225 3482 282 218

188 339 452 394 vinceret:
477 337 561 393 illi
592 338 778 403 amici,
805 337 893 394 isti
913 338 1173 410 incogniti
1206 358 1220 394 :
1245 339 1318 395 illi
1352 349 1585 412 tyranno
1607 341 1699 396 uni
1724 353 1783 396 se
1810 343 1865 403 Α
1959 342 2217 414 virginum
2235 343 2416 397 merita
2441 341 2771 414 referendum
2795 358 2813 396 :
2841 343 2919 397 sui
2944 352 3114 398 autem
3135 342 3300 413 officii
3324 344 3486 414 fuisse

191 431 512 495 obtulerunt,
549 431 646 486 isti
673 432 920 503 tyrannis
947 426 1214 501 pluribus,
1241 432 1343 488 hoc
1378 434 1539 488 etiam
1581 433 1776 488 crude-

191 521 418 588 lioribus,
461 522 620 592 quod
665 523 754 578 ille
795 524 1060 594 pepercit,
1111 525 1197 579 isti
1242 524 1599 580 occiderunt:
1631 527 1776 580 inter

191 616 299 671 illos
319 615 368 670 in
400 631 511 670 uno
537 616 775 672 obnoxia
803 617 1128 683 necessitas,
1161 618 1215 673 in
1247 619 1332 673 bis
1363 618 1642 673 amborum
1675 635 1772 672 vo.

191 708 352 763 lunias
392 708 590 764 libera.
628 709 739 765 Hoc
786 725 1002 781 quoque
1051 711 1141 766 isti
1191 712 1594 781 prudentiores,
1627 712 1772 782 quod

194 799 284 853 illis
330 800 494 854 studii
545 801 633 856 sui
685 801 808 856 finis
862 803 1118 858 amicitia:
1165 804 1359 872 gratia,
1404 804 1523 859 istis
1571 818 1774 859 corona

193 892 452 963 martyrii;
487 891 574 948 illi
601 894 746 950 enim
780 905 1130 952 certaverunt
1159 896 1494 961 hominibus,
1521 897 1609 952 isti
1638 899 1768 953 Deo.

249 983 332 1038 36.
368 983 435 1038 Et
456 986 718 1056 quoniam
747 987 828 1042 rei
857 988 1018 1042 istius
1041 988 1270 1044 fecimus
1297 991 1652 1052 mentionem.
1677 1005 1773 1059 par

190 1084 262 1130 est
284 1083 580 1133 contexere
622 1077 749 1148 quid
777 1079 848 1134 de
874 1079 978 1134 diis
1022 1081 1136 1135 suis
1173 1083 1428 1145 senserit,
1463 1097 1569 1151 quo
1601 1081 1771 1152 magis

189 1168 413 1226 infirmos
430 1171 716 1240 judicetis,
747 1187 888 1242 quos
913 1173 1146 1228 irrident
1171 1176 1278 1229 sui.
1310 1173 1555 1246 Namque
1580 1175 1626 1230 is
1647 1191 1768 1230 cum

189 1264 406 1318 venisset
444 1265 500 1319 in
550 1267 814 1335 templum
842 1265 1012 1333 Jovis,
1060 1276 1086 1304 ι
1113 1269 1371 1322 amictum
1411 1284 1634 1323 aureum
1662 1284 1770 1339 quo

191 1356 514 1422 aperiebatur
554 1358 910 1413 simulacrum
937 1359 1080 1427 ejus,
1108 1358 1322 1414 detrahi
1349 1358 1529 1429 jussit,
1561 1360 1766 1430 imponi

191 1446 408 1516 laneum,
436 1450 636 1507 dicens
665 1467 854 1506 aurum
886 1450 1081 1523 hyeme
1111 1451 1386 1522 frigidum,
1419 1462 1607 1508 mstate
1635 1469 1767 1509 one-

191 1555 352 1596 rosum
373 1557 520 1599 esse.
548 1544 642 1599 Sic
667 1545 828 1598 deum
856 1544 1026 1599 irrisit
1052 1560 1233 1610 suum,
1258 1556 1316 1599 ut
1344 1561 1443 1601 nec
1463 1561 1600 1601 onus
1627 1546 1769 1601 ferre

191 1649 349 1703 posse,
380 1651 481 1691 nec
508 1635 686 1707 frigus
719 1648 953 1708 putaret.
987 1637 1132 1692 Idem
1163 1653 1284 1692 cum
1309 1637 1613 1708 IEsculapii
1643 1641 1764 1694 bar-

1949 443 2228 499 asseverat,
2288 445 2563 505 antequam
2609 437 2868 490 severiora
2919 435 3145 491 traderet
3195 446 3473 506 prmcepta,

1949 547 2122 586 earum
2145 531 2346 586 animos
2376 534 2627 586 orationis
2657 545 2806 602 atque
2838 531 3190 601 exemplorum
3219 534 3469 587 suavitate

1950 624 2205 688 mulcere;
2246 625 2386 695 quod
2421 634 2465 678 et
2498 625 2724 679 humano
2755 641 2871 693 usu,
2921 634 2968 679 et
3012 625 3302 680 diuinorum
3331 625 3475 680 codi-

1949 731 2066 769 cum
2106 717 2416 771 auctoritate
2438 717 2780 773 demonstrat.

1946 873 2035 928 59.
2092 873 2218 928 Η.ρο
2267 888 2369 944 ego
2421 875 2601 940 vobis,
2654 883 2857 929 sanctae
2907 874 3170 942 virgines,
3231 873 3472 928 nondum

1877 964 2163 1020 triennalis
2193 965 2452 1021 sacerdos
2497 966 2820 1022 munuscula
2854 966 3060 1035 paravi,
3090 965 3216 1020 licet
3255 980 3352 1019 usu
3387 965 3469 1020 in-

1873 1057 2088 1121 doctus,
2114 1057 2207 1112 sed
2233 1059 2428 1114 vestris
2452 1058 2680 1113 edoctus
2705 1057 2971 1113 moribus.
3001 1059 3246 1124 Quantus
3268 1057 3469 1112 etenim

1873 1149 2194 1204 adolescere
2223 1165 2354 1204 usus
2387 1151 2560 1220 potuit
2593 1161 2700 1204 tam
2735 1164 2898 1220 parva
2930 1149 3157 1204 initiatae
3185 1149 3470 1219 religiOuis

1873 1242 2072 1296 aetate?
2118 1242 2173 1298 Si
2212 1258 2349 1312 quos
2387 1244 2472 1297 hic
2517 1245 2683 1298 liores
2739 1244 2982 1308 cernitis,
3014 1243 3082 1298 de
3109 1253 3306 1298 vestra:
3345 1244 3468 1297 vitte

1872 1333 2136 1388 collectos
2167 1335 2329 1404 legite
2359 1334 2502 1388 sinu.
2533 1335 2651 1388 Non
2697 1343 2829 1388 sunt
2853 1335 2969 1389 bmc
3007 1344 3277 1404 prrecepta
3301 1334 3465 1403 virgi-

1873 1425 2053 1488 nibus,
2100 1426 2195 1480 sed
2231 1425 2300 1480 de
2343 1425 2646 1495 virginibus
2691 1427 2969 1496 exempla.
3001 1425 3208 1481 Vestra:
3253 1426 3470 1480 virtutis

1869 1517 2103 1589 efﬁgiem
2151 1530 2336 1574 nostra
2392 1518 2637 1589 depinxit
2681 1520 2881 1583 oratio,
2939 1528 3138 1574 vestra:
3186 1519 3470 1589 gravitatis

1872 1613 2164 1682 imaginem
2192 1611 2348 1682 quasi
2378 1612 2429 1666 in
2471 1612 2701 1682 speculo
2733 1612 2969 1682 quodam
3012 1613 3282 1667 sermonis
3313 1611 3470 1666 istius

191 1726 295 1782 bam
331 1727 559 1783 vidisset
608 1745 850 1795 auream,
898 1729 1014 1784 tolli
1058 1729 1367 1800 imperavit,
1413 1731 1767 1800 incongruum
1799 1734 1844 1793 Β
1872 1709 2099 1800 cunnis
2128 1707 2420 1800 Τθίυιεβτθο
2451 1719 2472 1746 °
2508 1707 2614 1762 “’5
2650 1708 2693 1761 Si
2726 1705 3364 1800 quantitoslrf’imlia“)
3388 1703 3472 1800 Ψ·

190 1834 292 1875 esse
315 1823 605 1892 appellans
634 1831 693 1878 ut
720 1821 862 1877 lilius
890 1822 1114 1878 barbam
1142 1821 1389 1886 haberet,
1417 1823 1444 1861 δ
1478 1832 1630 1892 patre
1663 1839 1768 1878 non

190 1911 416 1969 habente.
448 1913 606 1969 idem
651 1914 956 1969 simulacris
987 1915 1296 1969 tenentibus
1329 1929 1524 1969 aureas
1551 1923 1768 1983 pateras

189 2005 381 2072 ademit,
409 2007 665 2079 allegans
686 2007 933 2078 accipere
959 2023 1018 2064 se
1035 2008 1261 2071 debere,
1283 2009 1427 2078 quod
1454 2008 1765 2064 diidarent:

190 2097 425 2165 Quoniam
454 2099 582 2155 haec
620 2108 748 2154 sunt
777 2109 923 2166 vota,
957 2100 1152 2170 inquit,
1187 2100 1489 2165 hominum,
1525 2102 1681 2173 172
1713 2111 1771 2157 ιιι

192 2206 216 2245 a
241 2191 332 2247 diis
348 2209 467 2264 qua:
496 2193 638 2248 bona
661 2203 806 2260 sunt,
826 2194 1197 2264 adipiscantur
1228 2215 1242 2250 :
1275 2197 1406 2251 nihil
1438 2209 1616 2252 autem
1637 2212 1770 2251 auro

193 2290 391 2344 melius:
420 2288 574 2360 quod
607 2298 787 2345 tamen
817 2289 859 2342 si
895 2289 1093 2343 malum
1127 2299 1231 2353 est,
1264 2291 1465 2346 habere
1497 2290 1629 2346 deos
1660 2307 1766 2345 non

193 2379 367 2437 debere
406 2399 420 2436 :
453 2383 510 2437 si
553 2383 754 2438 bonum
790 2391 893 2451 est,
927 2382 1131 2440 habere
1171 2384 1345 2455 magis
1392 2385 1641 2441 homines
1671 2384 1768 2440 dc-

194 2471 321 2538 bere,
347 2474 432 2545 qni
463 2476 546 2529 uti
577 2475 807 2530 scirent.

255 2567 334 2622 57.
361 2567 434 2624 Ita
463 2565 704 2624 ludibrio
735 2568 906 2625 habiti
933 2578 1080 2636 sunt,
1112 2578 1171 2625 ut
1209 2585 1386 2642 neque
1411 2571 1622 2642 Jupiter
1649 2587 1770 2628 ves-

198 2665 287 2713 tem
323 2675 474 2715 suam
515 2661 814 2716 defendere
841 2663 1100 2732 potuerit,
1130 2678 1233 2717 nec
1278 2663 1498 2717 barbam
1525 2663 1768 2719 IEscula-

198 2751 319 2818 pius,
350 2769 454 2808 nec
500 2753 696 2822 Apollo
743 2754 1043 2824 pubescere
1089 2753 1268 2808 adhuc
1293 2755 1543 2823 emperit,
1594 2771 1769 2825 neque

197 2856 362 2900 omnes
384 2846 480 2915 qui
508 2846 768 2900 dicuntur
795 2845 894 2908 dii.
928 2846 1212 2900 retrahere
1249 2846 1524 2916 potuerint
1553 2856 1768 2916 pateras

195 2951 308 3006 quas
362 2938 626 2993 tenebant
659 2957 671 2992 :
704 2953 811 2993 non
864 2947 972 2992 tam
1031 2937 1161 2994 furti
1207 2948 1414 2994 reatum
1471 2941 1765 3006 timentes,

195 3043 332 3096 quam
375 3043 599 3084 sensum
643 3045 749 3083 non
783 3029 1067 3084 habentes.
1096 3031 1228 3098 Quis
1270 3031 1434 3100 igitur
1471 3046 1566 3086 eos
1594 3031 1764 3096 colat,

1877 1799 2102 1854 balastis
2134 1799 2376 1867 ingenio,
2423 1809 2666 1852 vestrum
2713 1810 2791 1853 est
2825 1797 3089 1868 quidquid
3121 1798 3222 1852 iste
3262 1795 3473 1852 redolet

1874 1889 2030 1944 liber.
2068 1891 2134 1944 Et
2161 1892 2416 1962 quoniam
2450 1901 2581 1962 quot
2626 1892 2898 1958 homines,
2943 1902 3018 1947 tot
3057 1891 3346 1947 sententiae
3379 1908 3391 1943 :
3423 1890 3468 1944 si

1872 1983 2003 2054 quid
2033 1983 2353 2038 def-meatum
2402 1995 2484 2039 est
2515 1985 2566 2038 in
2618 1999 2872 2040 sermone
2905 1994 3116 2053 nostro,
3169 1998 3361 2038 omnes
3394 1983 3469 2039 le-

1872 2087 2002 2148 gant
2041 2097 2054 2131 :
2089 2082 2136 2133 si
2189 2079 2315 2148 quid
2364 2079 2678 2144 decoctum,
2721 2081 3048 2134 maturiores
3095 2080 3328 2149 probent
3379 2078 3470 2133 :si

1871 2169 2001 2240 quid
2033 2171 2360 2238 modestum,
2392 2172 2704 2241 pectoribus
2735 2171 3021 2237 inlitereat,
3056 2186 3224 2241 genas
3248 2171 3464 2240 pingat:

1873 2265 1918 2318 si
1946 2265 2070 2334 quid
2097 2263 2466 2330 florulentum,
2502 2275 2634 2320 mtas
2659 2264 2951 2319 ﬂorulenta
2971 2279 3078 2318 non
3105 2265 3392 2334 improbet.

1944 2357 2036 2412 40.
2068 2357 2362 2412 Debuimus
2387 2372 2600 2427 sponsm
2628 2359 2870 2412 excitare
2898 2373 3176 2421 amorem;
3205 2357 3466 2425 scriptum

1873 2461 1957 2506 est
1998 2452 2142 2505 enim
2180 2467 2192 2502 :
2231 2449 2430 2522 Diliges
2476 2450 2757 2504 Dominum
2798 2450 2964 2505 Deum
2996 2462 3142 2504 tuum
3179 2450 3362 2522 (Deut.
3389 2466 3466 2514 vr,

1874 2545 1954 2614 5).
1984 2542 2010 2580 ἀ
2042 2544 2335 2599 Debuimus
2397 2545 2446 2599 in
2505 2546 2704 2615 nuptiis
2757 2546 3088 2600 calamistris
3137 2544 3463 2616 quibusdam

1873 2640 2054 2695 crines
2084 2638 2278 2693 saltem
2307 2641 2574 2694 orationis
2603 2656 2834 2702 ornare;
2870 2637 3132 2707 scriptum
3165 2648 3245 2692 est
3277 2638 3422 2692 enim
3453 2654 3466 2691 :

1875 2731 2079 2786 Plaude
2114 2747 2293 2796 manu,
2336 2741 2382 2782 et
2415 2742 2622 2800 percute
2648 2734 2779 2800 pede
2807 2729 3022 2802 (Ezeclt.
3056 2745 3173 2794 ut,
3208 2729 3321 2798 14).
3364 2729 3468 2782 De-

1872 2823 2088 2879 buimus
2112 2831 2404 2894 perpetuos
2433 2839 2689 2892 spargere
2723 2823 2990 2878 thalamos
3021 2823 3179 2877 rosis.
3209 2821 3386 2876 Etiam
3411 2821 3463 2875 in

1877 2917 1960 2971 liis
1987 2919 2256 2988 conjugiis
2297 2917 2689 2988 temporalibus
2733 2919 2954 2973 nubenti
2985 2917 3134 2988 prius
3167 2915 3465 2986 plauditur,

1872 3025 2035 3080 quam
2070 3010 2408 3080 imperatur;
2449 3026 2516 3064 ne
2563 3019 2689 3064 ante
2730 3009 2864 3064 dura
2911 3009 3188 3064 offendant
3217 3007 3466 3077 imperia,

194 3124 269 3189 qui
292 3137 390 3177 nec
412 3121 706 3178 defendere
731 3138 791 3178 se
817 3123 970 3194 quasi
998 3122 1095 3188 dii,
1127 3138 1227 3178 nec
1249 3124 1585 3179 abscondere
1607 3124 1759 3195 quasi

1886 3103 2036 3175 173
2063 3119 2224 3172 quam
2259 3102 2536 3157 blanditiis
2565 3117 2717 3157 amor
2750 3102 2892 3155 fotns
2926 3102 3207 3156 inolescat.

195 3214 426 3272 homines
463 3218 728 3287 possunt?

253 3309 332 3365 58.
363 3311 435 3364 At
470 3310 524 3365 in
574 3311 779 3381 templo
811 3311 904 3366 Dei
933 3310 1105 3364 nostri
1153 3323 1274 3365 cum
1317 3309 1634 3374 Jeroboam,
1668 3325 1764 3364 rex

199 3405 648 3469 sceleratissimus,
684 3407 823 3460 dona
853 3421 972 3475 qum
1003 3415 1154 3475 pater
1198 3405 1314 3474 ejus
1351 3414 1634 3477 posuerat,
1669 3420 1766 3459 au-

195 3494 362 3562 ferret,
389 3512 452 3553 ac
481 3513 645 3568 super
666 3507 919 3553 sanctum
948 3497 1121 3554 altare
1150 3499 1346 3552 libaret
1366 3497 1556 3564 idolis;
1585 3512 1765 3552 nonne

195 3590 395 3647 dextera
427 3593 542 3662 ejus
578 3609 739 3665 quam
792 3593 1042 3659 tetendit,
1091 3595 1254 3659 aruit,
1287 3607 1388 3648 nec
1429 3609 1523 3648 sua
1566 3593 1615 3647 ei
1644 3609 1765 3662 quae

195 3686 476 3754 invocabat,
527 3688 676 3743 idola
705 3688 1068 3758 profuerunt?
1113 3687 1320 3742 Deinde
1351 3703 1653 3743 conversus
1696 3687 1764 3742 ad

197 3777 480 3846 Dominum,
528 3782 741 3850 rogavit
784 3781 1026 3846 veniam,
1068 3781 1362 3851 statimque
1409 3795 1600 3834 manus
1646 3781 1764 3849 ejus

197 3886 309 3940 quae
325 3884 530 3929 aruerat
554 3874 868 3944 sacrilegio,
897 3885 1084 3928 sanata
1109 3884 1193 3928 est
1218 3873 1483 3943 religione
1508 3873 1599 3942 (ΙΙΙ
1634 3873 1761 3946 Reg.

201 3979 308 4030 xm,
331 3965 364 4019 2
388 3977 432 4021 et
451 3969 607 4039 seq.).
639 3969 775 4023 Tam
806 3978 1075 4023 maturum
1124 3968 1177 4022 in
1217 3984 1325 4022 uno
1364 3978 1418 4024 et
1449 3969 1762 4022 misericor-

199 4053 294 4108 diae
326 4058 508 4114 divina:
547 4069 605 4115 et
646 4059 1034 4131 indignationis
1073 4061 1384 4130 exemplum
1434 4059 1669 4124 exslitit,
1702 4067 1760 4113 ut

202 4149 497 4207 sacriﬁcanti
540 4153 722 4209 subito
774 4153 1000 4209 dextera
1044 4153 1414 4220 adimeretur,
1476 4152 1762 4223 paenitenti

202 4244 342 4300 venia
367 4245 601 4304 daretur.

785 4362 1014 4421 CAPUT
1052 4363 1140 4420 Vl.

1940 3196 2032 3250 41.
2077 3195 2349 3265 Equorum
2395 3195 2477 3249 vis
2518 3206 2540 3231 ε
2590 3196 2794 3264 plausae
2825 3197 3056 3249 sonitum
3101 3194 3258 3248 discit
3288 3207 3472 3248 amare

1867 3285 2119 3352 cervicis,
2149 3303 2217 3340 ne
2247 3295 2463 3341 recuset
2488 3286 2695 3356 jugum.
2731 3288 2970 3356 Denique
3016 3288 3163 3356 prius
3201 3286 3474 3342 assuesci-

1869 3385 1958 3432 tur
1990 3378 2154 3432 verbo
2185 3379 2446 3442 lascivize,
2480 3397 2639 3449 quam
2665 3383 2888 3435 verbere
2910 3381 3231 3450 disciplima.
3254 3383 3353 3436 Ast
3377 3381 3468 3436 ubi

1867 3471 2008 3525 colla
2035 3471 2336 3528 subdiderit
2361 3474 2522 3544 jugo;
2571 3485 2623 3528 ct
2651 3473 2858 3528 habena
2889 3475 3246 3543 constringit,
3288 3487 3341 3528 et
3375 3475 3470 3529 sti-

1868 3566 2046 3620 mulns
2068 3576 2244 3637 urget,
2301 3579 2353 3622 et
2382 3583 2664 3638 compares
2694 3569 2934 3634 trahunt,
2963 3576 3021 3622 et.
3052 3566 3069 3604 τ
3099 3569 3296 3636 jngalis
3327 3569 3463 3622 invi-

1869 3665 1964 3712 tat.
2014 3660 2104 3714 Sic
2149 3661 2313 3715 etiam
2336 3661 2491 3731 virgo
2522 3671 2706 3715 nostra
2734 3661 2923 3715 debuit
2966 3662 3114 3730 prius
3155 3675 3340 3714 amore
3382 3663 3471 3729 pio

1867 3749 2096 3817 ludere,
2145 3767 2306 3806 aurea
2359 3752 2498 3806 tliori
2544 3753 2781 3808 caelestis
2815 3752 2979 3806 fulcra
3011 3752 3194 3805 mirari
3247 3751 3298 3803 in
3351 3750 3468 3820 ipso

1867 3845 2137 3900 vestibulo
2184 3847 2536 3915 nuptiarum,
2587 3856 2610 3893 ε
2664 3856 2718 3898 et
2753 3854 2935 3913 postes
2980 3842 3250 3898 frondium
3302 3843 3461 3897 sertis

1867 3953 2094 3994 cernere
2131 3947 2454 4001 coronatos,
2483 3950 2534 3992 et
2566 3937 2715 3992 cliori
2763 3937 3056 4004 Strepentis
3086 3936 3312 3990 interius
3338 3935 3470 3989 lian-

1867 4031 1974 4086 rirc
2011 4029 2270 4096 delicias;
2325 4045 2393 4084 ne
2436 4045 2499 4085 se
2532 4031 2680 4098 prius
2726 4029 3004 4082 Dominico
3033 4028 3162 4098 jugo
3194 4027 3468 4082 timefacta

1865 4125 2215 4189 subduceret,
2241 4140 2403 4195 qnam
2437 4132 2627 4178 vocata
2666 4122 2973 4176 inclinaret.

1937 4219 2029 4274 49..
2078 4217 2210 4272 Veni
2252 4217 2419 4285 igitur
2444 4216 2545 4269 huc
2572 4232 2601 4268 α
2627 4215 2826 4269 Libano
2851 4259 2864 4281 ,
2916 4213 3144 4284 Sponsa,
3173 4213 3287 4268 veni
3316 4212 3416 4267 huc
3441 4230 3471 4266 a

1866 4309 2090 4375 Libano,
2123 4308 2364 4363 transibis
2391 4318 2435 4362 et
2465 4308 2800 4378 pertransibis
2846 4307 3017 4378 (Cant.
3047 4323 3120 4372 tv,
3150 4305 3231 4378 8).
3259 4306 3472 4377 Saapius

1866 4403 2011 4457 enim
2057 4402 2212 4456 nobis
2257 4402 2360 4456 iste
2391 4399 2689 4456 versiculus
2719 4399 3084 4455 recantandus
3131 4408 3249 4463 est;
3285 4408 3344 4453 ut
3383 4398 3468 4453 vel

205 4491 326 4550 Lilm'
347 4499 549 4554 secundi
568 4499 856 4563 conclusio,
884 4515 987 4569 qua
1010 4506 1226 4553 testatur
1254 4496 1446 4552 Auctor
1486 4493 1756 4548 modestis-
1784 4503 1838 4564 Ι)
1865 4493 2160 4549 Dominicis
2186 4504 2373 4548 vocata
2402 4493 2608 4560 verbis,
2641 4504 2922 4563 sequatur,
2950 4493 2995 4546 si
3023 4507 3126 4563 qua
3162 4506 3268 4546 non
3293 4490 3469 4546 credit

262 4589 420 4658 simus,
449 4592 494 4646 si
532 4591 657 4663 quid
678 4591 929 4647 hactenus
957 4590 1077 4645 boni
1114 4589 1397 4660 scripserit,
1428 4589 1482 4643 id
1513 4594 1678 4641 totum
1704 4588 1760 4640 in

263 4755 284 4783 ⁸
303 4746 370 4821 De
389 4749 535 4806 hisce
565 4749 812 4821 Dionysii
841 4749 896 4821 in
921 4747 1055 4821 deos
1093 4761 1223 4803 suos
1251 4746 1507 4821 ludibriis
1533 4745 1759 4802 consule

203 4813 481 4886 Diodorum,
505 4813 808 4886 Plutarch,
839 4819 1269 4876 Val.Maximum
1298 4827 1353 4873 et
1378 4819 1536 4872 alios.

261 4886 487 4962 FOmnes
524 4891 682 4953 edit.,
717 4889 846 4945 Cum
879 4892 1066 4958 Apollo
1110 4899 1256 4959 pater
1297 4893 1409 4962 ejus
1447 4890 1616 4942 adhuc
1656 4903 1760 4941 non

202 4956 395 5032 haberet,
426 4978 546 5032 qua:
568 4964 732 5018 verba
763 4963 815 5017 in
847 4956 1012 5017 nullis
1034 4956 1164 5016 mss.
1207 4956 1576 5031 reperiuntur.

262 5031 413 5104 'rlrlss.
444 5029 675 5104 aliquot,
705 5051 793 5088 eos
836 5034 880 5087 si
907 5048 1010 5104 qua
1055 5041 1129 5087 est
1169 5029 1358 5104 gratia,
1391 5041 1569 5085 nostra
1606 5029 1757 5084 inlut-

199 5098 323 5174 lastis
344 5098 565 5174 ingenia.

254 5168 278 5207 λ
294 5168 439 5246 [ιηιῆ.
467 5175 629 5242 edit.,
654 5173 935 5230 Debuimus
952 5176 1005 5229 in
1026 5175 1223 5246 nuptiis
1246 5189 1450 5244 sponsa:
1469 5172 1634 5246 crines
1655 5187 1746 5225 ca-

197 5240 413 5299 lamistris
448 5240 757 5313 quibusdam
801 5250 979 5300 saltem
1028 5240 1283 5300 orationis
1321 5260 1523 5298 ornare.
1562 5240 1686 5297 Vet.
1720 5255 1750 5294 a

196 5324 312 5386 tuss.
341 5331 438 5370 non
470 5318 776 5381 discedunt,
810 5318 912 5372 nisi
941 5317 1084 5386 quod
1114 5316 1170 5370 bi
1199 5332 1296 5386 pro
1325 5317 1378 5368 in
1410 5313 1755 5386 nuptiishha-

197 5380 310 5454 bent
343 5386 505 5444 ferme
547 5389 614 5442 ad
657 5380 846 5451 unum,
886 5380 1141 5454 innuptis,
1195 5380 1247 5440 id
1286 5396 1390 5453 est,
1436 5383 1753 5453 virginibus.

200 5451 329 5530 Haud
357 5461 489 5513 male
515 5459 761 5530 quidem,
792 5458 924 5514 edit.
958 5451 1140 5530 tamen
1164 5451 1543 5530 obrseqtientia
1572 5455 1759 5530 viden-

198 5529 274 5576 tur
314 5525 702 5597 prreponéndae.
735 5529 944 5584 Rursus
984 5528 1174 5584 eadem
1223 5525 1381 5582 Rom.
1433 5526 1565 5581 edit.
1619 5525 1758 5590 sola,

199 5601 426 5663 perpetuis
439 5617 702 5672 spargere,
725 5609 829 5656 etc.
856 5601 1044 5672 Melius
1068 5601 1211 5672 alia},
1234 5615 1296 5654 ac
1312 5614 1446 5653 mss.
1463 5607 1734 5672 perpetuos
1747 5613 1768 5662 ;

203 5666 620 5742 "l__0pponantur
667 5666 917 5742 perpetui
975 5671 1199 5742 thalami
1253 5666 1648 5742 temporalibus
1698 5666 1766 5722 de

202 5735 375 5804 quibus
400 5736 559 5800 Versu
588 5735 859 5814 Sequenti.
904 5742 1007 5802 Ubi
1041 5741 1218 5800 obiter
1246 5735 1469 5797 adverte
1496 5740 1610 5797 sola
1643 5751 1765 5806 per-

1865 4584 2135 4641 liumanis.
2167 4585 2281 4642 Hoc
2307 4603 2406 4642 nos
2439 4586 2809 4657 magisterium
2853 4601 2960 4640 non
2995 4585 3323 4651 invenimus,
3371 4583 3466 4638 sed

1906 4749 2048 4825 etum
2088 4744 2356 4798 castitatis
2393 4752 2522 4798 vota
2563 4758 2660 4813 pro
2701 4743 2962 4814 legitimis
3005 4743 3195 4799 baberi
3239 4743 3308 4799 ab
3340 4745 3467 4799 Am-

1907 4828 2073 4867 I'OSIO.

1942 4895 1965 4920 θ
1987 4883 2261 4958 ΫΝοιιηιιιΙὶ
2295 4899 2452 4958 πῆξεν
2481 4885 2682 4938 Baculo
2711 4886 2925 4955 plausus
2953 4886 3223 4958 cujusdam
3242 4885 3466 4939 sonitum

1866 4955 2019 5028 discit
2023 4969 2218 5028 amare,
2237 4955 2447 5028 cervicis
2465 4971 2526 5007 ne
2539 4968 2730 5028 recuset
2743 4959 2930 5028 jugum
2940 4997 2952 5009 .
2965 4963 2998 5010 Α
3008 4955 3210 5026 gnosce
3223 4965 3465 5021 apertam

1866 5024 2078 5094 Virgilii
2110 5024 2490 5091 imitationem,
2514 5039 2584 5080 ex
2617 5041 2672 5079 ιιι
2700 5024 2898 5098 Georg.
2933 5024 3030 5082 ubi
3053 5029 3315 5097 legimus:

1982 5175 2290 5243 '_l'um__magis
2316 5185 2465 5243 atque
2489 5178 2657 5243 magis
2669 5177 2862 5229 blandis
2887 5181 3102 5243 gaudere
3128 5179 3348 5243 magistri

1985 5236 2248 5303 Laudibus,
2278 5247 2330 5289 et
2349 5236 2529 5302 plausae
2554 5236 2767 5289 sonitum
2788 5236 2999 5290 cervicis
3023 5254 3206 5290 amare.

1944 5387 1963 5426 ί
2010 5387 2066 5461 l_d
2091 5397 2194 5453 est,
2223 5390 2488 5461 jngarius,
2520 5390 2638 5444 sive
2667 5391 2872 5459 auriga.

1947 5469 1972 5507 Β
2015 5459 2264 5516 Veterem
2292 5459 2795 5530 iangitnuptiarum
2830 5475 3057 5532 morem,
3079 5477 3199 5532 quo
3219 5461 3472 5517 solebant

1877 5529 1930 5585 in
1954 5531 2221 5599 ejusmodi
2253 5529 2432 5586 laetitia
2454 5571 2468 5594 ,
2501 5532 2724 5585 corollis
2771 5547 2834 5586 ac
2877 5531 3034 5585 sertis
3065 5529 3208 5586 fores
3243 5548 3469 5600 ornare,

1875 5617 1940 5656 ac
1967 5604 2302 5657 musicorum
2337 5603 2726 5670 tibicinamque
2747 5603 2943 5656 choros
2982 5605 3288 5659 conducere
3323 5619 3336 5656 :
3367 5619 3470 5672 qua

1873 5673 1943 5726 de
1975 5688 2032 5725 re
2059 5673 2247 5746 scribit
2302 5673 2573 5746 Lucianus
2624 5672 2831 5746 vidisse
2879 5675 3065 5746 nescio
3100 5690 3260 5746 quam
3301 5676 3474 5733 πάντα

1873 5744 2269 5815 κατεστεμμένα,
2299 5748 2378 5804 καὶ
2405 5742 2733 5816 αὐλητρίδας,
2765 5748 2847 5804 καί
2875 5742 3253 5817 θόρυϐιν,’ριε.
