3974 6186
478 179 586 236 219

1847 179 2095 242 SANCTI
2129 183 2451 243 AMBROSII

3672 190 3790 246 ‘2?!)

477 292 814 362 accepimus;
864 294 944 349 sic
992 293 1220 348 instituit
1271 295 1485 366 mystici
1525 297 1782 352 carminis
1827 297 2074 354 doctrina
2103 301 2149 363 Α
2184 310 2357 373 tmque
2387 303 2636 370 virtutis,
2673 311 2732 357 nt
2771 304 2979 374 aperiat
3009 318 3172 359 manu
3205 304 3466 372 claustra,
3501 305 3554 360 in
3586 319 3785 378 agrum

483 385 722 440 cmlestis
746 401 759 436 :
797 383 1073 438 Osculetur
1092 401 1172 440 nte
1201 385 1262 440 ab
1286 388 1476 442 osculis
1507 390 1611 444 oris
1631 392 1711 445 sui
1728 432 1741 456 ,
1778 389 1936 465 1³14
1954 394 2077 463 quia

486 480 645 535 ubera
666 489 753 533 tua
781 495 938 550 super
975 480 1165 543 vinum,
1203 492 1252 535 et
1292 481 1423 537 odor
1463 496 1840 558 unguentorum
1871 497 2077 542 tuorum

481 587 639 642 super
670 572 842 624 omnia
871 583 1127 626 aromata.
1165 572 1498 647 Unguentum
1530 577 1854 631 exinanitum
1881 588 1958 632 est
1987 595 2082 632 no-

483 681 600 718 men
627 673 767 716 tuum
799 660 1022 735 (Cant.t,
1054 665 1106 730 l,
1138 665 1218 735 2).
1263 666 1433 722 Totus
1458 669 1559 724 iste
1582 669 1902 725 deliciarum
1936 670 2086 727 locus

484 757 668 811 ludum
704 766 902 822 sonat,
951 757 1198 827 plausum
1228 760 1459 827 excitat,
1510 778 1748 817 amorem
1804 771 2083 831 provocat.

486 849 638 916 Ideo,
670 849 864 920 inquit,
890 849 1286 908 adulescentula:
1314 853 1638 921 dilexerunt,
1668 867 1715 911 et
1761 864 2087 912 attraxerant

487 954 536 999 te
563 961 582 998 :
636 953 772 999 retro
827 943 1039 998 odorem
1069 955 1445 1016 unguentorum
1475 959 1680 1004 tuorum
1709 959 1735 987 ι
1767 967 2036 1006 curramus
2069 966 2088 1005 :

484 1035 710 1091 Induxi:
737 1053 818 1091 me
856 1036 968 1093 Rea:
995 1039 1048 1091 in
1086 1039 1471 1096 tabernaculum
1503 1060 1651 1098 suum
1675 1043 1862 1116 (Ibid.,
1896 1043 1976 1118 5).
2007 1046 2090 1102 Ab

493 1132 696 1188 osculis
724 1131 911 1202 cmpit,
948 1139 1007 1186 ut
1036 1132 1100 1185 ad
1129 1134 1537 1192 tabernaculum
1569 1138 1898 1208 perveniret.

567 1227 658 1283 45.
692 1226 719 1266 ι’
749 1227 819 1282 At
848 1225 938 1282 illa
989 1236 1096 1282 tam
1126 1229 1339 1297 patiens
1389 1229 1509 1286 duri
1545 1231 1773 1300 laboris,
1831 1233 2102 1290 exercita-

561 1376 587 1404 λ
626 1363 855 1432 Quidam
884 1378 1040 1428 mss.,
1083 1381 1374 1420 curremus.

557 1436 584 1476 ι)
627 1438 752 1520 Mss.
788 1436 1015 1520 aliquot,
1042 1433 1107 1520 ᾼι
1135 1436 1225 1490 illa
1260 1437 1529 1510 impatiens
1553 1439 1669 1493 duri
1701 1441 1909 1497 laboris.

562 1521 583 1547 ο
627 1508 784 1562 Rom.
812 1506 940 1579 edit.
968 1506 1130 1579 sola,
1183 1506 1499 1579 unguentum
1533 1521 1789 1566 mutatura
1817 1513 2079 1577 castellis;

493 1595 616 1635 cum
645 1579 765 1634 aliis
789 1619 806 1646 ,
859 1577 1076 1646 denique
1103 1593 1206 1648 quo
1233 1576 1436 1648 evadat,
1468 1582 1631 1638 videte
1660 1599 1678 1638 :
1727 1597 1857 1640 mss.
1909 1593 2086 1639 autem
2118 1576 2166 1637 B

2182 407 2360 460 exeat,
2393 395 2444 449 in
2469 394 2710 450 castellis
2749 403 2993 461 tnaneat;
3038 397 3089 448 in
3123 395 3390 466 principio
3423 405 3601 451 tamen
3629 409 3791 452 retro

2183 487 2405 543 odorem
2438 489 2603 542 currit
2631 487 2890 558 unguenti
2921 505 2933 541 :
2983 503 3106 542 mox
3139 503 3259 543 enm
3290 491 3341 543 in
3370 489 3789 545 tabernaculum

2182 582 2396 635 venerit
2449 591 2469 620 ο
2521 591 2850 652 unguentum
2892 589 3133 635 mutatur
3187 596 3216 634 a
3248 583 3508 636 castellis.
3545 583 3793 652 Denique

2185 688 2293 744 quo
2321 673 2499 734 vadit.
2555 674 2675 729 vide
2705 689 2717 726 :
2753 672 2812 728 Si
2844 689 3040 741 murus,
3074 673 3275 743 inquit,
3311 683 3412 740 est,
3467 675 3795 741 a’di/icemus

2185 780 2340 834 super
2366 781 2478 818 eum
2509 775 2673 819 turres
2701 774 2967 836 argenteas
3013 763 3202 835 (Cant.
3252 779 3378 824 vnt.
3411 764 3507 838 9).
3540 766 3672 834 Qua:
3707 767 3796 821 lu-

2188 857 2352 912 debat
2376 857 2598 924 osculis,
2629 857 2739 926 jam
2776 866 2953 912 turres
2987 857 3175 928 erigit;
3231 866 3287 910 nt
3331 859 3584 925 pretiosis
3620 874 3797 913 sanc-

2190 959 2368 1005 torum
2404 950 2593 1005 turrita
2620 949 2876 1021 fastigiis,
2909 964 3013 1005 noti
3048 950 3220 1004 solum
3245 949 3471 1005 Itostiles
3494 951 3800 1007 frustretur

2191 1044 2462 1108 incursus,
2489 1059 2674 1099 verum
2697 1043 2858 1100 etiam
2888 1043 3152 1099 bonorum
3183 1044 3587 1114 propugnacula
3615 1051 3802 1099 struat

2193 1147 2309 1194 tuta
2339 1139 2682 1194 meritorum.

2192 1369 2482 1440 utrobique
2510 1382 2563 1422 ut
2589 1367 2643 1423 in
2672 1376 2928 1423 contextu
2950 1409 2965 1433 ,
3024 1369 3127 1422 nisi
3159 1368 3301 1439 quod
3333 1383 3472 1422 unus
3510 1369 3592 1424 sic
3624 1369 3804 1425 inter-

2189 1439 2405 1511 pungit,’
2428 1449 2742 1510 unguentum
2767 1449 3012 1494 mutatur.
3049 1444 3092 1493 A
3118 1440 3342 1495 castellis
3369 1439 3613 1510 denique,
3659 1451 3800 1507 etc.;

2191 1512 2336 1583 quod
2356 1527 2461 1567 non
2495 1512 2762 1582 displicet.

1669 1951 2017 2036 LIBER
2087 1953 2625 2037 TERTIUS.

1036 2209 1192 2284 173
1229 2207 1456 2267 CAPUT
1501 2211 1552 2266 ι.

491 2325 700 2381 Liberii
732 2323 1097 2381 Mareellinam
1143 2324 1264 2380 dato
1292 2324 1600 2399 virginitatis
1631 2321 1881 2379 velamine
1911 2337 2094 2377 conse-

566 2419 758 2473 crantis
794 2421 1020 2486 refertur
1050 2417 1255 2471 oratio:
1303 2420 1454 2490 cujus
1494 2415 1760 2471 exordium
1796 2423 1900 2468 tum
1931 2430 1964 2466 a
1992 2414 2095 2483 fre-

565 2512 772 2582 quentia
802 2510 1172 2580 conﬂuentium
1194 2508 1263 2563 ad
1288 2508 1435 2562 illius
1463 2508 1655 2575 Sponsi
1683 2506 1914 2573 nuptias,
1937 2520 1968 2556 a
1995 2520 2093 2572 quo

565 2605 703 2674 ipsos
734 2602 1018 2669 pascendos
1041 2608 1242 2665 narrat,
1273 2598 1480 2651 deducit
1513 2615 1528 2650 :
1561 2608 1669 2650 tum
1696 2595 2090 2650 aconeenientia

569 2696 674 2749 diei
720 2711 820 2765 quo
871 2711 937 2748 ea:
985 2694 1181 2766 virgine
1228 2701 1382 2745 natus
1430 2701 1502 2744 est
1529 2689 1787 2756 Christus,
1847 2688 1915 2742 ad
1942 2691 2092 2761 cujus

565 2803 792 2841 amorem
815 2787 1037 2858 eleganti
1057 2785 1427 2856 perfectionum
1446 2785 1562 2854 ejus
1587 2783 1928 2850 descriptione
1949 2781 2092 2836 illam

563 2879 877 2949 inﬂammat.

2196 2213 2439 2261 mentum
2461 2208 2708 2262 conferet
2732 2207 3083 2277 virginitatis,
3112 2226 3232 2280 qua:
3248 2210 3394 2282 prius
3415 2227 3539 2267 eras
3561 2213 3807 2270 obnoxia

2196 2297 2398 2353 vilibus
2451 2308 2663 2353 natura:
2695 2300 2993 2355 materialis
3023 2301 3330 2358 elementis.
3387 2303 3549 2377 174
3580 2305 3679 2362 llic
3722 2316 3809 2362 est

2195 2393 2286 2463 qui
2339 2393 2580 2464 quinque
2640 2393 2868 2462 panibus
2919 2404 2973 2450 et
3021 2394 3233 2450 duobus
3283 2396 3521 2467 piscibus
3569 2411 3810 2468 quatuor

2198 2485 2368 2539 millia
2417 2484 2601 2554 p0pu|i
2657 2486 2708 2539 in
2754 2485 2973 2541 deserto
3004 2488 3151 2556 pavit
3177 2487 3329 2556 (Luc.
3360 2505 3434 2556 Ix,
3470 2489 3536 2543 15
3567 2500 3612 2544 et
3641 2491 3801 2562 seq.).

2199 2578 2388 2634 Plures
2429 2578 2634 2649 potuit,
2666 2578 2712 2634 si
2744 2581 2927 2650 plures
2971 2581 3080 2649 jam
3115 2592 3242 2637 tunc
3279 2582 3372 2653 qui
3419 2597 3805 2652 pascerentur,

2199 2671 2451 2727 fuissent.
2490 2673 2732 2743 Denique
2761 2671 2828 2727 ad
2874 2684 2992 2728 tuas
3045 2675 3259 2743 nuptias
3309 2677 3491 2744 plures
3537 2680 3802 2733 vocavit:

2201 2765 2294 2820 sed
2314 2765 2426 2833 jam
2453 2780 2558 2820 non
2592 2766 2746 2836 panis
2773 2781 2839 2821 ex
2860 2766 3089 2834 hordeo,
3113 2767 3208 2823 sed
3236 2783 3432 2838 corpus
3459 2771 3808 2827 ministratur

2201 2874 2231 2913 e
2252 2858 2412 2914 caelo.

2277 2952 2331 3006 2.
2377 2952 2551 3008 Hodie
2581 2953 2797 3022 quidem
2823 2952 3120 3008 secundum
3145 2953 3421 3011 hominem
3447 2956 3612 3011 homo
3643 2968 3806 3014 natus

568 3042 620 3095 t.
665 3038 934 3106 Quoniam
971 3052 1092 3110 quae
1132 3035 1422 3092 habuimus
1465 3032 1840 3109 superioribus
1877 3032 2093 3090 duobus
2117 3028 2163 3093 C
2197 3059 2260 3099 ex
2295 3044 2526 3115 virgine,
2560 3044 2653 3100 sed
2683 3053 2809 3099 ante
2839 3045 3020 3098 omnia
3047 3054 3339 3115 generatus
3367 3061 3430 3100 ex
3467 3045 3632 3102 Patre
3667 3067 3678 3101 :
3714 3049 3804 3117 qui

494 3132 649 3188 libris
676 3131 1025 3202 digessimus,
1058 3139 1271 3200 tempus
1299 3138 1414 3196 est,
1457 3143 1612 3184 soror
1641 3137 1849 3193 sancta,
1883 3141 1946 3182 ea
1972 3142 2093 3197 quae

496 3239 710 3280 mecum
754 3223 1006 3279 conferre
1053 3223 1220 3289 soles,
1266 3231 1291 3259 ει
1340 3223 1512 3277 beata:
1559 3220 1834 3276 memoria:
1888 3219 2094 3274 Liberii

494 3328 772 3390 prazcepta
801 3317 1124 3384 revolvere;
1176 3327 1232 3372 ut
1259 3331 1367 3386 quo
1399 3317 1480 3370 vir
1527 3313 1790 3380 sanctior,
1816 3327 1883 3369 eo
1913 3327 2096 3369 sermo

495 3411 717 3466 accedat
751 3411 980 3482 gratior.
1006 3411 1254 3480 Namque
1291 3411 1339 3464 is
1362 3451 1378 3474 ,
1409 3424 1533 3464 cum
1578 3409 1880 3464 Salvatoris
1930 3405 2098 3460 natali

510 3505 577 3558 ad
627 3503 936 3575 apostolum
994 3503 1214 3558 Petrum
1251 3502 1576 3573 virginitatis
1625 3499 2018 3572 professionem
2065 3496 2091 3536 δ

499 3595 669 3651 vestis
698 3610 913 3667 quoque
952 3595 1248 3650 mutatione
1270 3594 1536 3664 signares,
1564 3591 1693 3664 (quo
1721 3591 1866 3646 enim
1897 3589 2090 3644 melius

496 3689 630 3755 die,
686 3705 848 3762 quam
899 3705 1008 3758 quo
1068 3689 1222 3758 virgo
1285 3687 1660 3758 posteritatem
1713 3682 2090 3755 acquisivit?)

491 3783 798 3840 astantibus
843 3784 1006 3839 etiam
1055 3783 1253 3853 puellis
1279 3782 1376 3838 Dei
1405 3780 1776 3851 compluribus
1818 3793 1939 3849 quae
1971 3792 2094 3832 cer-

493 3885 674 3932 tarent
697 3879 924 3933 invicem
948 3878 1015 3934 de
1041 3886 1129 3932 tua
1162 3877 1423 3932 societate
1453 3893 1465 3929 :
1501 3875 1701 3940 Bonas,
1733 3873 1928 3942 inquit,
1955 3871 2088 3937 ﬁlia,

499 3970 716 4040 nuptias
739 3970 1084 4027 desiderasti.
1109 3970 1271 4028 Vides
1295 3980 1532 4042 quantus
1551 3969 1618 4026 ad
1639 3968 1872 4024 natalem
1893 3966 2091 4036 Sponsi

495 4060 570 4114 tui
618 4062 847 4131 p0pu|us
873 4065 1217 4132 convenerit,
1271 4073 1329 4118 ut
1359 4079 1519 4120 nemo
1550 4065 1814 4133 impastus
1853 4059 2090 4117 recedit?

495 4152 593 4208 llic
635 4155 829 4223 estqui
870 4166 1089 4224 rogatus
1123 4157 1190 4210 ad
1234 4156 1453 4226 nuptias
1479 4171 1672 4225 aquam
1707 4155 1758 4208 in
1793 4154 1914 4208 vina
1961 4169 2090 4209 cou-

492 4246 655 4300 vertit
696 4245 888 4314 (Joan.
921 4261 989 4314 ιι,
1031 4247 1116 4318 9).
1149 4246 1206 4304 ln
1239 4258 1291 4304 te
1319 4263 1538 4320 quoque
1586 4249 1861 4303 sincerum
1908 4263 2090 4304 sacra-

562 4421 587 4451 ε
609 4411 962 4484 HicLiberins
989 4413 1232 4484 pontifex
1255 4412 1520 4469 maximus
1545 4412 1688 4469 idem
1721 4412 1936 4482 quidem
1969 4423 2082 4478 est,

488 4486 580 4555 qui
611 4501 702 4540 an.
735 4482 838 4556 557
888 4482 1172 4540 Sirmiensi
1208 4485 1527 4556 professioni
1561 4501 1589 4540 a
1632 4484 1949 4556 DemOphilo
1977 4484 2083 4556 sibi

487 4557 705 4621 oblatae,
753 4555 866 4610 sive
913 4556 1202 4624 posteriori
1235 4565 1289 4609 ut
1323 4555 1576 4611 Petavius
1605 4555 1728 4611 Not.
1765 4555 1817 4610 in
1846 4555 2080 4624 Epipha-

488 4629 636 4683 niam
667 4637 721 4683 et
748 4627 1058 4682 Blondellus
1079 4627 1433 4691 contendunt,
1464 4628 1576 4683 sive
1606 4629 1793 4697 priori.
1824 4638 1882 4682 ut
1911 4628 2080 4682 Baro-

484 4701 575 4755 nio
602 4709 657 4755 et
687 4698 1086 4754 recentioribus
1117 4700 1435 4770 quibusdam
1469 4714 1610 4755 novo
1637 4701 1910 4753 rationum
1944 4713 2080 4768 prte-

488 4771 626 4826 sidio
655 4770 936 4825 instructis
969 4771 1183 4838 placet,
1234 4771 1588 4840 subscripsit,
1633 4781 1692 4826 ut
1737 4770 1967 4826 reditum
2010 4771 2078 4824 ab

486 4843 680 4898 exsilio
711 4844 1048 4910 impetraret.
1084 4841 1191 4898 Sed
1225 4843 1269 4898 is
1293 4842 1518 4913 pulchre
1547 4845 1758 4912 lapsum
1791 4856 2078 4912 reparave-

487 4923 573 4968 rat
596 4928 776 4978 suum,
797 4928 920 4967 cum
939 4913 1266 4968 Ariminensi
1295 4913 1526 4968 concilio
1549 4929 1756 4969 summa
1776 4913 2075 4967 constantia

487 5000 768 5040 assensum
820 4999 976 5039 suum
1021 4999 1084 5055 ac
1132 4985 1447 5054 snifragium
1481 4989 1716 5055 negavit.
1751 4984 1866 5038 Non
1898 4984 2079 5054 itaque

485 5057 681 5110 mirmn
709 5064 812 5118 est,
845 5056 888 5110 si
920 5057 988 5108 ab
1009 5053 1490 5111 Atnhrosio’beatw
1523 5053 1784 5110 memoria:
1813 5063 1974 5125 atque
1995 5053 2079 5108 νίν

485 5128 714 5180 sanctior
742 5126 1068 5196 appelletur,
1093 5127 1308 5196 quando
1338 5145 1442 5181 non
1468 5128 1744 5182 absimiles
1767 5127 1987 5181 honoris
2017 5141 2080 5181 ac

487 5199 850 5251 venerationis
881 5198 1066 5252 titulos
1093 5201 1332 5253 meruita
1359 5198 1557 5253 Basilio
1575 5199 1769 5265 Magno
1797 5199 1957 5266 epist.
1985 5196 2075 5263 74;

487 5267 553 5321 ab
586 5268 882 5336 Epiphanio
926 5267 1126 5323 Haeresi
1158 5269 1255 5332 75',
1302 5285 1423 5337 cap.
1467 5269 1535 5332 7;
1563 5285 1592 5322 a
1628 5270 1825 5325 Siricio
1859 5268 2076 5322 demum

488 5339 641 5404 epist.
701 5339 765 5390 ad
795 5339 998 5393 llitner.
1029 5340 1249 5396 Tarrac.
1273 5356 1396 5395 can.
1429 5343 1481 5397 1.
1515 5341 1662 5397 Obiit
1693 5350 1871 5393 autem
1921 5339 2086 5394 Libe-

493 5411 628 5472 rius,
655 5409 863 5464 llaronii
889 5413 1186 5476 sententia,
1206 5429 1234 5465 v
1266 5413 1386 5466 idus
1411 5414 1566 5482 Sept.
1590 5428 1680 5469 an.
1708 5413 1834 5474 367.
1853 5412 2081 5482 aliorum

493 5496 620 5536 vero
647 5482 1048 5540 accuratiorum
1079 5503 1168 5541 vttt
1212 5487 1321 5542 kal.
1365 5480 1558 5542 Octob.
1610 5500 1701 5540 an.
1749 5483 1891 5548 ⁸566,
1928 5480 2082 5548 cujus

493 5567 688 5608 nomen
723 5553 776 5607 in
824 5554 1189 5612 additionihus
1229 5558 1295 5612 ad
1338 5555 1663 5622 Usnardum,
1700 5556 1856 5612 Beda:
1879 5565 2080 5623 marty-

501 5625 732 5708 rolpgio,
761 5643 860 5684 nec
888 5645 994 5708 no_n
1012 5634 1171 5708 ineo
1197 5634 1344 5708 quod
1363 5650 1399 5708 7a
1438 5632 1804 5688 Vandelberto
1834 5627 2080 5686 versibus

492 5701 766 5768 scriptum
794 5701 975 5757 tom.V
1005 5701 1281 5778 Spicilegii
1310 5707 1514 5763 editum
1536 5713 1642 5773 est,
1672 5721 1728 5761 ιιι
1761 5710 2079 5761 sanctorum

2198 3148 2430 3194 matrem
2456 3155 2716 3208 corpore,
2749 3139 2950 3194 virtute
2983 3140 3182 3194 referat
3220 3150 3446 3209 patrem.
3481 3139 3805 3212 Unigenitns

2199 3229 2251 3285 in
2285 3231 2464 3291 terris.
2519 3230 2830 3301 unigenitus
2863 3231 2914 3284 in
2937 3231 3078 3286 caelo
3108 3249 3120 3284 :
3152 3231 3299 3287 Dens
3338 3247 3400 3286 ex
3441 3231 3577 3298 Deo,
3613 3246 3804 3302 partus

2199 3340 2261 3377 ex
2293 3323 2504 3392 virgine
2539 3343 2550 3377 :
2580 3323 2790 3393 justitia
2821 3323 2888 3378 de
2920 3323 3102 3390 Patre,
3133 3325 3304 3377 virtus
3341 3323 3407 3377 de
3433 3334 3686 3395 potente,
3719 3328 3801 3380 lu-

2201 3431 2320 3468 men
2351 3428 2415 3468 ex
2447 3414 2648 3469 lumine
2682 3432 2695 3468 :
2741 3430 2847 3468 non
2881 3414 3057 3483 impar
3085 3413 3420 3484 generantis,
3474 3430 3584 3469 non
3617 3427 3804 3486 potes—

2199 3517 2312 3565 tate
2342 3509 2638 3564 discretus:
2667 3523 2771 3563 non
2805 3507 2968 3562 Verbi
2997 3507 3343 3575 extensione,
3367 3515 3460 3563 ant
3493 3511 3802 3578 prolatione

2199 3600 2482 3664 confusus,
2522 3610 2542 3637 ε
2570 3609 2626 3654 ιιι
2651 3615 2772 3654 cum
2804 3599 2963 3654 Patre
2995 3599 3220 3666 mixtus,
3251 3600 3345 3655 sed
3375 3610 3427 3654 ut
3455 3615 3484 3654 a
3510 3599 3678 3658 Patre
3707 3620 3800 3674 ge-

2203 3691 2498 3746 nerationis
2547 3690 2670 3760 jure
2725 3690 3016 3746 distinctus
3063 3693 3174 3746 sit:
3224 3692 3340 3762 ipse
3392 3701 3476 3746 est
3524 3693 3800 3750 fraternus

2201 3794 2344 3849 tuus,
2377 3787 2496 3840 sine
2518 3801 2626 3856 quo
2658 3799 2758 3840 nec
2782 3785 3045 3851 coelestia,
3081 3801 3180 3840 nec
3208 3787 3434 3849 marina,
3466 3799 3569 3840 nec
3603 3796 3799 3844 terres-

2196 3879 2324 3944 tria,
2354 3879 2658 3933 consistunt
2690 3877 2864 3950 (Cant.
2891 3893 2943 3944 ν,
2977 3879 3050 3946 1).
3085 3875 3320 3933 Verbum
3351 3879 3523 3933 Patris
3549 3880 3759 3935 bonum
3781 3922 3794 3944 ,

2201 3969 2343 4040 quod
2369 3981 2486 4026 erat
2508 4014 2522 4038 ,
2547 3971 2722 4042 inquit
2740 4013 2753 4037 ,
2784 3971 2837 4024 in
2865 3971 3119 4043 principio
3142 3987 3158 4023 :
3191 3971 3356 4026 habes
3377 3971 3494 4041 ejus
3523 3975 3794 4028 :rtcrnila-

2200 4070 2331 4116 tetn.
2355 4059 2422 4116 Et
2451 4073 2582 4129 erat,
2616 4062 2810 4130 inquit,
2839 4062 2978 4134 apud
3011 4060 3221 4116 Patrem
3251 4062 3428 4132 (Joan.
3457 4077 3498 4128 ι,
3527 4063 3548 4116 1
3575 4075 3625 4119 et
3642 4067 3792 4136 seq.):

2199 4159 2367 4215 habes
2411 4158 2758 4212 indiscretam
2790 4171 2820 4210 a
2847 4156 3037 4222 Patre,
3073 4155 3604 4226 inseparabilemque
3629 4160 3798 4212 virtu-

2196 4260 2325 4307 tem.
2377 4248 2446 4303 Et
2474 4248 2612 4302 Deus
2660 4258 2769 4302 erat
2812 4247 3027 4302 Verbum
3057 4263 3074 4301 :
3107 4247 3274 4304 habes
3317 4247 3623 4317 ingenitam
3682 4249 3797 4318 ejus

2114 4421 2168 4482 Β
2195 4413 2710 4481 ΑΙὺοζὰθεει-ἰδὶιιιιν.

2262 4484 2288 4524 δ
2331 4485 2567 4539 Adverte
2616 4485 2994 4556 antiquitatem
3039 4495 3288 4540 votorum
3339 4483 3552 4556 publice
3589 4501 3797 4540 nuncn-

2188 4557 2512 4626 pandornm,
2537 4555 2680 4624 quod
2712 4571 2842 4610 sane
2890 4571 2996 4609 non
3045 4558 3162 4610 sine
3185 4555 3509 4626 quibusdam
3546 4572 3796 4612 ceremo-

2189 4629 2291 4681 niis
2315 4627 2693 4698 peragebatur.
2725 4627 2836 4681 Hoc
2871 4626 3120 4680 vitientur
3138 4627 3793 4698 agnoscere‘Magdehur—

2183 4696 2382 4766 genses
2405 4697 2652 4766 pluribus
2681 4698 2836 4762 locis,
2862 4708 2914 4750 at
2945 4696 3216 4768 prtccipne
3242 4698 3400 4760 Cent,
3433 4696 3488 4756 4.
3522 4713 3572 4750 c.
3601 4699 3658 4763 7,
3698 4700 3784 4752 ubi

2184 4769 2537 4824 consecrandi
2585 4770 2836 4823 monchi
2885 4768 3046 4823 ritntn
3094 4785 3123 4823 e
3174 4770 3412 4840 Dionysii
3467 4769 3792 4824 llierarchia

2186 4843 2448 4895 referunt.
2482 4840 2659 4895 llabes
2688 4841 2850 4894 etiam
2881 4840 3018 4908 apud
3049 4840 3250 4894 Mahill.
3299 4843 3351 4894 in
3402 4839 3792 4909 antiquissimo

2188 4911 2433 4966 Lection.
2482 4911 2682 4965 veteris
2729 4912 2984 4977 Liturgite
3030 4910 3226 4966 Gallic.
3281 4911 3374 4965 lib.
3418 4926 3488 4974 ιι,
3521 4925 3646 4971 cap.
3683 4912 3789 4966 76:

2192 4983 2431 5052 Legenda
2452 4983 2503 5036 in
2530 4983 2784 5038 relatione
2804 4983 3101 5052 uirginum;
3131 4983 3256 5036 item
3281 4982 3334 5036 in
3363 4981 3564 5035 Missal.
3591 4981 3791 5036 Franc.

2188 5053 2284 5124 lih.
2322 5069 2412 5119 In,
2463 5069 2583 5121 cap.
2617 5054 2682 5110 10
2711 5072 2723 5107 :
2752 5053 2945 5108 Bened.
2971 5071 3124 5124 super
3159 5055 3418 5124 virgines;
3449 5062 3502 5107 et
3525 5067 3652 5121 cap.
3683 5054 3742 5108 11
3779 5069 3793 5102 τ

2187 5123 2382 5178 Bened.
2423 5127 2620 5178 restim.
2676 5125 2865 5180 vidule.
2901 5123 3040 5179 Vide
3076 5139 3294 5195 quoque
3337 5123 3500 5192 Greg.
3536 5125 3765 5179 Sacram

2190 5211 2310 5265 pag.
2347 5196 2450 5250 1T5
2475 5203 2530 5250 et
2558 5211 2675 5264 seq.
3255 5224 3258 5228 ι

2265 5280 2285 5304 ε
2332 5267 2420 5322 Sic
2463 5281 2653 5320 omnes
2697 5266 2829 5320 edit.
2883 5280 3004 5320 cum
3049 5280 3180 5320 mss.
3217 5265 3468 5334 aliquot:
3529 5265 3624 5319 alii
3661 5281 3791 5320 vero

2195 5339 2398 5409 plures,
2422 5347 2474 5390 ut
2497 5353 2612 5390 cum
2640 5336 2799 5390 Patre
2828 5339 3038 5391 mixtus.
3069 5375 3082 5389 .
3111 5377 3124 5390 .
3146 5337 3424 5409 distinctus
3450 5336 3516 5389 sit
3544 5353 3791 5409 persona,

2193 5407 2384 5464 unitate
2408 5412 2651 5477 confusus
2683 5409 2884 5479 (unus.
2932 5423 3162 5475 persona:
3189 5407 3386 5479 unitate
3400 5407 3705 5479 eonfusus)
3737 5419 3788 5462 nt

2188 5482 2336 5534 ambo
2364 5476 2524 5550 unum
2545 5519 2558 5536 ,
2591 5476 2701 5531 non
2719 5489 2927 5549 uterque
2956 5495 3088 5532 unus
3134 5480 3228 5544 sit;
3271 5476 3617 5542 indi/ferentis
3649 5478 3792 5550 (qui-

2191 5554 2336 5615 dam,
2369 5547 2754 5619 indi/ferenter)
2803 5547 2936 5604 enim
2987 5551 3097 5620 ipse
3143 5559 3218 5602 est
3249 5552 3510 5620 fraternus
3542 5547 3782 5603 tuus‘.'Al

2191 5623 2384 5679 horum
2411 5621 2666 5691 pleraque
2699 5618 2805 5676 tam
2833 5618 3053 5694 sapiunt
3081 5618 3576 5692 interpolationem,
3624 5635 3788 5692 quam

2191 5695 2327 5753 nuod
2355 5693 2605 5752 maxime.

2183 5706 2327 5771 quod
2355 5706 2605 5752 multae.
