3998 6190
157 241 242 295 ἓέι

1378 241 1462 296 DE
1505 237 1900 300 VIRGINIBUS
1940 241 2070 298 LIB.
2111 243 2199 299 ill.

3347 249 3451 290 osa

170 359 513 423 divinitatem;
571 357 643 413 de
675 355 1006 428 compendio
1033 355 1178 421 enim,
1223 352 1313 410 tibi
1347 352 1480 411 ﬁdes
1507 366 1590 411 est
1621 355 1757 411 hau-
1782 362 1830 420 Α
1865 357 2024 413 uices
2047 357 2372 415 erubescere
2394 361 2595 433 solent)
2615 377 2798 418 amare
2831 363 3002 433 potuit
3036 379 3139 418 non
3164 373 3458 420 amantem.

169 451 353 507 rienda.

230 547 280 599 '5.
307 543 485 611 iluuc,
515 543 650 607 tilia,
682 542 874 612 dilige,
905 541 1026 608 quia
1055 539 1230 594 bonus
1251 549 1332 594 est
1358 557 1371 594 :
1405 540 1571 594 Nemo
1611 541 1760 595 enim

173 639 314 692 bonus
364 637 467 690 nisi
521 653 661 690 unus
687 634 832 690 Deus
858 635 1010 708 (Luc.
1045 649 1201 697 xvm,
1237 632 1346 704 l9).
1374 633 1430 689 Si
1461 636 1607 688 enim
1650 648 1759 688 non

173 730 432 785 dubitatur
472 730 602 798 quia
630 728 777 782 Deus
801 727 993 793 Filius,
1045 727 1187 780 Deus
1217 735 1398 780 autem
1431 726 1605 780 bonus
1631 735 1714 780 est
1741 742 1757 780 :

173 825 339 893 utique
365 823 524 895 175
550 837 659 876 non
689 820 988 881 dubitatur,
1021 820 1143 889 quia
1184 818 1328 873 Deus
1358 819 1531 872 bonus
1559 817 1753 873 Filius.

171 916 348 979 llunc,
402 916 665 984 inquam,
710 913 898 982 dilige.
928 912 1048 980 Ipse
1068 920 1150 968 est
1181 926 1339 982 quem
1375 910 1533 964 Pater
1568 911 1757 981 genuit

169 1017 282 1063 ante
335 1008 673 1073 Luciferum,
728 1020 785 1063 ut
815 1019 1118 1064 :i-ternum:
1165 1024 1230 1062 ex
1274 1016 1428 1062 utero
1476 1007 1760 1078 generavit

169 1102 331 1174 (Psal.
361 1119 474 1168 crs,
506 1105 597 1172 5),
628 1112 685 1156 ut
716 1101 910 1156 Filium
942 1120 956 1156 :
984 1117 1049 1157 ex
1083 1101 1247 1156 corde
1277 1101 1546 1156 cruciavit
1575 1099 1750 1172 (Psal.

175 1213 310 1264 sur,
337 1196 373 1250 2
399 1202 450 1264 ),
510 1205 569 1250 ιιι
613 1195 871 1252 Verbum.
921 1195 1041 1266 Ipse
1085 1204 1169 1251 est
1201 1195 1253 1249 in
1285 1211 1391 1264 quo
1429 1193 1758 1265 complacuit

172 1287 316 1343 Pater
341 1287 572 1358 (Matth.
606 1303 746 1355 xvn,
792 1286 898 1358 5):
935 1289 1050 1356 ipse
1096 1298 1174 1342 est
1208 1286 1385 1341 Patris
1436 1285 1751 1351 brachium,

171 1386 282 1454 quia
309 1395 522 1440 creator
546 1393 633 1439 est
652 1384 893 1438 omnium
920 1401 933 1437 :
961 1383 1137 1437 Patris
1155 1382 1419 1452 sapientia
1447 1381 1674 1456 (Coloss.
1691 1397 1751 1447 ιι,

174 1479 246 1548 5),
268 1479 390 1548 quia
423 1494 490 1533 ex
517 1477 614 1533 Dei
643 1493 740 1533 ore
772 1478 1036 1548 processit
1063 1494 1076 1529 :
1104 1476 1282 1530 Patris
1311 1477 1478 1530 virtus
1506 1474 1648 1545 (Cor.
1697 1491 1750 1541 ι,

175 1570 289 1642 30),
318 1571 438 1642 quia
487 1570 786 1625 divinitatis
820 1571 872 1625 in
899 1585 967 1626 eo
993 1569 1355 1639 corporaliter
1385 1568 1590 1623 habitat
1638 1568 1752 1638 ple-

178 1666 365 1719 nitudo.
405 1665 576 1732 Quem
629 1665 790 1720 Pater
832 1666 901 1718 ita
927 1664 1142 1734 diligit,
1190 1672 1249 1717 ut
1276 1664 1328 1716 in
1383 1664 1507 1718 sinu
1539 1671 1746 1733 portet,

1862 450 1969 507 Sed
1991 451 2225 507 habeant
2252 468 2347 524 per
2374 469 2461 510 me
2493 453 2621 510 licet
2651 455 2845 511 fabula:
2883 472 2995 510 sum
3035 457 3414 511 auctoritatem
3443 475 3458 524 ;

1860 546 1990 615 quia
2017 544 2145 599 licet
2175 546 2465 602 scelestum
2500 556 2806 616 utrumque,
2855 548 3034 602 minus
3067 556 3246 602 tamen
3279 547 3348 601 sit
3372 549 3460 619 ju-

1859 653 2050 693 venem
2077 653 2266 695 amore
2283 641 2543 695 adultera:
2570 643 2647 696 sic
2676 643 2935 712 ﬂagrasse
2965 650 3020 696 ut
3046 643 3267 710 periret,
3295 657 3455 713 quam

1862 730 2033 796 duos,
2095 741 2152 786 ut
2205 733 2306 802 ipsi
2338 733 2548 798 dicunt,
2581 735 2711 788 deos
2756 733 2824 788 de
2866 734 3135 788 adulterio
3167 747 3455 792 certasse:

1857 823 2046 879 Jovem
2075 833 2254 880 autem
2305 825 2549 881 dolorem
2598 827 2893 882 scortantis
2925 826 3052 882 filia:
3101 829 3154 882 in
3187 829 3461 886 medicum

1859 917 2166 972 vindicasse
2196 918 2429 974 adulteri
2456 962 2469 983 ,
2513 920 2658 990 quod
2689 919 2806 990 ejus
2835 923 3041 976 curarit
3084 921 3334 986 vulnera,
3368 925 3460 994 qui

1857 1011 2081 1067 Dianam
2110 1013 2162 1066 in
2194 1014 2344 1067 silvis
2360 1014 2769 1080 adulteravcrit,
2799 1023 3131 1073 venatricem
3155 1033 3285 1074 sane
3311 1021 3456 1090 Opti-

1858 1122 1999 1161 mam
2025 1121 2131 1160 non
2158 1105 2419 1172 ferarum,
2440 1108 2535 1162 sed
2562 1107 2868 1174 libidinum,
2886 1109 2982 1164 sed
3006 1109 3242 1165 ferarum
3267 1113 3456 1180 etiam,

1866 1210 1922 1254 ut
1953 1198 2096 1253 nuda
2117 1209 2424 1254 venaretur.

1935 1294 2092 1366 176
2127 1294 2179 1347 7.
2217 1293 2353 1348 Dent
2385 1294 2545 1364 igitur
2582 1295 2835 1364 Neptuno
2864 1297 3197 1353 dominatum
3232 1297 3457 1364 luroris,

1855 1395 1912 1440 ut
1947 1397 2198 1441 astruant
2229 1388 2435 1442 crimen
2470 1389 2665 1443 inceSti
2707 1389 2932 1444 amoris.
2968 1390 3103 1446 Dent
3145 1393 3327 1447 Diana:
3373 1409 3460 1448 rc-

1851 1494 2014 1550 gnum
2049 1479 2101 1534 in
2134 1480 2284 1535 silvis
2309 1495 2445 1552 quas
2477 1481 2783 1548 incolebat,
2837 1491 2894 1537 ut
2929 1485 3256 1539 confirment
3281 1485 3455 1540 radul-

1854 1570 2051 1625 terium
2079 1571 2221 1640 quod
2241 1571 2483 1642 gerebat.
2516 1572 2653 1627 Dent
2674 1571 2988 1645 Esculapio
3010 1577 3153 1643 quod
3177 1590 3450 1634 mortuum

1851 1664 2247 1731 reformaverit,
2271 1665 2564 1721 dummodo
2591 1668 2954 1736 profiteantur
2970 1670 3110 1740 quod
3142 1670 3456 1728 fulminatus

179 1758 236 1810 ad
275 1756 545 1812 dexteram
574 1757 743 1823 locet,
791 1768 848 1810 ut
879 1754 1204 1826 sapientiam
1243 1754 1457 1820 discas,
1490 1756 1745 1810 virtutem
1777 1745 1824 1805 Β
1852 1757 1969 1828 ipse
1996 1774 2104 1813 non
2135 1761 2392 1816 evaserit.
2424 1760 2565 1816 Dent
2599 1765 2765 1816 etiam
2797 1761 2916 1818 Jovi
2951 1764 3174 1819 fulmina
3200 1782 3319 1836 qua:
3345 1782 3452 1822 non

179 1860 393 1902 ηονετιε.

239 1939 288 1994 4.
326 1939 382 1995 Si
404 1940 562 2010 igitur
591 1943 762 1994 virtus
786 1938 882 1994 Dei
912 1937 1184 2004 Christus,
1219 1936 1479 2006 numquid
1505 1936 1747 2007 aliquan-

181 2031 242 2090 do
266 2037 376 2091 sine
404 2036 602 2092 virtute
625 2035 808 2090 Deus?
842 2033 1111 2106 Numquid
1143 2033 1436 2106 aliquando
1461 2033 1578 2088 sine
1606 2031 1747 2086 Filio

180 2127 353 2183 Pater?
376 2128 428 2183 Si
458 2144 676 2201 semper
697 2128 882 2199 ntique
909 2128 1087 2193 Pater,
1117 2127 1303 2197 utique
1333 2140 1552 2195 semper
1575 2134 1630 2180 et
1656 2124 1748 2179 Fi-

178 2221 286 2276 lius.
314 2220 537 2277 Perfecti
588 2237 719 2292 ergo
752 2223 916 2291 patris
954 2221 1224 2291 perfectus
1263 2229 1346 2275 est
1373 2219 1563 2273 Filius.
1610 2217 1742 2272 Nam

178 2315 258 2383 qui
302 2315 474 2368 virtuti
520 2315 780 2386 derogat,
833 2316 884 2370 ei
927 2315 1188 2384 derogat,
1243 2313 1397 2383 cujus
1428 2322 1507 2367 est
1551 2312 1742 2366 virtus.

178 2405 578 2476 inaequalitatem
606 2423 713 2462 non
746 2407 936 2477 recipit
979 2407 1218 2478 perfecta
1249 2407 1520 2461 divinitas.
1570 2406 1744 2476 Dilige

179 2497 338 2566 igitur,
367 2516 520 2570 quem
544 2499 707 2555 Pater
737 2499 951 2570 diligit:
982 2498 1298 2563 honorifica,
1324 2515 1480 2569 quem
1515 2499 1742 2551 lmnori-

179 2589 290 2644 ficat
313 2590 499 2647 Pater:
557 2592 657 2660 Qui
691 2594 835 2648 enim
882 2610 983 2648 non
1033 2593 1351 2662 honoriﬁca!
1383 2590 1604 2654 Filium.
1640 2608 1742 2646 non

182 2683 462 2756 honoriﬁcat
497 2683 729 2740 Patrem.
753 2686 819 2740 Et
844 2687 931 2756 qui
958 2697 1109 2756 negat
1140 2683 1360 2751 Filium,
1389 2701 1482 2739 nec
1531 2681 1747 2738 Patrem

176 2775 309 2832 habet
338 2777 511 2848 (Joan.
542 2795 595 2845 v,
615 2777 732 2850 9.5).
764 2777 892 2834 Haec
909 2787 1164 2849 quantum
1196 2777 1264 2832 ad
1297 2777 1480 2832 fidem.

761 2892 993 2949 CAPUT
1029 2892 1095 2947 il.

183 3000 382 3074 Virginis
405 3005 771 3061 institutionem
809 3005 1127 3078 aggreditur,
1173 3020 1288 3077 quia
1332 3007 1382 3060 in
1409 3016 1534 3078 potu
1564 3015 1609 3061 et
1631 3005 1744 3060 cibo

1853 1851 2060 1918 habuit,
2092 1854 2535 1910 uttestiflceutur
2559 1871 2680 1926 quae
2708 1857 2900 1912 habuit
2930 1859 3246 1929 opprobria.
3281 1859 3388 1917 Sed
3420 1875 3450 1915 a

1850 1945 2044 2000 fabulis
2069 1944 2134 2000 ad
2160 1946 2495 2015 pr0positum
2521 1956 2886 2003 revertamur.

1919 2038 1972 2094 8.
2017 2038 2170 2093 Escis
2210 2056 2427 2111 quoque
2457 2042 2714 2097 omnibus
2758 2059 2881 2114 qua:
2912 2043 3136 2114 gignant
3183 2043 3446 2102 membris

1849 2130 2087 2185 calorem
2111 2173 2126 2198 ,
2163 2147 2324 2199 parce
2363 2133 2621 2187 utendum
2654 2143 2825 2204 puto;
2874 2151 3066 2191 carnes
3105 2138 3249 2192 enim
3277 2139 3444 2193 etiam

1848 2223 2060 2294 aquilas
2112 2225 2362 2280 volantes
2412 2226 2711 2296 deponunt.
2762 2226 2818 2282 In
2866 2229 3020 2283 vobis
3066 2245 3279 2300 quoque
3329 2231 3446 2286 ales

1848 2316 2078 2371 interior
2108 2315 2196 2370 illa
2221 2358 2235 2381 ,
2286 2317 2354 2371 de
2383 2333 2486 2386 qua
2518 2319 2744 2389 legimus
2775 2338 2785 2372 :
2834 2319 3184 2374 chorabitur
3231 2321 3256 2360 ι)
3302 2324 3434 2376 sicut

1846 2409 2022 2480 aquila
2045 2411 2290 2479 juventus
2318 2422 2404 2464 tua
2437 2409 2610 2483 (Psal.
2645 2427 2748 2478 cn,
2775 2412 2854 2482 5),
2891 2423 2912 2450 ο
2947 2413 3178 2467 sublime
3212 2424 3400 2468 tenens
3424 2454 3440 2478 ,

1843 2502 2090 2572 virgineo
2111 2516 2326 2571 pra-pes
2347 2502 2552 2568 volatu,
2579 2502 2872 2570 superante
2902 2506 3082 2559 carnis
3115 2504 3320 2559 nesciat
3344 2519 3442 2575 ap-

1845 2597 2165 2667 petentiam.
2231 2595 2614 2652 Conviviorum
2681 2597 2989 2654 devitanda:
3056 2598 3441 2664 celebritates,

1845 2689 2113 2762 fugiendae
2144 2689 2516 2746 salutationes.

2441 2805 2671 2862 CAPUT
2710 2805 2798 2862 Ill.

1849 2921 2102 2976 Hortatur
2127 2922 2196 2975 ad
2226 2922 2501 2996 fugiendas
2547 2923 2885 2985 visitationes,
2913 2922 2984 2976 ad
3009 2922 3318 2977 servandum
3342 2939 3443 2992 pu-

1916 3015 2118 3079 dorem,
2165 3032 2257 3070 nec
2307 3032 2409 3070 non
2448 3016 2515 3068 ad
2561 3015 2822 3069 silentium
2873 3013 3108 3083 exemplo
3139 3013 3326 3068 Maria:
3355 3031 3445 3080 per

233 3099 353 3151 ratio
373 3099 644 3164 servanda,
684 3108 858 3168 etquo
883 3107 1032 3165 pacto
1063 3108 1232 3152 motus
1253 3099 1440 3152 αιιίηιιε
1470 3097 1744 3152 cohibent“
1768 3133 1812 3195 ρ
1916 3110 2274 3180 mysteriorum
2317 3108 2712 3163 celebrationem
2745 3107 3076 3177 prwbendum
3108 3123 3126 3162 :
3177 3123 3237 3160 ea
3273 3108 3444 3179 gratia

231 3192 342 3258 sint,
364 3195 664 3264 pracipiens
694 3209 714 3247 :
737 3208 840 3261 qua
870 3191 1138 3245 occasione
1163 3192 1250 3246 ubi
1281 3193 1572 3263 fabulosam
1609 3191 1742 3260 Hip-

232 3283 380 3352 polyti
406 3300 574 3338 necem
613 3301 673 3338 ac
700 3284 1087 3339 suscitationem
1116 3283 1292 3338 rt‘tulit
1321 3286 1738 3362 suggillaritque,

234 3386 471 3443 postremo
499 3378 777 3432 calidiores
802 3393 944 3431 escas
973 3386 1020 3430 et
1050 3377 1278 3430 convivia
1311 3378 1520 3430 uitanda
1547 3390 1736 3432 monet.

234 3508 282 3562 5.
315 3508 413 3565 Sed
437 3510 704 3566 interdum
729 3511 894 3566 etiam
918 3525 1038 3564 cum
1069 3508 1203 3565 fides
1229 3521 1339 3565 tura
1371 3511 1462 3574 sit,
1482 3511 1741 3581 juventus

171 3611 396 3670 suspecta
426 3611 526 3658 est.
563 3603 778 3657 Modico
808 3603 988 3672 itaque
1011 3601 1136 3656 vino
1161 3611 1333 3664 utere,
1367 3618 1434 3659 ne
1458 3603 1740 3660 infirmita-

170 3703 267 3748 tem
293 3697 520 3765 corporis
549 3710 772 3766 augeas,
806 3712 910 3749 non
938 3706 993 3750 ut
1013 3696 1346 3768 voluptatem
1383 3699 1623 3764 excites;
1656 3700 1739 3755 in-

170 3787 384 3842 cendunt
426 3791 568 3844 enim
618 3788 823 3858 pariter
848 3788 989 3855 duo,
1042 3788 1224 3843 vinum
1264 3799 1314 3843 et
1345 3789 1734 3846 adolescentia.

169 3879 423 3940 infrenem
465 3885 628 3939 etiam
657 3892 903 3939 teneram
953 3892 1167 3939 aztatem
1195 3883 1424 3954 jejunio,
1470 3894 1526 3939 et
1559 3887 1736 3954 parci-

174 3977 334 4030 monia
361 3979 457 4032 cibi
485 3977 800 4032 retinaculis
829 3975 1152 4046 quibusdam
1179 3977 1468 4032 indomitas
1488 3977 1742 4035 cohibeat

174 4072 487 4141 cupiditates.
541 4073 703 4130 Ratio
740 4083 982 4138 revocet,
1040 4075 1248 4146 mitiget
1270 4090 1417 4145 Spes,
1448 4073 1741 4146 restringat

176 4171 353 4218 metus.
393 4164 521 4220 Nam
567 4166 659 4236 qui
707 4163 982 4220 moderari
1024 4166 1198 4222 nescit
1227 4166 1650 4237 cupiditatibus,
1690 4166 1738 4222 is

176 4254 296 4311 sicut
331 4259 472 4329 equis
525 4268 768 4330 raptatus
817 4259 1125 4327 indomitis,
1157 4261 1410 4328 volvitur,
1443 4261 1734 4328 obteritur,

176 4345 400 4416 laniatur,
431 4350 702 4423 afﬂigitur.

235 4438 283 4492 6.
319 4441 461 4508 Quod
513 4443 806 4514 aliquando
837 4451 863 4479 ἰ
909 4443 1097 4514 juveni
1139 4443 1208 4498 ob
1257 4459 1499 4499 amorem
1551 4443 1735 4501 Dianae

1917 3203 2109 3256 ethnici
2153 3201 2492 3256 adolescentis
2535 3201 2703 3269 facto,
2760 3210 2805 3253 et
2859 3201 3066 3270 profani
3098 3208 3260 3268 poeta:
3304 3198 3443 3253 dicto

1914 3297 2230 3360 memoratis,
2277 3296 2440 3350 sancti
2473 3294 2756 3365 cujusdam
2799 3293 3086 3348 sacerdotis
3131 3294 3440 3348 miraculum

1912 3387 2172 3460 adjungit.

1913 3523 1967 3579 9.
2009 3523 2159 3595 ipsas
2184 3524 2523 3578 visitationes
2554 3524 2608 3578 in
2650 3523 2959 3593 junioribus
2989 3535 3111 3578 esse
3167 3523 3442 3593 parciores

1842 3617 1984 3684 volo,
2029 3617 2073 3672 si
2116 3616 2256 3672 forte
2284 3616 2638 3672 deferendum
2666 3617 2735 3670 sit
2767 3615 3084 3682 parentibus
3107 3624 3197 3669 aut
3220 3615 3444 3683 aequali-

1842 3707 1961 3763 bus.
2011 3707 2226 3762 Tcritur
2269 3709 2413 3762 enim
2445 3708 2644 3762 officiis
2693 3707 2886 3776 pudor,
2919 3707 3144 3760 audacia
3192 3705 3392 3759 emicat
3422 3747 3437 3770 ,

1841 3802 1985 3855 risus
2016 3799 2301 3870 subrepit,
2357 3801 2624 3856 modestia
2663 3801 2895 3854 solvitur
2920 3841 2935 3863 ,
2988 3800 3116 3853 dum
3158 3798 3443 3854 afTectatur

1841 3891 2156 3947 urbanitas:
2211 3892 2561 3960 interroganti
2597 3906 2702 3943 non
2760 3889 3113 3958 respoadcrc,
3166 3890 3388 3943 infantia
3425 3907 3439 3944 :

1839 3982 2196 4053 respondere,
2223 3981 2399 4036 fabula
2427 3989 2532 4035 est.
2566 3981 2766 4035 Deesse
2799 3980 2960 4050 igitur
2987 3997 3294 4035 sermonem
3325 3983 3440 4035 vir-

1839 4075 1973 4146 gini,
2003 4091 2161 4146 quam
2195 4089 2483 4144 superesse
2508 4073 2713 4127 malim.
2743 4071 2876 4126 Nam
2914 4071 2956 4125 si
2986 4073 3241 4126 mulieres
3273 4073 3438 4129 etiam

1841 4168 1911 4223 de
1935 4166 2100 4222 rebus
2151 4165 2349 4221 divinis
2378 4164 2429 4219 iu
2461 4162 2706 4219 Ecclesia
2753 4163 3014 4234 jubentur
3056 4171 3265 4229 tacere,
3295 4164 3442 4220 domi

1840 4260 1986 4315 viros
2011 4275 2139 4315 suos
2166 4260 2502 4329 interrogare
2534 4256 2574 4329 (l
2597 4255 2717 4311 Cor.
2741 4272 2850 4320 xw,
2879 4256 2974 4326 5i)
3002 4273 3014 4309 :
3048 4254 3114 4311 de
3144 4256 3442 4327 virginibus

1839 4353 1966 4424 quid
1997 4363 2214 4408 cautum
2247 4361 2497 4422 putamus
2523 4393 2538 4417 ,
2575 4354 2628 4405 in
2675 4350 2870 4420 quibus
2902 4352 3077 4420 pudor
3102 4359 3265 4406 ornat
3308 4358 3439 4405 tcta—

1841 4455 1970 4508 tem.
2007 4446 2345 4502 taciturnitas
2375 4443 2722 4500 commendat
2752 4442 3054 4513 pudorem?

175 4533 432 4604 contigisse
459 4537 726 4607 proditur.
746 4537 853 4594 Sed
885 4537 1113 4606 poeticis
1139 4535 1437 4594 mendaciis
1457 4539 1736 4594 coloratur
1767 4505 1817 4567 θ
1916 4539 2002 4594 10.
2045 4539 2126 4591 An
2162 4549 2292 4591 Vero
2347 4538 2621 4591 mediocre
2678 4534 2900 4604 pudoris
2943 4533 3254 4601 exemplum
3305 4541 3431 4598 est,

175 4619 332 4680 fabula
353 4669 367 4693 ,
391 4639 446 4682 ut
479 4629 759 4699 Neptunus
783 4629 988 4699 prmlati
1023 4629 1206 4684 rivalis
1233 4629 1422 4686 dolore
1455 4630 1730 4700 incitatus,

175 4719 310 4785 equis
335 4721 532 4777 dicatur
561 4721 804 4777 furorem
851 4721 1164 4787 immisisse,
1224 4739 1334 4794 quo
1387 4724 1504 4794 ejus
1542 4739 1731 4794 magna

176 4814 382 4876 potentia
412 4815 756 4882 praedicetur,
783 4813 926 4884 quod
951 4813 1204 4884 juvenem
1228 4830 1334 4868 non
1357 4815 1554 4870 virtute
1577 4815 1730 4880 vicit,

175 4901 255 4956 sed
285 4902 454 4962 fraude
477 4905 888 4979 decepit.Unde
912 4910 1076 4964 etiam
1101 4909 1428 4965 sacrificium
1443 4914 1732 4982 quotannis

173 4989 443 5053 instaurant
471 4998 678 5066 Dianzc,
716 5009 773 5055 ut
793 5015 966 5071 equus
1007 4999 1072 5055 ad
1101 5000 1218 5072 ejus
1247 5003 1560 5058 immoletur
1585 5020 1729 5060 aras.

170 5082 314 5149 Quam
339 5091 592 5163 virginem
625 5092 847 5158 dicunt,
878 5107 1001 5162 quae
1031 5093 1051 5164 (
1078 5093 1130 5147 id
1161 5093 1305 5164 quod
1336 5095 1500 5150 etiam
1548 5113 1734 5155 mere-

197 5234 250 5304 ,⁸
285 5227 526 5286 Fabulam
578 5231 722 5285 banc
752 5227 1439 5304 de__Hippolytogab_equis
1481 5231 1724 5288 efferatis

166 5293 403 5376 discerpta
427 5304 586 5376 aliter
617 5308 806 5376 narrat
825 5293 1084 5376 vagum
1113 5293 1472 5376 unauna,
1501 5303 1725 5359 Servius

168 5371 483 5497 ἓριιιιιιιεξιῖι⁸
503 5375 701 5429 librum
724 5414 740 5440 ,
770 5371 930 5428 Ovid.
963 5371 1057 5428 lib.
1092 5387 1166 5427 xv
1196 5373 1583 5445 Metamorph.,
1621 5376 1731 5446 lly-

214 5455 300 5493 uus
328 5455 377 5496 et
401 5462 425 5497 a
453 5463 506 5497 ιι.

167 5451 300 5506 gntus
328 5455 377 5496 et
401 5447 506 5499 alii.

228 5507 253 5548 δ
286 5512 353 5568 Ita
382 5530 505 5570 mss.
532 5516 646 5571 fere
677 5515 745 5570 ad
771 5529 934 5569 unum
955 5532 969 5570 :
993 5513 1237 5571 nonnulli
1264 5525 1443 5570 tamen
1463 5526 1513 5570 et
1545 5530 1734 5571 omnes

170 5579 455 5658 edit.,__sicut
481 5587 674 5658 aquila:
694 5589 940 5658 juventus
965 5597 1074 5642 tua.

243 5662 260 5733 ξ
293 5655 655 5733 yss._aliquot,
686 5655 899 5733 sublimi
916 5660 1104 5726 nitens,
1129 5659 1379 5733 virgineo,
1398 5666 1732 5733 prtepes,et_c.

243 5675 260 5692 "
296 5675 496 5714 3155.3"
541 5675 655 5727 ιιοι,
686 5675 897 5716 motum
916 5675 1104 5726 nttens,
1129 5675 1379 5733 νινρυισο,
1398 5675 1732 5731 prwpes,etc.

236 5725 257 5764 “
293 5725 467 5792 Versio
495 5675 655 5806 Qulg.
682 5739 739 5790 et
762 5731 884 5804 alite
912 5745 1037 5790 cum
1069 5740 1217 5803 textu
1250 5731 1502 5801 Hebrum,
1535 5731 1738 5789 oscula—

1842 4630 1985 4702 quod
2012 4629 2258 4684 Rebecca
2307 4645 2428 4685 cum
2458 4629 2671 4684 veniret
2700 4627 2764 4681 ad
2799 4628 3036 4696 nuptias,
3094 4635 3145 4681 et
3177 4641 3435 4694 sponsum

1844 4727 2086 4791 vidisset,
2132 4725 2380 4778 velamen
2411 4725 2619 4792 accepit
2647 4719 2800 4792 (Gen.
2833 4736 2978 4785 χειν,
3003 4719 3096 4790 65)
3123 4736 3137 4785 ;
3189 4735 3255 4773 ne
3285 4724 3435 4790 prius

1837 4818 2132 4882 videretur,
2158 4832 2318 4887 quam
2342 4813 2699 4884 jungeretur?
2731 4813 2794 4868 Et
2818 4816 3004 4882 utique
3027 4815 3250 4882 pulchra
3276 4814 3433 4884 virgo

1834 4927 1941 4967 non
1971 4909 2153 4964 decori
2188 4908 2398 4971 timuit,
2429 4906 2523 4962 sed
2566 4905 2777 4976 pudori.
2803 4905 2940 4973 Quid
2974 4906 3212 4970 Rachel;
3243 4922 3433 4971 quent-

1833 5002 2126 5058 admodum
2156 4997 2179 5036 δ
2215 5007 2432 5055 extorto
2473 4997 2694 5062 osculo,
2733 4997 2882 5053 licvit
2923 5007 2978 5053 et
3025 4999 3278 5068 gemuit:
3335 5013 3436 5053 nec

1834 5102 1964 5156 ilere
1989 5097 2244 5162 desisset,
2269 5093 2368 5148 nisi
2402 5092 2708 5162 proximum
2729 5091 3073 5162 cognovisset
3095 5090 3252 5163 (Gen.
3275 5108 3434 5160 nix,

1833 5245 1912 5288 tus
1943 5242 2015 5287 est
2040 5247 2186 5295 eam;
2213 5237 2258 5282 et
2289 5227 2485 5282 elevata
2510 5242 2628 5281 voce
2657 5225 2816 5295 ﬂevit,
2849 5235 2894 5279 et
2925 5225 3175 5279 indicavit
3204 5229 3268 5292 ei,
3291 5238 3424 5295 etc.,

1840 5320 1871 5360 e
1901 5304 2098 5373 quibus
2122 5299 2303 5355 verbis
2331 5298 2476 5367 quod
2509 5298 2597 5352 hic
2636 5295 2703 5352 de
2727 5295 2860 5373 lietu
2902 5296 3150 5373 pudicum
3183 5299 3315 5353 illud
3349 5314 3438 5355 os-

1840 5368 2022 5430 culum
2052 5379 2346 5426 consccnto
2381 5377 2655 5427 narratur.
2691 5368 2972 5440 eleganter
3007 5369 3224 5435 quidem
3258 5380 3309 5423 et
3340 5385 3438 5440 ap-

1843 5449 2017 5513 posite
2047 5445 2111 5498 ati
2143 5445 2420 5496 materiam
2441 5440 2694 5513 tribui_lur
2723 5438 2974 5501 liacheli;
3007 5453 3128 5491 cum
3164 5449 3342 5513 tamen

1842 5511 2010 5573 Iacob
2038 5515 2229 5571 referri
2279 5521 2548 5581 Oporteat.
2591 5511 2654 5564 Et
2686 5519 2835 5564 certe
2880 5517 2940 5561 ut
2988 5511 3353 5581 esset__aliqua
3386 5512 3437 5567 in

1842 5589 1963 5644 aliis
2001 5585 2277 5642 idiomatis
2301 5579 2652 5650 ambiguitas,
2702 5593 2889 5647 aperte
2925 5580 3066 5649 apud
3091 5579 3235 5637 LXX
3258 5581 3440 5653 legi-re

1843 5670 1948 5730 est,
1979 5663 2063 5718 καὶ
2093 5660 2289 5735 βοήσας
2316 5667 2380 5734 τῇ
2407 5666 2541 5734 φωνῇ
2582 5659 2766 5723 αὐτοῦ,
2796 5653 3028 5714 ἔκλαυσε-
