3998 6190
494 194 606 255 223

1861 202 2108 260 SANCTI
2145 203 2469 263 AMBROSII

3698 212 3808 269 22$

494 313 586 381 11,
619 315 758 390 12)?
791 317 864 373 lta
904 325 960 372 et
983 315 1201 386 pudoris
1223 315 1471 374 servavit
1500 315 1759 385 oflicium,
1793 326 1847 374 et
1876 320 2094 390 pietatis
2121 322 2172 382 Α
2199 319 2478 378 cumfusos
2525 321 2785 394 strepitus
2823 323 3116 393 quievisse.
3148 323 3322 382 Silent
3353 326 3513 397 igitur
3541 328 3766 399 paludes
3786 372 3803 397 ,

499 421 610 462 non
643 411 826 465 omisit
846 408 1119 463 allectum.
1152 408 1308 475 Quod
1337 411 1380 465 si
1413 409 1528 465 viro
1555 411 1751 467 dicitur
1779 429 1791 466 :
1837 413 2102 485 Virginem

503 515 568 553 ne
589 500 902 564 consideres,
932 514 994 552 ne
1009 499 1218 563 quando
1235 501 1553 556 scandalizet
1576 511 1624 557 te
1650 503 1841 574 (Eccli.
1876 520 1951 568 ιι,
1983 506 2055 578 5)
2085 523 2099 572 ;

505 592 634 662 quid
675 590 961 646 dicendum
993 602 1078 648 est
1109 603 1337 648 sacrate
1383 595 1611 664 virgini,
1669 613 1790 666 qua:
1831 598 1876 652 si
1915 607 2100 667 amet,

507 687 691 740 animo
719 693 928 756 peccat,
973 687 1017 741 si
1042 696 1277 754 amatur,
1310 699 1366 744 et
1397 690 1578 746 facto?

578 780 666 833 ll.
712 778 941 835 Maxima
985 788 1070 837 est
1091 782 1262 837 virtus
1308 784 1545 848 tacendi,
1583 789 1890 856 praesertim
1914 788 1967 842 in
1999 788 2105 844 Ec-

510 872 868 928 clesia.Nulla
901 882 952 930 te
972 874 1278 931 divinarum
1299 880 1568 934 sententia
1599 879 1764 952 fugiet
1787 881 2104 946 lectionum,

511 965 556 1021 si
585 981 773 1022 aurem
819 967 1130 1036 admoveas,
1166 987 1356 1027 vocem
1387 989 1623 1042 premas.
1658 975 1875 1030 Nullum
1915 991 1980 1032 ex
2015 993 2110 1032 ore

511 1059 736 1114 verbum
787 1061 930 1131 quod
976 1077 1235 1118 revocare
1263 1065 1419 1131 velis,
1448 1067 1692 1136 proferas
1733 1086 1746 1122 :
1775 1067 1868 1122 sed
1899 1069 2111 1137 parcior

509 1149 761 1221 loquendi
792 1153 988 1209 fiducia
1019 1155 1110 1209 sit.
1139 1154 1436 1226 Copiosum
1465 1159 1667 1230 quippe
1689 1161 1740 1214 in
1765 1161 2110 1232 multiloquio

510 1252 812 1312 peccatum.
851 1245 1146 1301 llomicidae
1183 1247 1389 1304 dictum
1441 1259 1526 1305 est
1557 1269 1570 1305 :
1610 1251 1879 1317 Percasti,
1909 1254 2112 1322 quiesce

510 1332 698 1406 (Prov.
732 1352 766 1390 ι
790 1378 803 1400 ,
839 1337 946 1408 19),
991 1353 1059 1393 ne
1086 1351 1334 1408 peccaret
1361 1343 1596 1412 amplius
1627 1361 1640 1397 :
1669 1344 1762 1399 sed
1795 1345 1994 1415 virgini
2024 1347 2108 1400 di-

511 1425 744 1480 cendum
775 1435 859 1482 est
890 1445 903 1480 :
945 1427 1199 1495 Quiesce,
1232 1447 1298 1485 ne
1328 1447 1542 1500 pecces.
1570 1432 1941 1489 Conservabat
1963 1436 2112 1492 enim

515 1519 702 1588 Maria,
739 1532 797 1576 ut
822 1523 1072 1593 legimus,
1116 1526 1299 1579 omnia
1341 1527 1394 1581 in
1426 1528 1592 1583 corde
1613 1543 1711 1583 suo
1733 1547 1850 1600 qua:
1879 1531 1945 1586 de
1975 1531 2113 1585 Filio

514 1610 833 1668 dicebantur
860 1613 1025 1684 (Luc.
1059 1632 1131 1683 tt,
1183 1616 1325 1688 l9):
1359 1633 1414 1673 et
1445 1629 1499 1674 tu
1530 1636 1652 1675 cum
1686 1622 1884 1692 legitur
1913 1623 2114 1694 aliquid

517 1718 625 1774 quo
653 1702 905 1760 Christus
948 1717 1043 1761 aut
1090 1720 1352 1764 venturus
1387 1712 1540 1782 177
1567 1715 1921 1768 annuntiatur
1945 1755 1962 1781 ,
2019 1723 2114 1770 aut
2142 1709 2188 1770 Β

523 1797 744 1852 venisse
789 1799 1132 1867 ostenditur;
1165 1804 1274 1858 noli
1305 1802 1600 1859 fabulando
1624 1805 1947 1875 obstrepere
1968 1849 1984 1876 ,
2016 1807 2113 1863 sed

516 1900 758 1946 mentem
788 1891 1038 1946 admove.
1073 1892 1155 1948 An
1179 1894 1476 1966 quidquam
1499 1906 1582 1951 est
1613 1896 1904 1966 indignius,
1952 1914 2116 1968 quam

518 1981 734 2038 oracula
778 1982 959 2037 divina
989 1985 1363 2058 circumstrepi
1385 2032 1400 2054 ,
1460 2005 1527 2044 ne
1567 1989 1875 2055 audiantur,
1905 2006 1972 2046 ne
1994 2006 2118 2046 cre-

519 2075 748 2144 dantur,
810 2093 880 2134 ne
919 2079 1234 2138 revelentur
1274 2101 1287 2136 :
1330 2083 1736 2138 circumsonare
1779 2095 2117 2139 sacramenta

527 2169 772 2227 confusis
819 2172 1085 2238 vocibus,
1141 2183 1200 2228 ut
1246 2174 1578 2245 impediatur
1605 2179 1781 2232 oratio
1823 2192 1921 2248 pro
1949 2177 2120 2234 salute

526 2271 552 2299 ⁸
575 2263 893 2334 deprompta
921 2265 1200 2321 omnium?

593 2356 682 2410 12.
724 2355 968 2412 Gentiles
1005 2357 1169 2414 idolis
1205 2359 1319 2414 suis
1356 2363 1722 2418 reverentiam
1759 2362 1989 2419 tacendo
2028 2363 2122 2419 de-

519 2446 718 2504 ferunt.
762 2451 916 2507 Unde
962 2453 1094 2508 illud
1136 2455 1444 2525 exemplum
1488 2457 2122 2527 proditurzAlexandro

521 2543 862 2598 sacrificante
905 2545 1258 2602 Macedonum
1292 2563 1444 2620 rege,
1492 2550 1781 2618 puerulum
1825 2551 2119 2607 barbarum

521 2635 614 2703 qui
645 2634 696 2688 ei
725 2634 906 2690 lumen
945 2639 1304 2705 accenderet,
1339 2639 1619 2708 excepisse
1652 2641 1828 2710 ignem
1856 2641 2083 2696 brachio
2105 2684 2120 2708 ,

523 2735 688 2796 atque
716 2727 910 2782 adusto
935 2745 1186 2798 corpore,
1212 2732 1478 2788 mansisse
1505 2733 1870 2800 immobilem,
1902 2751 2000 2790 nec
2021 2736 2121 2792 do-

526 2820 697 2874 lorem
721 2821 1024 2890 prodidisse
1047 2825 1272 2894 gemitu,
1299 2841 1400 2880 nec
1426 2829 1590 2882 tacito
1612 2843 1825 2898 pmnam
1855 2829 2124 2885 indicasse

525 2912 678 2968 lletu.
709 2914 880 2970 Tanta
926 2916 978 2969 in
1013 2933 1181 2985 puero
1213 2918 1448 2975 barbaro
1495 2920 1593 2974 fuit
1637 2921 1920 2990 disciplina
1965 2938 2122 2978 reve-

526 3005 752 3072 rentize,
786 3015 843 3060 ut
883 3016 1075 3063 natura
1112 3011 1437 3066 vinceretur.
1477 3011 1652 3083 Atque
1691 3013 1781 3067 ille
1810 3029 1917 3068 non
1948 3013 2081 3069 deos
2107 3056 2122 3079 ,

2208 418 2456 473 homines
2496 433 2603 474 non
2644 419 2912 474 silehunt?
2943 419 3010 473 Et
3048 421 3414 477 irrationabile
3464 424 3662 478 animal
3711 440 3809 494 per

2208 513 2573 568 reverentiam
2601 516 2962 583 recognoscit,
2987 515 3130 583 quod
3161 530 3257 584 per
3285 526 3529 570 naturam
3555 517 3767 587 ignorat
3791 539 3806 576 :

2209 606 2486 661 hominum
2521 617 2667 662 tanta
2697 616 2782 662 est
2818 609 3157 664 immodestia
3178 651 3192 676 ,
3220 620 3278 664 ut
3323 611 3568 681 plerique
3593 613 3810 669 deferre

2210 702 2456 756 nesciant
2501 701 2764 757 mentium
2808 701 3094 772 religioni,
3127 702 3271 773 quod
3316 703 3565 760 delerunt
3594 705 3810 761 aurium

2210 792 2507 864 voluptati?

2826 906 3054 963 CAPUT
3093 906 3181 962 IV.

2213 1021 2446 1078 Recitata
2485 1022 2678 1076 Liberii
2714 1023 3069 1078 exhortatione
3093 1066 3107 1089 ,
3158 1026 3348 1079 sororis
3387 1025 3594 1080 virtutes
3632 1025 3815 1080 laudat

2285 1117 2608 1181 Ambrosius,
2629 1117 2853 1169 maxime
2876 1133 2990 1169 t'ero
3020 1117 3276 1185 jejunium
3298 1117 3458 1182 illius,
3479 1116 3615 1188 quod
3641 1126 3814 1170 tamen

2286 1219 2340 1261 ut
2383 1209 2631 1277 tantisper
2660 1209 2919 1272 remittat,
2963 1208 3277 1277 alternisque
3303 1209 3551 1261 exercitiis
3592 1216 3816 1260 mentent

2287 1303 2419 1356 colat
2445 1344 2458 1363 ,
2508 1302 2763 1366 hortatur,
2797 1301 3038 1354 adductis
3069 1302 3119 1354 in
3150 1318 3262 1356 eam
3287 1317 3392 1354 rem
3432 1301 3682 1368 exemplis
3711 1301 3814 1355 elc-

2285 1394 2620 1466 gantissimis.
2667 1393 2931 1448 Prteterea
2962 1395 3126 1464 ipsam
3173 1394 3243 1447 ad
3276 1411 3450 1462 preces
3477 1398 3818 1464 frequentan-

2285 1487 2379 1540 das
2401 1528 2415 1551 ,
2448 1487 2731 1539 orationem
2769 1484 3099 1539 Dominicam
3142 1497 3189 1541 et
3223 1486 3450 1554 psalmos
3478 1497 3630 1540 noctu
3662 1487 3821 1541 etiam

2286 1578 2585 1646 repetendos
2613 1619 2626 1642 ,
2674 1577 3096 1650 recitandumque
3138 1579 3457 1633 antelucanis
3489 1579 3631 1633 horis
3669 1596 3820 1650 sym-

2287 1671 2461 1725 bolum
2499 1679 2665 1743 urget.

2295 1805 2379 1860 l5.
2424 1805 2549 1860 llaec
2582 1814 2761 1859 tecum
2809 1813 3013 1859 sancta:
3059 1805 3338 1860 memoria:
3381 1805 3668 1860 Liberius:
3700 1821 3828 1877 qua:

2217 1894 2357 1964 apud
2402 1894 2542 1949 alios
2579 1906 2600 1932 ε
2643 1895 2848 1962 majora
2897 1895 3065 1962 veris,
3112 1895 3253 1966 apud
3301 1904 3352 1950 te
3402 1897 3560 1968 178
3606 1898 3825 1952 minora

2218 1987 2512 2056 exemplis;
2546 1987 2618 2042 ita
2647 2002 2866 2041 omnem
2897 1988 3242 2058 disciplinam
3273 2004 3385 2044 non
3414 1991 3589 2044 solum
3622 1990 3829 2045 virtute

2219 2078 2550 2148 adu-quasti,
2599 2077 2693 2134 sed
2735 2080 2896 2134 etiam
2941 2080 3294 2135 :emulatione
3335 2081 3534 2135 vicisti.
3582 2081 3829 2152 Namque

2214 2172 2483 2242 jejunium
2512 2171 2566 2226 in
2593 2173 2879 2242 praeceptis
2911 2172 3195 2239 habemus,
3225 2173 3320 2228 sed
3349 2171 3684 2243 singulorum
3710 2174 3830 2230 die-

2221 2283 2338 2322 rum
2365 2284 2379 2321 :
2415 2276 2470 2321 tu
2501 2277 2680 2321 autem
2713 2267 3094 2336 multiplicatis
3122 2268 3374 2322 noctibus
3403 2283 3467 2323 ac
3495 2267 3705 2336 diebus,
3747 2268 3831 2323 in-

2223 2375 2448 2415 numera
2479 2371 2721 2428 tempora
2747 2360 2866 2414 sine
2898 2361 3020 2414 cibo
3053 2360 3339 2431 transigis;
3367 2369 3421 2415 et
3447 2361 3714 2431 siquando
3743 2377 3828 2416 ro-

2222 2455 2365 2522 garis
2396 2463 2454 2506 ut
2487 2453 2665 2507 cibum
2704 2467 2917 2517 sumas,
2953 2452 3226 2521 paulisper
3262 2452 3503 2522 deponas
3543 2453 3826 2520 codicem,

2224 2544 2523 2614 respondes
2556 2543 2740 2598 illico:
2776 2543 2898 2598 Non
2938 2544 2991 2598 in
3039 2561 3172 2614 pane
3210 2545 3322 2599 solo
3360 2545 3479 2598 vivit
3526 2545 3700 2609 homo,
3733 2545 3828 2599 sed

2222 2637 2277 2691 in
2325 2639 2464 2690 omni
2511 2638 2660 2691 ter-bo
2705 2635 2800 2689 Dei
2849 2635 3066 2707 (Matth.
3097 2653 3170 2702 tv,
3219 2637 3300 2708 4).
3334 2636 3453 2707 Ipse
3483 2637 3767 2708 epularum
3798 2635 3825 2674 (³

2223 2745 2355 2784 usus
2381 2729 2517 2784 cibis
2542 2729 2755 2793 obviis;
2790 2739 2849 2782 ut
2885 2728 3077 2783 edendi
3119 2728 3338 2784 fastidio
3375 2729 3642 2799 jejunium
3681 2729 3830 2784 desi-

2225 2821 2447 2877 deretur
2475 2838 2488 2874 :
2519 2830 2676 2890 potus
2717 2835 2748 2875 e
2788 2818 2959 2888 fonte,
3003 2817 3164 2875 ﬂetus
3193 2820 3246 2874 itt
3289 2834 3472 2891 prece,
3515 2835 3744 2875 somnus
3774 2821 3826 2876 in

2225 2915 2435 2971 codice.

2301 3009 2388 3064 16.
2431 3010 2558 3064 Haec
2581 3007 2890 3079 junioribus
2925 3022 3233 3064 convenere
3259 3007 3442 3075 annis,
3467 3007 3642 3064 donec
3673 3023 3830 3065 mens

527 3100 618 3166 qui
644 3097 777 3152 nulli
803 3108 988 3165 erant,
1019 3101 1112 3156 sed
1139 3117 1317 3172 regem
1348 3103 1591 3159 timebat.
1625 3105 1762 3172 Quid
1792 3105 1935 3160 enim
1970 3106 2124 3161 time-
2153 3091 2198 3154 C
2229 3103 2330 3157 aevi
2373 3111 2583 3157 matura
2624 3111 2941 3158 canesceret
2969 3119 2981 3154 :
3027 3112 3112 3156 ast
3157 3102 3246 3156 ubi
3286 3101 3473 3157 domiti
3523 3102 3827 3172 tr0phzeum

529 3198 613 3242 ret
640 3203 756 3254 eos,
789 3205 924 3260 quos
945 3191 992 3246 si
1026 3192 1166 3247 idem
1199 3195 1336 3264 ignis
1363 3198 1701 3266 contigisset,
1733 3198 2028 3252 arsissent?
2040 3213 2054 3264 ί

603 3281 692 3334 15.
734 3280 760 3319 b
790 3282 1005 3350 Quanto
1029 3285 1221 3340 melius
1251 3288 1392 3358 quod
1419 3289 1636 3359 quidam
1672 3291 1724 3343 in
1754 3290 2007 3344 convivio
2033 3305 2126 3360 pa-

525 3373 626 3430 tris
665 3377 983 3434 adolescens
1013 3380 1233 3450 jubetur
1273 3398 1340 3438 ne
1375 3384 1713 3439 meretricios
1741 3400 1958 3440 amores
1989 3384 2128 3440 indi-

527 3469 626 3524 ciis
650 3470 1010 3527 insolentibus
1032 3473 1259 3542 prodat?
1276 3475 1341 3528 Et
1366 3484 1423 3530 tu
1446 3476 1499 3530 in
1524 3478 1803 3547 mysterio,
1834 3480 1929 3533 Dei
1948 3479 2123 3548 virgo,

529 3563 785 3632 gemitus,
813 3576 1077 3631 screatus,
1117 3567 1304 3631 tussis,
1333 3568 1478 3623 risus
1507 3569 1740 3625 abstine.
1775 3571 1930 3636 Quod
1961 3571 2048 3624 ille
2071 3571 2124 3626 in

529 3656 784 3712 convivio
813 3666 1013 3727 potest,
1043 3667 1098 3713 tu
1129 3658 1183 3714 in
1207 3663 1470 3732 mysterio
1500 3677 1606 3717 non
1633 3663 1823 3734 potes?
1855 3663 1998 3720 Voce
2020 3666 2128 3719 vir-

529 3749 730 3818 ginitas
769 3749 938 3819 prima
969 3751 1234 3822 signetur,
1268 3753 1485 3809 claudat
1525 3771 1618 3810 ora
1652 3755 1845 3825 pudor,
1878 3756 2129 3811 debilita-

535 3852 641 3894 tem
669 3842 928 3896 excludat
967 3844 1185 3915 religio,
1219 3845 1465 3901 instituat
1493 3849 1829 3903 consuetudo
1857 3857 2126 3903 naturam.

537 3931 812 4002 Virginem
845 3935 976 3989 tnihi
1023 3938 1172 4004 prius
1215 3939 1453 4010 gravitas
1496 3954 1590 3994 sua
1639 3941 1870 4008 nuntiet,
1923 3940 2130 4012 pudore

536 4027 717 4096 obvio,
745 4029 914 4100 gradu
945 4031 1151 4097 sobrio,
1176 4035 1326 4088 vultu
1351 4032 1632 4099 modesto;
1659 4043 1714 4089 et
1734 4035 2131 4104 praenuntiam-

539 4123 803 4193 tegritatis
824 4132 1080 4179 anteeant
1099 4125 1253 4196 signa
1276 4126 1510 4182 virtutis.
1533 4126 1651 4181 Non
1674 4127 1807 4182 satis
1834 4124 2130 4196 probabilis

536 4215 687 4285 virgo
711 4227 796 4271 est
825 4233 944 4286 quze
975 4219 1288 4288 requiritur,
1319 4235 1440 4274 cum
1471 4218 1702 4273 videtur.

612 4305 699 4359 14.
747 4307 1025 4378 Frequens
1050 4324 1234 4364 sermo
1272 4319 1356 4366 est
1380 4352 1395 4378 ,
1433 4325 1556 4364 cum
1602 4309 1830 4380 plurima
1873 4323 2130 4364 ranarum

537 4416 815 4456 murmura
845 4401 1112 4473 religiosae
1139 4402 1360 4458 auribus
1398 4402 1571 4473 plebis
1605 4402 2016 4472 obstreperent,
2045 4415 2132 4456 sa-

2225 3193 2470 3262 corporis
2511 3194 2665 3262 virgo
2710 3194 3028 3259 sustulerit,
3078 3192 3468 3248 moderandum
3508 3193 3723 3261 labori,
3773 3204 3830 3250 ut

2228 3288 2484 3358 magistra
2539 3297 2562 3324 ο
2611 3288 2831 3356 suppari
2905 3295 3155 3342 servetur
3198 3287 3363 3342 aetati.
3416 3288 3540 3343 Cito
3586 3287 3832 3343 fecundis

2227 3388 2451 3436 onerata
2484 3379 2794 3449 palmitibus
2824 3382 3069 3436 emeritze
3099 3381 3275 3434 aetatis
3301 3381 3424 3434 vitis
3463 3389 3654 3450 crepat
3678 3422 3693 3445 ,
3728 3381 3830 3436 nisi

2225 3470 2519 3541 aliquando
2560 3471 2909 3541 repritnatur.
2947 3471 3151 3526 Eadem
3187 3483 3364 3526 tamen
3402 3470 3577 3526 donec
3615 3471 3832 3526 adoles-

2227 3567 2331 3632 cit,
2364 3565 2652 3632 exuberet,
2692 3563 2710 3602 τ
2755 3573 2810 3620 et
2845 3564 3143 3620 inveterata
3185 3573 3434 3635 putetur;
3469 3581 3536 3620 ne
3572 3565 3832 3621 silvescat

2228 3661 2549 3726 sarmentis,
2592 3668 2682 3713 aut
2722 3657 2831 3713 fetu
2868 3657 3036 3712 nimio
3073 3658 3376 3712 exanimata
3420 3657 3701 3711 moriatur.
3730 3658 3832 3711 Bo-

2231 3771 2334 3809 nus
2377 3754 2612 3823 agricola
2648 3753 2909 3824 optimam
2946 3751 3110 3805 vitem
3147 3759 3203 3806 et
3231 3750 3344 3806 fotu
3379 3761 3536 3805 terrae
3575 3751 3828 3814 cohibet,

2231 3857 2288 3904 et
2316 3846 2560 3902 defendit
2587 3864 2616 3901 a
2645 3846 2844 3916 frigore
2868 3887 2882 3909 ,
2912 3854 2968 3900 et
3006 3861 3073 3899 tte
3113 3845 3414 3899 meridiano
3456 3843 3573 3899 sole
3617 3852 3824 3904 uratur,

2232 3940 2501 4011 explorat.
2537 3948 2560 3984 ϐ
2591 3938 2794 4008 Agrum
2839 3951 3052 4007 quoque
3094 3935 3304 3990 vicibus
3335 3945 3558 3990 exercet
3596 3951 3608 3986 :
3652 3933 3735 3987 vel
3782 3934 3826 3987 si

2235 4050 2342 4089 non
2373 4035 2573 4104 patitur
2599 4035 2857 4093 otiosum,
2890 4029 3102 4084 diversa
3129 4027 3359 4082 alternat
3388 4026 3594 4081 semina
3614 4066 3629 4091 ,
3657 4035 3828 4079 muta-

2235 4129 2304 4184 tis
2340 4138 2398 4181 ut
2442 4125 2640 4181 fetibus
2684 4138 2812 4178 arva
2857 4122 3221 4192 requiescant.
3265 4120 3346 4176 Tu
3384 4135 3637 4190 quoque,
3678 4119 3827 4189 virgo

2234 4227 2521 4283 veterana,
2552 4217 2791 4288 pectoris
2820 4214 2896 4270 tui
2926 4214 3093 4270 colles
3121 4213 3351 4269 diversis
3376 4213 3566 4268 saltem
3603 4212 3826 4266 semini-

2235 4311 2340 4368 bus
2369 4325 2516 4376 sere,
2549 4324 2691 4364 nunc
2720 4307 2991 4362 alimoniis
3021 4305 3408 4370 mediocribus,
3439 4319 3584 4360 nunc
3604 4303 3830 4375 jejuniis

2237 4405 2577 4479 parcioribus
2599 4445 2613 4470 ,
2645 4402 2881 4458 lectione
2901 4442 2916 4468 ,
2949 4415 3138 4470 opere,
3175 4414 3368 4470 prece;
3402 4409 3458 4453 ut
3484 4397 3712 4453 mutatio
3743 4395 3827 4451 la-

532 4493 809 4551 cerdotem
845 4495 936 4549 Dei
963 4496 1288 4566 praecepisse
1318 4503 1376 4550 ut
1399 4497 1852 4562 conticescerent,
1876 4511 1940 4552 ac
1966 4511 2125 4551 reve-
2155 4478 2209 4540 D
2233 4478 2383 4557 boris
2410 4497 2641 4554 inducize
2672 4495 2783 4550 sint
2805 4492 3026 4564 quietis.

535 4589 766 4644 rentiam
808 4604 979 4646 sacra:
1020 4591 1293 4648 deferrent
1331 4592 1600 4659 orationi;
1631 4602 1756 4648 tunc
1796 4593 1976 4650 subito
2016 4596 2124 4650 cir-

607 4736 635 4765 ι
673 4727 874 4785 Omnes
901 4728 1058 4794 edit.,
1088 4731 1336 4797 omnium,
1370 4747 1488 4785 cum
1513 4733 1823 4803 gentiles....
1853 4732 2123 4801 deferant:

535 4813 666 4855 mss.
686 4811 868 4857 autem
897 4816 1091 4870 magno
1114 4816 1384 4856 consensu
1411 4803 1689 4861 nobiscum
1714 4805 1932 4860 faciunt.
1956 4804 2127 4858 Porro

533 4871 834 4941 subiectam
867 4870 1062 4940 ephebi
1095 4871 1318 4941 hujusce
1358 4874 1570 4929 barbari
1605 4876 1886 4930 historiam
1925 4891 2128 4930 memo-

538 4952 621 5015 rat
653 4943 712 4999 V.
745 4943 1004 4998 Maximus
1032 4943 1128 4997 lib.
1159 4959 1237 5008 nt,
1265 4960 1386 5015 cap.
1418 4946 1472 5007 5,
1507 4946 1574 5000 de
1603 4947 1890 5002 Patientia.

609 5013 636 5052 δ
662 5016 829 5080 Edit.,
853 5015 990 5081 Quid
1006 5021 1141 5082 quod
1158 5013 1390 5082 quidam.
1417 5016 1485 5071 Et
1505 5017 1664 5084 infra,
1684 5020 1734 5072 in
1749 5019 2126 5072 ministerio....

534 5096 722 5160 tusses,
754 5088 888 5140 risus
909 5085 1197 5140 abstine....
1221 5087 1274 5160 in
1301 5089 1583 5144 ministerio
1597 5090 1693 5145 Dei
1706 5108 1806 5144 non
1825 5100 1987 5160 potes.
2031 5087 2131 5142 Vo-

539 5159 646 5224 cis,
670 5168 776 5234 etc.
803 5175 818 5234 _:
851 5173 981 5211 mss.
1015 5173 1143 5214 vero
1174 5170 1231 5234 ut
1261 5159 1312 5213 in
1343 5171 1512 5234 testu,
1539 5162 1808 5234 nisiquod
1827 5159 1998 5234 aliqui
2034 5175 2131 5228 pro

539 5231 780 5298 mysterio
803 5230 1120 5298 leguntcum
1144 5232 1273 5284 etlit.
1300 5233 1602 5287 ministerio.
1629 5230 1899 5289 Caeterum
1928 5232 2014 5286 hic
2043 5234 2128 5285 in-

538 5300 840 5372 dicaturab
873 5300 1162 5355 Ambrosio
1184 5302 1525 5358 Terentianze
1549 5305 1763 5366 fabulze,
1795 5319 1916 5372 quae
1941 5303 2130 5357 inscri-

538 5370 684 5425 bitur
722 5369 1354 5437 Ileautontimorumenos,
1397 5375 1566 5430 Actus
1609 5391 1678 5440 tt,
1705 5375 1792 5428 ubi
1815 5369 1938 5427 sub
1965 5375 2126 5426 linem

537 5457 720 5498 scena:
740 5442 795 5505 5,
810 5442 1130 5514 admonetur
1150 5445 1386 5514 Clitipho
1415 5447 1758 5511 adolescens,
1782 5455 1840 5498 ut
1861 5453 2129 5514 praesente

542 5524 698 5584 patre
720 5512 1038 5584 modestiam
1053 5515 1104 5568 in
1118 5512 1368 5571 convivio
1387 5521 1647 5583 retineat;
1670 5532 1736 5570 ex
1765 5512 1956 5570 eodem
1981 5513 2124 5568 enim

543 5583 665 5642 loco
694 5593 918 5637 sanctus
941 5583 1152 5654 Pratsul
1199 5588 1472 5644 transtulit
1514 5590 1602 5644 illa
1631 5586 1794 5643 verba
1824 5604 1838 5641 :
1869 5585 2124 5654 Gemitus,

534 5653 995 5722 ocreatus-,1tussis,
1026 5655 1162 5708 risus
1187 5655 1404 5719 abstine.
1550 5714 1556 5722 ,
1876 5713 1880 5717 .

604 5734 627 5758 ’τ
667 5722 869 5776 Omnes
895 5721 1025 5776 edit.
1061 5739 1122 5777 ac
1151 5726 1301 5796 pauci
1327 5745 1459 5786 mss.
1481 5772 1495 5797 ,
1527 5721 1726 5800 utajoru
1751 5729 1945 5795 verbis;
1977 5726 2105 5784 reli-

2303 4594 2393 4650 17.
2435 4589 2463 4630 ιι
2494 4591 2609 4648 Non
2654 4597 2798 4646 totus
2842 4601 3075 4644 messem
3115 4593 3341 4656 generat
3380 4599 3529 4655 ager.
3564 4582 3706 4639 Hinc
3753 4582 3824 4638 de

2231 4731 2346 4800 qui,
2378 4730 2579 4793 maiora
2620 4728 2788 4792 veris;
2829 4741 2936 4781 uno
2966 4734 3216 4797 excepto,
3261 4725 3349 4782 ubi
3391 4724 3611 4795 legitur,
3656 4728 3826 4798 major

2234 4801 2456 4855 haberis.
2482 4800 2601 4855 Non
2635 4809 2717 4854 sat
2741 4812 2999 4867 congrue.

2307 4871 2332 4909 ἀ
2374 4873 2449 4926 lta
2484 4887 2614 4926 mss.
2643 4870 2974 4936 complures,
3009 4867 3113 4923 nisi
3141 4867 3281 4937 quod
3310 4881 3406 4937 pro
3435 4875 3489 4921 ut
3509 4867 3692 4938 edendi
3723 4869 3828 4938 fas-

2235 4945 2385 5009 tidio,
2411 4942 2669 4999 exhibent
2695 4939 2871 4993 utendi
2901 4940 3133 5008 fastidio,
3163 4939 3304 5007 quod
3333 4953 3438 4992 non
3461 4937 3667 4991 arridet
3696 4957 3708 4992 :
3735 4938 3826 4991 alii

2234 5028 2413 5070 autem
2445 5024 2608 5085 atque
2635 5011 2792 5077 edit.,
2824 5027 2970 5074 usus,
3002 5012 3144 5065 cibus
3166 5009 3363 5074 obvius,
3389 5019 3444 5062 ut
3470 5009 3656 5063 edendi
3679 5010 3828 5079 fasti-

2235 5087 2344 5141 dio.
2376 5095 2481 5141 etc.

2311 5129 2344 5194 ve.
2531 5155 2766 5224 aliquot,
2795 5153 3008 5222 suppari
3033 5160 3262 5224 servetur
3290 5160 3449 5224 relate
3467 5167 3486 5204 :
3513 5151 3689 5222 aptius
3709 5149 3825 5216 alii,

2235 5237 2292 5284 et
2313 5230 2540 5282 edit.....
2566 5222 2726 5288 mirati,
2755 5224 2857 5278 hoc
2878 5233 2978 5286 est,
3015 5222 3559 5276 adolescentioribus.

2310 5297 2328 5336 ί
2375 5298 2536 5354 Pauci
2567 5312 2696 5351 mss.
2718 5338 2732 5359 ,
2761 5305 2807 5348 et
2835 5295 3056 5348 invetata
3088 5294 3366 5360 plantetur.
3399 5292 3469 5348 Et
3500 5292 3662 5364 paulo
3704 5299 3827 5360 post

2233 5386 2423 5426 omnes
2446 5370 2606 5433 edit.,
2634 5367 2896 5422 exinanita
2916 5365 3184 5418 moriatur.

2304 5451 2328 5487 ϐ
2371 5441 2447 5495 Ex
2469 5439 2782 5508 Virgilianis
2804 5437 2910 5490 illis
2938 5435 3034 5488 lib.
3062 5450 3077 5488 ι
3105 5434 3300 5505 Georg.
3328 5451 3342 5488 :

2580 5529 2778 5578 Mutatis
2799 5527 3119 5588 requiescunt
3146 5523 3328 5575 fetibus
3344 5536 3479 5590 arva,
3507 5533 3603 5577 etc.

2303 5639 2327 5676 ³³
2367 5637 2512 5694 ldem
2546 5637 2696 5708 Virg.
2727 5635 2858 5692 ibid.
2887 5651 2901 5688 :

2602 5736 2704 5789 Non
2729 5736 2884 5786 omnis
2905 5733 3001 5784 fert
3024 5731 3185 5783 Omnia
3212 5729 3386 5797 tellus,
3416 5735 3514 5784 etc.
