3974 6186
525 206 632 270 es:

1867 205 2115 270 SANCTI
2154 201 2482 274 LIBROS"

3725 208 3829 276 228

527 338 551 366 ει
575 329 844 384 convertit
874 329 926 382 in
953 325 1302 382 commodum
1342 324 1524 381 carnis
1555 323 1975 381 bumanre.Nam
2004 341 2130 397 pas-
2161 328 2211 386 Α
2312 324 2405 379 27.
2442 321 2756 384 Exstruitur
2782 321 3008 394 regifico
3039 321 3167 378 luxu
3207 322 3375 379 ferale
3404 323 3740 392 convivium,
3776 339 3834 382 et

527 423 683 478 sione
718 420 1006 475 infirmitas
1043 428 1126 474 est
1163 419 1372 485 soluta,
1417 431 1563 474 mors
1601 419 2025 474 resurrectione.
2061 417 2130 471 Et

525 523 705 570 tamen
740 527 972 568 mmrere
1003 527 1102 582 pro
1127 512 1354 578 saeculo,
1383 511 1623 583 gaudere
1657 510 1869 567 debetis
1912 511 1966 565 in
2017 510 2128 565 Do-

527 605 714 660 mino:
751 605 934 660 tristes
977 603 1042 659 ad
1073 605 1486 676 paenitentiam,
1519 604 1731 659 alacres
1762 603 1827 657 ad
1863 603 2125 674 gratiam;

526 697 653 752 licet
682 705 739 752 et
766 695 898 752 ﬂere
926 713 1047 752 cum
1077 696 1352 764 ﬂentibus,
1381 705 1436 754 et
1461 697 1697 768 gaudere
1727 711 1852 751 cum
1889 694 2131 766 gauden-

527 789 671 846 tibus
699 799 954 859 oportere
991 791 1229 860 gentinm
1266 791 1463 845 Doctor
1501 789 1726 846 salutari
1767 788 2128 859 prmceptione

527 881 927 952 prtescripserit
955 880 1133 952 (Rom.
1168 897 1264 947 χιι,
1291 881 1401 952 15).

598 970 691 1028 24.
738 971 934 1026 Verum
967 972 1060 1042 qui
1100 973 1315 1043 penitus
1344 971 1583 1028 enodare
1611 970 1638 1009 ι’
1671 970 1975 1026 cicatricem
2011 984 2130 1023 om-

531 1079 654 1120 nem
704 1063 981 1120 desiderat
1039 1065 1394 1134 quastionis,
1439 1063 1504 1118 ad
1560 1063 1810 1118 eumdem
1855 1061 2130 1132 confugiat

523 1155 845 1226 Apostolum
871 1175 884 1211 :
913 1156 1099 1223 Omne,
1129 1156 1324 1228 inquit,
1347 1157 1701 1230 quodcumque
1722 1157 1891 1228 facitis
1906 1157 1960 1209 in
1979 1154 2128 1208 uerbo

520 1257 609 1302 aut
637 1249 690 1303 in
722 1252 862 1319 facto
880 1250 933 1304 in
959 1250 1165 1304 nomine
1185 1248 1396 1303 Domini
1425 1251 1587 1303 nostri
1608 1246 1734 1304 Jesu
1761 1248 1975 1312 Christi,
2003 1262 2124 1317 gra-

519 1341 617 1394 tias
641 1349 851 1410 agentes
882 1339 992 1395 Deo
1024 1340 1168 1395 Patri
1192 1357 1281 1410 per
1306 1342 1475 1412 ipsum
1498 1341 1719 1412 (Coloss.
1753 1356 1833 1406 ιιι,
1866 1338 1973 1410 17).
1999 1337 2129 1392 0m-

520 1434 607 1491 nia
640 1449 768 1504 ergo
805 1433 946 1488 dicta
988 1444 1173 1489 nostra
1211 1432 1462 1504 factaque
1501 1435 1801 1489 referamus
1845 1432 1910 1486 ad
1945 1429 2132 1486 Chris-

527 1535 662 1591 tum,
693 1525 785 1596 qui
823 1527 988 1580 vitam
1023 1524 1151 1580 fecit
1181 1541 1248 1580 ex
1285 1537 1492 1591 morte,
1523 1533 1578 1579 et
1607 1525 1781 1579 lucem
1825 1523 2031 1578 creavit
2061 1536 2128 1576 ex

525 1618 790 1674 tenebris.
823 1617 1065 1687 Namque
1108 1626 1166 1673 ut
1207 1633 1406 1688 corpus
1431 1627 1694 1688 :cgrotum
1736 1631 1879 1674 nunc
1906 1618 2130 1675 calidio-

2235 417 2520 486 explorato
2579 415 2798 487 quando
2849 415 3022 486 major
3070 416 3232 474 solito
3279 417 3432 472 turba
3482 421 3830 486 convenerit,

2234 509 2437 580 regina:
2467 511 2575 572 tilia
2602 511 2811 566 intimis
2831 507 2856 548 ἀ
2874 511 3128 566 mandata
3156 512 3408 577 secretis,
3448 511 3500 566 in
3529 523 3828 583 conspectu

2233 602 2472 658 virorum
2505 603 2765 658 saltatura
2799 603 3115 673 producitur
3143 602 3350 675 (Marc.
3385 619 3460 667 γι,
3488 603 3550 660 21
3592 606 3634 674 ).
3681 605 3828 673 Quid

2233 695 2379 750 enim
2431 696 2602 764 potuit
2640 694 2707 749 de
2733 694 2978 750 adultera
3009 696 3240 764 discere,
3289 696 3390 752 nisi
3434 696 3694 754 damnum
3724 715 3830 768 pu-

2232 784 2425 856 doris?
2470 788 2552 841 An
2599 786 2892 859 quidquam
2925 797 3009 844 est
3038 797 3145 844 tam
3176 803 3407 859 pronum
3437 789 3506 852 ad
3546 790 3830 857 libidines,

2231 893 2393 947 quam
2425 878 2714 933 inconditis
2738 879 2977 936 motibus
3006 895 3071 935 ea
3097 896 3221 952 qua:
3253 880 3339 936 vel
3373 891 3565 944 natura
3595 882 3832 938 abscon-

2230 968 2333 1038 dit,
2390 970 2476 1030 vel
2531 970 2818 1040 disciplina
2895 971 3120 1039 velavit,
3191 972 3561 1029 membrorum
3635 985 3832 1044 operta

2231 1061 2462 1128 nudare,
2486 1062 2676 1118 ludere
2702 1063 2898 1128 oculis,
2917 1073 3101 1119 rotare
3125 1064 3415 1130 cervicem,
3437 1079 3647 1120 comam
3666 1081 3832 1137 spar-

2229 1169 2359 1228 gere
2380 1152 2402 1206 ?
2426 1153 2618 1218 Merito
2642 1154 2766 1210 inde
2794 1155 2845 1210 in
2877 1154 3132 1225 injuriam
3160 1155 3458 1210 divinitatis
3489 1155 3829 1226 proceditur.

2229 1245 2365 1314 Quid
2389 1246 2533 1302 enim
2566 1246 2640 1300 ibi
2669 1245 3012 1302 verecundiae
3044 1255 3221 1316 potest
3249 1263 3392 1313 csse,
3426 1248 3515 1304 ubi
3568 1250 3830 1315 saltatur,

2231 1337 2515 1408 Strepitur,
2545 1339 2952 1409 concrepatur?

2300 1431 2390 1485 28.
2444 1429 2590 1485 Tunc
2620 1447 2732 1497 rex,
2762 1432 2952 1502 inquit,
2985 1431 3289 1497 delectatus,
3323 1431 3460 1486 dixit
3512 1431 3729 1502 puellm,
3772 1443 3835 1487 ut

2231 1534 2420 1596 peteret
2463 1541 2495 1578 a
2545 1541 2663 1597 rege
2712 1526 2851 1594 quod
2895 1526 3062 1580 vellet.
3108 1525 3309 1580 Deinde
3351 1527 3554 1599 jurauit
3583 1528 3724 1594 quod
3754 1529 3838 1581 cel

2230 1618 2505 1671 dimidium
2535 1620 2701 1690 regni,
2722 1621 2765 1674 si
2793 1621 3022 1690 petisset,
3051 1621 3347 1676 concederet
3372 1620 3559 1693 (Ibid.,
3586 1621 3682 1686 22,
3707 1621 3833 1692 23).

522 1711 672 1768 ribus
701 1710 935 1779 fovetur,
971 1727 1114 1768 nunc
1146 1712 1516 1783 frigidioribus
1550 1721 1912 1782 temperatur;
1949 1729 2123 1769 rcme-
2157 1710 2206 1784 B
2237 1711 2369 1769 Vide
2399 1713 2856 1783 quemadmodum
2885 1715 3178 1782 steculares
3214 1716 3315 1788 ipsi
3349 1715 3417 1770 de
3469 1716 3837 1774 sazcularibus

521 1806 844 1874 dierumque
880 1805 1130 1869 mutatio,
1163 1806 1205 1858 si
1229 1805 1381 1874 juxta
1408 1816 1738 1876 praeceptum
1779 1805 1869 1859 fiat
1897 1805 2124 1870 medici,

519 1900 776 1958 salutaris
815 1910 900 1955 est
935 1917 949 1953 :
981 1901 1025 1956 si
1064 1912 1256 1955 contra
1299 1899 1611 1958 mandatum
1655 1907 1969 1968 usurpetur,
2013 1898 2128 1953 lau-

519 1991 705 2063 guoris
751 1998 1102 2062 augmentum
1141 2002 1255 2057 est;
1295 1993 1367 2046 ita
1406 1991 1614 2045 medico
1647 2003 1838 2046 nostro
1867 1990 2126 2062 quidquid

524 2085 781 2157 penditur
817 2086 1068 2154 Christo,
1109 2085 1414 2142 remedium
1451 2095 1572 2141 est:
1602 2085 1860 2158 quidquid
1899 2101 2129 2156 usurpa-

525 2185 634 2243 tur,
669 2177 1093 2234 incommodum.

591 2271 682 2327 25.
727 2274 894 2330 Debet
924 2274 1086 2344 igitur
1110 2273 1248 2330 bene
1273 2272 1506 2329 conscia:
1539 2271 1739 2327 mentis
1766 2285 1888 2326 esse
1917 2269 2126 2336 lanitia,

525 2381 633 2426 non
666 2366 960 2421 inconditis
991 2367 1505 2431 comessationibus,
1540 2380 1645 2421 non
1681 2365 2011 2435 nuptialibus
2035 2378 2131 2419 es-

518 2461 680 2516 citata
709 2462 1084 2532 symphoniis;
1124 2461 1196 2517 ibi
1225 2463 1372 2516 enim
1405 2461 1580 2515 intuta
1607 2458 1972 2524 verecundia,
2010 2456 2130 2512 ille-

519 2554 682 2609 cebra
706 2563 957 2623 suspecta
979 2562 1081 2617 est,
1109 2553 1200 2608 ubi
1228 2567 1412 2608 comes
1434 2551 1754 2606 deliciarum
1781 2559 1864 2604 est
1883 2559 2128 2604 extrema

522 2647 762 2704 saltatio.
794 2647 874 2702 Ab
920 2648 1020 2700 hac
1061 2646 1298 2715 virgines
1337 2644 1431 2698 Dei
1477 2644 1670 2713 procul
1700 2656 1820 2698 esse
1850 2641 2124 2696 desidero.

521 2739 694 2796 Nemo
739 2740 907 2801 ettitn,
956 2746 1017 2792 ut
1061 2737 1198 2792 dixit
1231 2748 1252 2777 ο
1281 2736 1498 2806 quidam
1547 2735 1888 2791 saecularium
1913 2736 2124 2800 doctor,

522 2834 684 2888 saltat
710 2832 946 2898 sobrius,
983 2832 1085 2886 nisi
1125 2832 1344 2887 insanit.
1375 2829 1527 2896 Quod
1555 2831 1599 2885 si
1618 2830 1771 2900 juxta
1803 2828 2124 2899 sapientiam

522 2923 860 2990 surcularem,
894 2923 1202 2978 saltationis
1235 2933 1325 2978 aut
1353 2923 1670 2978 temulentia
1691 2931 1882 2976 auctor
1904 2931 2009 2987 est,
2035 2929 2128 2975 aut

522 3016 793 3083 amentia;
825 3015 953 3086 quid
983 3015 1290 3072 divinarum
1329 3013 1732 3085 Scripturarutn
1772 3025 1990 3068 cautum
2029 3028 2125 3082 pu-

2229 1803 2344 1878 suis
2366 1803 2614 1874 judicant
2644 1807 3027 1882 potestatibus,
3060 1817 3118 1863 ut
3172 1823 3271 1880 pro
3319 1808 3613 1864 saltatione
3658 1811 3836 1866 etiam

2237 1909 2403 1965 regna
2442 1895 2734 1951 donentur.
2787 1896 2979 1954 Puella
3017 1907 3194 1954 autem
3243 1898 3520 1954 admonita
3577 1915 3608 1954 a
3655 1909 3838 1957 matre

2230 2002 2324 2042 sua
2353 2028 2369 2057 ,
2417 1991 2668 2060 poposcit
2718 1989 2902 2047 afferri
2953 1991 3057 2048 sibi
3085 1992 3136 2046 in
3179 1991 3330 2047 disco
3370 2003 3533 2061 caput
3575 1992 3832 2050 Joannis.

2233 2090 2255 2118 ε
2281 2081 2435 2149 Quod
2464 2083 2594 2138 dicit
2617 2100 2632 2138 :
2658 2083 2770 2139 Rex
2795 2087 3126 2144 contristatus
3151 2095 3223 2141 est
3243 2084 3442 2156 (Ibid.,
3470 2087 3543 2141 25
3571 2097 3621 2144 et
3651 2087 3792 2160 seq.)
3819 2105 3834 2154 ;

2230 2190 2335 2229 non
2365 2175 2682 2244 pmoitentia
2709 2176 2873 2248 regis,
2921 2176 3016 2232 sed
3064 2175 3341 2233 confessio
3369 2177 3673 2247 iniquitatis
3700 2187 3830 2234 est:

2231 2280 2393 2336 quam
2438 2265 2636 2321 divina:
2678 2266 2840 2323 habet
2887 2269 3226 2324 consuetudo
3276 2269 3583 2336 sententiae,
3632 2280 3694 2326 ut
3741 2271 3835 2340 qui

2230 2368 2518 2429 gesserunt
2548 2361 2732 2429 impia,
2763 2361 2863 2436 ipsi
2899 2361 3116 2432 propria
3162 2363 3506 2418 confessione
3550 2379 3613 2419 se
3670 2364 3836 2419 dam-

2233 2460 2380 2506 nent.
2403 2450 2510 2507 Sed
2534 2463 2739 2523 propter
2756 2453 3149 2519 discumbentes,
3175 2456 3367 2528 inquit.
3387 2455 3527 2524 Quid
3555 2456 3838 2526 indignius

2230 2558 2390 2613 quam
2423 2553 2482 2597 ut
2510 2544 2860 2599 homicidium
2908 2545 3025 2600 ﬁeri
3077 2533 3318 2616 juberet,
3363 2563 3430 2602 ne
3479 2547 3838 2604 discumben-

2231 2636 2374 2710 tibus
2404 2637 2718 2708 displiceret
2743 2639 2766 2692 ?
2791 2637 2860 2692 Et
2891 2647 3098 2712 prapter
3128 2642 3244 2713 jus,
3292 2643 3484 2713 inquit,
3508 2645 3833 2714 jarandum.

2231 2727 2275 2783 0
2345 2729 2663 2800 religionem
2739 2732 2981 2787 novam!
3059 2732 3421 2790 Tolerabilius
3500 2735 3836 2807 pejerasset.

2229 2819 2383 2876 Unde
2409 2837 2516 2876 non
2549 2823 2820 2880 immerito
2846 2825 3106 2882 Dominus
3135 2827 3187 2881 in
3213 2827 3507 2898 Evangelio
3528 2827 3688 2898 jubet
3716 2845 3832 2886 non

2227 2928 2348 2969 esse
2375 2915 2691 2984 jurandum,
2718 2933 2784 2972 ne
2800 2917 2872 2972 sit
2893 2933 3055 2986 causa
3081 2919 3326 2991 perjurii;
3349 2935 3414 2976 ne
3431 2921 3501 2975 sit
3525 2922 3835 2978 necessitas

2227 3002 2601 3075 delinquendi.
2632 3007 2816 3078 Itaque
2847 3025 2915 3064 ne
2935 3007 3318 3080 jusjurandum
3345 3011 3671 3077 violaretur,
3705 3028 3835 3082 per-

524 3120 702 3164 tatnus
751 3108 1022 3179 exemplis
1069 3124 1192 3164 cum
1233 3107 1474 3164 Joannes
1521 3107 1858 3178 prmnuntius
1893 3105 2119 3173 Christi,
2151 3094 2197 3158 C
2228 3099 2431 3153 Culilur
2460 3099 2721 3156 innocens
2765 3101 2996 3174 (Matth.
3042 3119 3095 3172 v,
3126 3105 3259 3177 5i).
3307 3105 3444 3174 Quid
3489 3107 3641 3176 prius
3691 3106 3830 3164 [λοι-ο

519 3203 812 3260 saltatricis
859 3203 1080 3274 optione
1123 3203 1430 3273 jugulatus,
1479 3201 1732 3271 exemplo
1757 3204 1824 3256 sit
1872 3199 1993 3270 plus
2025 3213 2123 3254 no-

519 3297 698 3354 cuisse
728 3297 1032 3354 saltationis
1064 3296 1378 3352 illecebram
1401 3337 1416 3362 ,
1447 3311 1610 3366 quam
1643 3293 1898 3366 sacrilegi
1925 3293 2121 3349 furoris

519 3388 813 3450 amentiam
833 3388 856 3442 i

987 3481 1140 3552 131
1182 3477 1410 3534 CAPUT
1453 3477 1540 3534 v1.

523 3591 787 3648 .ilcutione
831 3593 995 3647 sancti
1032 3591 1381 3647 Praecursoris
1427 3590 1694 3656 inductus,
1747 3591 1923 3644 omnia
1961 3588 2118 3644 caedis

587 3687 698 3758 ejus
728 3685 974 3756 adjuncta
1022 3700 1176 3757 quam
1204 3683 1614 3754 eloquentissime
1637 3680 1883 3737 describit
1911 3691 1959 3736 et
2001 3697 2114 3734 am-

586 3781 806 3852 pliﬁcat,
837 3789 892 3836 ut
938 3797 970 3835 a
1008 3780 1283 3835 saltatione
1323 3777 1702 3850 impiorumque
1747 3777 1992 3832 conviviis
2024 3774 2116 3829 dc-

594 3881 802 3928 terreat.

583 4007 677 4063 26.
719 4007 786 4064 Et
822 4009 1080 4080 quoniam
1136 4009 1257 4064 talis
1314 4007 1417 4064 viri
1466 4024 1572 4063 non
1609 4009 1842 4064 strictim
1879 4015 2105 4078 prmter-

517 4100 694 4157 eunda
728 4109 812 4155 est
839 4103 1170 4169 recordatio,
1217 4103 1444 4156 interest
1475 4112 1530 4156 ut
1557 4103 1702 4171 quis,
1735 4113 1789 4156 et
1831 4118 1859 4154 a
1888 4102 2108 4172 quibus,

514 4204 570 4250 et
599 4209 758 4264 quam
791 4194 862 4246 ob
889 4209 1133 4260 causam,
1167 4193 1462 4264 quomodo,
1497 4202 1554 4248 et
1592 4208 1698 4262 quo
1750 4203 1994 4263 tempore
2041 4194 2112 4248 sit

514 4288 749 4352 occisus,
798 4286 1085 4341 advertere
1128 4287 1448 4342 debeamus.
1506 4286 1588 4340 Ab
1638 4287 1897 4341 adulteris
1932 4287 2110 4356 justus

513 4377 800 4446 occiditur,
826 4387 882 4433 et
909 4393 938 4432 a
966 4378 1076 4433 reis
1094 4377 1144 4432 in
1167 4377 1404 4448 judicent
1428 4376 1676 4447 capitalis
1698 4379 1922 4433 sceleris
1949 4395 2107 4449 pmna

510 4476 867 4528 convertitur.
925 4471 1128 4526 Heinde
1174 4472 1458 4540 premium
1506 4470 1802 4528 saltatricis
1832 4487 1982 4528 mors
2026 4483 2108 4527 est
2135 4485 2188 4560 ι)

512 4566 809 4638 pr0phctae.
862 4565 1146 4620 Postremo
1201 4563 1388 4635 (quod
1438 4563 1602 4620 etiam
1656 4580 1846 4622 omnes
1891 4566 2107 4621 barbari

511 4658 737 4712 horrere
764 4665 1171 4712 consueverunt
1197 4655 1214 4724 )
1245 4656 1388 4710 inter
1416 4655 1610 4728 epulas
1649 4665 1814 4729 atque
1857 4657 2104 4714 convivia

507 4748 952 4806 consummandze
987 4747 1330 4803 crudelitatis
1357 4749 1629 4819 profertur
1674 4751 1912 4806 edictum
1946 4770 1959 4804 :
1993 4762 2048 4808 et
2074 4767 2105 4808 a

509 4844 757 4899 coiivivio
787 4841 854 4898 ad
881 4855 1180 4909 carcerem,
1207 4841 1274 4897 de
1302 4857 1523 4899 carcere
1569 4844 1635 4902 ad
1683 4847 1987 4904 convivium
2021 4849 2102 4904 fe-

508 4937 638 4993 ralis
671 4934 856 5007 ﬂagitii
897 4934 1278 4992 circumfertur
1310 4937 1880 5008 obsequium.Quanta
1907 4941 1962 4998 in
1997 4957 2104 5001 uno

507 5028 747 5085 facinore
795 5036 923 5084 sunt
951 5026 1179 5083 crimina
1207 5029 1220 5083 !

577 5159 601 5187 ο
643 5151 771 5208 Mss.
805 5153 1133 5219 complures,
1165 5156 1413 5209 convertit
1441 5154 1791 5220 incommoda,
1819 5164 1926 5212 etc.

577 5220 602 5259 ¹>
642 5224 954 5280 Citatricem
1000 5234 1159 5282 vocat
1200 5226 1533 5280 difficultatis
1583 5227 1890 5293 residuum,
1942 5227 2101 5284 ducta

508 5297 875 5374 tltelupltoratt
907 5297 1254 5363 vulneribus,
1287 5296 1484 5366 quibus
1511 5298 1715 5352 sanatis
1750 5311 1940 5354 eorum
1971 5308 2099 5354 nota

505 5368 558 5416 in
589 5380 749 5438 carne
775 5368 953 5423 adhuc
978 5377 1314 5438 perseverat.

582 5445 603 5473 ο
643 5434 1255 5510 Ciceronem-designat
1305 5437 1447 5506 apud
1491 5453 1651 5508 quem
1701 5439 1896 5502 eadem
1948 5454 2106 5510 repea-

504 5504 716 5578 riuntur
744 5509 895 5563 Orat.
929 5523 1023 5578 pro
1052 5509 1112 5562 L.
1133 5504 1402 5565 Murten'a.

574 5577 600 5612 ἀ
639 5578 797 5634 Βηω.
831 5577 986 5645 edit.,
1017 5581 1348 5636 antattdaada
1385 5581 1591 5636 secretis
1618 5596 1636 5634 :
1662 5579 1783 5634 alite
1812 5595 1878 5637 ac
1929 5597 2090 5648 mss.,

506 5649 744 5715 mandata
815 5651 1051 5715 secretis,
1109 5650 1218 5708 duo
1267 5665 1398 5706 mss.
1449 5651 1804 5706 commendata
1860 5653 2089 5709 secretis.

502 5713 645 5768 Infra
695 5732 822 5771 vero
851 5719 940 5774 ubi
985 5713 1141 5789 edit.,
1170 5722 1281 5789 ﬁlia
1313 5721 1377 5775 de
1413 5722 1646 5777 adultera
1680 5723 1877 5777 discere
1906 5736 2086 5790 matre,

2227 3204 2434 3244 rcscam
2466 3193 2667 3248 nescio.
2749 3193 3137 3251 Tolerabiliora
3204 3197 3460 3268 perjuria,
3515 3214 3679 3270 quam
3732 3216 3826 3256 sa-

2223 3292 2501 3339 crementa
2530 3295 2658 3340 sunt
2698 3297 3068 3357 tyrannorum.

2301 3377 2459 3448 182
2501 3377 2593 3433 29.
2625 3377 2758 3446 Quis
2789 3396 2898 3436 non
2924 3395 3046 3436 cum
3077 3397 3107 3438 e
3145 3384 3398 3440 convivio
3440 3385 3506 3440 ad
3535 3401 3826 3446 carcerem

2222 3480 2445 3522 cursare
2475 3468 2699 3536 videret,
2729 3480 2942 3542 putaret
2966 3473 3287 3544 prophetam
3312 3476 3524 3546 jussum
3570 3494 3692 3538 esse
3742 3481 3831 3536 di-

2224 3558 2592 3628 mitti?Quis,
2641 3561 2881 3632 inquam,
2935 3579 3058 3619 cum
3109 3566 3354 3622 audisset
3412 3572 3646 3626 natalem
3694 3587 3827 3630 esse

2225 3649 2479 3716 llerodis,
2510 3652 2757 3709 solemne
2781 3655 3113 3721 convivium,
3159 3659 3352 3727 puella:
3398 3661 3675 3730 cptioneut
3727 3664 3831 3721 cli-

2218 3741 2380 3811 gendi
2412 3743 2558 3812 quod
2602 3745 2766 3801 vellet
2791 3747 3006 3814 datam,
3035 3749 3262 3804 missum
3299 3749 3317 3788 ί
3362 3751 3426 3807 ad
3472 3751 3698 3809 Joannis
3727 3757 3831 3812 ab—

2219 3835 2549 3892 solutionem
2601 3854 2708 3892 non
2752 3839 3152 3897 arbitraretur?
3178 3841 3317 3910 Quid
3339 3844 3650 3900 crudelitati
3693 3862 3827 3910 cum

2220 3927 2478 3984 deliciis?
2509 3930 2639 4002 quid
2683 3946 2806 3988 cum
2831 3933 3114 3991 funeribus
3140 3937 3452 4008 voluptati?
3489 3937 3724 4012 Rapitur
3756 3943 3826 3997 ad

2218 4037 2436 4092 poenam
2488 4025 2752 4096 propheta
2799 4036 2825 4075 8
2875 4029 3141 4085 convivali
3202 4041 3478 4102 tempore,
3545 4035 3823 4090 convivali

2219 4127 2513 4189 przccepto,
2543 4135 2650 4189 quo
2679 4135 2786 4176 non
2820 4134 3044 4193 cuperet
3072 4125 3156 4179 vel
3188 4125 3396 4180 absolvi
3453 4145 3467 4180 :
3527 4128 3822 4197 perimitur

2217 4209 2415 4280 gladio,
2459 4219 2620 4280 caput
2650 4211 2768 4282 ejus
2809 4212 3036 4269 affertur
3067 4215 3118 4268 in
3169 4214 3322 4270 disco
3357 4215 3572 4288 (Marc.
3617 4235 3707 4285 vt,
3746 4224 3819 4278 27

2216 4309 2262 4354 et
2289 4317 2397 4370 seq.
2431 4300 2470 4372 ).
2508 4301 2620 4356 lloc
2669 4303 2981 4360 crudelitati
3034 4305 3296 4362 ferculum
3344 4308 3670 4378 debebatur,
3704 4330 3819 4386 quo

2219 4392 2464 4446 insatiata
2495 4393 2670 4463 epulis
2697 4393 2884 4451 feritas
2912 4408 3242 4454 vesceretur.

2287 4485 2377 4540 50.
2431 4486 2669 4554 intuere,
2720 4505 2814 4544 rex
2886 4492 3259 4560 acerbissime,
3335 4503 3428 4549 tuo
3497 4501 3816 4568 spectacula

2214 4577 2372 4648 digna
2397 4582 2664 4636 convivio.
2699 4583 2920 4655 Porrige
2973 4586 3284 4653 dexteram,
3317 4604 3386 4644 ne
3412 4589 3538 4658 quid
3586 4592 3818 4649 saevitia:

2212 4679 2321 4734 tua:
2359 4673 2538 4741 desit;
2571 4688 2627 4734 ut
2654 4677 2798 4732 inter
2827 4677 3025 4750 digitos
3053 4690 3174 4738 tuos
3225 4683 3325 4738 rivi
3357 4683 3601 4741 deﬂuant
3626 4690 3809 4746 sancti

2211 4767 2444 4822 cruoris.
2496 4767 2562 4822 Et
2593 4771 2851 4838 quoniam
2886 4787 2992 4827 non
3037 4775 3346 4830 exsaturari
3392 4777 3570 4846 epulis
3611 4779 3813 4848 fames,

2213 4870 2320 4911 non
2349 4859 2614 4930 restingui
2641 4863 2850 4931 poculis
2882 4865 3055 4933 potuit
3083 4866 3339 4922 inauditae
3378 4869 3602 4926 saevitia
3645 4870 3810 4940 sitis;

2209 4947 2337 5004 bibe
2374 4953 2694 5022 sanguinem
2736 4957 3161 5014 scaturientibus
3182 4958 3361 5016 adhuc
3404 4962 3556 5016 venis
3597 4966 3817 5021 exsccti

2209 5041 2398 5112 capitis
2450 5044 2834 5113 proﬂuentem.
2894 5049 3073 5106 Cerne
3121 5053 3316 5110 oculos
3369 5054 3421 5130 in
3475 5057 3588 5126 ipsa
3629 5067 3816 5130 morte

2203 5176 2366 5218 voces
2409 5163 2543 5234 ﬁlia,
2573 5173 2628 5221 et
2657 5175 2840 5228 matre.
2885 5169 2939 5222 in
2994 5184 3127 5225 mss.
3177 5172 3426 5227 omnibus
3456 5173 3676 5230 desunt.

2280 5244 2303 5270 ε
2344 5234 2574 5301 Quidam
2626 5252 2762 5292 mss.
2797 5237 2912 5304 Quo
2957 5241 3114 5301 dicto.
3147 5258 3240 5296 rex
3268 5246 3602 5300 contristatus
3629 5256 3724 5302 est.

2283 5305 2300 5341 τ
2350 5307 2552 5362 Unmes
2599 5307 2758 5374 edit.,
2787 5310 2856 5362 ad
2880 5307 3135 5365 Joannem
3176 5312 3236 5365 ob
3279 5316 3583 5370 solutionem
3614 5334 3634 5371 :
3666 5335 3805 5376 mss.

2205 5384 2384 5456 autem
2421 5379 2634 5456 partim,
2683 5381 2752 5456 ad
2785 5379 3076 5456 ‘Joannent‘
3115 5383 3531 5456 absolutionem;
3579 5390 3802 5456 partim,

2205 5444 2532 5534 adgloannis
2559 5450 2973 5534 absolutionem.
3029 5453 3195 5523 Magis
3244 5444 3524 5534 congrue;
3563 5444 3667 5515 nisi
3702 5444 3806 5534 prd

2207 5517 2441 5594 missum,
2475 5519 2615 5594 quod
2645 5522 2943 5592 antecedit,
2993 5517 3224 5594 reponas
3251 5517 3620 5594 niissam,'etc.

2278 5585 2868 5666 ﬁ_Conuivali_tempore,
2899 5585 2951 5650 in
2973 5585 3187 5652 cunctis
3214 5597 3344 5652 edit.
3382 5585 3629 5666 habetur,
3661 5617 3800 5658 con-

2205 5667 2282 5714 tra
2313 5659 2365 5714 in
2413 5674 2544 5716 mss.
2582 5659 2982 5730 desiderantur.
