  <div class='ocr_page' id='page_1' title='image "/cluster/home/n/w/nwhite01/storage/ocr_20150623/16/uva.x000826550/123.png"; bbox 0 0 3974 6186; ppageno 0'>
   <div class='ocr_carea' id='block_1_1' title="bbox 534 236 637 295">
    <p class='ocr_par' dir='ltr' id='par_1_1' title="bbox 534 236 637 295">
     <span class='ocr_line' id='line_1_1' title="bbox 534 236 637 295; baseline 0.029 -3"><span class='ocrx_word' id='word_1_1' title='bbox 534 236 637 295; x_wconf 74' lang='lat'><strong>251</strong></span> 
     </span>
    </p>
   </div>
   <div class='ocr_carea' id='block_1_2' title="bbox 1871 231 2480 291">
    <p class='ocr_par' dir='ltr' id='par_1_2' title="bbox 1871 231 2480 291">
     <span class='ocr_line' id='line_1_2' title="bbox 1871 231 2480 291; baseline -0.002 -1"><span class='ocrx_word' id='word_1_2' title='bbox 1871 232 2117 291; x_wconf 81' lang='lat' dir='ltr'><strong>SANCTI</strong></span> <span class='ocrx_word' id='word_1_3' title='bbox 2157 231 2480 291; x_wconf 80' lang='lat' dir='ltr'><strong>AMBROSII</strong></span> 
     </span>
    </p>
   </div>
   <div class='ocr_carea' id='block_1_3' title="bbox 3727 234 3838 292">
    <p class='ocr_par' dir='ltr' id='par_1_3' title="bbox 3727 234 3838 292">
     <span class='ocr_line' id='line_1_3' title="bbox 3727 234 3838 292; baseline 0 -2"><span class='ocrx_word' id='word_1_4' title='bbox 3727 234 3838 292; x_wconf 71' lang='lat'><strong>232</strong></span> 
     </span>
    </p>
   </div>
   <div class='ocr_carea' id='block_1_4' title="bbox 533 343 3832 416">
    <p class='ocr_par' dir='ltr' id='par_1_4' title="bbox 533 343 3832 416">
     <span class='ocr_line' id='line_1_4' title="bbox 533 343 3832 416; baseline -0.002 -9"><span class='ocrx_word' id='word_1_5' title='bbox 533 364 771 416; x_wconf 87' lang='lat' dir='ltr'><strong>cessum,</strong></span> <span class='ocrx_word' id='word_1_6' title='bbox 799 348 942 404; x_wconf 90' lang='lat' dir='ltr'><strong>nulla</strong></span> <span class='ocrx_word' id='word_1_7' title='bbox 974 347 1200 402; x_wconf 86' lang='lat' dir='ltr'><strong>tentavit</strong></span> <span class='ocrx_word' id='word_1_8' title='bbox 1249 343 1341 402; x_wconf 91' lang='lat' dir='ltr'><strong>ubi</strong></span> <span class='ocrx_word' id='word_1_9' title='bbox 1395 358 1640 416; x_wconf 75' lang='lat' dir='ltr'><strong>gressum</strong></span> <span class='ocrx_word' id='word_1_10' title='bbox 1675 343 1865 416; x_wconf 98' lang='lat' dir='ltr'><strong>ﬁgeret</strong></span> <span class='ocrx_word' id='word_1_11' title='bbox 1907 363 1918 398; x_wconf 90' lang='lat'><strong>:</strong></span> <span class='ocrx_word' id='word_1_12' title='bbox 1955 346 2131 400; x_wconf 79' lang='lat' dir='ltr'><strong>anxiae</strong></span> <span class='ocrx_word' id='word_1_13' title='bbox 2162 351 2209 411; x_wconf 79' lang='grc' dir='ltr'>Α</span> <span class='ocrx_word' id='word_1_14' title='bbox 2237 343 2516 400; x_wconf 87' lang='lat' dir='ltr'><strong>successio</strong></span> <span class='ocrx_word' id='word_1_15' title='bbox 2570 344 2814 414; x_wconf 86' lang='lat' dir='ltr'><strong>parentis</strong></span> <span class='ocrx_word' id='word_1_16' title='bbox 2880 343 3154 402; x_wconf 81' lang='lat' dir='ltr'><strong>inlusione</strong></span> <span class='ocrx_word' id='word_1_17' title='bbox 3213 344 3470 416; x_wconf 80' lang='lat' dir='ltr'><strong>martyris</strong></span> <span class='ocrx_word' id='word_1_18' title='bbox 3539 344 3832 402; x_wconf 74' lang='lat' dir='ltr'><strong>erudivit?</strong></span> 
     </span>
    </p>
   </div>
   <div class='ocr_carea' id='block_1_5' title="bbox 535 436 2132 507">
    <p class='ocr_par' dir='ltr' id='par_1_5' title="bbox 535 436 2132 507">
     <span class='ocr_line' id='line_1_5' title="bbox 535 436 2132 507; baseline -0.004 -10"><span class='ocrx_word' id='word_1_19' title='bbox 535 458 659 499; x_wconf 91' lang='lat' dir='ltr'><strong>cum</strong></span> <span class='ocrx_word' id='word_1_20' title='bbox 691 454 833 497; x_wconf 87' lang='lat' dir='ltr'><strong>terra</strong></span> <span class='ocrx_word' id='word_1_21' title='bbox 876 445 1212 504; x_wconf 89' lang='lat' dir='ltr'><strong>occurreret,</strong></span> <span class='ocrx_word' id='word_1_22' title='bbox 1241 436 1466 493; x_wconf 68' lang='lat' dir='ltr'><strong>cliensze</strong></span> <span class='ocrx_word' id='word_1_23' title='bbox 1496 437 1654 503; x_wconf 88' lang='lat' dir='ltr'><strong>vado,</strong></span> <span class='ocrx_word' id='word_1_24' title='bbox 1683 438 1820 492; x_wconf 80' lang='lat' dir='ltr'><strong>laetae</strong></span> <span class='ocrx_word' id='word_1_25' title='bbox 1845 437 2132 507; x_wconf 79' lang='lat' dir='ltr'><strong>profundo.</strong></span> 
     </span>
    </p>
   </div>
   <div class='ocr_carea' id='block_1_6' title="bbox 540 529 2137 603">
    <p class='ocr_par' dir='ltr' id='par_1_6' title="bbox 540 529 2137 603">
     <span class='ocr_line' id='line_1_6' title="bbox 540 529 2137 603; baseline -0.003 -13"><span class='ocrx_word' id='word_1_26' title='bbox 540 534 770 591; x_wconf 79' lang='lat' dir='ltr'><strong>Videres</strong></span> <span class='ocrx_word' id='word_1_27' title='bbox 825 533 968 603; x_wconf 86' lang='lat' dir='ltr'><strong>piam</strong></span> <span class='ocrx_word' id='word_1_28' title='bbox 1027 541 1256 587; x_wconf 89' lang='lat' dir='ltr'><strong>matrem</strong></span> <span class='ocrx_word' id='word_1_29' title='bbox 1312 531 1673 600; x_wconf 77' lang='lat' dir='ltr'><strong>stringentem</strong></span> <span class='ocrx_word' id='word_1_30' title='bbox 1729 529 1871 584; x_wconf 91' lang='lat' dir='ltr'><strong>nodo</strong></span> <span class='ocrx_word' id='word_1_31' title='bbox 1920 545 2137 597; x_wconf 88' lang='lat' dir='ltr'><strong>manus,</strong></span> 
     </span>
    </p>
   </div>
   <div class='ocr_carea' id='block_1_7' title="bbox 537 622 2134 699">
    <p class='ocr_par' dir='ltr' id='par_1_7' title="bbox 537 622 2134 699">
     <span class='ocr_line' id='line_1_7' title="bbox 537 622 2134 699; baseline -0.003 -17"><span class='ocrx_word' id='word_1_32' title='bbox 537 627 776 699; x_wconf 87' lang='lat' dir='ltr'><strong>gaudere</strong></span> <span class='ocrx_word' id='word_1_33' title='bbox 798 625 868 681; x_wconf 90' lang='lat' dir='ltr'><strong>de</strong></span> <span class='ocrx_word' id='word_1_34' title='bbox 897 625 1148 696; x_wconf 90' lang='lat' dir='ltr'><strong>pignore,</strong></span> <span class='ocrx_word' id='word_1_35' title='bbox 1174 625 1371 680; x_wconf 90' lang='lat' dir='ltr'><strong>timere</strong></span> <span class='ocrx_word' id='word_1_36' title='bbox 1393 625 1460 680; x_wconf 89' lang='lat' dir='ltr'><strong>de</strong></span> <span class='ocrx_word' id='word_1_37' title='bbox 1478 639 1630 690; x_wconf 90' lang='lat' dir='ltr'><strong>casu,</strong></span> <span class='ocrx_word' id='word_1_38' title='bbox 1657 639 1725 679; x_wconf 90' lang='lat' dir='ltr'><strong>ne</strong></span> <span class='ocrx_word' id='word_1_39' title='bbox 1754 623 1856 678; x_wconf 90' lang='lat' dir='ltr'><strong>sibi</strong></span> <span class='ocrx_word' id='word_1_40' title='bbox 1883 622 2024 678; x_wconf 92' lang='lat' dir='ltr'><strong>ﬁlias</strong></span> <span class='ocrx_word' id='word_1_41' title='bbox 2050 623 2134 679; x_wconf 91' lang='lat' dir='ltr'><strong>vel</strong></span> 
     </span>
    </p>
   </div>
   <div class='ocr_carea' id='block_1_8' title="bbox 552 713 2134 787">
    <p class='ocr_par' dir='ltr' id='par_1_8' title="bbox 552 713 2134 787">
     <span class='ocr_line' id='line_1_8' title="bbox 552 713 2134 787; baseline -0.003 -13"><span class='ocrx_word' id='word_1_42' title='bbox 552 719 748 774; x_wconf 82' lang='lat' dir='ltr'><strong>ﬂuctus</strong></span> <span class='ocrx_word' id='word_1_43' title='bbox 778 716 1038 773; x_wconf 79' lang='lat' dir='ltr'><strong>auferret.</strong></span> <span class='ocrx_word' id='word_1_44' title='bbox 1072 715 1180 771; x_wconf 84' lang='lat' dir='ltr'><strong>Has</strong></span> <span class='ocrx_word' id='word_1_45' title='bbox 1203 716 1298 772; x_wconf 86' lang='lat' dir='ltr'><strong>tibi</strong></span> <span class='ocrx_word' id='word_1_46' title='bbox 1325 759 1338 780; x_wconf 86' lang='lat'><strong>,</strong></span> <span class='ocrx_word' id='word_1_47' title='bbox 1367 717 1574 787; x_wconf 91' lang='lat' dir='ltr'><strong>inquit,</strong></span> <span class='ocrx_word' id='word_1_48' title='bbox 1600 715 1808 770; x_wconf 88' lang='lat' dir='ltr'><strong>hostias</strong></span> <span class='ocrx_word' id='word_1_49' title='bbox 1837 756 1851 780; x_wconf 91' lang='lat'><strong>,</strong></span> <span class='ocrx_word' id='word_1_50' title='bbox 1881 713 2094 770; x_wconf 87' lang='lat' dir='ltr'><strong>Christe</strong></span> <span class='ocrx_word' id='word_1_51' title='bbox 2119 755 2134 782; x_wconf 89' lang='lat'><strong>,</strong></span> 
     </span>
    </p>
   </div>
   <div class='ocr_carea' id='block_1_9' title="bbox 554 808 2142 888">
    <p class='ocr_par' dir='ltr' id='par_1_9' title="bbox 554 808 2142 888">
     <span class='ocr_line' id='line_1_9' title="bbox 554 808 2142 888; baseline -0.002 -23"><span class='ocrx_word' id='word_1_52' title='bbox 554 821 579 848; x_wconf 78' lang='grc' dir='ltr'><strong>ει</strong></span> <span class='ocrx_word' id='word_1_53' title='bbox 609 809 833 866; x_wconf 90' lang='lat' dir='ltr'><strong>immolo</strong></span> <span class='ocrx_word' id='word_1_54' title='bbox 858 809 1122 881; x_wconf 69' lang='lat' dir='ltr'><strong>praesules</strong></span> <span class='ocrx_word' id='word_1_55' title='bbox 1151 809 1440 876; x_wconf 82' lang='lat' dir='ltr'><strong>castitatis,</strong></span> <span class='ocrx_word' id='word_1_56' title='bbox 1469 808 1637 864; x_wconf 89' lang='lat' dir='ltr'><strong>duces</strong></span> <span class='ocrx_word' id='word_1_57' title='bbox 1658 808 2142 888; x_wconf 84' lang='lat' dir='ltr'><strong>itineris,_eomites</strong></span> 
     </span>
    </p>
   </div>
   <div class='ocr_carea' id='block_1_10' title="bbox 541 905 837 978">
    <p class='ocr_par' dir='ltr' id='par_1_10' title="bbox 541 905 837 978">
     <span class='ocr_line' id='line_1_10' title="bbox 541 905 837 978; baseline -0.007 -18"><span class='ocrx_word' id='word_1_58' title='bbox 541 905 837 978; x_wconf 86' lang='lat' dir='ltr'><strong>passionis.</strong></span> 
     </span>
    </p>
   </div>
   <div class='ocr_carea' id='block_1_11' title="bbox 611 995 2131 1068">
    <p class='ocr_par' dir='ltr' id='par_1_11' title="bbox 611 995 2131 1068">
     <span class='ocr_line' id='line_1_11' title="bbox 611 995 2131 1068; baseline -0.002 -14"><span class='ocrx_word' id='word_1_59' title='bbox 611 999 702 1055; x_wconf 84' lang='lat'><strong>56.</strong></span> <span class='ocrx_word' id='word_1_60' title='bbox 731 997 837 1054; x_wconf 90' lang='lat' dir='ltr'><strong>Sed</strong></span> <span class='ocrx_word' id='word_1_61' title='bbox 865 997 988 1068; x_wconf 90' lang='lat' dir='ltr'><strong>quis</strong></span> <span class='ocrx_word' id='word_1_62' title='bbox 1002 997 1128 1068; x_wconf 88' lang='lat' dir='ltr'><strong>jure</strong></span> <span class='ocrx_word' id='word_1_63' title='bbox 1151 997 1379 1055; x_wconf 87' lang='lat' dir='ltr'><strong>miretur</strong></span> <span class='ocrx_word' id='word_1_64' title='bbox 1403 1006 1606 1054; x_wconf 88' lang='lat' dir='ltr'><strong>tantam</strong></span> <span class='ocrx_word' id='word_1_65' title='bbox 1629 997 1936 1054; x_wconf 82' lang='lat' dir='ltr'><strong>viventibus</strong></span> <span class='ocrx_word' id='word_1_66' title='bbox 1961 995 2131 1052; x_wconf 79' lang='lat' dir='ltr'><strong>fuisse</strong></span> 
     </span>
    </p>
   </div>
   <div class='ocr_carea' id='block_1_12' title="bbox 541 1088 2141 1156">
    <p class='ocr_par' dir='ltr' id='par_1_12' title="bbox 541 1088 2141 1156">
     <span class='ocr_line' id='line_1_12' title="bbox 541 1088 2141 1156; baseline 0 -10"><span class='ocrx_word' id='word_1_67' title='bbox 541 1088 928 1156; x_wconf 90' lang='lat' dir='ltr'><strong>constantiam,</strong></span> <span class='ocrx_word' id='word_1_68' title='bbox 962 1103 1085 1145; x_wconf 85' lang='lat' dir='ltr'><strong>cum</strong></span> <span class='ocrx_word' id='word_1_69' title='bbox 1135 1089 1301 1146; x_wconf 90' lang='lat' dir='ltr'><strong>etiam</strong></span> <span class='ocrx_word' id='word_1_70' title='bbox 1332 1090 1601 1147; x_wconf 73' lang='lat' dir='ltr'><strong>defuncta:</strong></span> <span class='ocrx_word' id='word_1_71' title='bbox 1649 1089 1985 1146; x_wconf 90' lang='lat' dir='ltr'><strong>immobilem</strong></span> <span class='ocrx_word' id='word_1_72' title='bbox 2029 1098 2141 1146; x_wconf 90' lang='lat' dir='ltr'><strong>sta-</strong></span> 
     </span>
    </p>
   </div>
   <div class='ocr_carea' id='block_1_13' title="bbox 544 1182 2137 1253">
    <p class='ocr_par' dir='ltr' id='par_1_13' title="bbox 544 1182 2137 1253">
     <span class='ocr_line' id='line_1_13' title="bbox 544 1182 2137 1253; baseline 0 -15"><span class='ocrx_word' id='word_1_73' title='bbox 544 1183 750 1239; x_wconf 90' lang='lat' dir='ltr'><strong>tionem</strong></span> <span class='ocrx_word' id='word_1_74' title='bbox 778 1197 1069 1253; x_wconf 86' lang='lat' dir='ltr'><strong>corporum</strong></span> <span class='ocrx_word' id='word_1_75' title='bbox 1101 1182 1540 1241; x_wconf 87' lang='lat' dir='ltr'><strong>vindicaverint?</strong></span> <span class='ocrx_word' id='word_1_76' title='bbox 1569 1183 1688 1240; x_wconf 84' lang='lat' dir='ltr'><strong>Non</strong></span> <span class='ocrx_word' id='word_1_77' title='bbox 1729 1183 1965 1240; x_wconf 83' lang='lat' dir='ltr'><strong>cadaver</strong></span> <span class='ocrx_word' id='word_1_78' title='bbox 1994 1183 2137 1238; x_wconf 89' lang='lat' dir='ltr'><strong>unda</strong></span> 
     </span>
    </p>
   </div>
   <div class='ocr_carea' id='block_1_14' title="bbox 499 1273 2137 1347">
    <p class='ocr_par' dir='ltr' id='par_1_14' title="bbox 499 1273 2137 1347">
     <span class='ocr_line' id='line_1_14' title="bbox 499 1273 2137 1347; baseline 0 -17"><span class='ocrx_word' id='word_1_79' title='bbox 499 1283 504 1289; x_wconf 87' lang='lat'><strong>’</strong></span> <span class='ocrx_word' id='word_1_80' title='bbox 539 1275 790 1342; x_wconf 88' lang='lat' dir='ltr'><strong>nudavit,</strong></span> <span class='ocrx_word' id='word_1_81' title='bbox 817 1291 924 1332; x_wconf 91' lang='lat' dir='ltr'><strong>non</strong></span> <span class='ocrx_word' id='word_1_82' title='bbox 952 1273 1130 1347; x_wconf 83' lang='lat' dir='ltr'><strong>rapidi</strong></span> <span class='ocrx_word' id='word_1_83' title='bbox 1156 1291 1350 1332; x_wconf 81' lang='lat' dir='ltr'><strong>cursus</strong></span> <span class='ocrx_word' id='word_1_84' title='bbox 1375 1276 1617 1332; x_wconf 83' lang='lat' dir='ltr'><strong>ﬂuminis</strong></span> <span class='ocrx_word' id='word_1_85' title='bbox 1641 1276 1977 1331; x_wconf 90' lang='lat' dir='ltr'><strong>volutarunt.</strong></span> <span class='ocrx_word' id='word_1_86' title='bbox 1995 1275 2137 1344; x_wconf 85' lang='lat' dir='ltr'><strong>Quin</strong></span> 
     </span>
    </p>
   </div>
   <div class='ocr_carea' id='block_1_15' title="bbox 538 1367 2140 1438">
    <p class='ocr_par' dir='ltr' id='par_1_15' title="bbox 538 1367 2140 1438">
     <span class='ocr_line' id='line_1_15' title="bbox 538 1367 2140 1438; baseline -0.001 -15"><span class='ocrx_word' id='word_1_87' title='bbox 538 1368 700 1423; x_wconf 89' lang='lat' dir='ltr'><strong>etiam</strong></span> <span class='ocrx_word' id='word_1_88' title='bbox 755 1375 942 1423; x_wconf 88' lang='lat' dir='ltr'><strong>sancta</strong></span> <span class='ocrx_word' id='word_1_89' title='bbox 1009 1377 1186 1424; x_wconf 91' lang='lat' dir='ltr'><strong>mater</strong></span> <span class='ocrx_word' id='word_1_90' title='bbox 1237 1367 1370 1426; x_wconf 82' lang='lat' dir='ltr'><strong>licet.</strong></span> <span class='ocrx_word' id='word_1_91' title='bbox 1419 1384 1586 1424; x_wconf 86' lang='lat' dir='ltr'><strong>sensu</strong></span> <span class='ocrx_word' id='word_1_92' title='bbox 1638 1384 1858 1435; x_wconf 86' lang='lat' dir='ltr'><strong>carens,</strong></span> <span class='ocrx_word' id='word_1_93' title='bbox 1917 1368 2140 1438; x_wconf 89' lang='lat' dir='ltr'><strong>pietatis</strong></span> 
     </span>
    </p>
   </div>
   <div class='ocr_carea' id='block_1_16' title="bbox 537 1461 2138 1534">
    <p class='ocr_par' dir='ltr' id='par_1_16' title="bbox 537 1461 2138 1534">
     <span class='ocr_line' id='line_1_16' title="bbox 537 1461 2138 1534; baseline 0.001 -18"><span class='ocrx_word' id='word_1_94' title='bbox 537 1469 719 1516; x_wconf 89' lang='lat' dir='ltr'><strong>tamen</strong></span> <span class='ocrx_word' id='word_1_95' title='bbox 768 1461 946 1516; x_wconf 92' lang='lat' dir='ltr'><strong>adhuc</strong></span> <span class='ocrx_word' id='word_1_96' title='bbox 995 1461 1251 1517; x_wconf 88' lang='lat' dir='ltr'><strong>servabat</strong></span> <span class='ocrx_word' id='word_1_97' title='bbox 1288 1461 1601 1534; x_wconf 83' lang='lat' dir='ltr'><strong>amplexum</strong></span> <span class='ocrx_word' id='word_1_98' title='bbox 1655 1479 1668 1515; x_wconf 88' lang='lat'><strong>:</strong></span> <span class='ocrx_word' id='word_1_99' title='bbox 1727 1471 1782 1518; x_wconf 90' lang='lat' dir='ltr'><strong>et</strong></span> <span class='ocrx_word' id='word_1_100' title='bbox 1824 1461 2138 1532; x_wconf 91' lang='lat' dir='ltr'><strong>religiosum</strong></span> 
     </span>
    </p>
   </div>
   <div class='ocr_carea' id='block_1_17' title="bbox 537 1555 2140 1627">
    <p class='ocr_par' dir='ltr' id='par_1_17' title="bbox 537 1555 2140 1627">
     <span class='ocr_line' id='line_1_17' title="bbox 537 1555 2140 1627; baseline 0 -16"><span class='ocrx_word' id='word_1_101' title='bbox 537 1571 700 1627; x_wconf 90' lang='lat' dir='ltr'><strong>quem</strong></span> <span class='ocrx_word' id='word_1_102' title='bbox 728 1555 1050 1621; x_wconf 84' lang='lat' dir='ltr'><strong>strinxerat,</strong></span> <span class='ocrx_word' id='word_1_103' title='bbox 1094 1556 1297 1612; x_wconf 90' lang='lat' dir='ltr'><strong>nodum</strong></span> <span class='ocrx_word' id='word_1_104' title='bbox 1327 1572 1427 1614; x_wconf 82' lang='lat' dir='ltr'><strong>nec</strong></span> <span class='ocrx_word' id='word_1_105' title='bbox 1459 1557 1512 1611; x_wconf 91' lang='lat' dir='ltr'><strong>in</strong></span> <span class='ocrx_word' id='word_1_106' title='bbox 1565 1566 1742 1612; x_wconf 92' lang='lat' dir='ltr'><strong>morte</strong></span> <span class='ocrx_word' id='word_1_107' title='bbox 1793 1555 2044 1622; x_wconf 86' lang='lat' dir='ltr'><strong>laxabat;</strong></span> <span class='ocrx_word' id='word_1_108' title='bbox 2080 1564 2140 1611; x_wconf 90' lang='lat' dir='ltr'><strong>ut</strong></span> 
     </span>
    </p>
   </div>
   <div class='ocr_carea' id='block_1_18' title="bbox 543 1647 2138 1720">
    <p class='ocr_par' dir='ltr' id='par_1_18' title="bbox 543 1647 2138 1720">
     <span class='ocr_line' id='line_1_18' title="bbox 543 1647 2138 1720; baseline 0.001 -17"><span class='ocrx_word' id='word_1_109' title='bbox 543 1664 667 1720; x_wconf 75' lang='lat' dir='ltr'><strong>quae</strong></span> <span class='ocrx_word' id='word_1_110' title='bbox 715 1648 964 1718; x_wconf 82' lang='lat' dir='ltr'><strong>religioni</strong></span> <span class='ocrx_word' id='word_1_111' title='bbox 1025 1647 1264 1705; x_wconf 89' lang='lat' dir='ltr'><strong>debitum</strong></span> <span class='ocrx_word' id='word_1_112' title='bbox 1290 1650 1543 1718; x_wconf 88' lang='lat' dir='ltr'><strong>solverat,</strong></span> <span class='ocrx_word' id='word_1_113' title='bbox 1600 1649 1628 1688; x_wconf 68' lang='grc' dir='ltr'>δ</span> <span class='ocrx_word' id='word_1_114' title='bbox 1675 1651 1874 1720; x_wconf 89' lang='lat' dir='ltr'><strong>pietate</strong></span> <span class='ocrx_word' id='word_1_115' title='bbox 1918 1649 2138 1705; x_wconf 68' lang='lat' dir='ltr'><strong>hxrede</strong></span> 
     </span>
    </p>
   </div>
   <div class='ocr_carea' id='block_1_19' title="bbox 2243 437 3834 510">
    <p class='ocr_par' dir='ltr' id='par_1_19' title="bbox 2243 437 3834 510">
     <span class='ocr_line' id='line_1_19' title="bbox 2243 437 3834 510; baseline 0.003 -16"><span class='ocrx_word' id='word_1_116' title='bbox 2243 437 2394 494; x_wconf 88' lang='lat' dir='ltr'><strong>Unde</strong></span> <span class='ocrx_word' id='word_1_117' title='bbox 2418 438 2565 494; x_wconf 90' lang='lat' dir='ltr'><strong>enim</strong></span> <span class='ocrx_word' id='word_1_118' title='bbox 2615 438 2876 505; x_wconf 88' lang='lat' dir='ltr'><strong>didicisti,</strong></span> <span class='ocrx_word' id='word_1_119' title='bbox 2907 454 3028 510; x_wconf 66' lang='lat' dir='ltr'><strong>quas</strong></span> <span class='ocrx_word' id='word_1_120' title='bbox 3068 455 3175 496; x_wconf 91' lang='lat' dir='ltr'><strong>non</strong></span> <span class='ocrx_word' id='word_1_121' title='bbox 3233 439 3470 497; x_wconf 89' lang='lat' dir='ltr'><strong>habuisti</strong></span> <span class='ocrx_word' id='word_1_122' title='bbox 3509 441 3656 499; x_wconf 89' lang='lat' dir='ltr'><strong>unde</strong></span> <span class='ocrx_word' id='word_1_123' title='bbox 3711 443 3834 499; x_wconf 83' lang='lat' dir='ltr'><strong>dis-</strong></span> 
     </span>
    </p>
   </div>
   <div class='ocr_carea' id='block_1_20' title="bbox 2236 532 3841 605">
    <p class='ocr_par' dir='ltr' id='par_1_20' title="bbox 2236 532 3841 605">
     <span class='ocr_line' id='line_1_20' title="bbox 2236 532 3841 605; baseline 0.003 -18"><span class='ocrx_word' id='word_1_124' title='bbox 2236 547 2416 599; x_wconf 92' lang='lat' dir='ltr'><strong>ceres,</strong></span> <span class='ocrx_word' id='word_1_125' title='bbox 2463 532 2759 589; x_wconf 90' lang='lat' dir='ltr'><strong>constituta</strong></span> <span class='ocrx_word' id='word_1_126' title='bbox 2788 533 2841 589; x_wconf 93' lang='lat' dir='ltr'><strong>in</strong></span> <span class='ocrx_word' id='word_1_127' title='bbox 2867 547 3018 605; x_wconf 90' lang='lat' dir='ltr'><strong>agro,</strong></span> <span class='ocrx_word' id='word_1_128' title='bbox 3061 533 3210 588; x_wconf 89' lang='lat' dir='ltr'><strong>nulla</strong></span> <span class='ocrx_word' id='word_1_129' title='bbox 3240 534 3389 590; x_wconf 90' lang='lat' dir='ltr'><strong>socia</strong></span> <span class='ocrx_word' id='word_1_130' title='bbox 3414 533 3650 604; x_wconf 83' lang='lat' dir='ltr'><strong>virgine,</strong></span> <span class='ocrx_word' id='word_1_131' title='bbox 3683 536 3841 593; x_wconf 93' lang='lat' dir='ltr'><strong>nullo</strong></span> 
     </span>
    </p>
   </div>
   <div class='ocr_carea' id='block_1_21' title="bbox 2238 624 3838 698">
    <p class='ocr_par' dir='ltr' id='par_1_21' title="bbox 2238 624 3838 698">
     <span class='ocr_line' id='line_1_21' title="bbox 2238 624 3838 698; baseline 0.004 -18"><span class='ocrx_word' id='word_1_132' title='bbox 2238 624 2524 681; x_wconf 78' lang='lat' dir='ltr'><strong>informata</strong></span> <span class='ocrx_word' id='word_1_133' title='bbox 2547 625 2818 682; x_wconf 86' lang='lat' dir='ltr'><strong>doctore?</strong></span> <span class='ocrx_word' id='word_1_134' title='bbox 2847 624 2964 681; x_wconf 84' lang='lat' dir='ltr'><strong>Non</strong></span> <span class='ocrx_word' id='word_1_135' title='bbox 2991 641 3122 698; x_wconf 87' lang='lat' dir='ltr'><strong>ergo</strong></span> <span class='ocrx_word' id='word_1_136' title='bbox 3152 625 3500 697; x_wconf 87' lang='lat' dir='ltr'><strong>discipulam,</strong></span> <span class='ocrx_word' id='word_1_137' title='bbox 3530 627 3679 698; x_wconf 89' lang='lat' dir='ltr'><strong>quod</strong></span> <span class='ocrx_word' id='word_1_138' title='bbox 3715 628 3838 686; x_wconf 86' lang='lat' dir='ltr'><strong>ﬁeri</strong></span> 
     </span>
    </p>
   </div>
   <div class='ocr_carea' id='block_1_22' title="bbox 2235 717 3840 790">
    <p class='ocr_par' dir='ltr' id='par_1_22' title="bbox 2235 717 3840 790">
     <span class='ocr_line' id='line_1_22' title="bbox 2235 717 3840 790; baseline 0.004 -18"><span class='ocrx_word' id='word_1_139' title='bbox 2235 717 2355 773; x_wconf 89' lang='lat' dir='ltr'><strong>sine</strong></span> <span class='ocrx_word' id='word_1_140' title='bbox 2413 718 2728 790; x_wconf 91' lang='lat' dir='ltr'><strong>magisterio</strong></span> <span class='ocrx_word' id='word_1_141' title='bbox 2779 733 2888 775; x_wconf 91' lang='lat' dir='ltr'><strong>non</strong></span> <span class='ocrx_word' id='word_1_142' title='bbox 2916 726 3120 790; x_wconf 90' lang='lat' dir='ltr'><strong>potest,</strong></span> <span class='ocrx_word' id='word_1_143' title='bbox 3167 719 3265 776; x_wconf 90' lang='lat' dir='ltr'><strong>sed</strong></span> <span class='ocrx_word' id='word_1_144' title='bbox 3293 719 3567 776; x_wconf 66' lang='lat' dir='ltr'><strong>hxredem</strong></span> <span class='ocrx_word' id='word_1_145' title='bbox 3615 720 3840 778; x_wconf 87' lang='lat' dir='ltr'><strong>virtutis</strong></span> 
     </span>
    </p>
   </div>
   <div class='ocr_carea' id='block_1_23' title="bbox 2237 811 2417 882">
    <p class='ocr_par' dir='ltr' id='par_1_23' title="bbox 2237 811 2417 882">
     <span class='ocr_line' id='line_1_23' title="bbox 2237 811 2417 882; baseline -0.006 -16"><span class='ocrx_word' id='word_1_146' title='bbox 2237 811 2417 882; x_wconf 84' lang='lat' dir='ltr'><strong>egisti.</strong></span> 
     </span>
    </p>
   </div>
   <div class='ocr_carea' id='block_1_24' title="bbox 2313 903 3836 978">
    <p class='ocr_par' dir='ltr' id='par_1_24' title="bbox 2313 903 3836 978">
     <span class='ocr_line' id='line_1_24' title="bbox 2313 903 3836 978; baseline 0.006 -20"><span class='ocrx_word' id='word_1_147' title='bbox 2313 903 2404 958; x_wconf 82' lang='lat'><strong>58.</strong></span> <span class='ocrx_word' id='word_1_148' title='bbox 2435 903 2537 972; x_wconf 85' lang='lat' dir='ltr'><strong>Qui</strong></span> <span class='ocrx_word' id='word_1_149' title='bbox 2567 905 2711 960; x_wconf 91' lang='lat' dir='ltr'><strong>enim</strong></span> <span class='ocrx_word' id='word_1_150' title='bbox 2741 905 2860 962; x_wconf 89' lang='lat' dir='ltr'><strong>ﬁeri</strong></span> <span class='ocrx_word' id='word_1_151' title='bbox 2889 914 3158 978; x_wconf 86' lang='lat' dir='ltr'><strong>possetut</strong></span> <span class='ocrx_word' id='word_1_152' title='bbox 3185 917 3372 964; x_wconf 87' lang='lat' dir='ltr'><strong>sancta</strong></span> <span class='ocrx_word' id='word_1_153' title='bbox 3399 905 3652 965; x_wconf 87' lang='lat' dir='ltr'><strong>Sotheris</strong></span> <span class='ocrx_word' id='word_1_154' title='bbox 3681 919 3704 949; x_wconf 72' lang='grc' dir='ltr'><strong>ε</strong></span> <span class='ocrx_word' id='word_1_155' title='bbox 3735 909 3836 966; x_wconf 89' lang='lat' dir='ltr'><strong>tibi</strong></span> 
     </span>
    </p>
   </div>
   <div class='ocr_carea' id='block_1_25' title="bbox 2238 999 3843 1074">
    <p class='ocr_par' dir='ltr' id='par_1_25' title="bbox 2238 999 3843 1074">
     <span class='ocr_line' id='line_1_25' title="bbox 2238 999 3843 1074; baseline 0.006 -22"><span class='ocrx_word' id='word_1_156' title='bbox 2238 1011 2346 1053; x_wconf 92' lang='lat' dir='ltr'><strong>non</strong></span> <span class='ocrx_word' id='word_1_157' title='bbox 2375 1008 2524 1054; x_wconf 88' lang='lat' dir='ltr'><strong>esset</strong></span> <span class='ocrx_word' id='word_1_158' title='bbox 2545 999 2743 1056; x_wconf 91' lang='lat' dir='ltr'><strong>mentis</strong></span> <span class='ocrx_word' id='word_1_159' title='bbox 2765 1011 2974 1067; x_wconf 89' lang='lat' dir='ltr'><strong>auctor,</strong></span> <span class='ocrx_word' id='word_1_160' title='bbox 2992 1003 3078 1056; x_wconf 89' lang='lat' dir='ltr'><strong>cui</strong></span> <span class='ocrx_word' id='word_1_161' title='bbox 3104 1012 3297 1058; x_wconf 90' lang='lat' dir='ltr'><strong>auctor</strong></span> <span class='ocrx_word' id='word_1_162' title='bbox 3315 1011 3398 1058; x_wconf 91' lang='lat' dir='ltr'><strong>est</strong></span> <span class='ocrx_word' id='word_1_163' title='bbox 3418 1003 3671 1074; x_wconf 84' lang='lat' dir='ltr'><strong>generis?</strong></span> <span class='ocrx_word' id='word_1_164' title='bbox 3705 1004 3843 1072; x_wconf 76' lang='lat' dir='ltr'><strong>Qua:</strong></span> 
     </span>
    </p>
   </div>
   <div class='ocr_carea' id='block_1_26' title="bbox 2238 1089 3842 1166">
    <p class='ocr_par' dir='ltr' id='par_1_26' title="bbox 2238 1089 3842 1166">
     <span class='ocr_line' id='line_1_26' title="bbox 2238 1089 3842 1166; baseline 0.006 -21"><span class='ocrx_word' id='word_1_165' title='bbox 2238 1089 2638 1160; x_wconf 87' lang='lat' dir='ltr'><strong>persecutionis</strong></span> <span class='ocrx_word' id='word_1_166' title='bbox 2663 1101 2846 1160; x_wconf 66' lang='lat' dir='ltr'><strong>aetate,</strong></span> <span class='ocrx_word' id='word_1_167' title='bbox 2899 1093 3193 1151; x_wconf 88' lang='lat' dir='ltr'><strong>servilibus</strong></span> <span class='ocrx_word' id='word_1_168' title='bbox 3219 1110 3434 1166; x_wconf 89' lang='lat' dir='ltr'><strong>quoque</strong></span> <span class='ocrx_word' id='word_1_169' title='bbox 3489 1095 3842 1154; x_wconf 87' lang='lat' dir='ltr'><strong>contumeliis</strong></span> 
     </span>
    </p>
   </div>
   <div class='ocr_carea' id='block_1_27' title="bbox 2239 1183 3842 1263">
    <p class='ocr_par' dir='ltr' id='par_1_27' title="bbox 2239 1183 3842 1263">
     <span class='ocr_line' id='line_1_27' title="bbox 2239 1183 3842 1263; baseline 0.006 -25"><span class='ocrx_word' id='word_1_170' title='bbox 2239 1183 2305 1238; x_wconf 86' lang='lat' dir='ltr'><strong>ad</strong></span> <span class='ocrx_word' id='word_1_171' title='bbox 2337 1183 2610 1255; x_wconf 83' lang='lat' dir='ltr'><strong>fastigium</strong></span> <span class='ocrx_word' id='word_1_172' title='bbox 2644 1186 2914 1255; x_wconf 88' lang='lat' dir='ltr'><strong>passionis</strong></span> <span class='ocrx_word' id='word_1_173' title='bbox 2961 1197 3175 1255; x_wconf 88' lang='lat' dir='ltr'><strong>evecta,</strong></span> <span class='ocrx_word' id='word_1_174' title='bbox 3224 1190 3388 1245; x_wconf 88' lang='lat' dir='ltr'><strong>etiam</strong></span> <span class='ocrx_word' id='word_1_175' title='bbox 3425 1191 3630 1247; x_wconf 86' lang='lat' dir='ltr'><strong>vultum</strong></span> <span class='ocrx_word' id='word_1_176' title='bbox 3658 1191 3842 1263; x_wconf 88' lang='lat' dir='ltr'><strong>ipsum</strong></span> 
     </span>
    </p>
   </div>
   <div class='ocr_carea' id='block_1_28' title="bbox 2238 1277 3843 1354">
    <p class='ocr_par' dir='ltr' id='par_1_28' title="bbox 2238 1277 3843 1354">
     <span class='ocr_line' id='line_1_28' title="bbox 2238 1277 3843 1354; baseline 0.005 -21"><span class='ocrx_word' id='word_1_177' title='bbox 2238 1279 2331 1348; x_wconf 88' lang='lat' dir='ltr'><strong>qui</strong></span> <span class='ocrx_word' id='word_1_178' title='bbox 2377 1277 2520 1335; x_wconf 89' lang='lat' dir='ltr'><strong>inter</strong></span> <span class='ocrx_word' id='word_1_179' title='bbox 2547 1280 2821 1337; x_wconf 90' lang='lat' dir='ltr'><strong>cruciatus</strong></span> <span class='ocrx_word' id='word_1_180' title='bbox 2851 1282 3016 1338; x_wconf 91' lang='lat' dir='ltr'><strong>totius</strong></span> <span class='ocrx_word' id='word_1_181' title='bbox 3045 1283 3296 1354; x_wconf 88' lang='lat' dir='ltr'><strong>corporis</strong></span> <span class='ocrx_word' id='word_1_182' title='bbox 3350 1283 3487 1340; x_wconf 88' lang='lat' dir='ltr'><strong>liber</strong></span> <span class='ocrx_word' id='word_1_183' title='bbox 3526 1299 3652 1343; x_wconf 89' lang='lat' dir='ltr'><strong>esse</strong></span> <span class='ocrx_word' id='word_1_184' title='bbox 3705 1300 3843 1341; x_wconf 90' lang='lat' dir='ltr'><strong>con-</strong></span> 
     </span>
    </p>
   </div>
   <div class='ocr_carea' id='block_1_29' title="bbox 2236 1373 3835 1450">
    <p class='ocr_par' dir='ltr' id='par_1_29' title="bbox 2236 1373 3835 1450">
     <span class='ocr_line' id='line_1_29' title="bbox 2236 1373 3835 1450; baseline 0.005 -23"><span class='ocrx_word' id='word_1_185' title='bbox 2236 1373 2413 1428; x_wconf 90' lang='lat' dir='ltr'><strong>suevit</strong></span> <span class='ocrx_word' id='word_1_186' title='bbox 2458 1373 2694 1443; x_wconf 82' lang='lat' dir='ltr'><strong>injuriae,</strong></span> <span class='ocrx_word' id='word_1_187' title='bbox 2741 1385 2795 1430; x_wconf 83' lang='lat' dir='ltr'><strong>et</strong></span> <span class='ocrx_word' id='word_1_188' title='bbox 2850 1384 3100 1447; x_wconf 87' lang='lat' dir='ltr'><strong>spectare</strong></span> <span class='ocrx_word' id='word_1_189' title='bbox 3156 1378 3334 1447; x_wconf 89' lang='lat' dir='ltr'><strong>potius</strong></span> <span class='ocrx_word' id='word_1_190' title='bbox 3365 1387 3636 1435; x_wconf 88' lang='lat' dir='ltr'><strong>tormenta</strong></span> <span class='ocrx_word' id='word_1_191' title='bbox 3665 1395 3835 1450; x_wconf 87' lang='lat' dir='ltr'><strong>quam</strong></span> 
     </span>
    </p>
   </div>
   <div class='ocr_carea' id='block_1_30' title="bbox 2239 1461 3846 1541">
    <p class='ocr_par' dir='ltr' id='par_1_30' title="bbox 2239 1461 3846 1541">
     <span class='ocr_line' id='line_1_30' title="bbox 2239 1461 3846 1541; baseline 0.004 -22"><span class='ocrx_word' id='word_1_192' title='bbox 2239 1465 2472 1536; x_wconf 90' lang='lat' dir='ltr'><strong>perpeti,</strong></span> <span class='ocrx_word' id='word_1_193' title='bbox 2509 1461 2538 1501; x_wconf 77' lang='grc' dir='ltr'>ἀ</span> <span class='ocrx_word' id='word_1_194' title='bbox 2573 1466 2816 1522; x_wconf 90' lang='lat' dir='ltr'><strong>carniﬁci</strong></span> <span class='ocrx_word' id='word_1_195' title='bbox 2847 1467 3037 1524; x_wconf 87' lang='lat' dir='ltr'><strong>dedit:</strong></span> <span class='ocrx_word' id='word_1_196' title='bbox 3090 1476 3197 1524; x_wconf 91' lang='lat' dir='ltr'><strong>tam</strong></span> <span class='ocrx_word' id='word_1_197' title='bbox 3247 1470 3400 1524; x_wconf 81' lang='lat' dir='ltr'><strong>tortis</strong></span> <span class='ocrx_word' id='word_1_198' title='bbox 3426 1480 3478 1526; x_wconf 91' lang='lat' dir='ltr'><strong>et</strong></span> <span class='ocrx_word' id='word_1_199' title='bbox 3511 1469 3752 1541; x_wconf 87' lang='lat' dir='ltr'><strong>patiens,</strong></span> <span class='ocrx_word' id='word_1_200' title='bbox 3783 1479 3846 1526; x_wconf 90' lang='lat' dir='ltr'><strong>ut</strong></span> 
     </span>
    </p>
   </div>
   <div class='ocr_carea' id='block_1_31' title="bbox 2240 1561 3842 1634">
    <p class='ocr_par' dir='ltr' id='par_1_31' title="bbox 2240 1561 3842 1634">
     <span class='ocr_line' id='line_1_31' title="bbox 2240 1561 3842 1634; baseline 0.006 -22"><span class='ocrx_word' id='word_1_201' title='bbox 2240 1572 2363 1613; x_wconf 91' lang='lat' dir='ltr'><strong>cum</strong></span> <span class='ocrx_word' id='word_1_202' title='bbox 2413 1566 2626 1615; x_wconf 89' lang='lat' dir='ltr'><strong>teneras</strong></span> <span class='ocrx_word' id='word_1_203' title='bbox 2679 1575 2855 1630; x_wconf 71' lang='lat' dir='ltr'><strong>preme</strong></span> <span class='ocrx_word' id='word_1_204' title='bbox 2905 1561 3126 1618; x_wconf 81' lang='lat' dir='ltr'><strong>oll&#39;erret</strong></span> <span class='ocrx_word' id='word_1_205' title='bbox 3164 1577 3354 1634; x_wconf 84' lang='lat' dir='ltr'><strong>genas,</strong></span> <span class='ocrx_word' id='word_1_206' title='bbox 3405 1563 3559 1634; x_wconf 89' lang='lat' dir='ltr'><strong>prius</strong></span> <span class='ocrx_word' id='word_1_207' title='bbox 3583 1564 3842 1622; x_wconf 75' lang='lat' dir='ltr'><strong>carnifex</strong></span> 
     </span>
    </p>
   </div>
   <div class='ocr_carea' id='block_1_32' title="bbox 2242 1650 3841 1728">
    <p class='ocr_par' dir='ltr' id='par_1_32' title="bbox 2242 1650 3841 1728">
     <span class='ocr_line' id='line_1_32' title="bbox 2242 1650 3841 1728; baseline 0.006 -23"><span class='ocrx_word' id='word_1_208' title='bbox 2242 1650 2501 1707; x_wconf 74' lang='lat' dir='ltr'><strong>cxdendo</strong></span> <span class='ocrx_word' id='word_1_209' title='bbox 2531 1651 2811 1720; x_wconf 78' lang='lat' dir='ltr'><strong>defecerit,</strong></span> <span class='ocrx_word' id='word_1_210' title='bbox 2863 1669 3024 1725; x_wconf 90' lang='lat' dir='ltr'><strong>quam</strong></span> <span class='ocrx_word' id='word_1_211' title='bbox 3075 1664 3280 1728; x_wconf 87' lang='lat' dir='ltr'><strong>martyr</strong></span> <span class='ocrx_word' id='word_1_212' title='bbox 3327 1656 3538 1727; x_wconf 66' lang='lat' dir='ltr'><strong>injuriae</strong></span> <span class='ocrx_word' id='word_1_213' title='bbox 3591 1657 3841 1716; x_wconf 87' lang='lat' dir='ltr'><strong>cederet.</strong></span> 
     </span>
    </p>
   </div>
   <div class='ocr_carea' id='block_1_33' title="bbox 545 1734 3844 1822">
    <p class='ocr_par' dir='ltr' id='par_1_33' title="bbox 545 1734 3844 1822">
     <span class='ocr_line' id='line_1_33' title="bbox 545 1734 3844 1822; baseline 0.004 -26"><span class='ocrx_word' id='word_1_214' title='bbox 545 1749 871 1796; x_wconf 89' lang='lat' dir='ltr'><strong>moreretur.</strong></span> <span class='ocrx_word' id='word_1_215' title='bbox 906 1740 1039 1796; x_wconf 86' lang='lat' dir='ltr'><strong>Nam</strong></span> <span class='ocrx_word' id='word_1_216' title='bbox 1068 1757 1204 1812; x_wconf 90' lang='lat' dir='ltr'><strong>quas</strong></span> <span class='ocrx_word' id='word_1_217' title='bbox 1230 1741 1296 1797; x_wconf 91' lang='lat' dir='ltr'><strong>ad</strong></span> <span class='ocrx_word' id='word_1_218' title='bbox 1327 1742 1646 1814; x_wconf 88' lang='lat' dir='ltr'><strong>martyrium</strong></span> <span class='ocrx_word' id='word_1_219' title='bbox 1666 1742 1940 1813; x_wconf 84' lang='lat' dir='ltr'><strong>junxerat,</strong></span> <span class='ocrx_word' id='word_1_220' title='bbox 1969 1756 2139 1813; x_wconf 89' lang='lat' dir='ltr'><strong>usque</strong></span> <span class='ocrx_word' id='word_1_221' title='bbox 2168 1734 2216 1795; x_wconf 89' lang='lat' dir='ltr'><strong>B</strong></span> <span class='ocrx_word' id='word_1_222' title='bbox 2240 1742 2358 1798; x_wconf 83' lang='lat' dir='ltr'><strong>Non</strong></span> <span class='ocrx_word' id='word_1_223' title='bbox 2384 1744 2592 1800; x_wconf 89' lang='lat' dir='ltr'><strong>vultum</strong></span> <span class='ocrx_word' id='word_1_224' title='bbox 2623 1745 2849 1814; x_wconf 82' lang='lat' dir='ltr'><strong>inﬂexit,</strong></span> <span class='ocrx_word' id='word_1_225' title='bbox 2893 1763 2998 1803; x_wconf 89' lang='lat' dir='ltr'><strong>non</strong></span> <span class='ocrx_word' id='word_1_226' title='bbox 3029 1763 3125 1804; x_wconf 91' lang='lat' dir='ltr'><strong>ora</strong></span> <span class='ocrx_word' id='word_1_227' title='bbox 3173 1750 3483 1805; x_wconf 89' lang='lat' dir='ltr'><strong>convertit:</strong></span> <span class='ocrx_word' id='word_1_228' title='bbox 3518 1759 3542 1788; x_wconf 71' lang='grc' dir='ltr'>θ</span> <span class='ocrx_word' id='word_1_229' title='bbox 3599 1765 3710 1807; x_wconf 92' lang='lat' dir='ltr'><strong>non</strong></span> <span class='ocrx_word' id='word_1_230' title='bbox 3743 1766 3844 1822; x_wconf 85' lang='lat' dir='ltr'><strong>ge-</strong></span> 
     </span>
    </p>
   </div>
   <div class='ocr_carea' id='block_1_34' title="bbox 539 1835 1281 1891">
    <p class='ocr_par' dir='ltr' id='par_1_34' title="bbox 539 1835 1281 1891">
     <span class='ocr_line' id='line_1_34' title="bbox 539 1835 1281 1891; baseline -0.001 0"><span class='ocrx_word' id='word_1_231' title='bbox 539 1835 608 1891; x_wconf 89' lang='lat' dir='ltr'><strong>ad</strong></span> <span class='ocrx_word' id='word_1_232' title='bbox 659 1835 926 1890; x_wconf 88' lang='lat' dir='ltr'><strong>tumulum</strong></span> <span class='ocrx_word' id='word_1_233' title='bbox 955 1835 1281 1891; x_wconf 83' lang='lat' dir='ltr'><strong>vindicabat.</strong></span> 
     </span>
    </p>
   </div>
   <div class='ocr_carea' id='block_1_35' title="bbox 607 1928 2127 2002">
    <p class='ocr_par' dir='ltr' id='par_1_35' title="bbox 607 1928 2127 2002">
     <span class='ocr_line' id='line_1_35' title="bbox 607 1928 2127 2002; baseline -0.001 -17"><span class='ocrx_word' id='word_1_234' title='bbox 607 1929 697 1985; x_wconf 77' lang='grc'><strong>57.</strong></span> <span class='ocrx_word' id='word_1_235' title='bbox 743 1928 853 1986; x_wconf 86' lang='lat' dir='ltr'><strong>Sed</strong></span> <span class='ocrx_word' id='word_1_236' title='bbox 895 1931 1023 1999; x_wconf 92' lang='lat' dir='ltr'><strong>quid</strong></span> <span class='ocrx_word' id='word_1_237' title='bbox 1070 1929 1390 2002; x_wconf 87' lang='lat' dir='ltr'><strong>alienigenis</strong></span> <span class='ocrx_word' id='word_1_238' title='bbox 1437 1929 1580 2002; x_wconf 88' lang='lat' dir='ltr'><strong>apud</strong></span> <span class='ocrx_word' id='word_1_239' title='bbox 1646 1939 1721 1995; x_wconf 90' lang='lat' dir='ltr'><strong>te,</strong></span> <span class='ocrx_word' id='word_1_240' title='bbox 1775 1945 1951 1997; x_wconf 88' lang='lat' dir='ltr'><strong>soror,</strong></span> <span class='ocrx_word' id='word_1_241' title='bbox 2002 1937 2127 1985; x_wconf 88' lang='lat' dir='ltr'><strong>utor</strong></span> 
     </span>
    </p>
   </div>
   <div class='ocr_carea' id='block_1_36' title="bbox 542 2021 2134 2094">
    <p class='ocr_par' dir='ltr' id='par_1_36' title="bbox 542 2021 2134 2094">
     <span class='ocr_line' id='line_1_36' title="bbox 542 2021 2134 2094; baseline -0.001 -15"><span class='ocrx_word' id='word_1_242' title='bbox 542 2022 830 2093; x_wconf 81' lang='lat' dir='ltr'><strong>exemplis,</strong></span> <span class='ocrx_word' id='word_1_243' title='bbox 903 2038 1064 2094; x_wconf 86' lang='lat' dir='ltr'><strong>quam</strong></span> <span class='ocrx_word' id='word_1_244' title='bbox 1118 2021 1483 2078; x_wconf 74' lang='lat' dir='ltr'><strong>hxreditariae</strong></span> <span class='ocrx_word' id='word_1_245' title='bbox 1541 2022 1808 2079; x_wconf 88' lang='lat' dir='ltr'><strong>castitatis</strong></span> <span class='ocrx_word' id='word_1_246' title='bbox 1872 2022 2134 2093; x_wconf 86' lang='lat' dir='ltr'><strong>inspirata</strong></span> 
     </span>
    </p>
   </div>
   <div class='ocr_carea' id='block_1_37' title="bbox 603 2161 2146 2229">
    <p class='ocr_par' dir='ltr' id='par_1_37' title="bbox 603 2161 2146 2229">
     <span class='ocr_line' id='line_1_37' title="bbox 603 2161 2146 2229; baseline 0 -11"><span class='ocrx_word' id='word_1_247' title='bbox 603 2173 630 2202; x_wconf 77' lang='grc' dir='ltr'>ι</span> <span class='ocrx_word' id='word_1_248' title='bbox 670 2163 918 2229; x_wconf 83' lang='lat' dir='ltr'><strong>Amerb.,</strong></span> <span class='ocrx_word' id='word_1_249' title='bbox 949 2161 1110 2218; x_wconf 83' lang='lat' dir='ltr'><strong>Eras.</strong></span> <span class='ocrx_word' id='word_1_250' title='bbox 1140 2172 1195 2218; x_wconf 87' lang='lat' dir='ltr'><strong>et</strong></span> <span class='ocrx_word' id='word_1_251' title='bbox 1220 2162 1379 2219; x_wconf 92' lang='lat' dir='ltr'><strong>Rom.</strong></span> <span class='ocrx_word' id='word_1_252' title='bbox 1406 2177 1528 2218; x_wconf 88' lang='lat' dir='ltr'><strong>cum</strong></span> <span class='ocrx_word' id='word_1_253' title='bbox 1555 2162 1767 2219; x_wconf 92' lang='lat' dir='ltr'><strong>duobus</strong></span> <span class='ocrx_word' id='word_1_254' title='bbox 1796 2163 1944 2226; x_wconf 89' lang='lat' dir='ltr'><strong>cod.,</strong></span> <span class='ocrx_word' id='word_1_255' title='bbox 1970 2161 2146 2218; x_wconf 52' lang='lat' dir='ltr'><strong>Prte—v</strong></span> 
     </span>
    </p>
   </div>
   <div class='ocr_carea' id='block_1_38' title="bbox 527 2234 2121 2307">
    <p class='ocr_par' dir='ltr' id='par_1_38' title="bbox 527 2234 2121 2307">
     <span class='ocr_line' id='line_1_38' title="bbox 527 2234 2121 2307; baseline -0.001 -16"><span class='ocrx_word' id='word_1_256' title='bbox 527 2235 666 2292; x_wconf 86' lang='lat' dir='ltr'><strong>sules</strong></span> <span class='ocrx_word' id='word_1_257' title='bbox 712 2235 1037 2307; x_wconf 81' lang='lat' dir='ltr'><strong>virginitatis</strong></span> <span class='ocrx_word' id='word_1_258' title='bbox 1076 2234 1230 2289; x_wconf 87' lang='lat' dir='ltr'><strong>duces</strong></span> <span class='ocrx_word' id='word_1_259' title='bbox 1277 2237 1548 2298; x_wconf 77' lang='lat' dir='ltr'><strong>castitatis,</strong></span> <span class='ocrx_word' id='word_1_260' title='bbox 1592 2237 1801 2289; x_wconf 77' lang='lat' dir='ltr'><strong>cantites</strong></span> <span class='ocrx_word' id='word_1_261' title='bbox 1830 2236 2121 2307; x_wconf 76' lang='lat' dir='ltr'><strong>passionis;</strong></span> 
     </span>
    </p>
   </div>
   <div class='ocr_carea' id='block_1_39' title="bbox 528 2305 1546 2378">
    <p class='ocr_par' dir='ltr' id='par_1_39' title="bbox 528 2305 1546 2378">
     <span class='ocr_line' id='line_1_39' title="bbox 528 2305 1546 2378; baseline -0.005 -13"><span class='ocrx_word' id='word_1_262' title='bbox 528 2308 658 2378; x_wconf 82' lang='lat' dir='ltr'><strong>Gill.</strong></span> <span class='ocrx_word' id='word_1_263' title='bbox 679 2305 812 2378; x_wconf 77' lang='lat' dir='ltr'><strong>cum</strong></span> <span class='ocrx_word' id='word_1_264' title='bbox 845 2305 1073 2378; x_wconf 89' lang='lat' dir='ltr'><strong>reliquis</strong></span> <span class='ocrx_word' id='word_1_265' title='bbox 1102 2316 1159 2361; x_wconf 92' lang='lat' dir='ltr'><strong>ut</strong></span> <span class='ocrx_word' id='word_1_266' title='bbox 1189 2308 1240 2362; x_wconf 93' lang='lat' dir='ltr'><strong>in</strong></span> <span class='ocrx_word' id='word_1_267' title='bbox 1269 2315 1546 2362; x_wconf 82' lang='lat' dir='ltr'><strong>contextu.</strong></span> 
     </span>
    </p>
   </div>
   <div class='ocr_carea' id='block_1_40' title="bbox 603 2375 2127 2448">
    <p class='ocr_par' dir='ltr' id='par_1_40' title="bbox 603 2375 2127 2448">
     <span class='ocr_line' id='line_1_40' title="bbox 603 2375 2127 2448; baseline -0.002 -15"><span class='ocrx_word' id='word_1_268' title='bbox 603 2376 632 2416; x_wconf 74' lang='grc' dir='ltr'><strong>ι’</strong></span> <span class='ocrx_word' id='word_1_269' title='bbox 676 2377 926 2448; x_wconf 88' lang='lat' dir='ltr'><strong>Plerique</strong></span> <span class='ocrx_word' id='word_1_270' title='bbox 957 2375 1115 2444; x_wconf 84' lang='lat' dir='ltr'><strong>mss.,</strong></span> <span class='ocrx_word' id='word_1_271' title='bbox 1150 2379 1355 2448; x_wconf 88' lang='lat' dir='ltr'><strong>pietatis</strong></span> <span class='ocrx_word' id='word_1_272' title='bbox 1383 2379 1584 2433; x_wconf 75' lang='lat' dir='ltr'><strong>haerede</strong></span> <span class='ocrx_word' id='word_1_273' title='bbox 1614 2387 1896 2433; x_wconf 83' lang='lat' dir='ltr'><strong>moreretur</strong></span> <span class='ocrx_word' id='word_1_274' title='bbox 1921 2393 1939 2432; x_wconf 92' lang='lat'><em>:</em></span> <span class='ocrx_word' id='word_1_275' title='bbox 1960 2375 2127 2447; x_wconf 87' lang='lat' dir='ltr'><strong>aliqui</strong></span> 
     </span>
    </p>
   </div>
   <div class='ocr_carea' id='block_1_41' title="bbox 528 2449 2123 2516">
    <p class='ocr_par' dir='ltr' id='par_1_41' title="bbox 528 2449 2123 2516">
     <span class='ocr_line' id='line_1_41' title="bbox 528 2449 2123 2516; baseline -0.003 -11"><span class='ocrx_word' id='word_1_276' title='bbox 528 2465 662 2506; x_wconf 85' lang='lat' dir='ltr'><strong>vero</strong></span> <span class='ocrx_word' id='word_1_277' title='bbox 690 2458 749 2504; x_wconf 89' lang='lat' dir='ltr'><strong>et</strong></span> <span class='ocrx_word' id='word_1_278' title='bbox 775 2449 907 2504; x_wconf 87' lang='lat' dir='ltr'><strong>edit.</strong></span> <span class='ocrx_word' id='word_1_279' title='bbox 955 2450 1153 2516; x_wconf 84' lang='lat' dir='ltr'><strong>pietati,</strong></span> <span class='ocrx_word' id='word_1_280' title='bbox 1181 2451 1386 2504; x_wconf 69' lang='lat' dir='ltr'><strong>hazrede</strong></span> <span class='ocrx_word' id='word_1_281' title='bbox 1438 2460 1762 2514; x_wconf 86' lang='lat' dir='ltr'><strong>moreretur;</strong></span> <span class='ocrx_word' id='word_1_282' title='bbox 1795 2449 1930 2504; x_wconf 88' lang='lat' dir='ltr'><strong>edit.</strong></span> <span class='ocrx_word' id='word_1_283' title='bbox 1987 2457 2123 2513; x_wconf 84' lang='lat' dir='ltr'><strong>vet.,</strong></span> 
     </span>
    </p>
   </div>
   <div class='ocr_carea' id='block_1_42' title="bbox 529 2519 2126 2591">
    <p class='ocr_par' dir='ltr' id='par_1_42' title="bbox 529 2519 2126 2591">
     <span class='ocr_line' id='line_1_42' title="bbox 529 2519 2126 2591; baseline -0.001 -16"><span class='ocrx_word' id='word_1_284' title='bbox 529 2533 835 2575; x_wconf 86' lang='lat' dir='ltr'><strong>moveretur.</strong></span> <span class='ocrx_word' id='word_1_285' title='bbox 888 2520 1046 2586; x_wconf 83' lang='lat' dir='ltr'><strong>Quod</strong></span> <span class='ocrx_word' id='word_1_286' title='bbox 1077 2530 1368 2591; x_wconf 82' lang='lat' dir='ltr'><strong>utrumque</strong></span> <span class='ocrx_word' id='word_1_287' title='bbox 1397 2519 1541 2574; x_wconf 87' lang='lat' dir='ltr'><strong>haud</strong></span> <span class='ocrx_word' id='word_1_288' title='bbox 1591 2521 1941 2576; x_wconf 87' lang='lat' dir='ltr'><strong>mediocriter</strong></span> <span class='ocrx_word' id='word_1_289' title='bbox 1968 2520 2126 2574; x_wconf 89' lang='lat' dir='ltr'><strong>nobis</strong></span> 
     </span>
    </p>
   </div>
   <div class='ocr_carea' id='block_1_43' title="bbox 533 2600 989 2661">
    <p class='ocr_par' dir='ltr' id='par_1_43' title="bbox 533 2600 989 2661">
     <span class='ocr_line' id='line_1_43' title="bbox 533 2600 989 2661; baseline -0.009 -13"><span class='ocrx_word' id='word_1_290' title='bbox 533 2601 849 2661; x_wconf 84' lang='lat' dir='ltr'><strong>suSpectum</strong></span> <span class='ocrx_word' id='word_1_291' title='bbox 885 2600 989 2645; x_wconf 90' lang='lat' dir='ltr'><strong>est.</strong></span> 
     </span>
    </p>
   </div>
   <div class='ocr_carea' id='block_1_44' title="bbox 605 2661 2136 2730">
    <p class='ocr_par' dir='ltr' id='par_1_44' title="bbox 605 2661 2136 2730">
     <span class='ocr_line' id='line_1_44' title="bbox 605 2661 2136 2730; baseline 0 -16"><span class='ocrx_word' id='word_1_292' title='bbox 605 2672 628 2700; x_wconf 75' lang='grc' dir='ltr'><strong>ο</strong></span> <span class='ocrx_word' id='word_1_293' title='bbox 668 2661 832 2716; x_wconf 88' lang='lat' dir='ltr'><strong>Beata</strong></span> <span class='ocrx_word' id='word_1_294' title='bbox 861 2661 976 2716; x_wconf 76' lang='lat' dir='ltr'><strong>lucc</strong></span> <span class='ocrx_word' id='word_1_295' title='bbox 1011 2661 1284 2726; x_wconf 90' lang='lat' dir='ltr'><strong>Sotheris,</strong></span> <span class='ocrx_word' id='word_1_296' title='bbox 1318 2677 1438 2730; x_wconf 73' lang='lat' dir='ltr'><strong>qua:</strong></span> <span class='ocrx_word' id='word_1_297' title='bbox 1458 2661 1722 2717; x_wconf 90' lang='lat' dir='ltr'><strong>Sotheres</strong></span> <span class='ocrx_word' id='word_1_298' title='bbox 1746 2661 1908 2716; x_wconf 90' lang='lat' dir='ltr'><strong>etiam</strong></span> <span class='ocrx_word' id='word_1_299' title='bbox 1939 2661 2136 2716; x_wconf 89' lang='lat' dir='ltr'><strong>dicitur</strong></span> 
     </span>
    </p>
   </div>
   <div class='ocr_carea' id='block_1_45' title="bbox 535 2730 2136 2802">
    <p class='ocr_par' dir='ltr' id='par_1_45' title="bbox 535 2730 2136 2802">
     <span class='ocr_line' id='line_1_45' title="bbox 535 2730 2136 2802; baseline 0 -16"><span class='ocrx_word' id='word_1_300' title='bbox 535 2730 594 2786; x_wconf 90' lang='lat' dir='ltr'><strong>in</strong></span> <span class='ocrx_word' id='word_1_301' title='bbox 626 2745 755 2786; x_wconf 92' lang='lat' dir='ltr'><strong>mss.</strong></span> <span class='ocrx_word' id='word_1_302' title='bbox 791 2734 1136 2802; x_wconf 88' lang='lat' dir='ltr'><strong>quibusdam,</strong></span> <span class='ocrx_word' id='word_1_303' title='bbox 1159 2732 1484 2795; x_wconf 88' lang='lat' dir='ltr'><strong>etSothera,</strong></span> <span class='ocrx_word' id='word_1_304' title='bbox 1503 2732 1822 2787; x_wconf 85' lang='lat' dir='ltr'><strong>utBollandi</strong></span> <span class='ocrx_word' id='word_1_305' title='bbox 1851 2732 2136 2787; x_wconf 74' lang='lat' dir='ltr'><strong>continua-</strong></span> 
     </span>
    </p>
   </div>
   <div class='ocr_carea' id='block_1_46' title="bbox 533 2801 2132 2872">
    <p class='ocr_par' dir='ltr' id='par_1_46' title="bbox 533 2801 2132 2872">
     <span class='ocr_line' id='line_1_46' title="bbox 533 2801 2132 2872; baseline 0.001 -16"><span class='ocrx_word' id='word_1_306' title='bbox 533 2801 746 2856; x_wconf 87' lang='lat' dir='ltr'><strong>toribus</strong></span> <span class='ocrx_word' id='word_1_307' title='bbox 771 2801 965 2870; x_wconf 86' lang='lat' dir='ltr'><strong>placet,</strong></span> <span class='ocrx_word' id='word_1_308' title='bbox 996 2803 1179 2857; x_wconf 87' lang='lat' dir='ltr'><strong>vocari</strong></span> <span class='ocrx_word' id='word_1_309' title='bbox 1212 2811 1425 2871; x_wconf 81' lang='lat' dir='ltr'><strong>potest;</strong></span> <span class='ocrx_word' id='word_1_310' title='bbox 1455 2817 1576 2856; x_wconf 88' lang='lat' dir='ltr'><strong>cum</strong></span> <span class='ocrx_word' id='word_1_311' title='bbox 1594 2803 1746 2872; x_wconf 85' lang='lat' dir='ltr'><strong>virgo</strong></span> <span class='ocrx_word' id='word_1_312' title='bbox 1773 2819 1878 2857; x_wconf 89' lang='lat' dir='ltr'><strong>non</strong></span> <span class='ocrx_word' id='word_1_313' title='bbox 1903 2803 2132 2858; x_wconf 86' lang='lat' dir='ltr'><strong>modoin</strong></span> 
     </span>
    </p>
   </div>
   <div class='ocr_carea' id='block_1_47' title="bbox 531 2872 2130 2945">
    <p class='ocr_par' dir='ltr' id='par_1_47' title="bbox 531 2872 2130 2945">
     <span class='ocr_line' id='line_1_47' title="bbox 531 2872 2130 2945; baseline 0.003 -21"><span class='ocrx_word' id='word_1_314' title='bbox 531 2872 1158 2945; x_wconf 78' lang='lat' dir='ltr'><strong>martyrologi_is,_verum</strong></span> <span class='ocrx_word' id='word_1_315' title='bbox 1183 2875 1347 2927; x_wconf 89' lang='lat' dir='ltr'><strong>etiam</strong></span> <span class='ocrx_word' id='word_1_316' title='bbox 1366 2873 1661 2927; x_wconf 81' lang='lat' dir='ltr'><strong>in&#39;Exhort.</strong></span> <span class='ocrx_word' id='word_1_317' title='bbox 1685 2873 1751 2927; x_wconf 89' lang='lat' dir='ltr'><strong>ad</strong></span> <span class='ocrx_word' id='word_1_318' title='bbox 1766 2875 2130 2945; x_wconf 85' lang='lat' dir='ltr'><strong>virginitatem</strong></span> 
     </span>
    </p>
   </div>
   <div class='ocr_carea' id='block_1_48' title="bbox 533 2943 2131 3014">
    <p class='ocr_par' dir='ltr' id='par_1_48' title="bbox 533 2943 2131 3014">
     <span class='ocr_line' id='line_1_48' title="bbox 533 2943 2131 3014; baseline 0.001 -16"><span class='ocrx_word' id='word_1_319' title='bbox 533 2943 606 2998; x_wconf 87' lang='lat' dir='ltr'><strong>ab</strong></span> <span class='ocrx_word' id='word_1_320' title='bbox 637 2943 928 2998; x_wconf 86' lang='lat' dir='ltr'><strong>Ambrosio</strong></span> <span class='ocrx_word' id='word_1_321' title='bbox 956 2943 1074 3012; x_wconf 85' lang='lat' dir='ltr'><strong>ipso</strong></span> <span class='ocrx_word' id='word_1_322' title='bbox 1103 2946 1433 3008; x_wconf 89' lang='lat' dir='ltr'><strong>nominetur,</strong></span> <span class='ocrx_word' id='word_1_323' title='bbox 1464 2959 1566 3014; x_wconf 90' lang='lat' dir='ltr'><strong>qua</strong></span> <span class='ocrx_word' id='word_1_324' title='bbox 1592 2945 1804 2999; x_wconf 86' lang='lat' dir='ltr'><strong>ratione</strong></span> <span class='ocrx_word' id='word_1_325' title='bbox 1836 2943 1924 3001; x_wconf 84' lang='lat' dir='ltr'><strong>hic</strong></span> <span class='ocrx_word' id='word_1_326' title='bbox 1950 2956 2131 3001; x_wconf 88' lang='lat' dir='ltr'><strong>auctor</strong></span> 
     </span>
    </p>
   </div>
   <div class='ocr_carea' id='block_1_49' title="bbox 523 3015 2126 3098">
    <p class='ocr_par' dir='ltr' id='par_1_49' title="bbox 523 3015 2126 3098">
     <span class='ocr_line' id='line_1_49' title="bbox 523 3015 2126 3098; baseline 0.002 -30"><span class='ocrx_word' id='word_1_327' title='bbox 523 3015 754 3098; x_wconf 63' lang='lat' dir='ltr'><strong>generis,</strong></span> <span class='ocrx_word' id='word_1_328' title='bbox 792 3029 858 3098; x_wconf 75' lang='lat' dir='ltr'><strong>ac</strong></span> <span class='ocrx_word' id='word_1_329' title='bbox 878 3029 1041 3081; x_wconf 91' lang='lat' dir='ltr'><strong>supra</strong></span> <span class='ocrx_word' id='word_1_330' title='bbox 1093 3032 1278 3098; x_wconf 76' lang='lat' dir='ltr'><strong>parens</strong></span> <span class='ocrx_word' id='word_1_331' title='bbox 1307 3016 1631 3098; x_wconf 41' lang='lat' dir='ltr'><strong>ligurcellinfe</strong></span> <span class='ocrx_word' id='word_1_332' title='bbox 1680 3017 1988 3098; x_wconf 55' lang='lat' dir='ltr'><strong>scribatur,</strong></span> <span class='ocrx_word' id='word_1_333' title='bbox 2017 3032 2126 3098; x_wconf 75' lang='lat' dir='ltr'><strong>non</strong></span> 
     </span>
    </p>
   </div>
   <div class='ocr_carea' id='block_1_50' title="bbox 522 3085 2120 3156">
    <p class='ocr_par' dir='ltr' id='par_1_50' title="bbox 522 3085 2120 3156">
     <span class='ocr_line' id='line_1_50' title="bbox 522 3085 2120 3156; baseline 0.003 -19"><span class='ocrx_word' id='word_1_334' title='bbox 522 3085 798 3156; x_wconf 82' lang='lat' dir='ltr'><strong>immerito</strong></span> <span class='ocrx_word' id='word_1_335' title='bbox 848 3085 1021 3140; x_wconf 90' lang='lat' dir='ltr'><strong>lector</strong></span> <span class='ocrx_word' id='word_1_336' title='bbox 1046 3085 1302 3156; x_wconf 86' lang='lat' dir='ltr'><strong>ambigat.</strong></span> <span class='ocrx_word' id='word_1_337' title='bbox 1339 3087 1694 3156; x_wconf 84' lang='lat' dir='ltr'><strong>Respondent</strong></span> <span class='ocrx_word' id='word_1_338' title='bbox 1740 3100 1925 3144; x_wconf 78' lang='lat' dir='ltr'><strong>autem</strong></span> <span class='ocrx_word' id='word_1_339' title='bbox 1957 3089 2120 3143; x_wconf 89' lang='lat' dir='ltr'><strong>iidem</strong></span> 
     </span>
    </p>
   </div>
   <div class='ocr_carea' id='block_1_51' title="bbox 2243 1834 3844 1912">
    <p class='ocr_par' dir='ltr' id='par_1_51' title="bbox 2243 1834 3844 1912">
     <span class='ocr_line' id='line_1_51' title="bbox 2243 1834 3844 1912; baseline 0.006 -24"><span class='ocrx_word' id='word_1_340' title='bbox 2243 1834 2458 1902; x_wconf 86' lang='lat' dir='ltr'><strong>mitum,</strong></span> <span class='ocrx_word' id='word_1_341' title='bbox 2483 1850 2588 1890; x_wconf 91' lang='lat' dir='ltr'><strong>non</strong></span> <span class='ocrx_word' id='word_1_342' title='bbox 2617 1835 2909 1908; x_wconf 87' lang='lat' dir='ltr'><strong>lacrymam</strong></span> <span class='ocrx_word' id='word_1_343' title='bbox 2960 1838 3133 1895; x_wconf 89' lang='lat' dir='ltr'><strong>dedit.</strong></span> <span class='ocrx_word' id='word_1_344' title='bbox 3188 1839 3435 1912; x_wconf 89' lang='lat' dir='ltr'><strong>Denique</strong></span> <span class='ocrx_word' id='word_1_345' title='bbox 3481 1855 3605 1897; x_wconf 92' lang='lat' dir='ltr'><strong>cum</strong></span> <span class='ocrx_word' id='word_1_346' title='bbox 3637 1852 3844 1898; x_wconf 71' lang='lat' dir='ltr'><strong>caetera</strong></span> 
     </span>
    </p>
   </div>
   <div class='ocr_carea' id='block_1_52' title="bbox 2243 1929 3843 2006">
    <p class='ocr_par' dir='ltr' id='par_1_52' title="bbox 2243 1929 3843 2006">
     <span class='ocr_line' id='line_1_52' title="bbox 2243 1929 3843 2006; baseline 0.004 -24"><span class='ocrx_word' id='word_1_347' title='bbox 2243 1940 2526 1996; x_wconf 86' lang='lat' dir='ltr'><strong>poenarum</strong></span> <span class='ocrx_word' id='word_1_348' title='bbox 2557 1942 2758 1999; x_wconf 86' lang='lat' dir='ltr'><strong>genera</strong></span> <span class='ocrx_word' id='word_1_349' title='bbox 2789 1929 3030 1998; x_wconf 89' lang='lat' dir='ltr'><strong>vicisset,</strong></span> <span class='ocrx_word' id='word_1_350' title='bbox 3061 1930 3298 2001; x_wconf 82' lang='lat' dir='ltr'><strong>gladium</strong></span> <span class='ocrx_word' id='word_1_351' title='bbox 3342 1947 3504 2004; x_wconf 90' lang='lat' dir='ltr'><strong>quem</strong></span> <span class='ocrx_word' id='word_1_352' title='bbox 3533 1934 3843 2006; x_wconf 85' lang='lat' dir='ltr'><strong>quaerebat,</strong></span> 
     </span>
    </p>
   </div>
   <div class='ocr_carea' id='block_1_53' title="bbox 2242 2017 2521 2075">
    <p class='ocr_par' dir='ltr' id='par_1_53' title="bbox 2242 2017 2521 2075">
     <span class='ocr_line' id='line_1_53' title="bbox 2242 2017 2521 2075; baseline 0.004 -2"><span class='ocrx_word' id='word_1_353' title='bbox 2242 2017 2450 2075; x_wconf 87' lang='lat' dir='ltr'><strong>invenit</strong></span> <span class='ocrx_word' id='word_1_354' title='bbox 2479 2017 2521 2074; x_wconf 69' lang='grc' dir='ltr'><strong>ί.</strong></span> 
     </span>
    </p>
   </div>
   <div class='ocr_carea' id='block_1_54' title="bbox 2224 2159 3837 2234">
    <p class='ocr_par' dir='ltr' id='par_1_54' title="bbox 2224 2159 3837 2234">
     <span class='ocr_line' id='line_1_54' title="bbox 2224 2159 3837 2234; baseline 0.002 -16"><span class='ocrx_word' id='word_1_355' title='bbox 2224 2170 2371 2218; x_wconf 88' lang='lat' dir='ltr'><strong>recta</strong></span> <span class='ocrx_word' id='word_1_356' title='bbox 2415 2160 2551 2234; x_wconf 80' lang='lat' dir='ltr'><strong>quis</strong></span> <span class='ocrx_word' id='word_1_357' title='bbox 2595 2159 2976 2225; x_wconf 89' lang='lat' dir='ltr'><strong>descenderet,</strong></span> <span class='ocrx_word' id='word_1_358' title='bbox 3023 2162 3117 2219; x_wconf 90' lang='lat' dir='ltr'><strong>sed</strong></span> <span class='ocrx_word' id='word_1_359' title='bbox 3143 2172 3199 2219; x_wconf 91' lang='lat' dir='ltr'><strong>et</strong></span> <span class='ocrx_word' id='word_1_360' title='bbox 3227 2162 3464 2234; x_wconf 86' lang='lat' dir='ltr'><strong>majores</strong></span> <span class='ocrx_word' id='word_1_361' title='bbox 3508 2178 3708 2220; x_wconf 90' lang='lat' dir='ltr'><strong>omnes</strong></span> <span class='ocrx_word' id='word_1_362' title='bbox 3770 2181 3837 2222; x_wconf 83' lang='lat' dir='ltr'><strong>ex</strong></span> 
     </span>
    </p>
   </div>
   <div class='ocr_carea' id='block_1_55' title="bbox 2223 2231 3838 2305">
    <p class='ocr_par' dir='ltr' id='par_1_55' title="bbox 2223 2231 3838 2305">
     <span class='ocr_line' id='line_1_55' title="bbox 2223 2231 3838 2305; baseline 0.001 -17"><span class='ocrx_word' id='word_1_363' title='bbox 2223 2248 2454 2305; x_wconf 87' lang='lat' dir='ltr'><strong>quorum</strong></span> <span class='ocrx_word' id='word_1_364' title='bbox 2487 2231 2656 2297; x_wconf 89' lang='lat' dir='ltr'><strong>stirpe</strong></span> <span class='ocrx_word' id='word_1_365' title='bbox 2707 2243 2851 2289; x_wconf 89' lang='lat' dir='ltr'><strong>esset</strong></span> <span class='ocrx_word' id='word_1_366' title='bbox 2904 2234 3188 2298; x_wconf 90' lang='lat' dir='ltr'><strong>oriundus,</strong></span> <span class='ocrx_word' id='word_1_367' title='bbox 3219 2235 3298 2290; x_wconf 90' lang='lat' dir='ltr'><strong>sic</strong></span> <span class='ocrx_word' id='word_1_368' title='bbox 3314 2231 3622 2304; x_wconf 77' lang='lat' dir='ltr'><strong>appellare.</strong></span> <span class='ocrx_word' id='word_1_369' title='bbox 3658 2236 3838 2291; x_wconf 83' lang='lat' dir='ltr'><strong>Passa</strong></span> 
     </span>
    </p>
   </div>
   <div class='ocr_carea' id='block_1_56' title="bbox 2225 2305 3837 2378">
    <p class='ocr_par' dir='ltr' id='par_1_56' title="bbox 2225 2305 3837 2378">
     <span class='ocr_line' id='line_1_56' title="bbox 2225 2305 3837 2378; baseline 0.001 -18"><span class='ocrx_word' id='word_1_370' title='bbox 2225 2320 2354 2378; x_wconf 73' lang='lat' dir='ltr'><strong>vero</strong></span> <span class='ocrx_word' id='word_1_371' title='bbox 2399 2312 2482 2378; x_wconf 85' lang='lat' dir='ltr'><strong>est</strong></span> <span class='ocrx_word' id='word_1_372' title='bbox 2531 2313 2716 2378; x_wconf 81' lang='lat' dir='ltr'><strong>sancta</strong></span> <span class='ocrx_word' id='word_1_373' title='bbox 2775 2306 2890 2360; x_wconf 79' lang='lat' dir='ltr'><strong>hzec</strong></span> <span class='ocrx_word' id='word_1_374' title='bbox 2917 2315 3123 2378; x_wconf 81' lang='lat' dir='ltr'><strong>martyr</strong></span> <span class='ocrx_word' id='word_1_375' title='bbox 3151 2320 3240 2360; x_wconf 91' lang='lat' dir='ltr'><strong>an.</strong></span> <span class='ocrx_word' id='word_1_376' title='bbox 3272 2306 3341 2378; x_wconf 88' lang='lat' dir='ltr'><strong>ab</strong></span> <span class='ocrx_word' id='word_1_377' title='bbox 3368 2305 3586 2362; x_wconf 89' lang='lat' dir='ltr'><strong>lncarn.</strong></span> <span class='ocrx_word' id='word_1_378' title='bbox 3618 2306 3756 2369; x_wconf 68' lang='grc'><strong>504.</strong></span> <span class='ocrx_word' id='word_1_379' title='bbox 3789 2309 3837 2362; x_wconf 88' lang='lat' dir='ltr'><strong>si</strong></span> 
     </span>
    </p>
   </div>
   <div class='ocr_carea' id='block_1_57' title="bbox 2228 2375 3843 2449">
    <p class='ocr_par' dir='ltr' id='par_1_57' title="bbox 2228 2375 3843 2449">
     <span class='ocr_line' id='line_1_57' title="bbox 2228 2375 3843 2449; baseline 0.001 -18"><span class='ocrx_word' id='word_1_380' title='bbox 2228 2376 2462 2449; x_wconf 78' lang='lat' dir='ltr'><strong>Barouio</strong></span> <span class='ocrx_word' id='word_1_381' title='bbox 2501 2375 2815 2449; x_wconf 69' lang='lat' dir='ltr'><strong>creditnus:</strong></span> <span class='ocrx_word' id='word_1_382' title='bbox 2870 2392 2994 2431; x_wconf 86' lang='lat' dir='ltr'><strong>nam</strong></span> <span class='ocrx_word' id='word_1_383' title='bbox 3045 2375 3191 2449; x_wconf 64' lang='lat' dir='ltr'><strong>sunt</strong></span> <span class='ocrx_word' id='word_1_384' title='bbox 3229 2377 3682 2449; x_wconf 83' lang='lat' dir='ltr'><strong>qui-martyrium</strong></span> <span class='ocrx_word' id='word_1_385' title='bbox 3714 2378 3843 2448; x_wconf 87' lang='lat' dir='ltr'><strong>ejus</strong></span> 
     </span>
    </p>
   </div>
   <div class='ocr_carea' id='block_1_58' title="bbox 2228 2447 3848 2518">
    <p class='ocr_par' dir='ltr' id='par_1_58' title="bbox 2228 2447 3848 2518">
     <span class='ocr_line' id='line_1_58' title="bbox 2228 2447 3848 2518; baseline 0.002 -17"><span class='ocrx_word' id='word_1_386' title='bbox 2228 2461 2318 2501; x_wconf 92' lang='lat' dir='ltr'><strong>an.</strong></span> <span class='ocrx_word' id='word_1_387' title='bbox 2354 2447 2460 2502; x_wconf 68' lang='lat'><strong>“293</strong></span> <span class='ocrx_word' id='word_1_388' title='bbox 2500 2455 2594 2500; x_wconf 87' lang='lat' dir='ltr'><strong>aut</strong></span> <span class='ocrx_word' id='word_1_389' title='bbox 2617 2447 2724 2503; x_wconf 73' lang='lat'><strong>287</strong></span> <span class='ocrx_word' id='word_1_390' title='bbox 2755 2455 3006 2502; x_wconf 89' lang='lat' dir='ltr'><strong>asserant</strong></span> <span class='ocrx_word' id='word_1_391' title='bbox 3048 2447 3364 2518; x_wconf 90' lang='lat' dir='ltr'><strong>contigisse.</strong></span> <span class='ocrx_word' id='word_1_392' title='bbox 3409 2447 3582 2504; x_wconf 80' lang='lat' dir='ltr'><strong>Porro</strong></span> <span class='ocrx_word' id='word_1_393' title='bbox 3621 2451 3691 2504; x_wconf 87' lang='lat' dir='ltr'><strong>de</strong></span> <span class='ocrx_word' id='word_1_394' title='bbox 3719 2447 3848 2505; x_wconf 74' lang='lat' dir='ltr'><strong>luco</strong></span> 
     </span>
    </p>
   </div>
   <div class='ocr_carea' id='block_1_59' title="bbox 2231 2518 3846 2587">
    <p class='ocr_par' dir='ltr' id='par_1_59' title="bbox 2231 2518 3846 2587">
     <span class='ocr_line' id='line_1_59' title="bbox 2231 2518 3846 2587; baseline 0.002 -15"><span class='ocrx_word' id='word_1_395' title='bbox 2231 2518 2321 2572; x_wconf 90' lang='lat' dir='ltr'><strong>ubi</strong></span> <span class='ocrx_word' id='word_1_396' title='bbox 2354 2532 2510 2587; x_wconf 80' lang='lat' dir='ltr'><strong>passa</strong></span> <span class='ocrx_word' id='word_1_397' title='bbox 2533 2520 2602 2572; x_wconf 89' lang='lat' dir='ltr'><strong>sit</strong></span> <span class='ocrx_word' id='word_1_398' title='bbox 2623 2533 2728 2574; x_wconf 92' lang='lat' dir='ltr'><strong>non</strong></span> <span class='ocrx_word' id='word_1_399' title='bbox 2752 2519 2974 2573; x_wconf 87' lang='lat' dir='ltr'><strong>minima</strong></span> <span class='ocrx_word' id='word_1_400' title='bbox 2993 2529 3077 2574; x_wconf 87' lang='lat' dir='ltr'><strong>est</strong></span> <span class='ocrx_word' id='word_1_401' title='bbox 3103 2518 3372 2574; x_wconf 86' lang='lat' dir='ltr'><strong>discordia</strong></span> <span class='ocrx_word' id='word_1_402' title='bbox 3397 2518 3542 2576; x_wconf 89' lang='lat' dir='ltr'><strong>inter</strong></span> <span class='ocrx_word' id='word_1_403' title='bbox 3555 2529 3846 2585; x_wconf 88' lang='lat' dir='ltr'><strong>auctores,</strong></span> 
     </span>
    </p>
   </div>
   <div class='ocr_carea' id='block_1_60' title="bbox 2238 2590 3846 2662">
    <p class='ocr_par' dir='ltr' id='par_1_60' title="bbox 2238 2590 3846 2662">
     <span class='ocr_line' id='line_1_60' title="bbox 2238 2590 3846 2662; baseline 0.001 -18"><span class='ocrx_word' id='word_1_404' title='bbox 2238 2605 2268 2662; x_wconf 64' lang='grc' dir='ltr'>ς</span> <span class='ocrx_word' id='word_1_405' title='bbox 2296 2590 2491 2658; x_wconf 90' lang='lat' dir='ltr'><strong>quibus</strong></span> <span class='ocrx_word' id='word_1_406' title='bbox 2543 2605 2578 2662; x_wconf 11' lang='lat' dir='ltr'><strong>ag</strong></span> <span class='ocrx_word' id='word_1_407' title='bbox 2627 2605 2756 2644; x_wconf 87' lang='lat' dir='ltr'><strong>vero</strong></span> <span class='ocrx_word' id='word_1_408' title='bbox 2801 2592 3036 2662; x_wconf 14' lang='lat' dir='ltr'><strong>propius,</strong></span> <span class='ocrx_word' id='word_1_409' title='bbox 3055 2591 3312 2662; x_wconf 81' lang='lat' dir='ltr'><strong>aberrare</strong></span> <span class='ocrx_word' id='word_1_410' title='bbox 3340 2591 3601 2662; x_wconf 82' lang='lat' dir='ltr'><strong>videntur</strong></span> <span class='ocrx_word' id='word_1_411' title='bbox 3640 2593 3702 2659; x_wconf 91' lang='lat' dir='ltr'><strong>ii,</strong></span> <span class='ocrx_word' id='word_1_412' title='bbox 3751 2593 3846 2662; x_wconf 90' lang='lat' dir='ltr'><strong>qui</strong></span> 
     </span>
    </p>
   </div>
   <div class='ocr_carea' id='block_1_61' title="bbox 2238 2659 3846 2732">
    <p class='ocr_par' dir='ltr' id='par_1_61' title="bbox 2238 2659 3846 2732">
     <span class='ocr_line' id='line_1_61' title="bbox 2238 2659 3846 2732; baseline 0.002 -18"><span class='ocrx_word' id='word_1_413' title='bbox 2238 2659 2464 2714; x_wconf 81' lang='lat' dir='ltr'><strong>Romam</strong></span> <span class='ocrx_word' id='word_1_414' title='bbox 2494 2660 2672 2718; x_wconf 88' lang='lat' dir='ltr'><strong>eidem</strong></span> <span class='ocrx_word' id='word_1_415' title='bbox 2714 2669 2904 2732; x_wconf 65' lang='lat' dir='ltr'><strong>putant</strong></span> <span class='ocrx_word' id='word_1_416' title='bbox 2932 2660 3338 2732; x_wconf 84' lang='lat' dir='ltr'><strong>assignandam.</strong></span> <span class='ocrx_word' id='word_1_417' title='bbox 3385 2661 3606 2718; x_wconf 88' lang='lat' dir='ltr'><strong>Festum</strong></span> <span class='ocrx_word' id='word_1_418' title='bbox 3655 2659 3846 2717; x_wconf 82' lang='lat' dir='ltr'><strong>autém</strong></span> 
     </span>
    </p>
   </div>
   <div class='ocr_carea' id='block_1_62' title="bbox 2238 2731 3851 2804">
    <p class='ocr_par' dir='ltr' id='par_1_62' title="bbox 2238 2731 3851 2804">
     <span class='ocr_line' id='line_1_62' title="bbox 2238 2731 3851 2804; baseline 0.004 -20"><span class='ocrx_word' id='word_1_419' title='bbox 2238 2732 2408 2804; x_wconf 71' lang='lat' dir='ltr'><strong>i_psius</strong></span> <span class='ocrx_word' id='word_1_420' title='bbox 2449 2748 2518 2788; x_wconf 81' lang='lat' dir='ltr'><strong>ex</strong></span> <span class='ocrx_word' id='word_1_421' title='bbox 2554 2743 2798 2804; x_wconf 58' lang='lat' dir='ltr'><strong>martyr.</strong></span> <span class='ocrx_word' id='word_1_422' title='bbox 2825 2731 2984 2787; x_wconf 92' lang='lat' dir='ltr'><strong>Rom.</strong></span> <span class='ocrx_word' id='word_1_423' title='bbox 3029 2731 3105 2800; x_wconf 86' lang='lat' dir='ltr'><strong>tv,</strong></span> <span class='ocrx_word' id='word_1_424' title='bbox 3138 2748 3206 2789; x_wconf 78' lang='lat' dir='ltr'><strong>ex</strong></span> <span class='ocrx_word' id='word_1_425' title='bbox 3235 2733 3355 2789; x_wconf 89' lang='lat' dir='ltr'><strong>aliis</strong></span> <span class='ocrx_word' id='word_1_426' title='bbox 3395 2749 3527 2789; x_wconf 88' lang='lat' dir='ltr'><strong>vero</strong></span> <span class='ocrx_word' id='word_1_427' title='bbox 3575 2749 3670 2788; x_wconf 89' lang='lat' dir='ltr'><strong>vm</strong></span> <span class='ocrx_word' id='word_1_428' title='bbox 3716 2733 3851 2790; x_wconf 88' lang='lat' dir='ltr'><strong>ldus</strong></span> 
     </span>
    </p>
   </div>
   <div class='ocr_carea' id='block_1_63' title="bbox 2236 2801 2951 2859">
    <p class='ocr_par' dir='ltr' id='par_1_63' title="bbox 2236 2801 2951 2859">
     <span class='ocr_line' id='line_1_63' title="bbox 2236 2801 2951 2859; baseline 0 -3"><span class='ocrx_word' id='word_1_429' title='bbox 2236 2801 2558 2859; x_wconf 89' lang='lat' dir='ltr'><strong>Februarias</strong></span> <span class='ocrx_word' id='word_1_430' title='bbox 2588 2801 2951 2858; x_wconf 86' lang='lat' dir='ltr'><strong>renuntiatur.</strong></span> 
     </span>
    </p>
   </div>
   <div class='ocr_carea' id='block_1_64' title="bbox 2311 2871 3849 2947">
    <p class='ocr_par' dir='ltr' id='par_1_64' title="bbox 2311 2871 3849 2947">
     <span class='ocr_line' id='line_1_64' title="bbox 2311 2871 3849 2947; baseline 0 -18"><span class='ocrx_word' id='word_1_431' title='bbox 2311 2871 2338 2911; x_wconf 71' lang='grc' dir='ltr'><strong>ιι</strong></span> <span class='ocrx_word' id='word_1_432' title='bbox 2379 2874 2638 2947; x_wconf 88' lang='lat' dir='ltr'><strong>Plerique</strong></span> <span class='ocrx_word' id='word_1_433' title='bbox 2665 2889 2822 2940; x_wconf 89' lang='lat' dir='ltr'><strong>mss.,</strong></span> <span class='ocrx_word' id='word_1_434' title='bbox 2845 2876 3082 2946; x_wconf 74' lang='lat' dir='ltr'><strong>carni/iri</strong></span> <span class='ocrx_word' id='word_1_435' title='bbox 3104 2875 3244 2931; x_wconf 84' lang='lat' dir='ltr'><strong>dedit</strong></span> <span class='ocrx_word' id='word_1_436' title='bbox 3265 2875 3415 2947; x_wconf 86' lang='lat' dir='ltr'><strong>fortis</strong></span> <span class='ocrx_word' id='word_1_437' title='bbox 3437 2884 3486 2931; x_wconf 88' lang='lat' dir='ltr'><strong>et</strong></span> <span class='ocrx_word' id='word_1_438' title='bbox 3516 2876 3742 2946; x_wconf 86' lang='lat' dir='ltr'><strong>patiens,</strong></span> <span class='ocrx_word' id='word_1_439' title='bbox 3795 2885 3849 2931; x_wconf 88' lang='lat' dir='ltr'><strong>ut</strong></span> 
     </span>
    </p>
   </div>
   <div class='ocr_carea' id='block_1_65' title="bbox 2235 2958 2524 3008">
    <p class='ocr_par' dir='ltr' id='par_1_65' title="bbox 2235 2958 2524 3008">
     <span class='ocr_line' id='line_1_65' title="bbox 2235 2958 2524 3008; baseline 0.003 -7"><span class='ocrx_word' id='word_1_440' title='bbox 2235 2962 2369 3008; x_wconf 89' lang='lat' dir='ltr'><strong>cum,</strong></span> <span class='ocrx_word' id='word_1_441' title='bbox 2417 2958 2524 3002; x_wconf 59' lang='lat' dir='ltr'><strong>CIC.</strong></span> 
     </span>
    </p>
   </div>
   <div class='ocr_carea' id='block_1_66' title="bbox 2309 3016 3773 3093">
    <p class='ocr_par' dir='ltr' id='par_1_66' title="bbox 2309 3016 3773 3093">
     <span class='ocr_line' id='line_1_66' title="bbox 2309 3016 3773 3093; baseline 0.001 -21"><span class='ocrx_word' id='word_1_442' title='bbox 2309 3027 2332 3093; x_wconf 63' lang='grc' dir='ltr'><em>ς</em></span> <span class='ocrx_word' id='word_1_443' title='bbox 2371 3016 2539 3093; x_wconf 56' lang='lat' dir='ltr'><strong>[idem</strong></span> <span class='ocrx_word' id='word_1_444' title='bbox 2569 3033 2725 3093; x_wconf 68' lang='lat' dir='ltr'><strong>mss.,</strong></span> <span class='ocrx_word' id='word_1_445' title='bbox 2755 3034 2858 3072; x_wconf 86' lang='lat' dir='ltr'><strong>non</strong></span> <span class='ocrx_word' id='word_1_446' title='bbox 2883 3019 3076 3093; x_wconf 83' lang='lat' dir='ltr'><strong>gemitu</strong></span> <span class='ocrx_word' id='word_1_447' title='bbox 3104 3019 3258 3093; x_wconf 80' lang='lat' dir='ltr'><strong>uicta.</strong></span> <span class='ocrx_word' id='word_1_448' title='bbox 3291 3020 3576 3093; x_wconf 83' lang='lat' dir='ltr'><strong>lacrymam</strong></span> <span class='ocrx_word' id='word_1_449' title='bbox 3601 3019 3773 3074; x_wconf 83' lang='lat' dir='ltr'><strong>dedit.</strong></span> 
     </span>
    </p>
   </div>
   <div class='ocr_carea' id='block_1_67' title="bbox 2304 3087 3848 3146">
    <p class='ocr_par' dir='ltr' id='par_1_67' title="bbox 2304 3087 3848 3146">
     <span class='ocr_line' id='line_1_67' title="bbox 2304 3087 3848 3146; baseline 0.001 -3"><span class='ocrx_word' id='word_1_450' title='bbox 2304 3087 2322 3126; x_wconf 74' lang='grc' dir='ltr'><strong>ί</strong></span> <span class='ocrx_word' id='word_1_451' title='bbox 2370 3089 2529 3145; x_wconf 88' lang='lat' dir='ltr'><strong>Hisce</strong></span> <span class='ocrx_word' id='word_1_452' title='bbox 2555 3090 2736 3145; x_wconf 88' lang='lat' dir='ltr'><strong>verbis</strong></span> <span class='ocrx_word' id='word_1_453' title='bbox 2761 3087 3184 3146; x_wconf 67' lang='lat' dir='ltr'><strong>cum&#39;tractatus</strong></span> <span class='ocrx_word' id='word_1_454' title='bbox 3211 3087 3425 3146; x_wconf 84' lang='lat' dir='ltr'><strong>desinat</strong></span> <span class='ocrx_word' id='word_1_455' title='bbox 3456 3093 3508 3145; x_wconf 94' lang='lat' dir='ltr'><strong>in</strong></span> <span class='ocrx_word' id='word_1_456' title='bbox 3541 3107 3673 3146; x_wconf 88' lang='lat' dir='ltr'><strong>mss.</strong></span> <span class='ocrx_word' id='word_1_457' title='bbox 3725 3106 3848 3145; x_wconf 63' lang='lat' dir='ltr'><strong>omo</strong></span> 
     </span>
    </p>
   </div>
   <div class='ocr_carea' id='block_1_68' title="bbox 519 3155 3848 3232">
    <p class='ocr_par' dir='ltr' id='par_1_68' title="bbox 519 3155 3848 3232">
     <span class='ocr_line' id='line_1_68' title="bbox 519 3155 3848 3232; baseline 0.002 -22"><span class='ocrx_word' id='word_1_458' title='bbox 519 3155 766 3210; x_wconf 86' lang='lat' dir='ltr'><strong>Bollandi</strong></span> <span class='ocrx_word' id='word_1_459' title='bbox 795 3155 1372 3232; x_wconf 32' lang='lat' dir='ltr'><strong>continuatores’htiud</strong></span> <span class='ocrx_word' id='word_1_460' title='bbox 1406 3155 1682 3232; x_wconf 87' lang='lat' dir='ltr'><strong>insolitum</strong></span> <span class='ocrx_word' id='word_1_461' title='bbox 1713 3157 1879 3214; x_wconf 79' lang='lat' dir='ltr'><strong>fuisse</strong></span> <span class='ocrx_word' id='word_1_462' title='bbox 1907 3159 2122 3214; x_wconf 91' lang='lat' dir='ltr'><strong>illorum</strong></span> <span class='ocrx_word' id='word_1_463' title='bbox 2224 3159 2404 3226; x_wconf 90' lang='lat' dir='ltr'><strong>nibus,</strong></span> <span class='ocrx_word' id='word_1_464' title='bbox 2436 3177 2556 3230; x_wconf 67' lang='lat' dir='ltr'><strong>qua:</strong></span> <span class='ocrx_word' id='word_1_465' title='bbox 2583 3161 2636 3215; x_wconf 90' lang='lat' dir='ltr'><strong>in</strong></span> <span class='ocrx_word' id='word_1_466' title='bbox 2661 3160 2794 3215; x_wconf 90' lang='lat' dir='ltr'><strong>edit.</strong></span> <span class='ocrx_word' id='word_1_467' title='bbox 2820 3170 3146 3232; x_wconf 88' lang='lat' dir='ltr'><strong>sequuntur,</strong></span> <span class='ocrx_word' id='word_1_468' title='bbox 3173 3172 3295 3231; x_wconf 90' lang='lat' dir='ltr'><strong>post</strong></span> <span class='ocrx_word' id='word_1_469' title='bbox 3321 3163 3521 3218; x_wconf 88' lang='lat' dir='ltr'><strong>librum</strong></span> <span class='ocrx_word' id='word_1_470' title='bbox 3546 3161 3613 3218; x_wconf 90' lang='lat' dir='ltr'><strong>de</strong></span> <span class='ocrx_word' id='word_1_471' title='bbox 3650 3161 3848 3217; x_wconf 82' lang='lat' dir='ltr'><strong>Viduis</strong></span> 
     </span>
    </p>
   </div>
   <div class='ocr_carea' id='block_1_69' title="bbox 524 3229 3548 3303">
    <p class='ocr_par' dir='ltr' id='par_1_69' title="bbox 524 3229 3548 3303">
     <span class='ocr_line' id='line_1_69' title="bbox 524 3229 3548 3303; baseline 0.002 -22"><span class='ocrx_word' id='word_1_472' title='bbox 524 3236 830 3295; x_wconf 89' lang='lat' dir='ltr'><strong>temporum</strong></span> <span class='ocrx_word' id='word_1_473' title='bbox 887 3230 1249 3298; x_wconf 89' lang='lat' dir='ltr'><strong>scriptoribus</strong></span> <span class='ocrx_word' id='word_1_474' title='bbox 1306 3244 1412 3284; x_wconf 91' lang='lat' dir='ltr'><strong>non</strong></span> <span class='ocrx_word' id='word_1_475' title='bbox 1468 3229 1648 3284; x_wconf 89' lang='lat' dir='ltr'><strong>solum</strong></span> <span class='ocrx_word' id='word_1_476' title='bbox 1689 3244 1824 3285; x_wconf 89' lang='lat' dir='ltr'><strong>avos</strong></span> <span class='ocrx_word' id='word_1_477' title='bbox 1870 3245 1900 3285; x_wconf 91' lang='lat' dir='ltr'><strong>a</strong></span> <span class='ocrx_word' id='word_1_478' title='bbox 1931 3232 2125 3300; x_wconf 91' lang='lat' dir='ltr'><strong>quibus</strong></span> <span class='ocrx_word' id='word_1_479' title='bbox 2225 3233 2326 3287; x_wconf 87' lang='lat' dir='ltr'><strong>sub</strong></span> <span class='ocrx_word' id='word_1_480' title='bbox 2358 3229 2576 3303; x_wconf 85' lang='lat' dir='ltr'><strong>proprio</strong></span> <span class='ocrx_word' id='word_1_481' title='bbox 2602 3231 2758 3286; x_wconf 92' lang='lat' dir='ltr'><strong>titulo</strong></span> <span class='ocrx_word' id='word_1_482' title='bbox 2785 3229 3080 3302; x_wconf 82' lang='lat' dir='ltr'><strong>rejicienda</strong></span> <span class='ocrx_word' id='word_1_483' title='bbox 3111 3229 3234 3289; x_wconf 71' lang='lat' dir='ltr'><strong>esSe</strong></span> <span class='ocrx_word' id='word_1_484' title='bbox 3269 3232 3548 3289; x_wconf 79' lang='lat' dir='ltr'><strong>duximus.</strong></span> 
     </span>
    </p>
   </div>
   <div class='ocr_carea' id='block_1_70' title="bbox 1106 3429 3164 3523">
    <p class='ocr_par' dir='ltr' id='par_1_70' title="bbox 1106 3429 3164 3523">
     <span class='ocr_line' id='line_1_70' title="bbox 1106 3429 3164 3523; baseline 0.005 -10"><span class='ocrx_word' id='word_1_485' title='bbox 1106 3431 1231 3516; x_wconf 86' lang='lat' dir='ltr'><strong>IN</strong></span> <span class='ocrx_word' id='word_1_486' title='bbox 1276 3432 1736 3516; x_wconf 81' lang='lat' dir='ltr'><strong>LIBRUM</strong></span> <span class='ocrx_word' id='word_1_487' title='bbox 1793 3429 1952 3516; x_wconf 87' lang='lat' dir='ltr'><strong>DE</strong></span> <span class='ocrx_word' id='word_1_488' title='bbox 2009 3430 2416 3519; x_wconf 89' lang='lat' dir='ltr'><strong>VIDUIS</strong></span> <span class='ocrx_word' id='word_1_489' title='bbox 2465 3432 3164 3523; x_wconf 64' lang='lat' dir='ltr'><strong>ADMONITIO,</strong></span> 
     </span>
    </p>
   </div>
   <div class='ocr_carea' id='block_1_71' title="bbox 1113 3567 3262 3630">
    <p class='ocr_par' dir='ltr' id='par_1_71' title="bbox 1113 3567 3262 3630">
     <span class='ocr_line' id='line_1_71' title="bbox 1113 3567 3262 3630; baseline -0 -4"><span class='ocrx_word' id='word_1_490' title='bbox 1113 3567 1229 3626; x_wconf 89' lang='lat' dir='ltr'><strong>UBI</strong></span> <span class='ocrx_word' id='word_1_491' title='bbox 1268 3567 1356 3624; x_wconf 88' lang='lat' dir='ltr'><strong>ET</strong></span> <span class='ocrx_word' id='word_1_492' title='bbox 1396 3568 1487 3624; x_wconf 88' lang='lat' dir='ltr'><strong>DE</strong></span> <span class='ocrx_word' id='word_1_493' title='bbox 1526 3569 1941 3628; x_wconf 77' lang='lat' dir='ltr'><strong>SANCTORUM</strong></span> <span class='ocrx_word' id='word_1_494' title='bbox 1980 3570 2441 3630; x_wconf 83' lang='lat' dir='ltr'><strong>INVOCATIONE</strong></span> <span class='ocrx_word' id='word_1_495' title='bbox 2480 3569 2806 3628; x_wconf 83' lang='lat' dir='ltr'><strong>NONNIHIL</strong></span> <span class='ocrx_word' id='word_1_496' title='bbox 2845 3569 3262 3630; x_wconf 84' lang='lat' dir='ltr'><strong>DELIBATUR.</strong></span> 
     </span>
    </p>
   </div>
   <div class='ocr_carea' id='block_1_72' title="bbox 589 3798 3840 3876">
    <p class='ocr_par' dir='ltr' id='par_1_72' title="bbox 589 3798 3840 3876">
     <span class='ocr_line' id='line_1_72' title="bbox 589 3798 3840 3876; baseline 0.001 -18"><span class='ocrx_word' id='word_1_497' title='bbox 589 3801 891 3858; x_wconf 81' lang='lat' dir='ltr'><strong>Ambrosius</strong></span> <span class='ocrx_word' id='word_1_498' title='bbox 914 3799 968 3855; x_wconf 89' lang='lat' dir='ltr'><strong>in</strong></span> <span class='ocrx_word' id='word_1_499' title='bbox 994 3799 1107 3872; x_wconf 89' lang='lat' dir='ltr'><strong>ipso</strong></span> <span class='ocrx_word' id='word_1_500' title='bbox 1135 3798 1602 3856; x_wconf 87' lang='lat' dir='ltr'><strong>Commentationis</strong></span> <span class='ocrx_word' id='word_1_501' title='bbox 1627 3799 1782 3870; x_wconf 85' lang='lat' dir='ltr'><strong>hujus</strong></span> <span class='ocrx_word' id='word_1_502' title='bbox 1814 3799 1993 3855; x_wconf 89' lang='lat' dir='ltr'><strong>limine</strong></span> <span class='ocrx_word' id='word_1_503' title='bbox 2026 3799 2215 3872; x_wconf 89' lang='lat' dir='ltr'><strong>(Num.</strong></span> <span class='ocrx_word' id='word_1_504' title='bbox 2246 3801 2302 3872; x_wconf 81' lang='lat' dir='ltr'><strong>l)</strong></span> <span class='ocrx_word' id='word_1_505' title='bbox 2327 3799 2603 3873; x_wconf 78' lang='lat' dir='ltr'><strong>proﬁtetur</strong></span> <span class='ocrx_word' id='word_1_506' title='bbox 2633 3801 2702 3858; x_wconf 88' lang='lat' dir='ltr'><strong>ad</strong></span> <span class='ocrx_word' id='word_1_507' title='bbox 2748 3817 2862 3857; x_wconf 91' lang='lat' dir='ltr'><strong>eam</strong></span> <span class='ocrx_word' id='word_1_508' title='bbox 2889 3803 3052 3860; x_wconf 87' lang='lat' dir='ltr'><strong>tribus</strong></span> <span class='ocrx_word' id='word_1_509' title='bbox 3085 3804 3229 3860; x_wconf 90' lang='lat' dir='ltr'><strong>libris</strong></span> <span class='ocrx_word' id='word_1_510' title='bbox 3260 3803 3330 3862; x_wconf 87' lang='lat' dir='ltr'><strong>de</strong></span> <span class='ocrx_word' id='word_1_511' title='bbox 3368 3803 3680 3876; x_wconf 78' lang='lat' dir='ltr'><strong>Virginibus</strong></span> <span class='ocrx_word' id='word_1_512' title='bbox 3707 3821 3840 3861; x_wconf 86' lang='lat' dir='ltr'><strong>con-</strong></span> 
     </span>
    </p>
   </div>
   <div class='ocr_carea' id='block_1_73' title="bbox 513 3891 3843 3968">
    <p class='ocr_par' dir='ltr' id='par_1_73' title="bbox 513 3891 3843 3968">
     <span class='ocr_line' id='line_1_73' title="bbox 513 3891 3843 3968; baseline -0 -18"><span class='ocrx_word' id='word_1_513' title='bbox 513 3895 840 3968; x_wconf 85' lang='lat' dir='ltr'><strong>jungendam</strong></span> <span class='ocrx_word' id='word_1_514' title='bbox 861 3893 1117 3965; x_wconf 87' lang='lat' dir='ltr'><strong>Apostoli,</strong></span> <span class='ocrx_word' id='word_1_515' title='bbox 1151 3909 1182 3946; x_wconf 91' lang='lat' dir='ltr'><strong>a</strong></span> <span class='ocrx_word' id='word_1_516' title='bbox 1211 3908 1312 3962; x_wconf 90' lang='lat' dir='ltr'><strong>quo</strong></span> <span class='ocrx_word' id='word_1_517' title='bbox 1335 3892 1604 3963; x_wconf 88' lang='lat' dir='ltr'><strong>utriusque</strong></span> <span class='ocrx_word' id='word_1_518' title='bbox 1623 3892 1934 3947; x_wconf 81' lang='lat' dir='ltr'><strong>conditionis</strong></span> <span class='ocrx_word' id='word_1_519' title='bbox 1961 3891 2143 3947; x_wconf 80' lang='lat' dir='ltr'><strong>laudes</strong></span> <span class='ocrx_word' id='word_1_520' title='bbox 2170 3893 2363 3964; x_wconf 85' lang='lat' dir='ltr'><strong>passim</strong></span> <span class='ocrx_word' id='word_1_521' title='bbox 2405 3891 2460 3946; x_wconf 90' lang='lat' dir='ltr'><strong>in</strong></span> <span class='ocrx_word' id='word_1_522' title='bbox 2509 3892 2743 3964; x_wconf 78' lang='lat' dir='ltr'><strong>epistolis</strong></span> <span class='ocrx_word' id='word_1_523' title='bbox 2791 3894 2898 3949; x_wconf 84' lang='lat' dir='ltr'><strong>suis</strong></span> <span class='ocrx_word' id='word_1_524' title='bbox 2952 3893 3296 3965; x_wconf 88' lang='lat' dir='ltr'><strong>copulantur,</strong></span> <span class='ocrx_word' id='word_1_525' title='bbox 3345 3895 3655 3950; x_wconf 86' lang='lat' dir='ltr'><strong>auctoritate</strong></span> <span class='ocrx_word' id='word_1_526' title='bbox 3687 3904 3843 3965; x_wconf 83' lang='lat' dir='ltr'><strong>atque</strong></span> 
     </span>
    </p>
   </div>
   <div class='ocr_carea' id='block_1_74' title="bbox 520 3985 3842 4063">
    <p class='ocr_par' dir='ltr' id='par_1_74' title="bbox 520 3985 3842 4063">
     <span class='ocr_line' id='line_1_74' title="bbox 520 3985 3842 4063; baseline -0.001 -18"><span class='ocrx_word' id='word_1_527' title='bbox 520 3991 754 4063; x_wconf 68' lang='lat' dir='ltr'><strong>exemplo</strong></span> <span class='ocrx_word' id='word_1_528' title='bbox 786 3990 1055 4045; x_wconf 89' lang='lat' dir='ltr'><strong>inductum</strong></span> <span class='ocrx_word' id='word_1_529' title='bbox 1079 4005 1206 4044; x_wconf 87' lang='lat' dir='ltr'><strong>esse.</strong></span> <span class='ocrx_word' id='word_1_530' title='bbox 1239 3989 1307 4042; x_wconf 83' lang='lat' dir='ltr'><strong>At</strong></span> <span class='ocrx_word' id='word_1_531' title='bbox 1335 4004 1451 4043; x_wconf 86' lang='lat' dir='ltr'><strong>vero</strong></span> <span class='ocrx_word' id='word_1_532' title='bbox 1480 3989 1534 4042; x_wconf 89' lang='lat' dir='ltr'><strong>in</strong></span> <span class='ocrx_word' id='word_1_533' title='bbox 1565 3989 1735 4059; x_wconf 87' lang='lat' dir='ltr'><strong>operis</strong></span> <span class='ocrx_word' id='word_1_534' title='bbox 1761 3989 1891 4043; x_wconf 88' lang='lat' dir='ltr'><strong>serie</strong></span> <span class='ocrx_word' id='word_1_535' title='bbox 1919 3986 2070 4060; x_wconf 87' lang='lat' dir='ltr'><strong>(Cap.</strong></span> <span class='ocrx_word' id='word_1_536' title='bbox 2107 3985 2162 4054; x_wconf 91' lang='lat'><strong>9,</strong></span> <span class='ocrx_word' id='word_1_537' title='bbox 2193 4003 2334 4040; x_wconf 87' lang='lat' dir='ltr'><strong>num.</strong></span> <span class='ocrx_word' id='word_1_538' title='bbox 2382 3986 2449 4041; x_wconf 86' lang='grc'><strong>57</strong></span> <span class='ocrx_word' id='word_1_539' title='bbox 2476 3995 2523 4040; x_wconf 93' lang='lat' dir='ltr'><strong>et</strong></span> <span class='ocrx_word' id='word_1_540' title='bbox 2559 3989 2690 4057; x_wconf 88' lang='lat' dir='ltr'><strong>seq.)</strong></span> <span class='ocrx_word' id='word_1_541' title='bbox 2713 3987 2990 4058; x_wconf 87' lang='lat' dir='ltr'><strong>quamdam</strong></span> <span class='ocrx_word' id='word_1_542' title='bbox 3042 3989 3360 4043; x_wconf 87' lang='lat' dir='ltr'><strong>occasionem</strong></span> <span class='ocrx_word' id='word_1_543' title='bbox 3407 3985 3842 4056; x_wconf 80' lang='lat' dir='ltr'><strong>deprehendimus</strong></span> 
     </span>
    </p>
   </div>
   <div class='ocr_carea' id='block_1_75' title="bbox 519 4075 3841 4152">
    <p class='ocr_par' dir='ltr' id='par_1_75' title="bbox 519 4075 3841 4152">
     <span class='ocr_line' id='line_1_75' title="bbox 519 4075 3841 4152; baseline -0.001 -18"><span class='ocrx_word' id='word_1_544' title='bbox 519 4095 636 4151; x_wconf 78' lang='lat' dir='ltr'><strong>qua:</strong></span> <span class='ocrx_word' id='word_1_545' title='bbox 655 4083 825 4152; x_wconf 87' lang='lat' dir='ltr'><strong>ipsum</strong></span> <span class='ocrx_word' id='word_1_546' title='bbox 848 4089 903 4134; x_wconf 91' lang='lat' dir='ltr'><strong>ut</strong></span> <span class='ocrx_word' id='word_1_547' title='bbox 930 4079 1134 4134; x_wconf 85' lang='lat' dir='ltr'><strong>haberet</strong></span> <span class='ocrx_word' id='word_1_548' title='bbox 1163 4078 1454 4149; x_wconf 87' lang='lat' dir='ltr'><strong>chartisque</strong></span> <span class='ocrx_word' id='word_1_549' title='bbox 1479 4078 1816 4132; x_wconf 86' lang='lat' dir='ltr'><strong>committeret</strong></span> <span class='ocrx_word' id='word_1_550' title='bbox 1843 4079 2037 4131; x_wconf 90' lang='lat' dir='ltr'><strong>huncce</strong></span> <span class='ocrx_word' id='word_1_551' title='bbox 2071 4085 2366 4140; x_wconf 85' lang='lat' dir='ltr'><strong>tractatum,</strong></span> <span class='ocrx_word' id='word_1_552' title='bbox 2409 4075 2582 4130; x_wconf 88' lang='lat' dir='ltr'><strong>acrius</strong></span> <span class='ocrx_word' id='word_1_553' title='bbox 2622 4078 2797 4132; x_wconf 84' lang='lat' dir='ltr'><strong>movit.</strong></span> <span class='ocrx_word' id='word_1_554' title='bbox 2848 4077 3120 4133; x_wconf 76' lang='lat' dir='ltr'><strong>Exstincto</strong></span> <span class='ocrx_word' id='word_1_555' title='bbox 3164 4080 3380 4149; x_wconf 85' lang='lat' dir='ltr'><strong>conjuge</strong></span> <span class='ocrx_word' id='word_1_556' title='bbox 3418 4087 3656 4132; x_wconf 84' lang='lat' dir='ltr'><strong>matrona</strong></span> <span class='ocrx_word' id='word_1_557' title='bbox 3693 4093 3841 4145; x_wconf 81' lang='lat' dir='ltr'><strong>qua:-</strong></span> 
     </span>
    </p>
   </div>
   <div class='ocr_carea' id='block_1_76' title="bbox 519 4168 3841 4242">
    <p class='ocr_par' dir='ltr' id='par_1_76' title="bbox 519 4168 3841 4242">
     <span class='ocr_line' id='line_1_76' title="bbox 519 4168 3841 4242; baseline -0.002 -13"><span class='ocrx_word' id='word_1_558' title='bbox 519 4175 660 4239; x_wconf 87' lang='lat' dir='ltr'><strong>dam,</strong></span> <span class='ocrx_word' id='word_1_559' title='bbox 691 4175 774 4228; x_wconf 90' lang='lat' dir='ltr'><strong>cui</strong></span> <span class='ocrx_word' id='word_1_560' title='bbox 801 4174 928 4240; x_wconf 78' lang='lat' dir='ltr'><strong>ﬁlia:</strong></span> <span class='ocrx_word' id='word_1_561' title='bbox 952 4173 1126 4242; x_wconf 82' lang='lat' dir='ltr'><strong>plures</strong></span> <span class='ocrx_word' id='word_1_562' title='bbox 1155 4172 1342 4240; x_wconf 86' lang='lat' dir='ltr'><strong>partim</strong></span> <span class='ocrx_word' id='word_1_563' title='bbox 1369 4170 1587 4234; x_wconf 79' lang='lat' dir='ltr'><strong>nubilas,</strong></span> <span class='ocrx_word' id='word_1_564' title='bbox 1613 4171 1805 4236; x_wconf 88' lang='lat' dir='ltr'><strong>partim</strong></span> <span class='ocrx_word' id='word_1_565' title='bbox 1815 4174 1933 4242; x_wconf 85' lang='lat' dir='ltr'><strong>jam</strong></span> <span class='ocrx_word' id='word_1_566' title='bbox 1953 4171 2140 4239; x_wconf 87' lang='lat' dir='ltr'><strong>nuptui</strong></span> <span class='ocrx_word' id='word_1_567' title='bbox 2159 4168 2364 4223; x_wconf 75' lang='lat' dir='ltr'><strong>tradita:</strong></span> <span class='ocrx_word' id='word_1_568' title='bbox 2392 4177 2713 4237; x_wconf 83' lang='lat' dir='ltr'><strong>supererant,</strong></span> <span class='ocrx_word' id='word_1_569' title='bbox 2738 4169 2807 4223; x_wconf 88' lang='lat' dir='ltr'><strong>ad</strong></span> <span class='ocrx_word' id='word_1_570' title='bbox 2826 4186 3094 4226; x_wconf 88' lang='lat' dir='ltr'><strong>commune</strong></span> <span class='ocrx_word' id='word_1_571' title='bbox 3114 4173 3430 4227; x_wconf 64' lang='lat' dir='ltr'><strong>maerentium</strong></span> <span class='ocrx_word' id='word_1_572' title='bbox 3456 4171 3687 4224; x_wconf 86' lang='lat' dir='ltr'><strong>omnium</strong></span> <span class='ocrx_word' id='word_1_573' title='bbox 3712 4186 3841 4241; x_wconf 87' lang='lat' dir='ltr'><strong>per-</strong></span> 
     </span>
    </p>
   </div>
   <div class='ocr_carea' id='block_1_77' title="bbox 521 4259 3840 4339">
    <p class='ocr_par' dir='ltr' id='par_1_77' title="bbox 521 4259 3840 4339">
     <span class='ocr_line' id='line_1_77' title="bbox 521 4259 3840 4339; baseline -0.002 -18"><span class='ocrx_word' id='word_1_574' title='bbox 521 4268 722 4339; x_wconf 88' lang='lat' dir='ltr'><strong>fugium</strong></span> <span class='ocrx_word' id='word_1_575' title='bbox 747 4282 856 4320; x_wconf 87' lang='lat' dir='ltr'><strong>sese</strong></span> <span class='ocrx_word' id='word_1_576' title='bbox 889 4265 1128 4330; x_wconf 85' lang='lat' dir='ltr'><strong>contulit,</strong></span> <span class='ocrx_word' id='word_1_577' title='bbox 1159 4263 1349 4317; x_wconf 86' lang='lat' dir='ltr'><strong>scilicet</strong></span> <span class='ocrx_word' id='word_1_578' title='bbox 1377 4261 1718 4315; x_wconf 83' lang='lat' dir='ltr'><strong>Ambrosium.</strong></span> <span class='ocrx_word' id='word_1_579' title='bbox 1750 4260 1900 4314; x_wconf 84' lang='lat' dir='ltr'><strong>Hanc</strong></span> <span class='ocrx_word' id='word_1_580' title='bbox 1920 4261 1996 4313; x_wconf 83' lang='lat' dir='ltr'><strong>vir</strong></span> <span class='ocrx_word' id='word_1_581' title='bbox 2023 4268 2228 4314; x_wconf 87' lang='lat' dir='ltr'><strong>sanctus</strong></span> <span class='ocrx_word' id='word_1_582' title='bbox 2251 4276 2344 4331; x_wconf 89' lang='lat' dir='ltr'><strong>pro</strong></span> <span class='ocrx_word' id='word_1_583' title='bbox 2373 4276 2467 4315; x_wconf 90' lang='lat' dir='ltr'><strong>sua</strong></span> <span class='ocrx_word' id='word_1_584' title='bbox 2495 4261 2743 4331; x_wconf 77' lang='lat' dir='ltr'><strong>facultate</strong></span> <span class='ocrx_word' id='word_1_585' title='bbox 2762 4261 3077 4328; x_wconf 86' lang='lat' dir='ltr'><strong>consolatus,</strong></span> <span class='ocrx_word' id='word_1_586' title='bbox 3102 4261 3266 4316; x_wconf 89' lang='lat' dir='ltr'><strong>eidem</strong></span> <span class='ocrx_word' id='word_1_587' title='bbox 3293 4261 3448 4316; x_wconf 91' lang='lat' dir='ltr'><strong>etiam</strong></span> <span class='ocrx_word' id='word_1_588' title='bbox 3482 4268 3667 4314; x_wconf 90' lang='lat' dir='ltr'><strong>auctor</strong></span> <span class='ocrx_word' id='word_1_589' title='bbox 3709 4259 3840 4328; x_wconf 88' lang='lat' dir='ltr'><strong>fuit,</strong></span> 
     </span>
    </p>
   </div>
   <div class='ocr_carea' id='block_1_78' title="bbox 515 4349 3843 4428">
    <p class='ocr_par' dir='ltr' id='par_1_78' title="bbox 515 4349 3843 4428">
     <span class='ocr_line' id='line_1_78' title="bbox 515 4349 3843 4428; baseline -0.002 -17"><span class='ocrx_word' id='word_1_590' title='bbox 515 4367 574 4411; x_wconf 87' lang='lat' dir='ltr'><strong>ut</strong></span> <span class='ocrx_word' id='word_1_591' title='bbox 596 4365 876 4428; x_wconf 89' lang='lat' dir='ltr'><strong>temperata</strong></span> <span class='ocrx_word' id='word_1_592' title='bbox 896 4353 1146 4408; x_wconf 81' lang='lat' dir='ltr'><strong>maestitia:</strong></span> <span class='ocrx_word' id='word_1_593' title='bbox 1172 4352 1488 4406; x_wconf 76' lang='lat' dir='ltr'><strong>vehementia</strong></span> <span class='ocrx_word' id='word_1_594' title='bbox 1516 4360 1706 4404; x_wconf 80' lang='lat' dir='ltr'><strong>uestem</strong></span> <span class='ocrx_word' id='word_1_595' title='bbox 1734 4349 2026 4419; x_wconf 87' lang='lat' dir='ltr'><strong>lugubrem,</strong></span> <span class='ocrx_word' id='word_1_596' title='bbox 2059 4351 2180 4420; x_wconf 85' lang='lat' dir='ltr'><strong>quia</strong></span> <span class='ocrx_word' id='word_1_597' title='bbox 2221 4349 2433 4420; x_wconf 87' lang='lat' dir='ltr'><strong>fortassi</strong></span> <span class='ocrx_word' id='word_1_598' title='bbox 2460 4350 2788 4404; x_wconf 87' lang='lat' dir='ltr'><strong>constitutunt</strong></span> <span class='ocrx_word' id='word_1_599' title='bbox 2818 4349 2979 4404; x_wconf 88' lang='lat' dir='ltr'><strong>luctui</strong></span> <span class='ocrx_word' id='word_1_600' title='bbox 3001 4359 3199 4420; x_wconf 87' lang='lat' dir='ltr'><strong>tempus</strong></span> <span class='ocrx_word' id='word_1_601' title='bbox 3217 4352 3332 4423; x_wconf 87' lang='lat' dir='ltr'><strong>jam</strong></span> <span class='ocrx_word' id='word_1_602' title='bbox 3353 4350 3650 4421; x_wconf 88' lang='lat' dir='ltr'><strong>effluxerat,</strong></span> <span class='ocrx_word' id='word_1_603' title='bbox 3676 4353 3843 4421; x_wconf 88' lang='lat' dir='ltr'><strong>depo-</strong></span> 
     </span>
    </p>
   </div>
   <div class='ocr_carea' id='block_1_79' title="bbox 514 4439 3844 4513">
    <p class='ocr_par' dir='ltr' id='par_1_79' title="bbox 514 4439 3844 4513">
     <span class='ocr_line' id='line_1_79' title="bbox 514 4439 3844 4513; baseline -0.003 -9"><span class='ocrx_word' id='word_1_604' title='bbox 514 4459 677 4504; x_wconf 88' lang='lat' dir='ltr'><strong>neret.</strong></span> <span class='ocrx_word' id='word_1_605' title='bbox 717 4446 885 4503; x_wconf 84' lang='lat' dir='ltr'><strong>Vidua</strong></span> <span class='ocrx_word' id='word_1_606' title='bbox 913 4446 1007 4500; x_wconf 89' lang='lat' dir='ltr'><strong>illa</strong></span> <span class='ocrx_word' id='word_1_607' title='bbox 1027 4458 1139 4508; x_wconf 73' lang='lat' dir='ltr'><strong>qua:</strong></span> <span class='ocrx_word' id='word_1_608' title='bbox 1161 4443 1254 4497; x_wconf 87' lang='lat' dir='ltr'><strong>sub</strong></span> <span class='ocrx_word' id='word_1_609' title='bbox 1279 4441 1426 4513; x_wconf 90' lang='lat' dir='ltr'><strong>pullo</strong></span> <span class='ocrx_word' id='word_1_610' title='bbox 1449 4449 1670 4511; x_wconf 86' lang='lat' dir='ltr'><strong>syrmate</strong></span> <span class='ocrx_word' id='word_1_611' title='bbox 1695 4440 1973 4510; x_wconf 84' lang='lat' dir='ltr'><strong>voluptatis</strong></span> <span class='ocrx_word' id='word_1_612' title='bbox 2000 4455 2227 4494; x_wconf 85' lang='lat' dir='ltr'><strong>amorem</strong></span> <span class='ocrx_word' id='word_1_613' title='bbox 2253 4439 2617 4504; x_wconf 86' lang='lat' dir='ltr'><strong>occultaverat,</strong></span> <span class='ocrx_word' id='word_1_614' title='bbox 2638 4439 2979 4494; x_wconf 83' lang='lat' dir='ltr'><strong>Ambrosiana</strong></span> <span class='ocrx_word' id='word_1_615' title='bbox 2997 4439 3150 4495; x_wconf 81' lang='lat' dir='ltr'><strong>verba</strong></span> <span class='ocrx_word' id='word_1_616' title='bbox 3176 4440 3230 4494; x_wconf 85' lang='lat' dir='ltr'><strong>in</strong></span> <span class='ocrx_word' id='word_1_617' title='bbox 3256 4439 3553 4512; x_wconf 84' lang='lat' dir='ltr'><strong>cupiditatis</strong></span> <span class='ocrx_word' id='word_1_618' title='bbox 3574 4454 3684 4493; x_wconf 81' lang='lat' dir='ltr'><strong>sua:</strong></span> <span class='ocrx_word' id='word_1_619' title='bbox 3710 4455 3844 4510; x_wconf 86' lang='lat' dir='ltr'><strong>gra-</strong></span> 
     </span>
    </p>
   </div>
   <div class='ocr_carea' id='block_1_80' title="bbox 513 4528 3845 4608">
    <p class='ocr_par' dir='ltr' id='par_1_80' title="bbox 513 4528 3845 4608">
     <span class='ocr_line' id='line_1_80' title="bbox 513 4528 3845 4608; baseline -0.003 -15"><span class='ocrx_word' id='word_1_620' title='bbox 513 4539 639 4594; x_wconf 87' lang='lat' dir='ltr'><strong>tiam</strong></span> <span class='ocrx_word' id='word_1_621' title='bbox 659 4539 1023 4608; x_wconf 88' lang='lat' dir='ltr'><strong>interpretans,</strong></span> <span class='ocrx_word' id='word_1_622' title='bbox 1057 4530 1186 4586; x_wconf 80' lang='lat' dir='ltr'><strong>nihil</strong></span> <span class='ocrx_word' id='word_1_623' title='bbox 1207 4531 1352 4585; x_wconf 87' lang='lat' dir='ltr'><strong>aliud</strong></span> <span class='ocrx_word' id='word_1_624' title='bbox 1383 4530 1483 4583; x_wconf 83' lang='lat' dir='ltr'><strong>nisi</strong></span> <span class='ocrx_word' id='word_1_625' title='bbox 1513 4529 1844 4584; x_wconf 85' lang='lat' dir='ltr'><strong>adornandas</strong></span> <span class='ocrx_word' id='word_1_626' title='bbox 1873 4544 2032 4584; x_wconf 84' lang='lat' dir='ltr'><strong>novas</strong></span> <span class='ocrx_word' id='word_1_627' title='bbox 2052 4530 2260 4600; x_wconf 86' lang='lat' dir='ltr'><strong>nuptias</strong></span> <span class='ocrx_word' id='word_1_628' title='bbox 2289 4529 2535 4602; x_wconf 87' lang='lat' dir='ltr'><strong>agitabat.</strong></span> <span class='ocrx_word' id='word_1_629' title='bbox 2563 4528 2684 4584; x_wconf 83' lang='lat' dir='ltr'><strong>Non</strong></span> <span class='ocrx_word' id='word_1_630' title='bbox 2709 4530 2844 4601; x_wconf 87' lang='lat' dir='ltr'><strong>fugit</strong></span> <span class='ocrx_word' id='word_1_631' title='bbox 2884 4531 2982 4585; x_wconf 88' lang='lat' dir='ltr'><strong>hoc</strong></span> <span class='ocrx_word' id='word_1_632' title='bbox 3009 4540 3244 4585; x_wconf 89' lang='lat' dir='ltr'><strong>sanctum</strong></span> <span class='ocrx_word' id='word_1_633' title='bbox 3276 4529 3595 4597; x_wconf 72' lang='lat' dir='ltr'><strong>Prwsulem;</strong></span> <span class='ocrx_word' id='word_1_634' title='bbox 3615 4546 3845 4602; x_wconf 83' lang='lat' dir='ltr'><strong>cumque</strong></span> 
     </span>
    </p>
   </div>
   <div class='ocr_carea' id='block_1_81' title="bbox 515 4621 3844 4704">
    <p class='ocr_par' dir='ltr' id='par_1_81' title="bbox 515 4621 3844 4704">
     <span class='ocr_line' id='line_1_81' title="bbox 515 4621 3844 4704; baseline -0.002 -17"><span class='ocrx_word' id='word_1_635' title='bbox 515 4629 980 4704; x_wconf 84' lang='lat' dir='ltr'><strong>perspectissimum</strong></span> <span class='ocrx_word' id='word_1_636' title='bbox 1010 4625 1213 4678; x_wconf 87' lang='lat' dir='ltr'><strong>haberet</strong></span> <span class='ocrx_word' id='word_1_637' title='bbox 1249 4633 1372 4693; x_wconf 89' lang='lat' dir='ltr'><strong>quot</strong></span> <span class='ocrx_word' id='word_1_638' title='bbox 1401 4621 1559 4688; x_wconf 89' lang='lat' dir='ltr'><strong>mala,</strong></span> <span class='ocrx_word' id='word_1_639' title='bbox 1601 4623 1748 4689; x_wconf 64' lang='lat' dir='ltr'><strong>rixae,</strong></span> <span class='ocrx_word' id='word_1_640' title='bbox 1782 4621 1916 4687; x_wconf 87' lang='lat' dir='ltr'><strong>lites,</strong></span> <span class='ocrx_word' id='word_1_641' title='bbox 1946 4623 2250 4689; x_wconf 62' lang='lat' dir='ltr'><strong>inimicitias,</strong></span> <span class='ocrx_word' id='word_1_642' title='bbox 2287 4624 2406 4678; x_wconf 88' lang='lat' dir='ltr'><strong>hinc</strong></span> <span class='ocrx_word' id='word_1_643' title='bbox 2435 4624 2721 4678; x_wconf 87' lang='lat' dir='ltr'><strong>necessario</strong></span> <span class='ocrx_word' id='word_1_644' title='bbox 2741 4632 2904 4679; x_wconf 88' lang='lat' dir='ltr'><strong>essent</strong></span> <span class='ocrx_word' id='word_1_645' title='bbox 2926 4624 3167 4690; x_wconf 72' lang='lat' dir='ltr'><strong>oritura;</strong></span> <span class='ocrx_word' id='word_1_646' title='bbox 3203 4634 3258 4678; x_wconf 89' lang='lat' dir='ltr'><strong>ut</strong></span> <span class='ocrx_word' id='word_1_647' title='bbox 3285 4623 3441 4678; x_wconf 85' lang='lat' dir='ltr'><strong>simul</strong></span> <span class='ocrx_word' id='word_1_648' title='bbox 3466 4623 3681 4690; x_wconf 62' lang='lat' dir='ltr'><strong>etillud</strong></span> <span class='ocrx_word' id='word_1_649' title='bbox 3707 4641 3844 4680; x_wconf 88' lang='lat' dir='ltr'><strong>con-</strong></span> 
     </span>
    </p>
   </div>
   <div class='ocr_carea' id='block_1_82' title="bbox 501 4715 3839 4799">
    <p class='ocr_par' dir='ltr' id='par_1_82' title="bbox 501 4715 3839 4799">
     <span class='ocr_line' id='line_1_82' title="bbox 501 4715 3839 4799; baseline -0.002 -19"><span class='ocrx_word' id='word_1_650' title='bbox 501 4725 710 4799; x_wconf 88' lang='lat' dir='ltr'><strong>jugium</strong></span> <span class='ocrx_word' id='word_1_651' title='bbox 736 4720 1080 4784; x_wconf 88' lang='lat' dir='ltr'><strong>dissuaderet,</strong></span> <span class='ocrx_word' id='word_1_652' title='bbox 1109 4728 1156 4774; x_wconf 86' lang='lat' dir='ltr'><strong>et</strong></span> <span class='ocrx_word' id='word_1_653' title='bbox 1181 4717 1526 4786; x_wconf 84' lang='lat' dir='ltr'><strong>suspicionem</strong></span> <span class='ocrx_word' id='word_1_654' title='bbox 1555 4715 1691 4770; x_wconf 77' lang='lat' dir='ltr'><strong>data:</strong></span> <span class='ocrx_word' id='word_1_655' title='bbox 1729 4717 2116 4787; x_wconf 86' lang='lat' dir='ltr'><strong>approbationis</strong></span> <span class='ocrx_word' id='word_1_656' title='bbox 2145 4717 2234 4774; x_wconf 88' lang='lat' dir='ltr'><strong>abs</strong></span> <span class='ocrx_word' id='word_1_657' title='bbox 2255 4735 2307 4772; x_wconf 90' lang='lat' dir='ltr'><strong>se</strong></span> <span class='ocrx_word' id='word_1_658' title='bbox 2334 4729 2635 4787; x_wconf 80' lang='lat' dir='ltr'><strong>removeret,</strong></span> <span class='ocrx_word' id='word_1_659' title='bbox 2673 4719 2984 4775; x_wconf 70' lang='lat' dir='ltr'><strong>Christianae</strong></span> <span class='ocrx_word' id='word_1_660' title='bbox 3020 4720 3284 4776; x_wconf 84' lang='lat' dir='ltr'><strong>viduitatis</strong></span> <span class='ocrx_word' id='word_1_661' title='bbox 3312 4719 3670 4777; x_wconf 86' lang='lat' dir='ltr'><strong>excellentiam</strong></span> <span class='ocrx_word' id='word_1_662' title='bbox 3691 4735 3839 4790; x_wconf 73' lang='lat' dir='ltr'><strong>prte-</strong></span> 
     </span>
    </p>
   </div>
   <div class='ocr_carea' id='block_1_83' title="bbox 508 4808 2334 4885">
    <p class='ocr_par' dir='ltr' id='par_1_83' title="bbox 508 4808 2334 4885">
     <span class='ocr_line' id='line_1_83' title="bbox 508 4808 2334 4885; baseline -0.006 -12"><span class='ocrx_word' id='word_1_663' title='bbox 508 4818 704 4884; x_wconf 84' lang='lat' dir='ltr'><strong>dicare,</strong></span> <span class='ocrx_word' id='word_1_664' title='bbox 737 4824 886 4885; x_wconf 87' lang='lat' dir='ltr'><strong>atque</strong></span> <span class='ocrx_word' id='word_1_665' title='bbox 911 4812 980 4866; x_wconf 85' lang='lat' dir='ltr'><strong>ad</strong></span> <span class='ocrx_word' id='word_1_666' title='bbox 1009 4809 1278 4865; x_wconf 88' lang='lat' dir='ltr'><strong>colendam</strong></span> <span class='ocrx_word' id='word_1_667' title='bbox 1305 4824 1416 4863; x_wconf 90' lang='lat' dir='ltr'><strong>eam</strong></span> <span class='ocrx_word' id='word_1_668' title='bbox 1442 4809 1623 4863; x_wconf 82' lang='lat' dir='ltr'><strong>viduas</strong></span> <span class='ocrx_word' id='word_1_669' title='bbox 1650 4808 1913 4862; x_wconf 87' lang='lat' dir='ltr'><strong>cohortari</strong></span> <span class='ocrx_word' id='word_1_670' title='bbox 1939 4824 2212 4880; x_wconf 84' lang='lat' dir='ltr'><strong>aggressus</strong></span> <span class='ocrx_word' id='word_1_671' title='bbox 2239 4819 2334 4863; x_wconf 86' lang='lat' dir='ltr'><strong>est.</strong></span> 
     </span>
    </p>
   </div>
   <div class='ocr_carea' id='block_1_84' title="bbox 578 4902 3842 4979">
    <p class='ocr_par' dir='ltr' id='par_1_84' title="bbox 578 4902 3842 4979">
     <span class='ocr_line' id='line_1_84' title="bbox 578 4902 3842 4979; baseline -0.001 -15"><span class='ocrx_word' id='word_1_672' title='bbox 578 4907 852 4979; x_wconf 87' lang='lat' dir='ltr'><strong>Principio</strong></span> <span class='ocrx_word' id='word_1_673' title='bbox 882 4907 1042 4979; x_wconf 84' lang='lat' dir='ltr'><strong>igitur</strong></span> <span class='ocrx_word' id='word_1_674' title='bbox 1067 4904 1304 4977; x_wconf 79' lang='lat' dir='ltr'><strong>proxime</strong></span> <span class='ocrx_word' id='word_1_675' title='bbox 1331 4903 1398 4957; x_wconf 88' lang='lat' dir='ltr'><strong>ad</strong></span> <span class='ocrx_word' id='word_1_676' title='bbox 1426 4903 1766 4977; x_wconf 84' lang='lat' dir='ltr'><strong>virginitatem</strong></span> <span class='ocrx_word' id='word_1_677' title='bbox 1793 4903 2036 4959; x_wconf 75' lang='lat' dir='ltr'><strong>accedere</strong></span> <span class='ocrx_word' id='word_1_678' title='bbox 2061 4905 2325 4959; x_wconf 82' lang='lat' dir='ltr'><strong>viduitatis</strong></span> <span class='ocrx_word' id='word_1_679' title='bbox 2345 4905 2739 4977; x_wconf 86' lang='lat' dir='ltr'><strong>professionem,</strong></span> <span class='ocrx_word' id='word_1_680' title='bbox 2773 4921 2865 4961; x_wconf 86' lang='lat' dir='ltr'><strong>nec</strong></span> <span class='ocrx_word' id='word_1_681' title='bbox 2887 4922 2989 4962; x_wconf 84' lang='lat' dir='ltr'><strong>non</strong></span> <span class='ocrx_word' id='word_1_682' title='bbox 3010 4905 3340 4961; x_wconf 87' lang='lat' dir='ltr'><strong>matrimonio</strong></span> <span class='ocrx_word' id='word_1_683' title='bbox 3367 4905 3517 4976; x_wconf 88' lang='lat' dir='ltr'><strong>longe</strong></span> <span class='ocrx_word' id='word_1_684' title='bbox 3535 4902 3842 4975; x_wconf 70' lang='lat' dir='ltr'><strong>praecellere</strong></span> 
     </span>
    </p>
   </div>
   <div class='ocr_carea' id='block_1_85' title="bbox 502 4993 3839 5074">
    <p class='ocr_par' dir='ltr' id='par_1_85' title="bbox 502 4993 3839 5074">
     <span class='ocr_line' id='line_1_85' title="bbox 502 4993 3839 5074; baseline -0.004 -15"><span class='ocrx_word' id='word_1_685' title='bbox 502 5013 757 5059; x_wconf 85' lang='lat' dir='ltr'><strong>asseverat</strong></span> <span class='ocrx_word' id='word_1_686' title='bbox 782 5001 938 5074; x_wconf 89' lang='lat' dir='ltr'><strong>(Cap.</strong></span> <span class='ocrx_word' id='word_1_687' title='bbox 974 5000 1053 5074; x_wconf 79' lang='grc'><strong>1).</strong></span> <span class='ocrx_word' id='word_1_688' title='bbox 1084 4999 1259 5072; x_wconf 85' lang='lat' dir='ltr'><strong>Hujus</strong></span> <span class='ocrx_word' id='word_1_689' title='bbox 1281 4999 1356 5054; x_wconf 85' lang='lat' dir='ltr'><strong>rei</strong></span> <span class='ocrx_word' id='word_1_690' title='bbox 1382 5009 1735 5068; x_wconf 86' lang='lat' dir='ltr'><strong>argumentum</strong></span> <span class='ocrx_word' id='word_1_691' title='bbox 1758 5003 1956 5070; x_wconf 88' lang='lat' dir='ltr'><strong>profert</strong></span> <span class='ocrx_word' id='word_1_692' title='bbox 1996 5014 2097 5052; x_wconf 88' lang='lat' dir='ltr'><strong>non</strong></span> <span class='ocrx_word' id='word_1_693' title='bbox 2139 4998 2291 5051; x_wconf 90' lang='lat' dir='ltr'><strong>modo</strong></span> <span class='ocrx_word' id='word_1_694' title='bbox 2334 4997 2690 5068; x_wconf 84' lang='lat' dir='ltr'><strong>Apostolicum</strong></span> <span class='ocrx_word' id='word_1_695' title='bbox 2731 4998 3099 5066; x_wconf 88' lang='lat' dir='ltr'><strong>testimonium,</strong></span> <span class='ocrx_word' id='word_1_696' title='bbox 3136 5012 3313 5051; x_wconf 82' lang='lat' dir='ltr'><strong>verum</strong></span> <span class='ocrx_word' id='word_1_697' title='bbox 3351 4997 3506 5051; x_wconf 88' lang='lat' dir='ltr'><strong>etiam</strong></span> <span class='ocrx_word' id='word_1_698' title='bbox 3536 4993 3839 5065; x_wconf 83' lang='lat' dir='ltr'><strong>exemplum</strong></span> 
     </span>
    </p>
   </div>
   <div class='ocr_carea' id='block_1_86' title="bbox 501 5084 3841 5163">
    <p class='ocr_par' dir='ltr' id='par_1_86' title="bbox 501 5084 3841 5163">
     <span class='ocr_line' id='line_1_86' title="bbox 501 5084 3841 5163; baseline -0.003 -15"><span class='ocrx_word' id='word_1_699' title='bbox 501 5093 672 5149; x_wconf 78' lang='lat' dir='ltr'><strong>vidua:</strong></span> <span class='ocrx_word' id='word_1_700' title='bbox 702 5093 1010 5163; x_wconf 74' lang='lat' dir='ltr'><strong>Sareptanae</strong></span> <span class='ocrx_word' id='word_1_701' title='bbox 1038 5088 1227 5162; x_wconf 86' lang='lat' dir='ltr'><strong>(Num.</strong></span> <span class='ocrx_word' id='word_1_702' title='bbox 1253 5091 1308 5156; x_wconf 79' lang='grc'><strong>5,</strong></span> <span class='ocrx_word' id='word_1_703' title='bbox 1341 5099 1388 5142; x_wconf 92' lang='lat' dir='ltr'><strong>et</strong></span> <span class='ocrx_word' id='word_1_704' title='bbox 1413 5087 1544 5159; x_wconf 86' lang='lat' dir='ltr'><strong>seq.)</strong></span> <span class='ocrx_word' id='word_1_705' title='bbox 1573 5103 1590 5142; x_wconf 93' lang='lat'><em>:</em></span> <span class='ocrx_word' id='word_1_706' title='bbox 1614 5091 1763 5160; x_wconf 82' lang='lat' dir='ltr'><strong>cujus</strong></span> <span class='ocrx_word' id='word_1_707' title='bbox 1790 5088 2073 5141; x_wconf 77' lang='lat' dir='ltr'><strong>castitatem</strong></span> <span class='ocrx_word' id='word_1_708' title='bbox 2101 5103 2206 5140; x_wconf 86' lang='lat' dir='ltr'><strong>non</strong></span> <span class='ocrx_word' id='word_1_709' title='bbox 2235 5087 2522 5141; x_wconf 88' lang='lat' dir='ltr'><strong>solitariam</strong></span> <span class='ocrx_word' id='word_1_710' title='bbox 2543 5088 2818 5155; x_wconf 82' lang='lat' dir='ltr'><strong>exstitisse,</strong></span> <span class='ocrx_word' id='word_1_711' title='bbox 2851 5088 2942 5143; x_wconf 86' lang='lat' dir='ltr'><strong>sed</strong></span> <span class='ocrx_word' id='word_1_712' title='bbox 2974 5088 3210 5158; x_wconf 88' lang='lat' dir='ltr'><strong>pluribus</strong></span> <span class='ocrx_word' id='word_1_713' title='bbox 3230 5086 3373 5152; x_wconf 87' lang='lat' dir='ltr'><strong>aliis,</strong></span> <span class='ocrx_word' id='word_1_714' title='bbox 3416 5093 3540 5152; x_wconf 84' lang='lat' dir='ltr'><strong>puta</strong></span> <span class='ocrx_word' id='word_1_715' title='bbox 3559 5084 3841 5155; x_wconf 85' lang='lat' dir='ltr'><strong>hospitali-</strong></span> 
     </span>
    </p>
   </div>
   <div class='ocr_carea' id='block_1_87' title="bbox 501 5172 3837 5256">
    <p class='ocr_par' dir='ltr' id='par_1_87' title="bbox 501 5172 3837 5256">
     <span class='ocr_line' id='line_1_87' title="bbox 501 5172 3837 5256; baseline -0.004 -15"><span class='ocrx_word' id='word_1_716' title='bbox 501 5194 604 5243; x_wconf 85' lang='lat' dir='ltr'><strong>tate</strong></span> <span class='ocrx_word' id='word_1_717' title='bbox 628 5203 688 5241; x_wconf 87' lang='lat' dir='ltr'><strong>ac</strong></span> <span class='ocrx_word' id='word_1_718' title='bbox 719 5187 927 5256; x_wconf 87' lang='lat' dir='ltr'><strong>pietate,</strong></span> <span class='ocrx_word' id='word_1_719' title='bbox 957 5184 1201 5254; x_wconf 90' lang='lat' dir='ltr'><strong>stipatam</strong></span> <span class='ocrx_word' id='word_1_720' title='bbox 1222 5181 1390 5235; x_wconf 89' lang='lat' dir='ltr'><strong>docet.</strong></span> <span class='ocrx_word' id='word_1_721' title='bbox 1423 5179 1685 5234; x_wconf 85' lang='lat' dir='ltr'><strong>Enarrata</strong></span> <span class='ocrx_word' id='word_1_722' title='bbox 1711 5178 1993 5234; x_wconf 88' lang='lat' dir='ltr'><strong>secundum</strong></span> <span class='ocrx_word' id='word_1_723' title='bbox 2019 5178 2266 5232; x_wconf 89' lang='lat' dir='ltr'><strong>moralem</strong></span> <span class='ocrx_word' id='word_1_724' title='bbox 2289 5186 2336 5231; x_wconf 88' lang='lat' dir='ltr'><strong>et</strong></span> <span class='ocrx_word' id='word_1_725' title='bbox 2358 5180 2630 5248; x_wconf 83' lang='lat' dir='ltr'><strong>mysticum</strong></span> <span class='ocrx_word' id='word_1_726' title='bbox 2658 5193 2860 5232; x_wconf 89' lang='lat' dir='ltr'><strong>sensum</strong></span> <span class='ocrx_word' id='word_1_727' title='bbox 2890 5178 2986 5231; x_wconf 90' lang='lat' dir='ltr'><strong>hac</strong></span> <span class='ocrx_word' id='word_1_728' title='bbox 3017 5177 3256 5244; x_wconf 85' lang='lat' dir='ltr'><strong>historia,</strong></span> <span class='ocrx_word' id='word_1_729' title='bbox 3297 5175 3482 5230; x_wconf 90' lang='lat' dir='ltr'><strong>transit</strong></span> <span class='ocrx_word' id='word_1_730' title='bbox 3511 5174 3581 5228; x_wconf 86' lang='lat' dir='ltr'><strong>ad</strong></span> <span class='ocrx_word' id='word_1_731' title='bbox 3622 5172 3837 5228; x_wconf 83' lang='lat' dir='ltr'><strong>Annam</strong></span> 
     </span>
    </p>
   </div>
   <div class='ocr_carea' id='block_1_88' title="bbox 503 5268 3833 5346">
    <p class='ocr_par' dir='ltr' id='par_1_88' title="bbox 503 5268 3833 5346">
     <span class='ocr_line' id='line_1_88' title="bbox 503 5268 3833 5346; baseline -0.002 -18"><span class='ocrx_word' id='word_1_732' title='bbox 503 5274 862 5346; x_wconf 83' lang='lat' dir='ltr'><strong>prophetidem</strong></span> <span class='ocrx_word' id='word_1_733' title='bbox 893 5271 1046 5345; x_wconf 88' lang='lat' dir='ltr'><strong>(Cap.</strong></span> <span class='ocrx_word' id='word_1_734' title='bbox 1064 5273 1142 5342; x_wconf 76' lang='grc'><strong>4),</strong></span> <span class='ocrx_word' id='word_1_735' title='bbox 1173 5288 1205 5324; x_wconf 89' lang='grc' dir='ltr'><em>α</em></span> <span class='ocrx_word' id='word_1_736' title='bbox 1231 5287 1334 5340; x_wconf 89' lang='lat' dir='ltr'><strong>qua</strong></span> <span class='ocrx_word' id='word_1_737' title='bbox 1363 5269 1548 5323; x_wconf 85' lang='lat' dir='ltr'><strong>deinde</strong></span> <span class='ocrx_word' id='word_1_738' title='bbox 1564 5271 1632 5323; x_wconf 88' lang='lat' dir='ltr'><strong>ad</strong></span> <span class='ocrx_word' id='word_1_739' title='bbox 1655 5285 1768 5322; x_wconf 91' lang='lat' dir='ltr'><strong>eam</strong></span> <span class='ocrx_word' id='word_1_740' title='bbox 1787 5269 2014 5334; x_wconf 81' lang='lat' dir='ltr'><strong>viduam,</strong></span> <span class='ocrx_word' id='word_1_741' title='bbox 2034 5270 2182 5336; x_wconf 87' lang='lat' dir='ltr'><strong>cujus</strong></span> <span class='ocrx_word' id='word_1_742' title='bbox 2211 5268 2441 5323; x_wconf 84' lang='lat' dir='ltr'><strong>immissa</strong></span> <span class='ocrx_word' id='word_1_743' title='bbox 2467 5270 2521 5322; x_wconf 87' lang='lat' dir='ltr'><strong>in</strong></span> <span class='ocrx_word' id='word_1_744' title='bbox 2547 5269 2976 5340; x_wconf 80' lang='lat' dir='ltr'><strong>gazophylacium</strong></span> <span class='ocrx_word' id='word_1_745' title='bbox 3001 5271 3105 5322; x_wconf 88' lang='lat' dir='ltr'><strong>duo</strong></span> <span class='ocrx_word' id='word_1_746' title='bbox 3131 5269 3334 5323; x_wconf 87' lang='lat' dir='ltr'><strong>minuta</strong></span> <span class='ocrx_word' id='word_1_747' title='bbox 3357 5268 3528 5324; x_wconf 86' lang='lat' dir='ltr'><strong>Lucas</strong></span> <span class='ocrx_word' id='word_1_748' title='bbox 3548 5277 3833 5333; x_wconf 85' lang='lat' dir='ltr'><strong>memorat,</strong></span> 
     </span>
    </p>
   </div>
   <div class='ocr_carea' id='block_1_89' title="bbox 499 5355 3835 5437">
    <p class='ocr_par' dir='ltr' id='par_1_89' title="bbox 499 5355 3835 5437">
     <span class='ocr_line' id='line_1_89' title="bbox 499 5355 3835 5437; baseline -0.002 -19"><span class='ocrx_word' id='word_1_749' title='bbox 499 5365 721 5437; x_wconf 83' lang='lat' dir='ltr'><strong>gradum</strong></span> <span class='ocrx_word' id='word_1_750' title='bbox 752 5363 877 5435; x_wconf 88' lang='lat' dir='ltr'><strong>facit</strong></span> <span class='ocrx_word' id='word_1_751' title='bbox 906 5360 1058 5434; x_wconf 90' lang='lat' dir='ltr'><strong>(Cap.</strong></span> <span class='ocrx_word' id='word_1_752' title='bbox 1094 5358 1173 5431; x_wconf 83' lang='lat'><strong>5).</strong></span> <span class='ocrx_word' id='word_1_753' title='bbox 1205 5358 1398 5414; x_wconf 89' lang='lat' dir='ltr'><strong>Postea</strong></span> <span class='ocrx_word' id='word_1_754' title='bbox 1427 5358 1664 5412; x_wconf 88' lang='lat' dir='ltr'><strong>decursis</strong></span> <span class='ocrx_word' id='word_1_755' title='bbox 1689 5357 1883 5426; x_wconf 90' lang='lat' dir='ltr'><strong>aliquot</strong></span> <span class='ocrx_word' id='word_1_756' title='bbox 1914 5358 2094 5411; x_wconf 88' lang='lat' dir='ltr'><strong>veteris</strong></span> <span class='ocrx_word' id='word_1_757' title='bbox 2124 5355 2438 5412; x_wconf 85' lang='lat' dir='ltr'><strong>Testamenti</strong></span> <span class='ocrx_word' id='word_1_758' title='bbox 2457 5358 2729 5429; x_wconf 58' lang='lat' dir='ltr'><strong>exemﬂis,</strong></span> <span class='ocrx_word' id='word_1_759' title='bbox 2786 5359 3029 5413; x_wconf 88' lang='lat' dir='ltr'><strong>nimirum</strong></span> <span class='ocrx_word' id='word_1_760' title='bbox 3085 5357 3276 5414; x_wconf 89' lang='lat' dir='ltr'><strong>Noemi</strong></span> <span class='ocrx_word' id='word_1_761' title='bbox 3314 5357 3468 5431; x_wconf 90' lang='lat' dir='ltr'><strong>(Cap.</strong></span> <span class='ocrx_word' id='word_1_762' title='bbox 3490 5357 3835 5430; x_wconf 77' lang='lat' dir='ltr'><strong>ﬁ),Juditha:</strong></span> 
     </span>
    </p>
   </div>
   <div class='ocr_carea' id='block_1_90' title="bbox 496 5445 3831 5527">
    <p class='ocr_par' dir='ltr' id='par_1_90' title="bbox 496 5445 3831 5527">
     <span class='ocr_line' id='line_1_90' title="bbox 496 5445 3831 5527; baseline -0.002 -18"><span class='ocrx_word' id='word_1_763' title='bbox 496 5452 654 5527; x_wconf 87' lang='lat' dir='ltr'><strong>(Cap.</strong></span> <span class='ocrx_word' id='word_1_764' title='bbox 683 5452 738 5524; x_wconf 92' lang='lat'><strong>7)</strong></span> <span class='ocrx_word' id='word_1_765' title='bbox 759 5462 907 5523; x_wconf 90' lang='lat' dir='ltr'><strong>atque</strong></span> <span class='ocrx_word' id='word_1_766' title='bbox 940 5450 1153 5505; x_wconf 73' lang='lat' dir='ltr'><strong>Debora:</strong></span> <span class='ocrx_word' id='word_1_767' title='bbox 1174 5446 1332 5519; x_wconf 90' lang='lat' dir='ltr'><strong>(Cap.</strong></span> <span class='ocrx_word' id='word_1_768' title='bbox 1366 5445 1446 5519; x_wconf 88' lang='lat'><strong>8),</strong></span> <span class='ocrx_word' id='word_1_769' title='bbox 1484 5448 1719 5516; x_wconf 87' lang='lat' dir='ltr'><strong>ipsarum</strong></span> <span class='ocrx_word' id='word_1_770' title='bbox 1756 5445 1999 5501; x_wconf 81' lang='lat' dir='ltr'><strong>historias</strong></span> <span class='ocrx_word' id='word_1_771' title='bbox 2039 5456 2084 5500; x_wconf 92' lang='lat' dir='ltr'><strong>et</strong></span> <span class='ocrx_word' id='word_1_772' title='bbox 2129 5447 2392 5501; x_wconf 88' lang='lat' dir='ltr'><strong>moraliter</strong></span> <span class='ocrx_word' id='word_1_773' title='bbox 2435 5456 2481 5500; x_wconf 90' lang='lat' dir='ltr'><strong>et</strong></span> <span class='ocrx_word' id='word_1_774' title='bbox 2524 5449 2756 5520; x_wconf 81' lang='lat' dir='ltr'><strong>mystice,</strong></span> <span class='ocrx_word' id='word_1_775' title='bbox 2786 5448 2952 5504; x_wconf 76' lang='lat' dir='ltr'><strong>Anna:</strong></span> <span class='ocrx_word' id='word_1_776' title='bbox 2977 5458 3146 5505; x_wconf 89' lang='lat' dir='ltr'><strong>tamen</strong></span> <span class='ocrx_word' id='word_1_777' title='bbox 3177 5451 3391 5522; x_wconf 84' lang='lat' dir='ltr'><strong>mystice</strong></span> <span class='ocrx_word' id='word_1_778' title='bbox 3429 5459 3650 5518; x_wconf 85' lang='lat' dir='ltr'><strong>tantum,</strong></span> <span class='ocrx_word' id='word_1_779' title='bbox 3681 5450 3831 5504; x_wconf 82' lang='lat' dir='ltr'><strong>edis-</strong></span> 
     </span>
    </p>
   </div>
   <div class='ocr_carea' id='block_1_91' title="bbox 491 5535 3831 5615">
    <p class='ocr_par' dir='ltr' id='par_1_91' title="bbox 491 5535 3831 5615">
     <span class='ocr_line' id='line_1_91' title="bbox 491 5535 3831 5615; baseline -0.002 -14"><span class='ocrx_word' id='word_1_780' title='bbox 491 5549 635 5604; x_wconf 89' lang='lat' dir='ltr'><strong>serit.</strong></span> <span class='ocrx_word' id='word_1_781' title='bbox 662 5545 819 5601; x_wconf 88' lang='lat' dir='ltr'><strong>Libro</strong></span> <span class='ocrx_word' id='word_1_782' title='bbox 847 5544 1064 5614; x_wconf 86' lang='lat' dir='ltr'><strong>denique</strong></span> <span class='ocrx_word' id='word_1_783' title='bbox 1086 5551 1202 5615; x_wconf 91' lang='lat' dir='ltr'><strong>post</strong></span> <span class='ocrx_word' id='word_1_784' title='bbox 1223 5541 1514 5610; x_wconf 88' lang='lat' dir='ltr'><strong>expositam</strong></span> <span class='ocrx_word' id='word_1_785' title='bbox 1547 5539 1610 5592; x_wconf 88' lang='lat' dir='ltr'><strong>de</strong></span> <span class='ocrx_word' id='word_1_786' title='bbox 1640 5553 1791 5592; x_wconf 88' lang='lat' dir='ltr'><strong>socru</strong></span> <span class='ocrx_word' id='word_1_787' title='bbox 1817 5538 1948 5606; x_wconf 89' lang='lat' dir='ltr'><strong>petri</strong></span> <span class='ocrx_word' id='word_1_788' title='bbox 1979 5539 2326 5592; x_wconf 88' lang='lat' dir='ltr'><strong>narrationem</strong></span> <span class='ocrx_word' id='word_1_789' title='bbox 2353 5535 2507 5610; x_wconf 89' lang='lat' dir='ltr'><strong>(Cap.</strong></span> <span class='ocrx_word' id='word_1_790' title='bbox 2533 5537 2589 5605; x_wconf 89' lang='lat'><strong>9,</strong></span> <span class='ocrx_word' id='word_1_791' title='bbox 2619 5554 2763 5593; x_wconf 88' lang='lat' dir='ltr'><strong>num.</strong></span> <span class='ocrx_word' id='word_1_792' title='bbox 2790 5537 2883 5611; x_wconf 77' lang='lat'><strong>55)</strong></span> <span class='ocrx_word' id='word_1_793' title='bbox 2914 5541 2983 5596; x_wconf 90' lang='lat' dir='ltr'><strong>ad</strong></span> <span class='ocrx_word' id='word_1_794' title='bbox 3011 5540 3313 5595; x_wconf 87' lang='lat' dir='ltr'><strong>umbilicum</strong></span> <span class='ocrx_word' id='word_1_795' title='bbox 3341 5540 3612 5612; x_wconf 86' lang='lat' dir='ltr'><strong>perducto,</strong></span> <span class='ocrx_word' id='word_1_796' title='bbox 3642 5539 3831 5593; x_wconf 78' lang='lat' dir='ltr'><strong>viduas</strong></span> 
     </span>
    </p>
   </div>
   <div class='ocr_carea' id='block_1_92' title="bbox 492 5627 3824 5707">
    <p class='ocr_par' dir='ltr' id='par_1_92' title="bbox 492 5627 3824 5707">
     <span class='ocr_line' id='line_1_92' title="bbox 492 5627 3824 5707; baseline -0.001 -17"><span class='ocrx_word' id='word_1_797' title='bbox 492 5637 562 5690; x_wconf 83' lang='lat' dir='ltr'><strong>ad</strong></span> <span class='ocrx_word' id='word_1_798' title='bbox 591 5632 1017 5707; x_wconf 84' lang='lat' dir='ltr'><strong>perseverandum</strong></span> <span class='ocrx_word' id='word_1_799' title='bbox 1043 5632 1098 5686; x_wconf 90' lang='lat' dir='ltr'><strong>in</strong></span> <span class='ocrx_word' id='word_1_800' title='bbox 1123 5632 1227 5685; x_wconf 84' lang='lat' dir='ltr'><strong>vita</strong></span> <span class='ocrx_word' id='word_1_801' title='bbox 1262 5629 1438 5684; x_wconf 77' lang='lat' dir='ltr'><strong>cwlibe</strong></span> <span class='ocrx_word' id='word_1_802' title='bbox 1477 5628 1624 5699; x_wconf 83' lang='lat' dir='ltr'><strong>cujus</strong></span> <span class='ocrx_word' id='word_1_803' title='bbox 1653 5627 1998 5697; x_wconf 86' lang='lat' dir='ltr'><strong>sanctitatem,</strong></span> <span class='ocrx_word' id='word_1_804' title='bbox 2040 5644 2276 5695; x_wconf 88' lang='lat' dir='ltr'><strong>munera,</strong></span> <span class='ocrx_word' id='word_1_805' title='bbox 2308 5628 2646 5699; x_wconf 85' lang='lat' dir='ltr'><strong>propriasque</strong></span> <span class='ocrx_word' id='word_1_806' title='bbox 2693 5628 2905 5687; x_wconf 79' lang='lat' dir='ltr'><strong>virtutes</strong></span> <span class='ocrx_word' id='word_1_807' title='bbox 2936 5630 3009 5687; x_wconf 88' lang='lat' dir='ltr'><strong>ibi</strong></span> <span class='ocrx_word' id='word_1_808' title='bbox 3034 5630 3273 5688; x_wconf 85' lang='lat' dir='ltr'><strong>describit</strong></span> <span class='ocrx_word' id='word_1_809' title='bbox 3303 5630 3456 5703; x_wconf 87' lang='lat' dir='ltr'><strong>(Cap.</strong></span> <span class='ocrx_word' id='word_1_810' title='bbox 3489 5628 3556 5686; x_wconf 78' lang='grc'><strong>10</strong></span> <span class='ocrx_word' id='word_1_811' title='bbox 3585 5639 3634 5688; x_wconf 89' lang='lat' dir='ltr'><strong>et</strong></span> <span class='ocrx_word' id='word_1_812' title='bbox 3661 5628 3824 5700; x_wconf 83' lang='lat' dir='ltr'><strong>seq.),</strong></span> 
     </span>
    </p>
   </div>
   <div class='ocr_carea' id='block_1_93' title="bbox 496 5717 1728 5801">
    <p class='ocr_par' dir='ltr' id='par_1_93' title="bbox 496 5717 1728 5801">
     <span class='ocr_line' id='line_1_93' title="bbox 496 5717 1728 5801; baseline -0.006 -21"><span class='ocrx_word' id='word_1_813' title='bbox 496 5732 692 5801; x_wconf 85' lang='lat' dir='ltr'><strong>quanta</strong></span> <span class='ocrx_word' id='word_1_814' title='bbox 711 5721 974 5778; x_wconf 78' lang='lat' dir='ltr'><strong>verborum</strong></span> <span class='ocrx_word' id='word_1_815' title='bbox 1001 5719 1132 5776; x_wconf 77' lang='lat' dir='ltr'><strong>valet</strong></span> <span class='ocrx_word' id='word_1_816' title='bbox 1157 5719 1417 5792; x_wconf 72' lang='lat' dir='ltr'><strong>efficacia,</strong></span> <span class='ocrx_word' id='word_1_817' title='bbox 1444 5717 1728 5790; x_wconf 87' lang='lat' dir='ltr'><strong>compellit.</strong></span> 
     </span>
    </p>
   </div>
  </div>
