3974 6186
189 195 276 252 253
1364 203 1451 259 DE
1494 203 1720 265 VIDUIS

1862 208 1967 263 lER
2008 207 2210 265 UNUS.
3322 212 3431 267 254

140 338 147 347 -
244 304 387 397 Porro
412 307 524 397 dum
540 322 724 363 socrus
746 310 877 364 beati
904 309 1053 368 Petri
1082 306 1387 371 mentionem
1434 319 1582 390 facit,
1605 331 1941 377 memoratam
1975 323 2181 377 viduam
2226 321 2375 395 (Cap.
2407 322 2460 387 9,
2497 339 2639 376 num.
2674 320 2742 376 57
2770 331 2818 376 et
2846 323 2979 394 seq.)
3005 364 3020 389 ,
3063 326 3211 397 cujus
3266 334 3437 380 tamen

188 396 319 465 parcit
336 395 528 462 nomini,
552 396 852 468 alloquitur.
879 399 1037 455 Docet
1063 403 1234 472 itaque
1269 422 1443 460 omnes
1466 408 1586 463 illas
1635 427 1819 467 causas
1847 412 2032 482 quibus
2056 413 2271 466 ineundi
2296 413 2414 466 novi
2444 413 2674 483 coniugii
2703 413 2898 486 tegebat
2928 395 3267 479 voluntatem,
3302 415 3436 470 leves

187 503 273 541 esse
290 496 418 555 atque
438 488 701 557 sublestas,
735 507 849 546 cum
876 509 1060 564 reapse
1085 496 1167 550 hic
1190 496 1358 551 solum
1397 499 1671 570 voluptatis
1698 518 1758 556 ac
1796 503 2126 557 scecularium
2180 503 2498 569 voluptatum
2536 518 2762 557 amorem
2790 511 3102 572 sequeretur.
3147 502 3438 573 Conjugale

185 577 395 631 vinculum
415 578 595 648 fatetur
618 578 770 652 (Cap.
801 581 869 637 12
888 592 938 638 et
959 585 1093 654 seq.)
1116 585 1304 640 bonum
1327 604 1386 641 ac
1406 601 1643 644 sanctum
1666 607 1796 658 esse,
1823 590 2216 663 Ecclesiamque
2269 609 2388 647 cum
2406 608 2532 664 agro
2556 592 2716 663 fertili
2736 591 2889 664 (Cap.
2916 592 3006 659 14,
3035 608 3181 648 num.
3204 592 3319 664 87),
3348 594 3439 664 qui

188 665 358 721 diversae
377 667 762 737 pulchritudinis
788 673 942 742 flores
960 676 1016 728 in
1037 675 1338 749 virginibus,
1363 679 1531 733 viduis
1556 689 1602 735 et
1629 683 1922 753 coniugatis
1964 683 2146 753 gignit,
2185 692 2467 755 comparat.
2514 681 2737 738 Cunctas
2789 683 2946 755 igitur
2974 685 3163 753 ﬂorum
3215 694 3434 739 exornat

187 758 401 825 vocabulo,
418 758 503 815 sed
528 758 778 817 Ecclesia
796 779 970 818 aream
992 768 1250 835 frumento
1279 769 1443 839 magis
1456 770 1726 825 abundare
1746 788 1902 842 quam
1933 771 2079 839 liliis,
2105 774 2201 827 hoc
2228 780 2323 838 est,
2354 772 2749 843 conjugatarum
2773 788 2986 828 numero
3020 774 3243 845 virgines
3270 774 3437 845 pluri-

187 850 515 920 msuperari
551 853 758 907 astruit.
814 851 1051 925 Denique
1069 855 1157 910 ubi
1178 857 1462 929 virginitati
1490 861 1736 917 adversus
1754 862 2055 937 conjugium
2085 864 2279 933 primas
2300 863 2593 929 vindicavit,
2628 863 2949 933 ostenditque
2977 862 3134 935 (Cap.
3169 865 3258 932 14,
3286 884 3435 921 nam.

186 941 256 1014 84)
276 943 391 997 solos
413 942 708 1001 idololatras
731 962 975 1016 umquam
1004 951 1279 1018 exstitisse,
1303 953 1392 1022 qui
1418 970 1594 1022 poenas
1616 955 1909 1030 irrogarent
1926 957 2186 1022 viduitati,
2206 973 2269 1012 eo:
2290 959 2387 1012 hoc
2415 958 2621 1012 deducit
2651 956 2957 1011 Christianis
2984 959 3216 1011 omnibus
3238 958 3443 1026 feminis

184 1032 364 1085 maritali
382 1034 666 1089 necessitate
685 1035 936 1092 absolutis
960 1055 993 1090 a
1022 1048 1127 1093 tam
1152 1041 1393 1113 religioso
1415 1045 1679 1115 proposito
1708 1062 1813 1100 non
1833 1048 2174 1102 recedendum
2197 1066 2216 1105 .'
2240 1049 2486 1103 discussis
2510 1058 2766 1121 postremo
2795 1066 2912 1121 qna:
2937 1050 3107 1104 vidum
3136 1054 3447 1121 uupturien-

184 1124 464 1178 tesadhibere
480 1124 662 1190 solent,
687 1126 899 1182 larvatis
923 1130 1228 1198 rationibus,
1258 1133 1446 1187 acriter
1475 1144 1620 1207 urget
1646 1135 1699 1189 in
1728 1136 1846 1189 libri
1884 1134 2023 1191 calce
2046 1136 2202 1210 (Cap.
2238 1136 2327 1199 l5,
2353 1154 2495 1191 num.
2525 1136 2651 1209 86);
2679 1148 2732 1191 at
2761 1139 2888 1192 satis
2920 1149 3057 1209 patet
3087 1157 3201 1193 eum
3242 1157 3345 1194 non
3382 1140 3448 1195 ob

182 1214 300 1268 aliud
313 1225 405 1269 tam
431 1217 678 1271 concitata
704 1220 1028 1287 peroratione
1049 1236 1202 1275 usum
1231 1223 1332 1277 nisi
1360 1231 1417 1277 ut
1441 1225 1735 1294 perculsam
1754 1224 1973 1293 huiusce
1997 1227 2231 1282 mulieris
2252 1236 2470 1283 mentem
2494 1243 2525 1279 a
2552 1229 2768 1283 consilio
2788 1229 2927 1299 quod
2961 1230 3209 1301 agitabat,
3241 1231 3449 1302 facilius

182 1306 424 1364 deterreret.
450 1307 603 1363 Nihil
626 1309 730 1364 dici
754 1312 921 1382 potuit
949 1325 1040 1367 aut
1065 1313 1372 1386 prudentius
1394 1327 1482 1371 aut
1505 1334 1621 1372 cum
1649 1334 1778 1372 sana
1806 1318 2044 1374 doctrina
2069 1320 2234 1391 magis
2257 1336 2561 1386 consonum,
2594 1338 2712 1376 cum
2740 1339 2902 1394 neque
2939 1326 3191 1380 secundas
3211 1326 3452 1380 condem-

183 1401 290 1453 κατὰ
313 1401 520 1471 nuptias,
554 1418 714 1475 neque
742 1404 919 1475 ofﬁcio
943 1421 1038 1459 suo
1063 1405 1303 1478 defuerit,
1343 1423 1446 1477 quo
1492 1408 1787 1464 viduitatem
1832 1409 1939 1466 illis
1982 1412 2263 1482 anteferre,
2285 1410 2589 1482 animasque
2611 1412 2951 1466 sollicitudini
2980 1429 3088 1469 sine
3114 1414 3334 1470 creditas
3383 1415 3454 1471 ad

183 1493 444 1563 perfectiora
467 1510 664 1565 semper
689 1495 952 1566 impellere
976 1497 1259 1553 tenebatur.
1755 1489 1766 1499 ’

237 1585 462 1641 Craterum
487 1585 626 1640 illud
652 1602 761 1641 esse
786 1586 950 1642 voluit
983 1587 1133 1642 istius
1162 1586 1283 1642 libri
1312 1588 1617 1657 exordium,
1649 1589 1789 1659 quod
1828 1605 2027 1645 omnem
2073 1589 2139 1645 de
2170 1589 2336 1658 ipsius
2374 1598 2586 1645 auctore
2621 1588 2991 1644 dubitationem
3033 1604 3303 1659 amoveat,
3348 1594 3455 1649 nisi

185 1679 250 1731 cui
297 1678 441 1734 libros
490 1680 561 1737 de
620 1679 932 1751 Virginibus
980 1681 1253 1737 Ambrosio
1299 1682 1459 1738 etiam
1507 1682 1810 1754 abjudicare
1862 1683 2106 1750 libuerit;
2160 1683 2299 1753 quod
2351 1699 2507 1755 quam
2558 1683 2626 1737 sit
2681 1681 2965 1737 absurdum
3020 1685 3223 1756 ignorat
3275 1702 3447 1742 nemo.

194 1767 509 1828 Verumtamen
550 1770 941 1828 Centuriatores
982 1773 1176 1842 iniecta
1218 1773 1379 1839 huius
1423 1774 1653 1846 ejusdem
1697 1773 1818 1828 libri
1860 1774 2151 1839 mentione,
2182 1789 2285 1827 non
2325 1774 2435 1828 sine
2474 1774 2687 1845 fastidio
2726 1773 2998 1828 scribunt:
3023 1775 3379 1843 Ambrosius,
3410 1777 3456 1833 si

185 1867 332 1916 tsmcn
357 1860 630 1919 Ambrosii
657 1873 763 1930 est,
793 1862 1061 1933 permulta
1097 1877 1281 1919 crassa
1320 1863 1489 1919 habet
1523 1863 1592 1919 de
1623 1863 1940 1920 invocandis
1968 1864 2173 1921 sanctis
2201 1865 2432 1920 mortuis
2457 1862 2692 1936 (Centur.
2719 1866 2774 1932 4,
2816 1881 2933 1937 cap.
2971 1864 3055 1935 4).
3091 1866 3204 1932 Quo
3246 1869 3458 1939 quidem

186 1953 311 2009 dubio
334 1955 451 2026 quid
481 1957 753 2029 ineptius?
780 1956 843 2014 Si
870 1968 1040 2013 tamen
1080 1959 1154 2014 eis
1199 1975 1304 2014 non
1339 1959 1571 2031 sufﬁciat
1604 1957 1744 2028 quod
1762 1959 1879 2030 jam
1913 1959 2164 2026 diximus,
2196 1958 2551 2028 voluerintque
2578 1958 2677 2012 hac
2712 1957 2777 2013 de
2801 1973 2858 2012 re
2885 1959 2949 2012 ab
2983 1958 3253 2015 Ambrosio
3281 1960 3459 2017 doceri

187 2048 399 2117 expressis
438 2047 643 2118 verbis,
688 2048 876 2103 adeant
918 2048 1151 2122 ejusdem
1192 2047 1630 2104 Commentariun:
1672 2049 1728 2103 in
1762 2046 2106 2120 Evangelium
2134 2047 2417 2102 secundum
2454 2045 2684 2111 Lucam,
2727 2055 2777 2101 et
2815 2047 2927 2102 illic
2968 2046 3466 2104 Commentationem

187 2139 293 2196 hanc
332 2143 391 2197 ab
428 2159 487 2199 eo
524 2159 624 2216 pro
659 2159 755 2198 sua
792 2152 973 2212 quater
1012 2151 1069 2197 ut
1110 2126 1381 2197 minimum
1425 2142 1670 2210 citatam,
1716 2142 2058 2211 lectoremque
2099 2139 2168 2194 ad
2204 2140 2353 2194 illam
2396 2139 2668 2193 remissum
2708 2139 2990 2193 invenient.
3042 2140 3149 2194 Sed
3194 2151 3250 2195 ut
3298 2143 3466 2214 magis

188 2248 236 2286 ac
258 2236 399 2306 magis
434 2235 622 2305 quanti
659 2235 900 2307 facienda
928 2235 995 2291 sit
1035 2234 1293 2308 ejusmodi
1328 2250 1599 2291 censorum
1626 2234 1943 2300 auctoritas,
1974 2234 2141 2301 quivis
2179 2232 2467 2302 intelligat,
2497 2231 2749 2285 addemus
2782 2230 3095 2302 Hieronymi
3120 2237 3471 2290 testimonium

187 2329 383 2395 esepist.
409 2329 476 2385 50
507 2329 582 2383 ad
616 2325 1016 2382 Pammachium
1041 2342 1060 2382 :
1086 2325 1256 2398 Legat
1276 2367 1292 2393 ,
1322 2326 1526 2399 inquit,
1556 2324 1732 2381 sancti
1762 2323 2041 2380 Ambrosii
2076 2323 2144 2378 de
2170 2320 2362 2377 Viduis
2387 2320 2585 2376 librum
2631 2319 2877 2392 (Apolog.
2907 2321 3026 2375 adv.
3057 2319 3287 2391 Jovin.).
3323 2324 3464 2391 Quid

188 2411 319 2482 igitur
351 2417 399 2471 in
433 2434 600 2473 causa
637 2419 772 2490 fuit,
813 2434 908 2472 cur
950 2418 1051 2472 ista
1086 2416 1472 2473 dissimularent
1513 2413 2030 2489 Magdeburgenses?
2070 2411 2339 2467 Nimirum
2378 2421 2436 2466 ut
2474 2427 2589 2483 qua:
2623 2427 2779 2481 super
2814 2424 3112 2467 sanctorum
3141 2415 3468 2472 invocatione

190 2503 318 2558 tradit
342 2506 451 2575 pius
487 2506 689 2563 Doctor
722 2505 877 2581 (Cap.
923 2506 990 2572 9,
1042 2523 1186 2561 num.
1229 2505 1350 2578 55),
1384 2506 1541 2577 paulo
1568 2506 1823 2562 audacius
1850 2520 2035 2562 crassa
2061 2504 2311 2560 dicerent.
2345 2502 2452 2560 Sed
2479 2502 2614 2558 nihil
2647 2514 3008 2576 promoverunt
3037 2506 3294 2579 ingeniosi
3324 2508 3462 2576 viri;

194 2609 313 2649 neuio
356 2597 540 2669 quippe
593 2613 701 2652 non
751 2596 998 2669 intelligit
1049 2596 1189 2666 quod
1240 2595 1324 2651 illi
1375 2613 1612 2652 crassum
1668 2597 1932 2661 vocitant,
1991 2594 2336 2651 orthodoxam
2388 2593 2663 2649 Ambrosio
2713 2595 2879 2649 visum
2933 2597 3125 2666 fuisse;
3180 2613 3272 2652 nec
3326 2599 3467 2653 enim

191 2701 287 2740 eum
325 2688 499 2744 cudere
542 2691 775 2745 voluisse
823 2705 1011 2744 novum
1063 2690 1293 2760 dogma,
1340 2687 1431 2743 sed
1477 2688 1684 2742 veritati
1732 2686 2002 2742 catholicae
2054 2686 2402 2740 testimonium
2447 2684 2757 2740 reddidisse.
2808 2684 2964 2740 Enim
3016 2703 3134 2741 vero
3186 2704 3471 2759 numquam

192 2790 240 2829 ea
261 2793 363 2848 qute
398 2779 481 2833 isti
514 2788 801 2853 propterea
831 2786 1032 2834 tantum
1071 2778 1369 2849 exagitant,
1405 2778 1527 2849 quia
1567 2792 1687 2831 cum
1730 2776 1977 2832 Romana:
2014 2774 2266 2831 Ecclesia:
2304 2775 2510 2848 placitis
2550 2784 2726 2847 aperte
2761 2775 2994 2845 faciunt,
3028 2778 3468 2847 prudentissimus

192 2869 354 2934 prasul
393 2887 455 2925 ea:
494 2878 746 2943 suggestu
783 2869 980 2942 papula
1024 2869 1411 2941 proposuisset,
1463 2868 1509 2923 si
1555 2868 1679 2939 quid
1726 2876 1816 2922 aut
1860 2866 2140 2922 abhorrens
2183 2883 2216 2920 a
2263 2866 2486 2936 pietate.
2538 2876 2628 2920 aut
2673 2882 2874 2936 quoquo
2925 2868 3078 2923 modo
3121 2869 3470 2940 inﬁrmiorum

193 2957 426 3024 ofensioni
476 2962 761 3017 obnoxium
809 2962 974 3017 inesse
1018 2960 1073 3015 in
1116 2960 1213 3016 hac
1259 2959 1502 3015 doctrina
1546 2960 1910 3016 existimasset.
1956 2957 2081 3016 Non
2133 2968 2209 3014 est
2257 2970 2431 3013 autem
2479 2975 2571 3013 cur
2620 2958 2902 3026 offeramus
2949 2961 3003 3015 in
3053 2962 3283 3017 medium
3335 2966 3477 3035 quod

191 3052 363 3121 scripsit
381 3053 712 3122 Perkinsius,
741 3054 942 3112 librum
969 3056 1039 3111 de
1066 3053 1261 3111 Viduis
1286 3068 1530 3125 pugnare
1553 3067 1675 3109 cum
1704 3052 2114 3110 Commentario
2142 3054 2194 3108 in
2225 3068 2346 3124 cap.
2370 3070 2389 3109 ι
2410 3052 2587 3123 Epist.
2616 3053 2684 3108 ad
2706 3053 3020 3124 Romanos;
3047 3060 3469 3130 quandoquidem

193 3139 372 3199 Binetus
394 3144 548 3219 (Crit.
579 3145 722 3219 sac.)
752 3147 862 3218 ipse
889 3149 1006 3221 ejus
1032 3157 1184 3203 seetse
1212 3155 1364 3218 atque
1403 3145 1603 3202 ordinis
1638 3146 1893 3201 rationem
1932 3145 2060 3202 adeo
2103 3144 2306 3218 [utilem
2326 3187 2341 3213 ,
2384 3145 2531 3201 nulla
2567 3162 2780 3217 prorsus
2808 3149 3229 3206 consideratione
3255 3152 3470 3223 dignam

195 3248 282 3290 esse
295 3237 558 3306 judicavit.

253 3326 326 3382 Es
365 3331 427 3384 iis
467 3330 708 3386 omnibus
752 3344 865 3401 quia
910 3328 1160 3384 hactenus
1200 3344 1234 3382 a
1274 3328 1423 3383 nobis
1466 3326 1767 3382 examinata
1807 3335 1963 3394 sunt,
2007 3325 2296 3399 intelligere
2324 3335 2398 3381 est
2428 3325 2568 3381 hunc
2612 3327 2805 3384 librum
2838 3330 3177 3399 sermonibus,
3205 3332 3262 3385 in
3290 3332 3478 3404 quibus

198 3417 373 3473 viduam
396 3421 541 3476 illam
568 3421 640 3477 ad
664 3420 895 3477 secunda
929 3420 1232 3491 nuptiarum
1258 3427 1375 3473 vota
1411 3417 1731 3488 aspirantem
1770 3416 2045 3488 compellat
2075 3426 2286 3471 sanctus
2323 3414 2544 3485 Doctor,
2572 3419 2918 3488 compositum
2942 3436 3050 3475 esse
3071 3436 3091 3475 .'
3111 3436 3263 3489 quem
3288 3421 3480 3477 litteris

198 3507 354 3565 dende
384 3527 417 3565 a
454 3528 510 3568 se
547 3510 967 3568 commendatum
1006 3526 1112 3565 non
1151 3508 1317 3564 multo
1361 3519 1476 3579 post
1517 3509 1685 3563 editos
1726 3505 1887 3562 libros
1927 3506 1997 3564 de
2027 3505 2377 3579 Virginibus,
2412 3508 2507 3563 hoc
2536 3518 2611 3565 est
2625 3549 2642 3578 ,
2674 3519 2789 3581 post
2829 3527 3025 3566 annum
3068 3511 3175 3566 577
3219 3512 3273 3565 in
3308 3513 3479 3567 lucem

199 3601 406 3658 emissum
428 3604 631 3659 abunde
661 3604 727 3658 ab
759 3604 875 3673 ipso
902 3602 1072 3673 aperis
1100 3601 1316 3656 exordio
1344 3598 1647 3655 declaravit.

1321 4120 1903 4206 MEDIOLANENSIS
1959 4115 2305 4202 EPISCOPI

1176 4285 1470 4431 DE
1618 4277 2476 4432 VIDUIS

1464 4527 1810 4604 LIBER
1851 4524 1997 4601 UN
2005 4524 2130 4601 US
2174 4524 2232 4605 ⁸.

1680 4657 1994 4677 *ι

611 4768 761 4842 185
797 4764 1029 4824 CAPUT
1067 4759 1359 4819 PRIMUM.
1812 4755 1868 4819 Α
1962 4751 2220 4818 avaritia,
2252 4750 2343 4821 qui
2370 4750 2495 4804 dum
2527 4753 2829 4807 communia
2865 4752 2965 4809 sibi
2999 4762 3291 4827 arrogant,
3320 4754 3513 4814 divinis

218 4858 478 4933 Postquam
502 4870 674 4917 actum
699 4870 773 4918 est
802 4861 865 4917 de
893 4857 1196 4931 virginibus,
1219 4855 1283 4910 de
1306 4851 1478 4907 viduis
1505 4857 1792 4922 opportune
1966 4846 2238 4919 promissis
2260 4858 2371 4899 sese
2394 4845 2684 4914 privarunt.

279 4957 505 5022 tractari,
535 4972 648 5010 cum
676 4971 760 5011 eas
799 4953 908 5009 illis
950 4950 1231 5024 Apostolus
1267 4945 1560 5009 sociaverit,
1614 4949 1796 5013 utpote
1980 5022 1995 5027 _
2066 5020 2104 5027 _

279 5013 650 5117 quodammodo
691 5013 1009 5117 virginitatis.
1045 5043 1362 5116 magistras,
1410 5047 1461 5095 et
1502 5034 1795 5109 conjugatis
1901 5022 2027 5117 Ml.-
2066 5020 2211 5076 Bene
2247 5014 2476 5117 accidit,
2521 5013 2823 5117 b-frat-res,
2871 5019 3229 5117 menon-iam
3339 5021 3512 5117 tribus

282 5106 428 5210 longe
452 5106 955 5210 superiores.quam
982 5106 1155 5192 vidui;
1173 5106 1463 5207 gloriosum
1484 5130 1550 5183 sit
1569 5106 1707 5198 quod
1729 5123 1798 5180 ad
1900 5114 2062 5171 libris
2108 5107 2488 5210 superioribus
2538 5106 2607 5210 de
2644 5106 2924 5210 uirginum
2955 5108 3209 5167 laudibus
3248 5112 3513 5210 disserui-

280 5199 486 5285 sistuam
511 5199 658 5302 fuerit
687 5199 836 5286 Elia;
864 5199 1417 5286 destinatuslAtitlas
1439 5221 1595 5277 laude
1616 5220 1801 5293 dignas
1910 5221 2064 5306 muS,
2117 5204 2405 5306 viduarpm
2460 5207 2728 5306 tractatus
2766 5199 3082 5306 incideret;
3116 5220 3316 5306 neque
3369 5207 3515 5264 enim

283 5337 383 5377 uon
405 5294 541 5391 esse,
570 5327 663 5380 nisi
690 5327 926 5380 virtutem
952 5323 1108 5379 istius
1132 5321 1417 5385 imitentur,
1443 5315 1667 5370 maxime
1687 5327 1807 5367 vero
1912 5303 2210 5398 inhonorus
2236 5294 2527 5352 debuimus
2562 5294 2868 5398 prmtcripe,
2903 5301 2959 5346 et
3001 5307 3035 5398 a
3078 5294 3348 5398 virginum
3380 5314 3521 5398 prai—

281 5412 705 5487 Isospitalitotem.
759 5418 889 5487 Quae
931 5419 1092 5473 virtus
1148 5421 1344 5485 quanta
1392 5410 1551 5481 fuerit
1606 5408 1661 5460 in
1712 5405 1810 5459 hac

1956 5394 2077 5450 onio
2105 5403 2387 5463 separare,
2411 5400 2548 5458 quas
2569 5383 2867 5455 apostolica
2895 5387 3168 5443 sententia
3201 5404 3326 5446 cum
3359 5394 3525 5465 virgi-

286 5477 503 5579 [επίῆιο.
530 5477 837 5585 deponitur:
863 5511 953 5567 sed
977 5512 1124 5583 prius
1150 5477 1520 5581 perstringitur
1543 5500 1815 5555 hominum
1919 5487 2079 5545 nibus
2110 5482 2411 5556 copulavit,
2433 5481 2590 5552 juxta
2618 5477 2763 5548 quod
2792 5478 3056 5549 scriptum
3087 5489 3172 5537 est
3197 5500 3211 5538 :
3242 5483 3311 5540 Et
3338 5488 3530 5546 mulier

296 5629 327 5660 ⁸
349 5620 567 5697 Scripl.
591 5626 733 5683 circa
763 5642 853 5680 an.
882 5626 1011 5681 577,
1994 5614 2018 5644 ι
2048 5596 2304 5659 Nonnulli
2327 5607 2487 5662 mss.,
2518 5597 2740 5664 quatuor
2767 5587 2917 5648 libris
2937 5592 3310 5661 superioribus.

296 5689 329 5732 ι’
352 5689 498 5752 God;
520 5692 656 5770 Reg.
685 5706 742 5754 et
767 5698 880 5753 Col.
912 5712 1071 5764 unus,
1102 5698 1294 5766 frater,
1320 5699 1379 5747 ut
1402 5689 1673 5761 quoniam,
1698 5690 1806 5742 etc.

754 5789 1023 5852 Parnm...
1054 5753 1069 5764 '
1088 5753 1291 5851 ἀρνί(
1416 5753 1427 5761 ν
1655 5753 1667 5759 ⁷
2880 5753 2922 5816 8
