3974 6186
436 265 544 322 259

1797 256 2040 314 SANCTI
2079 259 2403 318 AMBROSII

3519 247 3745 317 ’240

437 383 577 437 sisse
607 380 922 451 prodantur,
951 391 1114 447 quam
1145 375 1291 446 quod
1342 373 1518 430 vidua:
1548 373 1775 442 gratiam
1801 413 1816 438 ,
1861 371 2037 427 mino—
2062 379 2113 436 Λ
2143 371 2334 446 (Ibid.,
2364 375 2422 443 7)
2448 391 2463 442 ;
2490 385 2548 430 ut
2577 374 2867 446 gloriosius
2893 373 3105 431 scilicet
3131 373 3288 430 [idem
3331 374 3596 430 derelicta
3624 389 3741 430 ser-

437 473 806 542 rumquejnra
840 468 1148 524 violarent?
1181 467 1306 522 flmc
1336 465 1672 536 prOpheticis
1695 479 1857 519 causa
1881 465 2031 519 voci-

441 568 546 621 bus
575 565 981 627 conclamatur,
1034 576 1156 631 quae
1188 561 1442 617 meritum
1488 559 1690 614 Judaeis
1721 557 2034 628 rrjectionis

439 659 730 715 invexerit.
757 657 882 712 llaec
905 657 1020 712 sola
1045 671 1208 710 causa
1230 655 1415 710 delicti
1439 654 1695 709 invidiam
1723 653 2034 724 miligatura

439 761 774 808 memoratur
801 750 847 804 si
879 750 1182 804 honoretur
1213 749 1375 803 vidua
1395 790 1410 812 ,
1447 747 1864 816 minoribusque
1894 744 2035 814 :equi

432 843 843 914 justitiajndicii
867 841 1178 907 deferatur;
1204 841 1441 896 sicenim
1467 840 1662 894 habes:
1687 837 1932 891 Judicate
1945 853 2035 906 pu-

439 937 590 1006 pillo,
609 945 655 990 et
673 935 962 1008 justiﬁcate
982 935 1193 988 viduam
1211 948 1232 998 ;
1259 943 1303 986 et
1332 933 1515 998 venite,
1535 931 1884 1002 disputemus,
1911 929 2035 982 dicit

437 1030 694 1084 Dominus
711 1027 881 1098 (Esai.
899 1043 934 1094 ι,
953 1026 1042 1092 17,
1069 1024 1184 1097 18).
1202 1025 1269 1080 Ει
1284 1023 1412 1078 alibi
1434 1040 1447 1076 :
1473 1022 1750 1090 Pupillum
1765 1032 1808 1075 et
1824 1021 2035 1073 viduam

430 1123 676 1191 suscipiet
704 1120 1133 1192 (Psal.chv,9).
1162 1119 1229 1174 Et
1254 1119 1414 1172 alibi:
1454 1115 1675 1171 Viduam
1692 1119 1805 1184 ejus
1827 1112 2036 1168 benedi-

432 1233 551 1272 cens
582 1214 878 1270 benedicam
933 1212 1106 1284 (Ps-al.
1141 1227 1323 1276 cxxxl,
1379 1208 1494 1280 15).
1527 1207 1589 1263 1η
1619 1223 1728 1279 quo
1770 1205 2033 1262 Ecdesia:

432 1323 650 1380 quoque
683 1308 852 1378 figura
878 1307 1217 1376 praetexitur.
1243 1303 1454 1359 Videtis
1480 1303 1663 1372 igitur,
1717 1309 1921 1356 sancta:
1953 1298 2035 1353 vi-

433 1399 576 1466 dum,
609 1413 949 1468 nequaquam
985 1394 1198 1451 lubrico
1225 1408 1423 1450 munus
1448 1392 1628 1448 studio
1645 1390 2031 1459 deserendum,

434 1491 580 1564 quod
611 1491 810 1548 divina:
843 1488 1244 1547 benedictionis
1267 1486 1529 1542 subsidiis
1558 1485 1878 1542 honoratur.

1044 1625 1274 1683 CAPUT
1303 1626 1394 1682 lll.

2140 475 2314 522 νὶὶῐὈιο

2212 560 2300 615 16.
2327 560 2544 618 Habent
2585 563 2768 631 itaque
2797 575 2989 617 omnes
3017 559 3160 631 quod
3209 559 3494 616 imitentur
3543 573 3741 614 exem-

2142 654 2290 724 plum
2315 697 2330 719 ,
2390 655 2654 732 virgines,
2693 665 2877 725 nupta-
2902 663 2953 708 et
3011 653 3212 709 viduae.
3247 654 3315 708 Et
3334 653 3567 708 fortasse
3619 651 3745 706 ideo

2140 745 2387 801 Ecclesia
2419 747 2592 816 virgo,
2630 755 2820 817 nupta,
2854 747 3018 801 vidua
3046 763 3060 813 ;
3093 746 3215 816 quia
3250 762 3418 801 unum
3449 761 3656 815 corpus
3686 745 3740 799 in

2136 835 2360 892 Christo
2390 849 2536 893 sunt.
2575 840 2698 894 Ila'e
2727 840 2889 909 igitur
2917 840 3012 894 illa
3032 839 3192 895 vidua
3212 849 3561 911 est,pr0ptcr
3577 855 3739 910 quam

2137 933 2288 988 verbi
2320 933 2560 988 caelestis
2586 934 2810 989 siccitas
2836 949 2958 989 cum
2987 944 3137 990 esset
3163 935 3216 989 in
3247 935 3426 1002 terris,
3449 937 3741 1006 propheta:

2138 1036 2264 1082 sunt
2292 1026 2590 1092 destinati;
2621 1037 2741 1083 erat
2771 1028 2916 1083 enim
2946 1028 3134 1096 vidua,
3168 1044 3289 1096 qua:
3334 1028 3541 1085 sterilis
3582 1037 3737 1096 erat,

2137 1120 2231 1175 sed
2265 1129 2478 1190 partum
2509 1137 2611 1176 suo
2637 1133 2884 1192 tempore
2915 1122 3256 1177 reservabat.

2212 1212 2300 1267 17.
2351 1209 2506 1268 Unde
2537 1227 2640 1268 nec
2676 1213 2828 1268 illius
2869 1214 3029 1270 nobis
3059 1214 3279 1270 videtur
3337 1230 3573 1283 persona
3625 1232 3737 1274 me-

2137 1305 2363 1372 dincris,
2393 1307 2486 1377 qni
2509 1306 2718 1362 aridam
2750 1316 2976 1373 terram,
3013 1309 3168 1364 verbi
3195 1309 3391 1380 rigavit
3418 1325 3544 1366 rore
3573 1311 3742 1368 cmic-

2137 1398 2232 1464 sti,
2255 1397 2612 1469 clausumque
2639 1399 2835 1456 caelum
2867 1415 2974 1456 non
2995 1399 3233 1456 humana
3264 1403 3450 1472 utique
3465 1412 3740 1472 potestate

2145 1491 2438 1547 reseravit.
2467 1491 2602 1560 Quis
2659 1491 2807 1547 enim
2831 1503 2918 1548 est
2947 1492 3040 1563 qui
3067 1495 3266 1550 caelum
3288 1503 3466 1564 potest
3493 1495 3738 1565 aperire,

2137 1583 2244 1640 nisi
2272 1584 2527 1640 Christus
2552 1627 2566 1653 ,
2592 1586 2680 1642 cui
2711 1586 2958 1656 quotidie
2987 1587 3058 1642 de
3085 1588 3470 1658 peccatoribus
3497 1587 3526 1626 ι)
3553 1589 3734 1655 cibus,

2137 1679 2400 1736 Ecclesia:
2425 1681 2676 1737 cumulus
2713 1683 3118 1752 congregatur?
3148 1682 3332 1754 Neque
3362 1683 3508 1738 enim
3539 1682 3737 1738 huma-

435 1765 584 1821 Redit
615 1765 683 1819 ad
713 1766 1090 1834 Sarreptanam
1117 1764 1350 1828 viduam,
1413 1763 1466 1816 in
1495 1777 1596 1832 qua
1619 1759 1865 1815 Ecclesia:
1893 1761 2023 1832 ﬁgu-

2139 1788 2219 1827 [ιω
2247 1773 2526 1829 facultatis
2554 1785 2638 1829 est
2665 1773 2886 1830 dicere:
2939 1774 3147 1846 Hydria
3168 1777 3355 1849 farina:
3376 1793 3477 1831 non
3501 1777 3732 1846 deﬁciet,

501 1876 613 1912 ram
636 1859 892 1913 exstitisse
917 1856 1156 1921 ostendit,
1184 1866 1338 1925 atque
1392 1853 1568 1908 Esaia:
1591 1852 1878 1907 testimonio
1905 1868 2029 1906 con-

502 1952 710 2018 ﬁrmat;
739 1949 876 2004 unde
904 1949 1102 2018 colligit
1127 1949 1180 2002 in
1200 1947 1295 2001 illa
1313 1946 1595 2020 virginibus
1619 1989 1633 2012 ,
1668 1945 1842 2015 nuptis
1867 1961 1928 1998 ac
1953 1944 2029 1997 vi-

498 2043 616 2096 duis
668 2041 928 2110 exemplar
977 2056 1105 2094 esse.
1140 2037 1425 2094 Conversus
1465 2037 1533 2090 ad
1585 2037 1921 2109 prapltetam,
1972 2037 2028 2090 in

498 2151 556 2189 eo
602 2131 864 2188 Christum
915 2148 1114 2204 quoque
1140 2131 1490 2202 signiﬁcatum
1513 2129 1671 2195 dicit,
1704 2130 1894 2201 quippe
1939 2129 2027 2198 qui

496 2229 670 2282 divina
715 2227 960 2298 mysteria
988 2235 1034 2280 et
1070 2229 1306 2296 futuram
1355 2224 1541 2292 pluvia:
1561 2222 1915 2294 irrigationem
1960 2221 2028 2274 sit

496 2323 777 2390 pollicitus.
819 2319 1015 2374 Eodem
1041 2319 1192 2373 etiam
1238 2317 1497 2390 geminum
1529 2313 1781 2370 Cedeonis
1809 2315 2020 2385 signum

498 2415 719 2486 refertur
753 2424 905 2484 atque
929 2412 1238 2483 explicatur.
1271 2409 1317 2464 Ε
1338 2410 1522 2479 quibus
1551 2409 1688 2463 elicit
1727 2424 1819 2462 nec
1845 2409 2026 2480 cujus-

499 2511 571 2565 vis
595 2526 705 2564 esse
755 2508 1010 2562 miracula
1059 2513 1252 2578 facere,
1304 2516 1353 2559 et
1381 2505 1576 2558 Christi
1618 2503 2027 2558 incarnationem

499 2603 904 2672 Judworumque
935 2601 1309 2655 abdicationem
1331 2599 1442 2651 illic
1471 2597 1794 2651 adumbrari.

502 2716 589 2772 ﬂ.
645 2716 785 2784 Quid
817 2732 946 2770 vero
977 2715 1130 2779 illud,
1167 2721 1225 2767 ut
1250 2713 1316 2768 ad
1363 2712 1650 2782 superiora
1711 2711 2024 2780 redeamus,

425 2808 570 2880 quod
601 2823 721 2862 cum
742 2809 794 2860 in
823 2806 972 2860 omni
995 2814 1144 2860 terra
1171 2812 1320 2860 esset
1345 2802 1520 2860 fames
1546 2804 1820 2868 maxima;
1850 2803 2027 2858 vidua:

426 2910 605 2954 tamen
646 2899 757 2952 Deo
787 2913 918 2952 cura
951 2912 1060 2951 non
1088 2894 1292 2960 defuit,
1322 2903 1484 2963 atque
1515 2903 1540 2930 α
1572 2893 1639 2948 ad
1672 2893 1930 2949 alendum
1954 2894 2023 2948 ad

425 3005 545 3045 eam
567 2988 832 3061 propheta
856 2987 1099 3043 directus
1121 2996 1205 3042 est
1233 2985 1336 3056 (111
1367 2986 1494 3057 Reg.
1518 3001 1649 3052 xvn,
1682 2985 1800 3058 id)?
1823 2986 1881 3039 ln
1917 3000 2026 3057 quo

427 3104 552 3142 cum
583 3101 671 3140 me
699 3086 992 3140 admoneat
1021 3083 1281 3138 Dominus
1313 3080 1466 3153 (Luc.
1519 3095 1596 3148 IV,
1623 3079 1739 3152 25),
1775 3079 1919 3150 quod
1970 3082 2023 3134 in

2131 1877 2180 1922 et
2208 1884 2294 1921 vas
2323 1868 2422 1922 olei
2449 1884 2549 1921 non
2593 1867 2798 1936 deﬁciet
2826 1886 2984 1940 usque
3007 1871 3060 1924 in
3089 1869 3224 1924 diem
3248 1911 3264 1938 ,
3292 1887 3393 1940 quo
3417 1870 3562 1925 dabit
3613 1870 3727 1926 Do-

2132 1961 2304 2013 minus
2328 1960 2560 2029 pluviam
2579 1978 2738 2030 super
2765 1970 2955 2016 terram
2984 1961 3086 2034 (111
3115 1961 3246 2036 Reg.
3275 1979 3410 2029 xvn,
3442 1962 3555 2035 11).
3591 1963 3734 2020 Nam

2129 2051 2260 2106 licet
2288 2067 2406 2106 mos
2435 2053 2509 2108 sit
2536 2053 2612 2107 ita
2645 2054 2862 2124 prwlari
2893 2055 3192 2126 prophetis,
3226 2064 3408 2112 tamen
3441 2057 3558 2112 lucc
3599 2073 3734 2114 vera

2133 2143 2229 2200 Dei
2273 2160 2382 2199 vox
2434 2153 2538 2200 est.
2569 2144 2698 2201 Ideo
2750 2147 3092 2214 praemissum
3125 2157 3248 2203 est:
3303 2148 3440 2217 Quia
3461 2148 3572 2204 lucc
3604 2149 3738 2205 dicit

2134 2243 2386 2299 Dominus
2437 2243 2682 2316 (lbid.);
2747 2246 2959 2301 Domini
2989 2245 3137 2302 enim
3176 2254 3264 2303 est
3315 2249 3737 2318 perpetuitatem

2129 2347 2601 2392 sacramentorum
2629 2337 2903 2405 spondere
2929 2337 3233 2394 caelestium
3259 2381 3274 2406 ,
3296 2351 3352 2395 et
3377 2355 3484 2396 non
3513 2339 3740 2396 defutu-

2129 2443 2244 2484 ram
2273 2429 2534 2499 spiritalis
2562 2430 2942 2486 exsultationis
2971 2430 3204 2500 gratiam
3239 2431 3505 2502 polliceri,
3537 2431 3737 2504 largiri

2129 2522 2470 2577 munimenta
2499 2522 2648 2589 vitaz,
2680 2523 2805 2580 fidei
2834 2524 3114 2593 signacula
3139 2567 3154 2592 ,
3189 2524 3335 2580 dona
3367 2525 3658 2581 virtutum.

2204 2617 2290 2672 18.
2309 2616 2449 2685 Quid
2477 2626 2755 2674 cstautem
2779 2637 2793 2674 :
2826 2618 3001 2689 Usque
3028 2620 3082 2673 in
3106 2619 3262 2674 illum
3284 2620 3560 2692 diem,quo
3588 2621 3738 2678 dabit

2128 2707 2386 2764 Dominus
2422 2711 2651 2782 pluviam
2675 2727 2830 2782 super
2862 2720 3053 2765 terram
3097 2711 3332 2785 (lbid.);
3367 2711 3470 2767 uisi
3494 2713 3623 2783 quia
3677 2724 3735 2769 et

2129 2803 2398 2859 descendet
2430 2804 2560 2858 sicut
2590 2805 2767 2876 pluvia
2793 2805 2847 2858 in
2873 2805 3057 2868 vellus,
3079 2813 3125 2859 et
3153 2805 3288 2859 sicut
3316 2803 3588 2860 stillicidia
3615 2806 3736 2862 stil-

2125 2898 2288 2953 lantia
2330 2915 2484 2970 super
2525 2909 2713 2953 terram
2741 2898 2917 2968 (l’sal.
2949 2913 3096 2964 LXXI,
3145 2898 3250 2970 6)?
3280 2898 3334 2954 In
3365 2913 3473 2968 quo
3517 2899 3732 2956 veteris

2130 2992 2452 3063 mysterium
2503 2999 2783 3046 reseratur
2832 2990 3075 3045 historia:
3111 3005 3222 3062 quo
3248 3001 3473 3046 sanctus
3501 2991 3737 3048 Gedeon

2129 3083 2344 3154 mystici
2371 3082 2688 3139 certaminis
2718 3081 3016 3152 pra-liator,
3038 3080 3233 3137 futura:
3259 3082 3482 3152 capiens
3514 3081 3740 3154 insigne

427 3179 657 3234 veritate
683 3177 937 3231 dicturus
961 3176 1054 3242 sit,
1082 3173 1148 3228 ad
1174 3174 1495 3244 mysterium
1531 3172 1744 3226 videtur
1765 3171 2027 3227 Sollicita-
2052 3164 2099 3228 C
2130 3176 2397 3242 victoriae,
2427 3176 2674 3248 spiritale
2697 3183 3099 3231 sacramentum
3116 3176 3304 3246 vigore
3335 3174 3535 3231 mentis
3564 3191 3740 3246 agno-

429 3288 486 3325 re
510 3285 689 3324 aures.
720 3266 859 3335 Quid
889 3267 1032 3322 enim
1061 3263 1246 3321 verius
1271 3264 1474 3320 Christi
1502 3274 1556 3318 et
1583 3264 1742 3335 190
1763 3262 2024 3318 Ecclesia:

429 3371 608 3433 potest
635 3375 757 3416 esse
795 3359 1106 3432 mysterio?
1156 3357 1272 3413 Non
1305 3358 1468 3428 igitur
1512 3357 1690 3412 otiose
1721 3359 1863 3412 inter
1888 3358 2026 3412 mul-

428 3468 509 3510 tas
538 3455 726 3511 viduas
754 3470 856 3508 una
888 3453 1198 3524 praefertur.
1232 3453 1363 3520 Quae
1383 3452 1528 3507 enim
1563 3451 1690 3506 talis
1714 3493 1728 3518 ,
1762 3451 1829 3506 ad
1860 3467 2022 3522 quam

428 3558 614 3604 tantus
640 3547 930 3620 propheta,
961 3547 1054 3618 qui
1077 3544 1145 3600 ad
1164 3545 1363 3600 cmlum
1390 3553 1578 3615 raptus
1604 3554 1709 3609 est,
1733 3544 2022 3615 dirigatur,

427 3662 494 3699 eo
547 3643 844 3712 praesertim
895 3647 1140 3711 tempore
1167 3639 1384 3710 quando
1405 3638 1650 3694 clausum
1691 3647 1776 3694 est
1826 3638 2025 3693 caalum

423 3735 586 3791 annis
615 3735 787 3790 tribus
814 3744 868 3789 et
891 3731 1172 3789 mensibus
1202 3746 1322 3798 sex,
1351 3747 1473 3786 cum
1503 3732 1637 3785 facta
1677 3738 1825 3786 esset
1851 3729 2025 3786 fames

424 3845 619 3900 magna
660 3828 714 3883 in
739 3828 889 3882 omni
924 3826 1112 3882 terra?
1145 3825 1355 3896 Ubique
1379 3840 1514 3896 ergo
1545 3824 1720 3880 fames
1766 3833 1886 3879 erat
1914 3866 1928 3889 ,
1964 3835 2020 3879 et

424 3922 604 3974 adhuc
634 3931 810 3974 tamen
842 3919 957 3975 hmo
979 3918 1138 3974 vidua
1158 3933 1265 3973 non
1296 3918 1511 3988 egebat.
1543 3917 1647 3984 Qui
1673 3927 1801 3972 sunt
1824 3916 1879 3970 hi
1911 3925 2022 3972 tres

424 4015 586 4068 anni?
615 4012 697 4069 Ne
745 4012 888 4068 forte
937 4013 1014 4068 illi
1043 4012 1241 4082 quibus
1270 4011 1532 4066 Dominus
1563 4009 1713 4065 venit
1740 4010 1794 4064 in
1827 4018 2019 4074 terras,

425 4116 480 4162 et
511 4108 746 4160 fructum
797 4108 848 4160 in
883 4105 1112 4161 ficulnea
1145 4105 1392 4159 invenire
1441 4119 1546 4158 non
1605 4103 1818 4172 potuit,
1869 4103 2022 4172 juxta

425 4197 567 4260 quod
593 4198 856 4267 scriptum
909 4205 997 4252 est
1038 4214 1050 4248 :
1079 4196 1216 4248 Ecce
1239 4197 1363 4248 anni
1407 4204 1506 4248 tres
1527 4204 1660 4261 sunt,
1697 4210 1760 4248 ea:
1784 4210 1884 4263 quo
1907 4193 2022 4247 veni

423 4305 654 4360 quwrens
667 4270 891 4358 fructum
908 4287 961 4340 in
975 4287 1197 4354 ﬁculnea
1215 4285 1334 4350 hac,
1351 4296 1396 4339 et
1412 4302 1511 4338 non
1527 4284 1726 4338 invenio
1739 4286 1758 4354 (
1770 4283 2019 4353 Ibid.,7).

502 4382 586 4436 15.
617 4380 742 4434 llaec
765 4389 848 4434 est
895 4377 1142 4448 profecto
1181 4377 1340 4433 vidua
1373 4377 1463 4432 illa
1489 4419 1504 4445 ,
1557 4377 1625 4433 de
1653 4394 1756 4447 qua
1813 4377 2018 4432 dictum

425 4482 542 4528 est:
568 4471 786 4540 Lwtare,
812 4472 1002 4525 sterilis
1023 4486 1136 4542 qua:
1150 4487 1251 4524 non
1274 4471 1434 4541 paris,
1456 4487 1668 4538 erumpe
1687 4479 1734 4524 et
1756 4471 2015 4538 exclamo,

2126 3269 2226 3334 vit,
2255 3268 2493 3338 pluviam
2523 3269 2669 3324 illam
2692 3268 2854 3323 Verbi
2884 3283 3065 3323 rorem
3088 3283 3213 3324 esse
3233 3265 3436 3322 divini:
3469 3283 3592 3339 quae
3619 3269 3738 3338 prio

2133 3376 2225 3416 mo
2257 3361 2395 3431 pluit
2426 3360 2478 3414 in
2511 3361 2709 3428 vellus,
2742 3375 2863 3415 cum
2889 3369 3034 3416 terra
3084 3359 3264 3416 omnis
3294 3359 3581 3431 perpetuis
3623 3362 3736 3418 sic-

2127 3453 2384 3509 citatibus
2416 3461 2676 3509 atstuarct
2703 3469 2716 3506 :
2748 3451 2990 3508 secundo
3015 3451 3369 3508 veroindicio
3395 3464 3417 3492 ε
3458 3455 3738 3510 υιιίνετεςο

2132 3555 2292 3602 terra:
2313 3562 2494 3600 aream
2519 3546 2638 3601 fuso
2656 3545 2828 3601 imbre
2852 3544 3169 3611 madefecit,
3197 3560 3318 3600 cum
3341 3544 3562 3601 siccitas
3581 3554 3739 3604 esset

2130 3641 2185 3697 in
2216 3642 2422 3698 vellere
2461 3639 2661 3712 (Judic.
2691 3656 2768 3708 γι,
2803 3641 2870 3695 77
2897 3649 2943 3694 et
2967 3639 3125 3710 seq.).

2216 3734 2302 3790 t9.
2339 3733 2596 3788 Advertit
2626 3733 2775 3788 enim
2821 3733 2903 3788 vir
2930 3748 3208 3803 prmsngus
3249 3731 3444 3789 futurae
3468 3732 3738 3790 Ecclesia:

2128 3826 2430 3882 Crescentis
2474 3823 2707 3896 insigne.
2737 3824 2871 3879 Nam
2922 3826 3098 3895 primo
3122 3825 3263 3879 intra
3294 3825 3536 3881 Judzeam
3572 3828 3735 3899 191

2131 3917 2299 3974 divini
2351 3917 2514 3987 cmpit
2560 3931 2652 3972 ros
2682 3917 2954 3971 sermonis
2984 3915 3301 3972 humescere
3355 3917 3552 3988 (notus
3583 3920 3734 3972 enim

2134 4008 2304 4081 (Psal.
2331 4007 2552 4078 t.xxv,‘2)
2578 4007 2830 4062 inludara
2849 4008 3008 4079 Deus)
3030 4024 3150 4063 cum
3177 4005 3204 4044 ά
3231 4008 3380 4063 arida
3414 4007 3539 4064 fidei
3566 4009 3736 4064 totius

2129 4099 2277 4154 orbis
2308 4099 2559 4156 universa
2594 4109 2737 4154 terra
2767 4109 3032 4154 maneret.
3063 4098 3169 4155 Sed
3193 4099 3281 4154 ubi
3313 4098 3517 4169 Joseph
3539 4116 3737 4172 greges

2132 4193 2304 4248 Deum
2355 4209 2556 4263 negare
2591 4202 2917 4264 emperunt,
2961 4199 3016 4247 et
3043 4207 3179 4246 ausu
3228 4190 3379 4246 vario
3412 4191 3736 4248 immanium

2129 4285 2454 4341 delictorum
2494 4286 2820 4341 contrahere
2840 4284 3138 4340 divinitatis
3159 4283 3418 4341 oll'ensam
3437 4327 3449 4347 ,
3483 4295 3617 4340 tunc
3639 4301 3736 4356 per

2131 4391 2322 4432 omnes
2339 4386 2511 4432 terras
2527 4375 2645 4431 fuso
2665 4376 2858 4432 imbris
2876 4391 2998 4432 rore
3013 4375 3736 4447 coelestis,p0puluslnda-o-

2128 4486 2247 4525 rum
2275 4479 2410 4525 :estu
2443 4469 2685 4540 perfidiae
2730 4485 2842 4524 suae
2869 4471 3035 4540 coepit
3057 4485 3330 4538 arescere,
3364 4485 3487 4526 cum
3542 4469 3735 4526 Eccle-

421 4582 534 4636 qua:
554 4582 657 4619 non
703 4565 966 4635 parturis;
1010 4563 1253 4634 quoniam
1298 4563 1449 4616 multi
1473 4562 1572 4632 lilii
1602 4563 1810 4616 desertw
1855 4564 2018 4635 magis
2047 4555 2101 4616 D
2125 4563 2262 4618 siam
2291 4571 2535 4618 sanctam
2569 4578 2631 4616 es
2655 4563 2911 4619 omnibus
2941 4573 3204 4618 terrarum
3234 4565 3480 4633 partibus
3499 4578 3732 4634 congre-

422 4676 574 4731 qnam
626 4661 739 4730 ejus
777 4674 890 4728 qua:
920 4657 1068 4710 habet
1105 4656 1272 4709 virum
1312 4653 1482 4728 (Esai.
1513 4671 1621 4722 ων,
1654 4655 1730 4725 1).
1763 4655 1832 4709 Ει
1879 4655 2017 4710 bene

339 4785 348 4793 -
425 4760 608 4826 vidua,
650 4757 737 4813 cui
766 4757 908 4809 bene
929 4752 1165 4807 dicitur:
1197 4749 1508 4821 Ignominia:
1536 4759 1580 4804 et
1613 4750 1876 4804 viduitatis
1921 4760 2022 4805 tua:

421 4871 523 4907 non
550 4853 652 4906 eris
682 4866 874 4903 menter
895 4864 915 4914 ;
946 4846 1070 4917 quia
1090 4861 1180 4916 ego
1207 4841 1462 4898 Dominus
1480 4844 1566 4913 qui
1594 4843 1730 4912 [acia
1752 4855 1799 4898 te
1823 4842 2016 4913 (lbid.,

425 4946 480 5008 4,
520 4948 599 5016 5).
641 4945 707 4999 Et
748 4944 978 4998 fortasse
1014 4939 1135 4994 ideo
1194 4937 1378 5005 vidua,
1413 4953 1534 5006 qua:
1575 4937 1757 4991 amisit
1800 4937 2020 5007 quidem

418 5038 618 5103 virum,
657 5034 954 5090 secundum
984 5032 1234 5101 corporis
1263 5029 1593 5100 passionem;
1625 5029 1790 5085 sedin
1822 5029 1912 5086 die
1935 5030 2023 5100 ju-

420 5129 575 5197 dicii,
610 5128 809 5184 Filium
834 5123 1069 5182 hominis
1108 5138 1268 5194 quem
1309 5122 1562 5178 amisisse
1604 5127 1718 5178 visa
1760 5133 1880 5190 est,
1926 5138 2011 5180 re-

413 5229 635 5291 ceptura
665 5217 928 5289 :Tempus
986 5215 1121 5270 enim
1172 5213 1339 5279 breve,
1389 5213 1594 5284 inquit,
1653 5213 1900 5285 dereliqui
1962 5225 2009 5272 te

489 5388 514 5416 ει
553 5377 699 5433 Edit.
738 5391 930 5434 omnes
969 5390 1092 5431 cum
1134 5373 1252 5428 solo
1296 5386 1400 5428 ms.
1458 5372 1593 5428 Tell.
1621 5418 1634 5441 ,
1668 5375 1736 5428 ad
1765 5374 2006 5429 alendam

415 5465 632 5576 εωῖἶίιο
666 5520 909 5590 plerique
931 5531 1089 5583 mss.;
1114 5515 1248 5590 edit.
1275 5530 1406 5590 vero
1431 5514 1637 5590 et__cod.
1670 5516 1835 5590 Tell.,
1862 5517 2005 5590 cibus

414 5584 925 5655 Ecclesiae-cumulo;
955 5590 1092 5644 alius
1109 5587 1295 5656 etiam,
1313 5588 1455 5642 cibus
1477 5584 1728 5643 Ecclesia:
1753 5589 1996 5655 cumulis,

412 5672 519 5774 we.
551 5730 687 5788 Cod.
723 5730 890 5800 Toll.,
927 5730 1164 5786 universa
1194 5739 1501 5799 terrarum;
1530 5729 1624 5787 alii
1651 5731 1896 5790 nonnulli
1943 5739 2000 5789 et

2125 4663 2304 4726 gatam
2338 4655 2672 4726 prophetica:
2704 4657 2875 4709 nubes
2905 4664 2959 4709 et
3005 4655 3261 4710 salutaris
3294 4655 3474 4711 imber
3508 4665 3733 4725 aposto-

2122 4747 2263 4803 licus
2311 4749 2620 4819 irrigareut.
2670 4747 2798 4802 Haec
2825 4757 2906 4802 est
2939 4747 3027 4802 illa
3063 4747 3242 4818 pluvia
3297 4764 3403 4802 non
3459 4758 3730 4803 terrarum

2123 4842 2375 4906 humido,
2411 4859 2515 4896 non
2547 4841 2812 4897 nebuloso
2838 4852 2860 4878 ο
2887 4854 3146 4898 concreta
3179 4842 3466 4903 tuentium,
3493 4841 3592 4896 scd
3623 4857 3733 4898 cte-

2123 4937 2340 4992 lcstium
2365 4936 2769 5007 Scripturarum
2793 4936 2994 4993 salubri
3016 4952 3111 5008 per
3139 4946 3310 4992 totum
3333 4937 3523 4993 orbem
3549 4937 3732 4993 imbre

2124 5029 2343 5085 dill‘usa.

2190 5123 2280 5178 20.
2314 5124 2629 5181 Ostenditur
2672 5125 2834 5196 igitur
2862 5125 3112 5196 exemplo
3159 5140 3266 5180 non
3315 5125 3561 5180 omnium
3605 5139 3731 5182 esse

2113 5215 2318 5272 divina:
2347 5217 2545 5273 mereri
2567 5217 2825 5273 miracula
2856 5217 3164 5287 potestatis,
3189 5216 3286 5274 sed
3312 5231 3505 5273 eorum
3529 5218 3732 5290 quibus

2113 5375 2273 5444 edit.,
2307 5379 2598 5433 universam
2629 5389 2839 5434 terram.

2187 5450 2214 5486 (ί
2243 5451 2440 5504 Omnes
2476 5451 2632 5513 edit...
2659 5452 2809 5505 arido
2836 5451 2960 5520 ﬁdei
2998 5452 3153 5506 totius
3181 5451 3320 5506 orbis
3350 5452 3594 5507 universa
3621 5461 3729 5507 tor-

2108 5531 2318 5592 rerent;
2365 5535 2555 5574 omnes
2611 5535 2745 5575 mss.
2779 5533 3019 5592 excepto
3065 5523 3200 5578 Tell.
3236 5531 3296 5576 ut
3349 5523 3401 5578 in
3462 5532 3640 5590 textu,
3672 5533 3729 5579 et

2109 5591 2270 5660 paulo
2299 5602 2414 5660 post
2446 5606 2636 5646 omnes
2659 5591 2817 5659 edit.,
2841 5603 2891 5648 et
2920 5591 3051 5648 ausu
3078 5594 3304 5663 nefario,
3334 5608 3529 5650 omnes
3562 5611 3723 5662 mss.,

2105 5672 2153 5716 et
2182 5678 2315 5716 ausu
2346 5669 2509 5715 vario.

2181 5743 2204 5771 ο
2231 5734 2360 5790 Mss.
2382 5734 2613 5805 aliquot,
2635 5744 2941 5809 congregata
2968 5736 3239 5792 montium.
