3998 6190
276 245 361 301 2ιί

1471 241 1558 300 DE
1600 241 1825 301 VIDUIS
1861 241 2069 300 LIBER
2113 241 2315 300 UNUS.

3466 248 3575 308 ΞΒ

279 361 548 432 religiosa:
598 362 913 417 devotionis
943 361 1116 418 studia
1152 361 1559 435 sull‘ragcntur:
1611 372 1665 416 et
1705 361 1870 416 divini
1900 368 1947 428 Α
1979 359 2302 414 conducunt.
2330 359 2384 414 ln
2414 358 2518 414 hoc
2556 358 2816 414 Ecclesize
2846 371 2927 416 est
2948 360 3178 432 opulens
3204 360 3224 400 ί
3249 361 3561 435 disciplina,

267 470 352 511 cos
401 453 577 508 fructu
626 457 814 524 operis
845 454 1108 518 abdicari,
1139 456 1226 523 qui
1251 456 1570 509 reverentia:
1597 464 1727 509 sunt
1753 470 1865 511 ca)-

266 547 408 604 lestis
435 555 718 601 exsortes.
740 545 1063 602 Ostenditur
1106 547 1271 602 etiam
1324 548 1377 602 in
1412 547 1694 620 mysterio,
1720 549 1862 618 quod

265 641 324 695 ad
347 639 756 694 instaurandam
784 639 1108 706 Ecclesium,
1132 640 1224 694 Dei
1249 639 1418 696 Filius
1434 641 1651 694 humani
1669 655 1864 711 corpo-

262 737 330 792 ris
352 744 376 772 ³
401 747 754 792 sacramenta
784 734 1112 806 susceperit,
1143 735 1396 789 abdicato
1420 735 1622 804 populo
1647 733 1862 789 Judazo-

262 843 394 893 rum,
419 829 618 896 quibus
651 829 1001 884 consiliarius
1043 838 1097 883 et
1131 828 1395 900 propheta
1419 826 1592 899 (Esai.
1627 843 1705 894 ιιι,
1732 827 1783 893 1,
1815 838 1861 881 ει

261 921 408 995 seq.),
437 922 949 994 beneliciorumque
971 923 1220 993 adempta
1243 932 1369 977 sunt
1398 923 1659 979 miracula
1681 922 1860 976 Domi-

260 1015 529 1081 nicorum;
561 1031 634 1071 eo
655 1015 800 1086 quod
823 1014 852 1054 δ
883 1017 1058 1072 civico
1097 1017 1332 1088 quodam
1362 1014 1581 1072 invidia:
1624 1029 1777 1070 εισιιό
1804 1015 1885 1069 ἱη·

264 1109 346 1166 Dei
369 1108 568 1165 Filium
593 1111 823 1166 credere
855 1111 1165 1166 noluerunt.

894 1226 1123 1283 CAPUT
1163 1225 1254 1281 IV.

262 1327 436 1394 Qualis
462 1329 745 1383 viduarum
798 1329 902 1384 vita
955 1347 1062 1385 esse
1093 1330 1292 1394 debeat,
1343 1329 1585 1401 patefacit
1623 1330 1857 1400 exemplo

321 1425 513 1478 Anna:
539 1440 700 1493 quam
727 1424 781 1478 in
808 1424 1027 1497 singulis
1048 1425 1155 1479 suis
1180 1424 1439 1489 tetatibus,
1460 1424 1710 1478 castitatis
1734 1441 1854 1494 spe.

320 1515 478 1569 timeri
527 1515 758 1569 edidisse
785 1516 1119 1570 demonstrat.
1163 1514 1442 1584 Triplicem
1486 1531 1548 1568 ea:
1573 1514 1650 1568 his
1672 1514 1856 1567 astruit

317 1609 544 1680 ejusdem
572 1610 779 1663 virtutis
807 1608 1031 1679 gradum
1061 1625 1190 1675 esse,
1222 1625 1348 1679 quos
1398 1608 1590 1680 gradus
1623 1607 1855 1661 Ecclesia

316 1715 484 1755 omnes
505 1702 864 1768 amplectitur,
895 1719 985 1758 nec
1013 1719 1115 1756 non
1161 1703 1377 1772 singulis
1397 1700 1631 1771 exempla
1652 1702 1704 1754 in
1728 1700 1848 1755 Ma-

317 1795 406 1858 ria,
440 1794 492 1846 in
541 1794 698 1847 Anna
729 1803 881 1865 atque
919 1796 972 1848 in
999 1795 1240 1849 Susanna
1287 1795 1549 1866 proponit.
1581 1795 1740 1848 Addit
1770 1805 1849 1847 ta-

317 1903 422 1940 men
452 1887 573 1940 aliis
604 1886 806 1940 duobus
837 1898 1084 1957 praestare
1110 1898 1300 1942 statum
1326 1888 1653 1959 virginitatis,
1680 1887 1848 1942 vidua:

315 1989 474 2033 autem
517 1995 708 2034 curam
751 1980 1016 2036 serranda:
1064 1981 1220 2051 [om
1245 1987 1496 2052 majorem
1542 1996 1650 2036 esse
1693 1997 1848 2052 opor-

321 2082 434 2127 tere.

312 2209 393 2263 2L
427 2209 629 2266 Docuit
651 2211 815 2282 igitur
845 2211 1125 2282 Scriptura
1142 2223 1163 2251 ο
1183 2201 1442 2285 quantam
1461 2215 1686 2271 collatio
1716 2229 1848 2270 con-

254 2301 372 2356 ierat
389 2304 654 2374 gratiam,
686 2313 947 2375 quantum
976 2307 1138 2360 etiam
1167 2308 1239 2362 sit
1285 2322 1478 2363 munus
1521 2307 1720 2363 divinae
1753 2309 1848 2365 be-

254 2395 566 2450 nedictionis
606 2397 658 2450 in
692 2396 888 2452 viduis.
921 2398 1129 2465 Quibus
1175 2401 1433 2470 quoniam
1483 2401 1847 2456 honoriﬁcen-

257 2487 317 2541 tia
343 2503 368 2540 a
415 2487 527 2542 Deo
561 2497 717 2542 tanta
743 2489 1046 2557 confertur,
1081 2501 1163 2545 est
1225 2491 1515 2547 advertere
1543 2493 1722 2561 qualis
1749 2492 1846 2549 de-

257 2579 363 2634 beat
383 2582 484 2635 vita
503 2591 862 2652 competere;
894 2583 1054 2638 docet
1076 2585 1222 2639 enim
1251 2584 1406 2639 Anna
1437 2585 1625 2656 quales
1655 2586 1846 2641 deceat

254 2688 360 2730 esse
403 2675 624 2743 viduas,
648 2691 771 2746 qua:
819 2677 1113 2731 immaturo
1166 2677 1347 2731 mariti
1379 2678 1531 2732 obitu
1559 2678 1845 2746 destituta,

256 2780 459 2824 matura:
481 2781 671 2824 tamen
699 2767 1004 2824 “adoream
1046 2770 1220 2825 laudis
1251 2771 1497 2826 invenit:
1528 2788 1634 2826 non
1665 2774 1845 2827 minus

255 2865 506 2935 religionis
539 2864 749 2931 ofﬁcio,
783 2879 942 2935 quam
968 2864 1150 2920 studio
1178 2867 1444 2920 castitatis
1500 2867 1731 2923 intenta.
1754 2867 1846 2922 Vi-

255 2955 367 3020 dua,
393 2957 572 3028 inquit
600 3000 614 3022 ,
667 2959 946 3028 octoginta
994 2967 1049 3012 et
1099 2968 1331 3028 quatuor
1368 2974 1658 3026 annorum,
1685 2961 1845 3016 vidua

254 3064 358 3120 qua:
386 3067 492 3106 non
526 3051 843 3107 discederet
867 3051 936 3106 de
960 3053 1186 3122 templo,
1212 3053 1372 3108 vidua
1395 3070 1517 3124 quae
1544 3055 1768 3124 jejuniis
1789 3064 1846 3111 et

1969 453 2112 523 quod
2143 467 2279 522 quos
2332 453 2608 522 prmferat,
2641 453 2837 509 habet:
2880 470 3016 524 quos
3071 456 3305 526 rejiciat,
3334 474 3439 516 non
3475 460 3570 513 ha-

1965 545 2057 600 bet
2085 562 2099 609 ;
2131 555 2293 614 atque
2323 548 2528 599 utinam
2563 546 2770 600 habere
2799 562 3090 617 numquam
3128 549 3332 617 possit!
3364 549 3439 604 Ita
3473 551 3572 622 igi-

1964 648 2051 694 tur
2078 639 2440 710 virginitatem
2472 641 2913 710 prardicavimus,
2940 650 3000 696 ut
3023 640 3214 698 viduas
3240 658 3345 698 non
3379 645 3572 715 rejice-

1964 723 2152 786 remus
2183 749 2194 784 :
2232 731 2305 786 ita
2347 732 2535 786 viduas
2568 731 2926 799 honoramus,
2964 743 3022 786 nt
3052 748 3182 787 suus
3236 734 3408 790 honos
3438 751 3570 792 con-

1956 822 2110 893 jugio
2157 833 2491 878 reservetur.
2540 823 2660 878 Non
2719 834 2904 879 nostra
2953 824 3057 879 hoc
3102 837 3372 896 praecepta
3401 869 3416 894 ,
3468 829 3564 884 sed

1963 915 2144 969 divina
2175 915 2478 970 testimonia
2519 915 2737 969 docent.

2031 1007 2123 1061 24.
2155 1007 2593 1064 Reininiscamur
2642 1008 2824 1079 itaque
2874 1010 3332 1077 quemadmodum
3372 1012 3564 1079 Maria,

1959 1101 2414 1170 quemadmodum
2457 1100 2633 1167 Anna,
2663 1101 3118 1172 quemadmodum
3167 1104 3414 1159 Susanna
3448 1104 3563 1158 lau-

1959 1194 2178 1250 dentur.
2230 1195 2336 1249 Sed
2381 1195 2641 1264 quoniam
2694 1209 2802 1249 non
2843 1193 3031 1250 laudes
3077 1210 3266 1250 earum
3327 1204 3567 1252 tantum-

1962 1287 2126 1342 modo
2171 1273 2532 1357 prmdicandae
2582 1297 2740 1353 sunt,
2769 1287 2863 1342 sed
2895 1288 3195 1360 disciplinae
3231 1290 3395 1344 etiam
3441 1299 3568 1345 sunt

1959 1380 2280 1450 sequendae,
2315 1380 2731 1434 reminiscamur
2755 1380 2845 1434 ubi
2876 1380 3122 1435 Susanna
3152 1380 3316 1451 (Dan.
3343 1397 3458 1447 xm,
3485 1383 3563 1452 7),

1958 1471 2046 1525 ubi
2076 1473 2234 1528 Anna
2284 1471 2434 1543 (Luc.
2471 1487 2539 1537 tt,
2590 1471 2708 1541 58),
2739 1473 2833 1527 ubi
2875 1473 3041 1527 Maria
3077 1473 3231 1543 (Luc.
3274 1490 3314 1537 ι,
3337 1474 3430 1546 28)
3457 1477 3567 1529 sint

1958 1575 2191 1632 repertae
2237 1574 2338 1621 :et
2411 1565 2758 1620 advertamus
2827 1566 3282 1635 quemadmodum
3339 1569 3566 1638 singulm

1956 1658 2100 1726 aptis
2151 1657 2401 1712 laudibus
2441 1656 2827 1728 prtediccntur,
2860 1667 2917 1712 et
2963 1657 3184 1712 ubinam
3225 1672 3566 1714 commeren-

1882 1760 1926 1820 B
1955 1757 2044 1804 tur
2074 1760 2132 1802 τε
2160 1759 2323 1821 nupta
2375 1751 2426 1803 in
2459 1749 2735 1820 paradiso,
2766 1749 2925 1804 vidua
2959 1749 3012 1803 in
3053 1748 3281 1819 templo,
3328 1750 3482 1820 virgo
3508 1751 3562 1804 in

1951 1852 2186 1898 SCCfClO.

2021 1936 2112 1990 25.
2138 1935 2245 1990 Sed
2274 1934 2326 1989 in
2357 1934 2460 1989 illis
2484 1934 2689 1990 tardior
2705 1934 2938 2002 fructus,
2957 1935 3009 1989 in
3034 1935 3242 2006 virgine
3263 1935 3560 1991 maturior:

1951 2027 2074 2082 illas
2100 2035 2358 2081 senectus
2389 2027 2605 2096 probat,
2638 2027 2924 2097 virginitas
2952 2027 3072 2082 laus
3099 2027 3276 2082 aetatis
3307 2036 3430 2094 est;
3459 2043 3562 2085 nec

1951 2119 2260 2189 adjumenta
2290 2120 2487 2188 quaerit
2518 2134 2809 2185 annorum,
2831 2136 2952 2190 qua!
2975 2119 3222 2176 omnium
3245 2130 3329 2175 est
3353 2122 3560 2176 fructus

1950 2222 2194 2269 aetatum.
2240 2212 2684 2267 Adolescentiam
2736 2213 2934 2278 decet,
2980 2213 3320 2282 juventutem
3373 2221 3558 2281 ornat,

1950 2303 2246 2373 ampliﬁcat
2274 2312 2613 2359 senectutem
2655 2321 2669 2357 :
2695 2307 2956 2375 omnique
3005 2320 3120 2358 arvo
3148 2305 3558 2376 habetjustitiae

1951 2411 2065 2452 Sua:
2115 2412 2286 2451 canos
2312 2439 2325 2461 ,
2382 2398 2751 2452 maturitatem
2784 2397 3088 2468 gravitatis,
3117 2399 3361 2452 velamen
3390 2400 3562 2468 pudo-

1948 2491 2047 2556 ris,
2079 2488 2105 2525 h
2130 2506 2250 2560 qua:
2279 2490 2623 2546 devotionem
2667 2506 2774 2545 non
2805 2490 3084 2560 impediat,
3115 2490 3434 2560 religionem
3463 2507 3557 2545 an-

1947 2595 2091 2655 geat.
2120 2583 2471 2639 Advertimus
2501 2585 2648 2640 enim
2680 2600 2746 2648 ex
2786 2585 3147 2655 sequentibus
3175 2586 3296 2655 quia
3329 2594 3558 2656 quotan-

1948 2676 2034 2731 nis
2059 2676 2110 2730 in
2138 2677 2224 2731 die
2255 2677 2482 2732 solemni
2531 2677 2754 2732 Pascha:
2781 2686 2971 2732 sancta
3010 2677 3175 2732 Maria
3207 2694 3328 2732 cum
3346 2677 3551 2748 Joseph

1950 2767 2290 2822 Hierusalem
2344 2767 2564 2837 petebat
2592 2767 2749 2850 (Luc.
2801 2785 2861 2834 ιι,
2910 2769 3024 2838 Η).
3057 2768 3267 2837 Ubique
3323 2769 3552 2839 impigra

1947 2859 2188 2923 devotio,
2218 2859 2419 2930 ubique
2469 2859 2721 2914 assiduus
2762 2860 2972 2931 Virgini
3003 2876 3190 2916 comes
3217 2862 3440 2932 pudoris
3460 2861 3554 2916 ad-

1941 2951 2208 3022 jungitur.
2236 2951 2348 3007 Nec
2377 2951 2596 3006 inﬂatur
2627 2953 2837 3007 Domini
2863 2962 3057 3020 mater,
3089 2955 3242 3023 quasi
3271 2968 3459 3009 secura
3484 2959 3553 3010 de

1946 3045 2193 3100 meritis:
2218 3045 2315 3099 sed
2349 3061 2456 3114 quo
2504 3045 2756 3099 meritum
2787 3046 2962 3116 magis
3009 3046 3247 3116 agnovit,
3271 3061 3338 3100 eo
3364 3056 3548 3100 votum

252 3143 718 3200 obsecrationibus
760 3143 850 3200 die
903 3158 970 3199 ac
1013 3154 1175 3201 nocte
1219 3146 1454 3202 serviret
1478 3144 1631 3219 (Luc,
1661 3163 1719 3214 η,
1749 3147 1838 3215 56,
1867 3151 1913 3215 C
1947 3139 2166 3194 uberius
2213 3133 2466 3203 exsolvit,
2498 3136 2741 3194 ofﬁcium
2797 3138 3076 3209 copiosius
3105 3139 3322 3209 detulit,
3353 3155 3552 3196 munus

252 3253 354 3290 Oli.

311 3329 395 3384 2‘2.
417 3329 588 3386 Vides
610 3329 792 3402 qualis
821 3330 981 3386 vidua
999 3331 1350 3403 praedicetur,
1375 3331 1539 3387 unius
1560 3331 1660 3386 viri
1683 3347 1841 3398 uxor,

253 3422 412 3476 :etatis
436 3437 663 3492 quoque
710 3423 823 3492 jam
870 3423 1095 3493 probata
1125 3438 1405 3494 processu,
1435 3435 1458 3461 ο
1499 3424 1679 3479 vivida
1712 3425 1844 3480 reli-

251 3513 404 3582 gioni,
421 3525 480 3572 et
502 3515 664 3572 eﬂ‘eta
687 3516 801 3586 jam
819 3532 1051 3588 corpore
1075 3539 1088 3574 :
1119 3518 1204 3573 cui
1228 3518 1591 3574 diversorium
1615 3519 1670 3574 in
1704 3529 1841 3574 tem-

255 3607 348 3675 plo,
386 3609 722 3680 colloquium
755 3611 810 3665 in
857 3625 1040 3680 prece,
1073 3611 1182 3665 vita
1210 3610 1265 3666 iu
1301 3611 1544 3681 jejunio:
1574 3626 1698 3682 quae
1721 3610 1841 3666 die-

254 3715 358 3757 rnm
407 3705 759 3774 noctiumque
801 3704 1138 3774 temporibus
1189 3703 1479 3760 indefessa:
1532 3704 1842 3759 devotionis

253 3794 663 3868 obsequio,cum
695 3797 950 3867 corporis
977 3805 1302 3866 agnosceret
1323 3805 1684 3861 senectutem,
1727 3796 1842 3865 pie-

257 3885 367 3940 tatis
393 3898 573 3943 tamen
606 3887 851 3943 nesciret
877 3896 1114 3944 aetatem.
1159 3887 1249 3942 Sic
1279 3887 1577 3942 instituitur
1598 3902 1624 3938 a
1648 3885 1842 3955 juven-

259 3984 357 4032 tute
381 3979 561 4043 vidua,
610 3981 691 4034 sic
728 3979 1058 4050 praedicatur
1086 3980 1240 4052 192
1294 3981 1344 4034 in
1377 3986 1660 4034 senectute
1691 3987 1842 4032 vete-

258 4084 369 4126 rana
397 4091 408 4125 :
437 4089 559 4144 qua:
588 4073 911 4129 viduitatem
947 4091 1055 4128 non
1088 4076 1379 4130 occasione
1411 4073 1695 4143 temporis,
1731 4089 1837 4127 non

260 4157 606 4222 imbecillitate
657 4167 929 4237 corporis,
973 4167 1070 4222 sed
1120 4169 1342 4222 virtutis
1396 4167 1840 4237 magnanimitate

260 4260 558 4314 servaverit.
591 4260 808 4316 Etenim
837 4276 959 4316 cum
984 4261 1119 4316 dicit
1142 4272 1349 4332 septem
1382 4261 1540 4316 annis
1562 4275 1682 4315 eam
1714 4276 1837 4316 cum

263 4348 364 4404 viro
386 4352 547 4409 fuisse
574 4369 606 4408 a
635 4355 950 4426 virginitate
983 4369 1105 4420 sua,
1135 4355 1204 4410 ab
1231 4355 1620 4410 adolescentia:
1653 4353 1840 4420 utique

261 4447 702 4504 studiisinchoata
738 4449 998 4520 praedicat
1027 4448 1267 4504 subsidia
1299 4449 1620 4504 senectutis.

1945 3229 2260 3301 religiosius
2289 3231 2455 3296 vexit,
2481 3230 2764 3301 mysticum
2788 3239 3002 3301 tempus
3025 3231 3290 3301 implevit.

2011 3322 2106 3378 26.
2138 3324 2352 3391 Quanto
2371 3323 2535 3394 igitur
2559 3338 2658 3378 vos
2690 3325 2865 3394 magis
2887 3326 3142 3381 convenit
3163 3327 3401 3382 intentas
3425 3341 3549 3382 esse

1941 3414 2122 3469 studio
2143 3414 2410 3469 castitatis
2435 3456 2449 3479 ,
2494 3429 2563 3470 ne
2588 3414 2767 3470 locum
2798 3415 3034 3471 sinistrae
3081 3417 3404 3489 relinquatis
3432 3420 3552 3487 opi-

1942 3507 2112 3573 nioni,
2143 3523 2263 3578 qua:
2295 3507 2570 3578 pudicitia:
2619 3509 2994 3565 testimonium
3045 3510 3098 3565 in
3151 3512 3285 3567 solis
3340 3512 3551 3568 habetis

1939 3599 2216 3654 moribus!
2253 3600 2415 3670 Virgo
2456 3601 2621 3665 enim,
2656 3601 2781 3656 licet
2809 3601 2862 3655 in
2910 3617 2971 3656 ea
3017 3617 3237 3672 quoque
3281 3603 3456 3673 major
3477 3605 3552 3659 sit

1942 3707 2151 3747 morum
2185 3693 2543 3763 praerogativa
2574 3709 2732 3763 quam
2767 3694 3011 3763 corporis
3037 3735 3054 3760 ,
3096 3693 3422 3748 calumniam
3469 3705 3549 3749 ta-

1941 3801 2066 3841 men
2088 3787 2399 3857 integritate
2421 3788 2600 3841 carnis
2617 3787 2863 3856 abjurat;
2890 3787 3070 3852 vidua,
3097 3803 3219 3855 qua:
3250 3788 3546 3856 probanda:

1940 3876 2242 3932 subsidium
2279 3879 2610 3948 virginitatis
2655 3878 2921 3945 amiserit,
2957 3893 3062 3931 non
3097 3878 3149 3932 in
3205 3893 3337 3934 voce
3365 3880 3548 3935 obste-

1941 3970 2114 4036 tricis,
2148 3969 2241 4024 sed
2275 3971 2328 4024 in
2377 3972 2490 4024 suis
2517 3970 2758 4024 moribus
2783 3969 2945 4023 habet
2986 3969 3252 4025 castitatis
3283 3986 3544 4027 examen.

1942 4065 2138 4120 Docuit
2194 4065 2357 4135 igitur
2398 4064 2681 4134 Scriptura
2709 4079 2870 4134 quam
2919 4073 3161 4120 attentus
3201 4065 3377 4122 viduae
3423 4079 3550 4122 esse

1941 4158 2141 4215 debeat
2163 4168 2216 4214 et
2240 4158 2527 4229 religiosus
2549 4155 2796 4212 allectus.

2466 4273 2621 4346 193
2645 4271 2874 4329 asper
2898 4272 2960 4328 v.

1942 4363 2298 4421 Liberalitatis
2343 4381 2465 4433 erga
2515 4383 2766 4436 pauperes
2795 4366 3089 4434 exemplum
3116 4367 3169 4422 in
3191 4368 3348 4422 vidua
3378 4366 3550 4422 Euan-

2013 4460 2178 4529 gelica
2200 4459 2532 4529 proponitur,
2561 4463 2712 4532 cujus
2740 4461 2842 4514 duo
2869 4461 3071 4516 minuta
3127 4461 3438 4532 largioribus
3463 4462 3549 4514 di-

321 4542 402 4597 Ξῖ).
428 4542 698 4598 Βιιςεηιιιι·
728 4546 910 4615 itaque
943 4545 1211 4613 triplicem
1257 4544 1526 4599 castitatis
1573 4558 1698 4599 esse
1727 4544 1838 4598 νῖν·
1862 4538 1916 4597 Ῑ)
2011 4553 2172 4607 vitum
2194 4553 2345 4608 donis
2375 4553 2714 4608 ostenduntur
2737 4571 2843 4609 esse
2865 4556 3091 4625 potiora.
3143 4553 3374 4608 Docetur
3396 4555 3549 4609 etiam

264 4640 411 4690 tatem
442 4655 455 4691 :
482 4655 642 4692 unam
674 4639 1045 4708 conjugalem,
1078 4638 1236 4693 aliam
1288 4637 1585 4702 viduitatis,
1620 4639 1835 4693 tertiam

267 4725 589 4798 virginitatis;
633 4751 740 4788 non
773 4735 918 4788 enim
947 4734 1108 4787 aliam
1131 4734 1210 4788 sic
1232 4732 1618 4804 praedicamus,
1655 4742 1714 4788 ut
1741 4749 1838 4787 ex-

266 4819 513 4882 cludamus
542 4829 701 4884 alias.
743 4827 867 4884 Suis
915 4826 1218 4898 quibusque
1257 4825 1689 4897 professionibus
1735 4828 1838 4883 ista

333 4992 356 5061 fl
376 4986 482 5043 Non
497 4990 652 5056 pauci
671 5003 831 5049 mss..
861 5005 1013 5043 sacra
1035 4989 1278 5061 suscepit.

333 5054 355 5092 δ
381 5054 591 5124 Quidam
609 5076 770 5125 mss.,
804 5061 936 5115 cives
957 5054 1414 5125 quodam'invidite
1438 5075 1606 5115 meno.

334 5137 352 5164 ε
377 5131 562 5187 Omnes
586 5135 718 5187 eilit.
751 5143 804 5186 et
832 5133 953 5187 eod.
984 5132 1146 5195 'l‘ell.,
1181 5143 1370 5199 quanta
1419 5133 1670 5199 collatio;
1701 5133 1842 5188 Tell.

273 5210 486 5274 tritanu,
534 5203 842 5267 consolatio,
900 5204 1124 5274 gratim;
1158 5204 1548 5274 reliquimss.,
1600 5214 1846 5273 quantam

273 5268 450 5346 pollutio
476 5278 702 5345 conferat
737 5268 981 5344 gratiam.
1012 5274 1107 5327 Est
1144 5268 1324 5328 autem
1356 5273 1461 5330 hoc
1497 5268 1844 5330 Icci'collatio

276 5341 392 5415 idem
415 5359 474 5398 ac
499 5341 855 5400 beneﬁcentia
897 5359 1058 5415 atque
1089 5347 1456 5415 clcemosyna.

335 5409 357 5449 ⁸³
381 5414 492 5470 Vet.
517 5418 673 5481 edit.,
706 5436 736 5468 ιι
772 5419 878 5471 er
913 5409 1376 5470 remunerationem
1409 5418 1578 5472 laudis
1605 5419 1797 5471 invenit
1823 5434 1840 5472 :

279 5477 408 5540 Rom.
432 5503 555 5543 vero
577 5477 701 5543 cum
747 5505 880 5543 mss.
928 5488 1202 5553 oniiiibns,
1247 5489 1506 5552 adoream,
1561 5499 1669 5543 etc.
1722 5490 1850 5542 Erat

278 5556 523 5631 praemium
552 5562 786 5616 militare
818 5561 962 5631 quod
1012 5575 1078 5614 ex
1136 5561 1294 5614 farris
1332 5575 1534 5627 genere
1564 5558 1852 5614 constabat

283 5639 370 5750 ἲ]υο
395 5629 607 5686 Romani
635 5648 727 5686 an.
773 5629 848 5687 ab
884 5631 1030 5687 Urbe
1077 5631 1297 5685 condita
1346 5631 1453 5687 500
1510 5633 1850 5686 victitarunt.

327 5699 414 5750 nde
430 5702 620 5750 adorea
652 5719 748 5750 per
771 5716 986 5750 lrnnmn
1019 5717 1117 5750 nm
1143 5703 1298 5750 laude
1318 5711 1482 5750 atnue
1522 5703 1729 5750 honore
1761 5715 1846 5750 su-

305 5699 414 5778 ,Jnkde
430 5702 627 5778 adorea
652 5719 748 5778 per
771 5716 1000 5778 trapuui
1019 5717 1117 5770 pro
1142 5703 1298 5757 laude
1318 5711 1482 5772 atque
1522 5703 1729 5758 honore
1761 5715 1846 5758 su-

285 5769 422 5826 tnitiir
443 5787 503 5829 ac
521 5769 871 5844 potissimum
888 5769 1058 5829 milita
1068 5777 1133 5828 ri.

2017 4646 2157 4700 hisce
2195 4647 2396 4701 duobus
2429 4648 2641 4702 minutis
2663 4658 2934 4718 utrumque
2965 4647 3344 4703 Testamentum
3372 4651 3550 4722 signa-

2017 4751 2122 4792 tum
2153 4757 2279 4794 esse.
2331 4739 2460 4805 Quis
2510 4742 2598 4794 ille
2651 4741 2921 4795 thesaurus
2959 4741 3046 4806 sit,
3099 4741 3238 4795 unde
3276 4757 3550 4813 magorum

2017 4833 2250 4902 exemplo
2281 4833 2381 4885 tria
2425 4848 2660 4896 munera,
2695 4844 2785 4886 aut
2818 4832 3148 4903 Evangelicte
3173 4832 3343 4888 viduae
3364 4836 3549 4902 instar,

2026 5001 2048 5065 ξ’
2072 4990 2340 5065 Mssanon
2366 4991 2542 5065 pauci,
2560 4992 2792 5065 uiduaiet
2821 4991 2966 5065 eﬂ'eta
2984 4997 3100 5065 jam
3125 5011 3356 5065 corpore.

2027 5063 2044 5099 ί
2081 5063 2370 5136 Disciplina
2405 5061 2538 5115 nihil
2593 5062 2700 5136 hoc
2724 5064 2845 5118 loco
2884 5061 3028 5119 aliud
3054 5075 3157 5132 εει,
3185 5061 3350 5136 quam
3396 5067 3520 5123 inSti

1950 5143 2085 5206 tuta,
2116 5134 2284 5206 leges,
2313 5143 2368 5188 et
2385 5134 2829 5198 consuetudines,
2857 5150 2976 5203 qua:
3003 5139 3188 5206 vigent
3206 5134 3269 5191 in
3304 5139 3548 5195 Ecclesia

1947 5205 2212 5282 catholica
2240 5221 2254 5270 ;
2288 5219 2408 5258 cum
2433 5219 2494 5258 ea
2537 5219 2642 5258 vox
2674 5220 2781 5259 non
2838 5220 2962 5260 raro
2987 5205 3086 5274 pro
3111 5209 3354 5264 doctrina
3386 5220 3550 5282 atque

1946 5275 2250 5332 eruditione
2264 5285 2528 5330 sumatur.

2023 5356 2047 5394 ε
2076 5345 2210 5422 God.
2238 5362 2376 5422 unus
2408 5344 2725 5422 egolhert,
2753 5345 2938 5417 Nupta
2964 5348 3016 5399 in
3049 5351 3278 5422 pomerio
3306 5370 3325 5418 ;
3353 5351 3469 5422 lege
3493 5354 3550 5407 in

1949 5417 2556 5495 poniario,_eti_ntellige
2605 5419 2850 5495 Latinam
2905 5433 3095 5495 vocem
3129 5435 3226 5495 pro
3250 5417 3436 5495 Graeca
3457 5440 3552 5495 pa-

1954 5489 2134 5612 r‘adiso
2187 5489 2432 5559 ejusdem
2491 5504 2686 5544 sensus
2737 5489 2906 5544 fuisse
2934 5490 3164 5557 positam
3216 5494 3267 5546 in
3321 5493 3424 5549 hoc
3460 5489 3549 5549 co-

1954 5576 2089 5612 (ICO.

1952 5576 2089 5614 0100.

2028 5629 2054 5667 ιι
2085 5631 2284 5705 Omnes
2309 5629 2466 5694 edit.,
2511 5631 2597 5705 qui
2629 5630 2992 5705 deuotionem;
3017 5645 3208 5691 omnes
3237 5649 3393 5703 mss.,
3436 5650 3551 5705 quia

1957 5703 2293 5765 devotionem,
2323 5716 2516 5769 nempe
2542 5702 2825 5771 virginitas.
