3974 6186
405 268 514 327 245

1765 257 2010 315 sane“
2045 240 2373 314 Auends‘tt

3603 250 3720 306 244

477 389 584 445 duo
604 403 712 444 tera
750 389 983 458 depromi
1025 386 1303 458 jubeamur
1322 386 1349 441 7
1373 384 1503 440 Post
1524 399 1637 455 qua:
1666 383 1892 455 sequitur
1941 382 2012 437 ad
2038 386 2088 446 Α
2116 379 2296 438 Habes
2317 388 2372 436 et
2395 388 2455 434 tn
2478 377 2793 434 thesaurum
2825 374 2988 439 hunc,
3019 374 3063 429 si
3104 372 3161 427 in
3214 378 3267 426 te
3296 368 3577 440 requiras:
3609 366 3723 427 Ila-

479 483 665 538 uiduas
692 480 944 537 bonorum
970 496 1184 554 operum
1212 479 1389 535 studio
1406 477 1815 550 inﬂammanda:
1830 476 2014 533 extror-

478 576 623 631 talio.

474 723 567 790 27.
600 732 797 789 Docuit
817 733 981 790 etiam
999 728 1137 790 libro
1165 732 1385 801 eodem,
1414 730 1511 788 sed
1542 731 1652 786 alio
1674 730 1819 796 loco,
1847 745 2010 801 quam

405 823 815 883 misericordem
845 810 903 880 in
953 841 1220 896 pauperes
1249 835 1304 882 et
1329 813 1614 881 liberalem
1658 837 1783 879 esse
1805 836 2009 878 conve-

405 921 559 985 niat,
607 934 708 976 nec
760 920 1091 990 paupertatis
1112 919 1316 976 debere
1353 918 1815 989 contemplatione
1844 931 2005 973 revo-

409 1011 559 1080 cari;
594 1012 719 1083 quia
779 1010 1079 1068 liberalitas
1131 1017 1239 1068 non
1287 1010 1507 1068 cumulo
1552 1011 1887 1082 patrimonii,
1911 1011 2011 1069 sed

404 1102 674 1177 largitatis
720 1098 975 1159 deﬁnitur
1022 1102 1239 1160 ali'ectu.
1275 1103 1521 1175 Denique
1563 1097 1844 1163 Detninica
1877 1119 2010 1161 voce

405 1197 497 1253 illa
527 1196 688 1252 vidua
721 1195 973 1252 omnibus
1019 1194 1351 1263 antefertur,
1380 1194 1450 1252 de
1494 1211 1599 1269 qua
1643 1197 1842 1253 dictum
1874 1205 1960 1254 est
1992 1214 2005 1253 :

417 1288 591 1345 Vidua
612 1291 720 1345 Ilaec
745 1289 860 1361 plus
881 1288 1118 1345 omnibus
1148 1289 1287 1345 misit
1306 1286 1458 1359 (Luc.
1489 1305 1547 1355 tt,
1571 1290 1650 1361 5).
1679 1287 1738 1346 1η
1764 1306 1874 1360 quo
1895 1302 2013 1344 tno-

409 1381 601 1439 raliter
625 1380 892 1437 Dominus
919 1380 1158 1437 instituit
1190 1381 1498 1450 universos,
1527 1396 1595 1437 ne
1635 1382 1755 1453 quis
1784 1397 1814 1436 a
1845 1381 2013 1440 colla-

408 1476 560 1531 tione
589 1472 904 1541 ministerii,
932 1473 1271 1545 paupertatis
1317 1472 1525 1544 pudore
1547 1482 1839 1529 revocetur
1863 1488 1877 1526 :
1914 1485 2015 1528 nec

408 1568 511 1625 sibi
532 1568 730 1623 divites
745 1566 1111 1635 blandiamur,
1131 1565 1276 1638 quod
1306 1566 1426 1637 plus
1449 1556 1737 1621 videantur
1757 1564 2013 1623 conferre

408 1677 572 1734 quam
607 1674 897 1733 pauperes.
924 1654 1157 1716 Uberior
1180 1670 1264 1717 est
1290 1659 1436 1716 enim
1476 1674 1733 1715 nummus
1758 1674 1789 1713 e
1818 1671 2009 1729 parvo,

2117 474 2290 532 bemus
2311 473 2448 529 enim
2500 473 2803 527 thesaurum
2842 470 2897 523 in
2927 469 3062 523 vasis
3114 463 3358 536 ﬁctilibus
3388 461 3455 536 (ll
3484 461 3607 520 Cor.
3637 476 3719 530 tv,

2116 565 2195 640 7).
2225 567 2405 624 [labes
2434 580 2627 620 aurum
2653 562 2799 635 quod
2818 561 3070 618 conteras
3097 574 3115 625 ;
3138 573 3245 614 non
3286 557 3432 612 enim
3478 556 3727 611 reniten-

2117 661 2284 718 tentis
2313 659 2521 716 metalli
2555 657 2785 729 pretium
2838 655 2909 710 de
2959 662 3012 709 te
3066 654 3205 709 Deus
3241 650 3431 722 exigit,
3460 649 3552 706 sed
3581 649 3723 707 illud

2115 768 2306 811 aurum
2339 752 2485 823 quod
2511 753 2563 806 in
2583 749 2774 821 judicii
2798 749 2887 804 die
2919 755 3152 819 nequeat
3170 745 3310 817 ignis
3334 759 3587 801 exurere.
3609 742 3724 801 Nec

2114 848 2260 904 dona
2280 846 2519 917 pretiosa
2543 843 2814 916 deposcit,
2847 842 2944 899 sed
2969 840 3192 897 odorem
3216 838 3365 906 ﬁdei,
3398 853 3556 908 quem
3580 838 3726 894 alta-

2115 944 2196 1000 ria
2218 943 2295 999 tui
2341 942 2527 999 cordis
2554 940 2836 1006 exhalent,
2867 945 2925 995 et
2974 935 3247 1007 religiosa:
3301 933 3502 991 mentis
3550 924 3728 1004 spiret

2115 1035 2363 1091 allectus.
2862 1072 2867 1076 -

2186 1130 2276 1185 51.
2303 1128 2382 1185 Ex
2413 1128 2517 1184 hoc
2557 1126 2723 1197 igitur
2769 1123 3030 1181 thesauro
3056 1137 3165 1179 non
3212 1121 3392 1176 solum
3441 1133 3727 1189 magorum

2118 1222 2224 1277 tria
2254 1235 2502 1288 munera,
2528 1218 2625 1275 sed
2653 1219 2816 1273 etiam
2873 1216 2983 1271 duo
3026 1215 3204 1271 viduae
3233 1228 3341 1269 aera
3373 1220 3728 1284 promuntur,

2116 1317 2169 1372 in
2215 1315 2413 1387 quibus
2469 1316 2686 1384 integra
2731 1310 2981 1368 caelestis
3032 1308 3210 1379 imago
3262 1307 3409 1377 regis
3443 1302 3726 1377 effulgent,

2114 1407 2378 1480 splendor
2417 1406 2605 1477 gloriae
2632 1403 2775 1476 ejus,
2801 1404 2860 1458 et
2907 1401 3087 1472 imago
3107 1397 3445 1455 substantiae.
3473 1394 3622 1453 Bona
3673 1406 3730 1454 et

2114 1502 2204 1558 illa
2234 1501 2395 1573 plane
2429 1497 2696 1554 laboriosa
2739 1494 3007 1566 stipendia
3050 1486 3339 1558 castitatis,
3375 1496 3497 1562 quae
3527 1489 3596 1546 de
3621 1503 3723 1546 suo

2117 1600 2309 1664 opere,
2345 1603 2367 1632 ο
2401 1589 2833 1662 quotidianoque
2876 1592 3070 1657 penso,
3100 1583 3347 1640 conterat
3395 1580 3579 1651 vidua,
3637 1596 3730 1637 no-

2121 1687 2327 1743 cturnis
2359 1683 2561 1756 pariter
2581 1688 2650 1738 ac
2684 1679 2895 1737 diurnis
2916 1679 3031 1751 jugi
3053 1689 3314 1734 exercens
3343 1674 3531 1732 labore
3553 1689 3724 1746 pensa

406 1760 568 1826 quam
604 1755 891 1851 "iesaums
919 1768 951 1810 θ
994 1755 1271 1851 ω³ξίξ¹¹⁰ί
1300 1753 1425 1825 quia
1455 1767 1563 1851 "9"
1618 1752 2011 1851 ‘1“_°_"‘“""¥°‘
2043 1782 2089 1843 Β
2118 1752 2476 1851 temporibus,
2509 1785 2564 1833 et
2591 1775 2870 1849 pudicitiae
2920 1781 3247 1845 qutestnosae
3283 1770 3530 1843 pervigili
3557 1784 3725 1841 opere

408 1860 498 1904 tur
526 1890 540 1913 ,
565 1847 663 1905 sed
703 1857 966 1920 quantum
1011 1846 1268 1915 resideat,
1294 1846 1637 1920 expenditur.
1681 1846 1851 1902 Nemo
1893 1846 2013 1917 plus

409 1928 619 2008 tribuit,
652 1955 815 2012 quam
845 1955 968 2011 quae
998 1938 1133 1995 nihil
1156 1948 1183 1977 ιι
1207 1939 1311 1995 sibi
1343 1938 1582 2010 reliquit.

482 2032 575 2089 28.
599 2019 738 2102 Quid
772 2042 851 2102 tu,
899 2032 1075 2099 dives,
1107 2034 1263 2103 egeni
1294 2031 1701 2102 comparatione
1722 2041 1775 2088 te
1796 2031 2014 2104 iactas;

412 2133 468 2182 et
522 2140 645 2181 cum
677 2134 786 2182 tota
830 2127 1078 2182 onereris
1115 2140 1271 2194 auro,
1329 2125 1620 2196 pretiosam
1651 2140 1749 2197 per
1788 2124 2012 2180 humum

423 2206 646 2276 trahens
673 2230 904 2285 vestem,
933 2218 1088 2291 quasi
1117 2218 1343 2275 inferior
1373 2218 1476 2274 tuis
1507 2229 1561 2276 et
1592 2233 1754 2290 parva
1783 2215 2011 2283 divitiis,

411 2313 669 2371 honorari
692 2311 993 2381 desideras,
1021 2311 1149 2386 quia
1183 2313 1402 2385 inopem
1440 2314 1735 2371 collatione
1789 2313 2017 2372 vicisti?

413 2407 485 2464 Et
512 2394 736 2463 llumina
766 2404 1130 2478 superﬂuunt,
1157 2420 1280 2462 cum
1310 2405 1617 2464 redundant
1649 2422 1667 2475 ;
1695 2408 1900 2478 gratior
1930 2418 2015 2462 ta-

416 2515 542 2558 men
577 2496 804 2558 ltaustus
832 2516 864 2558 e
908 2501 1087 2557 rivulo
1130 2511 1233 2557 est.
1278 2502 1540 2573 Spumant
1583 2512 1641 2557 et
1684 2506 1860 2556 musta
1887 2500 2016 2559 dum

414 2595 650 2662 l‘ervent,
684 2608 785 2650 nec
814 2593 1072 2649 damnum
1099 2601 1251 2664 putat
1279 2593 1516 2665 agricola
1543 2593 1684 2665 quod
1717 2593 2015 2651 efﬁnxerit.

416 2688 774 2746 Gementibus
813 2689 978 2756 areis,
1011 2686 1136 2742 dum
1170 2687 1397 2743 caeditur
1428 2689 1643 2753 messis,
1666 2688 1694 2727 δ
1745 2688 2018 2744 lrumenta

414 2781 711 2838 desiliunt:
754 2781 851 2836 sed
900 2780 1280 2838 deﬁcientibus
1334 2781 1627 2848 messibus,
1669 2796 1778 2837 non
1834 2782 2020 2839 deﬁcit

414 2873 607 2947 hydria
638 2874 706 2930 de
726 2860 897 2930 farina
919 2916 933 2939 ,
977 2881 1034 2929 et
1072 2873 1230 2944 plena
1285 2874 1388 2928 olei
1422 2882 1559 2928 testa
1608 2870 1861 2930 desudat.
1884 2876 2020 2930 Exi-

419 2968 628 3024 nanivit
676 2978 854 3024 tamen
887 2966 1028 3022 dolia
1079 2966 1305 3023 divitum
1361 2966 1603 3032 siccitas,
1661 2982 1783 3023 cum
1842 2967 2019 3024 viduae

423 3060 780 3132 pauxillulum
823 3059 1087 3116 olearium
1114 3058 1436 3116 redundarit
1466 3059 1557 3130 (lll
1578 3057 1712 3134 Reg.
1736 3075 1866 3127 xvu,
1900 3059 2019 3133 15).

2117 1873 2426 1931 mercedem
2450 1887 2791 1945 congregans
2815 1888 2830 1939 ;
2851 1880 2910 1926 ut
2932 1871 3314 1926 intemeratum
3340 1866 3729 1923 deluncticon-

2109 1969 2256 2042 jugis
2302 1969 2484 2025 cu'hile
2514 1960 2805 2032 custodiat,
2858 1965 3004 2021 alere
3061 1963 3251 2020 dulces
3282 1962 3481 2019 liberos
3526 1960 3722 2032 possit,

2115 2061 2430 2118 ministrare
2479 2058 2830 2131 pauperibus.
2856 2056 2984 2113 llaec
3019 2064 3103 2112 est
3155 2052 3494 2125 praeferenda
3542 2051 3725 2109 diviti-

2116 2156 2217 2213 bus
2250 2173 2265 2211 :
2294 2154 2412 2210 haec
2428 2161 2516 2210 est
2541 2168 2663 2225 qua
2691 2151 2893 2208 Christi
2916 2150 3184 2222 judicium
3205 2163 3313 2205 non
3340 2146 3575 2204 timebit.

2189 2250 2280 2307 39.
2303 2249 2454 2305 Haec
2476 2246 2833 2313 aemulamini,
2863 2246 2991 2301 lilia:
3018 2262 3035 2299 :
3064 2242 3269 2299 Bonam
3297 2253 3372 2299 est
3394 2241 3543 2298 enim
3565 2256 3727 2296 antu-

2118 2344 2218 2400 lari
2241 2345 2297 2399 in
2325 2342 2478 2398 bono.
2510 2340 2866 2396 .Emulantini
2892 2339 3109 2394 meliora
3134 2335 3450 2391 charismata
3472 2331 3620 2405 (Gal.
3647 2347 3722 2400 tv,

2118 2436 2232 2503 l8).
2255 2437 2478 2508 Spectat
2505 2450 2606 2491 vos
2629 2434 2889 2491 Dominus
2933 2446 3185 2502 semper;
3209 2438 3438 2501 spectat,
3472 2427 3723 2498 inquam,

2115 2531 2297 2599 Jesus,
2328 2545 2452 2586 cum
2481 2529 2548 2585 ad
2583 2527 3027 2601 gazophylacium
3058 2522 3086 2564 τι
3112 2524 3343 2591 accedit,
3399 2532 3456 2579 et
3501 2521 3577 2578 de
3623 2521 3723 2578 bo-

2117 2639 2315 2681 norum
2338 2637 2569 2694 operum
2612 2620 2959 2678 mercedibus
2985 2618 3183 2689 stipem
3214 2616 3416 2687 putatis
3436 2613 3726 2685 egentibus

2119 2715 2531 2773 conferendam.
2563 2714 2835 2785 Quantum
2886 2722 2971 2770 cst
2996 2711 3158 2783 igitur
3183 2718 3244 2765 ut
3271 2725 3380 2765 aera
3416 2719 3507 2764 tua
3534 2706 3725 2764 conle-

2118 2824 2229 2873 ras,
2263 2817 2320 2865 ct
2356 2809 2561 2864 Christi
2604 2822 2804 2878 corpus
2848 2804 3140 2877 acquirasl
3195 2802 3319 2860 Noli
3363 2814 3496 2873 ergo
3550 2815 3725 2858 vacua

2120 2902 2345 2973 prodire
2374 2901 2429 2957 in
2451 2910 2802 2969 conspectum
2835 2896 3046 2954 Domini
3090 2895 3185 2952 Dei
3220 2895 3318 2961 tui,
3364 2909 3532 2951 vacua
3561 2893 3728 2949 mise-

2120 2995 2371 3053 ricordiae
2399 3037 2415 3062 ,
2467 3009 2636 3050 vacua
2695 2992 2844 3058 ﬁdei,
2880 3007 3045 3046 vacua
3098 2989 3402 3053 castitatis;
3435 3002 3546 3042 non
3580 2986 3725 3042 enim

2121 3089 2314 3145 inanes
2342 3088 2622 3149 Dominus.
2637 3085 2732 3140 sed
2755 3083 3045 3140 virtutibus
3064 3080 3274 3152 Opimas
3293 3088 3543 3152 spectare
3568 3078 3729 3136 Jesns

418 3154 535 3212 N0"
566 3169 696 3226 ergo
724 3153 852 3225 quid
881 3152 1100 3209 fasudio
1130 3168 1385 3223 “spuas’
1409 3154 1503 3211 sed
1546 3164 1809 3226 quam“)
1854 3159 2019 3212 de'o’
2048 3168 2094 3231 Ο
2125 3192 2179 3239 et
2211 3181 2428 3237 laudare
2465 3178 2767 3235 consuevit.
2819 3175 3009 3231 Videat
3058 3185 3109 3230 te
3138 3169 3546 3229 adolescentulo
3580 3169 3729 3225 lahn-

419 3250 569 3305 tionc
593 3245 869 3310 conferas.-
893 3245 1273 3303 mstimandum
1306 3256 1411 3303 est.
1448 3246 1693 3317 Denique
1719 3247 1865 3303 nulla
1894 3248 2020 3321 plus

421 3339 637 3404 tribuit,
675 3354 837 3410 quant
867 3338 959 3395 illa
1005 3353 1127 3410 quae
1154 3336 1223 3396 de
1273 3339 1507 3395 liliorum
1557 3332 1831 3396 alimentis
1877 3342 2024 3409 pavit

423 3435 767 3506 prophetam.
821 3433 887 3488 Et
912 3431 1035 3488 ideo
1059 3433 1183 3504 quia
1235 3432 1382 3489 nulla
1423 3434 1543 3505 plus
1592 3433 1841 3502 Contulit,
1876 3437 2023 3491 nulla

422 3527 549 3598 plus
574 3527 788 3583 meruit.
822 3527 951 3585 Haec
974 3516 1270 3585 moraliter.

493 3618 588 3673 29.
612 3616 723 3674 Nec
754 3619 984 3693 mystice
1007 3631 1187 3675 tamen
1216 3618 1537 3690 despexeris
1568 3620 1709 3677 hanc
1740 3621 2025 3679 mulierem

421 3710 477 3765 in
507 3709 957 3783 gazophylacium
1006 3710 1117 3767 duo
1156 3726 1267 3767 aera
1293 3711 1619 3769 mittentem.
1646 3712 1833 3787 Magna
1867 3714 2026 3785 plane

424 3802 628 3861 femina
655 3846 671 3871 ,
721 3821 844 3876 quae
888 3805 1075 3862 divino
1110 3805 1319 3875 judicio
1366 3807 1839 3864 meruitomnibus
1866 3818 2022 3865 ante-

422 3895 583 3953 ferri.
606 3895 687 3952 Ne
717 3897 854 3953 forte
882 3898 978 3954 illa
1007 3898 1080 3955 sit
1109 3914 1230 3970 quae
1274 3897 1343 3956 de
1375 3897 1479 3955 ﬁde
1499 3913 1595 3957 sua
1625 3898 1694 3955 ad
1722 3899 2027 3957 subsidium

424 3990 708 4048 hominum
748 3991 856 4050 duo
908 4002 1239 4050 testamenta
1261 3994 1592 4060 contulerit;
1623 4004 1680 4050 et
1709 3993 1833 4050 ideo
1878 3995 2027 4051 nulla

428 4085 554 4157 plus
576 4085 727 4142 fecit.
757 4085 870 4143 Nec
888 4087 1193 4159 quisquam
1234 4087 1514 4145 hominum
1549 4089 1903 4160 quantitatem
1932 4106 2028 4161 po-

426 4182 531 4238 tuit
554 4181 858 4237 collationis
878 4181 994 4252 ejus
1029 4196 1267 4252 mquare,
1298 4197 1418 4253 quae
1450 4182 1610 4239 ﬁdem
1656 4196 1778 4237 cum
1809 4183 2027 4239 miseri-

427 4274 617 4332 cordia
640 4273 935 4346 copulavit.
966 4273 1033 4328 Et
1064 4282 1117 4329 tu
1158 4274 1323 4344 igitur
1348 4278 1703 4345 quiscumque
1722 4274 1886 4330 vitam
1917 4284 2030 4331 stu-

427 4366 519 4424 dio
543 4361 824 4422 viduitatis
852 4377 1109 4433 exerces,
1140 4379 1208 4419 ne
1237 4352 1456 4419 dubites
1486 4362 1552 4420 ad
1580 4362 2027 4438 gazOphylacium

428 4448 538 4518 duo
566 4475 672 4516 aera
698 4448 940 4525 deferre,
970 4446 1055 4514 vel
1081 4444 1207 4514 ﬁdei
1231 4454 1409 4528 plena,
1435 4447 1519 4514 vel
1544 4457 1758 4531 gratias.

2124 3285 2360 3339 rantem,
2391 3272 2565 3328 videat
2599 3270 3018 3328 ministrantem.
3046 3266 3174 3325 Haec
3219 3276 3303 3321 est
3337 3263 3487 3321 enim
3514 3276 3727 3319 merces

2125 3382 2286 3440 quam
2323 3365 2438 3422 Deo
2463 3363 2653 3429 debes,
2683 3374 2739 3417 ut
2769 3361 2837 3418 de
2863 3360 3092 3417 aliarum
3122 3372 3338 3430 quoque
3392 3354 3731 3426 profectibus

2126 3458 2436 3517 mercedem
2470 3466 2616 3512 tuam
2661 3456 2771 3513 Deo
2827 3453 3100 3510 conteras.
3151 3450 3309 3507 Nulla
3357 3463 3574 3505 meroes
3622 3449 3730 3505 Deo

2128 3553 2342 3619 melior,
2366 3564 2529 3622 quam
2548 3563 2613 3606 ea
2642 3562 2766 3621 quas
2788 3546 2953 3603 habet
2991 3545 3208 3617 pietatis
3228 3557 3474 3601 munera.

2720 3658 2949 3718 CAPUT
2993 3657 3081 3714 Vl.

2128 3777 2193 3836 In
2234 3777 2424 3834 Noemi
2454 3775 2746 3845 exemplum
2771 3774 2941 3828 vidua:
2986 3784 3050 3826 ea;
3075 3785 3210 3825 nuru
3258 3768 3328 3824 ad
3354 3766 3594 3823 virtutem
3644 3767 3730 3822 abs

2202 3890 2256 3928 se
2279 3871 2521 3927 instituta
2543 3868 2773 3939 fructum
2794 3864 3040 3939 capientis
3067 3862 3129 3918 ob
3156 3862 3332 3917 oculos
3352 3860 3587 3935 ponitur.
3602 3859 3731 3915 Hinc

2202 3963 2464 4035 colligitur
2485 3968 2764 4031 numquam
2793 3956 3036 4028 defutura
3063 3955 3207 4010 bona:
3247 3953 3414 4008 vidum
3442 3952 3731 4009 necessaria

2198 4055 2449 4114 subsidia.
2486 4053 2640 4122 Quod
2669 4053 2714 4107 si
2742 4051 2939 4107 tristior
2967 4048 3203 4104 videatur
3245 4046 3391 4101 illius
3440 4046 3569 4111 vita,
3615 4054 3733 4099 tunc

2202 4149 2475 4205 beatiorem
2503 4146 2648 4201 illaut
2674 4160 2801 4208 esse,
2824 4158 2942 4197 cum
2981 4141 3083 4213 ipsi
3108 4156 3140 4194 a
3164 4136 3387 4194 Domino
3417 4136 3614 4211 gaudia
3635 4136 3735 4191 sint

2201 4236 2489 4313 promissa:
2517 4253 2616 4309 quo
2642 4237 2755 4291 loco
2776 4230 3031 4290 nonnulla
3059 4231 3122 4286 de
3141 4232 3489 4302 lacrymarum
3513 4229 3735 4285 utilitate

2204 4332 2554 4404 disputantur.

2206 4469 2298 4526 53.
2349 4467 2433 4524 An
2499 4480 2631 4523 vero
2684 4462 2977 4522 mediocris
3031 4460 3129 4518 tibi
3174 4459 3335 4516 vidua
3387 4459 3480 4516 illa
3523 4458 3734 4515 videtur

500 4540 592 4612 30.
618 4544 769 4611 Felix
792 4539 881 4639 illa
904 4568 1024 4624 quae
1046 4550 1114 4608 de
1140 4548 1396 4608 thesauro
1441 4568 1541 4607 suo
1582 4552 1847 4639 integram
1872 4542 2020 4626 Regii

2138 4560 2351 4628 Noemi,
2384 4574 2504 4632 quae
2531 4558 2846 4616 viduitatem
2886 4569 3036 4613 suam
3077 4552 3270 4609 messis
3298 4550 3597 4621 manipulis
3618 4563 3735 4607 sus-

429 4636 718 4720 imaginem
750 4634 979 4717 profert.
1006 4641 1322 4700 Thesaurus
1354 4651 1475 4699 tuus
1505 4634 1791 4715 sapientia,
1811 4638 2032 4701 thesau-

435 4741 530 4796 rus
563 4742 685 4795 tuus
729 4737 951 4794 castitas
1007 4746 1169 4808 atque
1192 4735 1401 4807 juSIitia
1452 4744 1556 4804 est,
1586 4728 1877 4793 thesaurus
1909 4747 2031 4795 tuus

431 4829 744 4889 intellectus
771 4828 982 4886 bonus:
1012 4826 1169 4897 quasi
1196 4824 1288 4884 ille
1310 4828 1601 4885 thesaurus
1629 4822 1790 4902 194
1833 4826 2031 4899 fuit,de

432 4939 541 4996 quo
594 4936 872 4994 magorum
928 4922 1052 4987 viri,
1082 4936 1273 4978 aurum
1304 4962 1322 4989 ,
1389 4922 1539 4987 thus,
1571 4922 1874 4994 myrrham,
1907 4938 2031 4979 cum

434 5014 729 5072 adorarent
770 5014 1082 5081 Dominum,
1137 5013 1482 5084 protulerunt
1529 5008 1753 5088 (Matth.
1805 5030 1866 5083 tt,
1896 5014 2028 5088 ll):

434 5108 570 5164 ituro
588 5109 737 5181 regis
762 5107 1063 5180 potentiam
1096 5106 1457 5178 declarantes,
1490 5107 1663 5165 Deum
1685 5110 1844 5166 thure
1864 5125 2033 5168 vene-

432 5206 639 5268 rantes,
672 5197 891 5272 in'yrrha
920 5192 1378 5257 re‘surrectiOnet‘n
1413 5201 1659 5271 corporis
1685 5198 2031 5261 conﬁtentes.

442 5410 451 5415 _
478 5412 483 5415 Δ
510 5330 814 5415 {Nonnulli
845 5336 1003 5404 mss,
1024 5332 1122 5391 sibi
1147 5330 1333 5407 reliqui
1359 5322 1521 5407 fecit;
1550 5331 1768 5407 quidam
1797 5332 2031 5393 sibireti-

436 5405 790 5576 fit-oui“:
817 5472 976 5576 cidit?
1007 5479 1266 5576 ﬂ'u'ritfnm
1287 5468 1595 5576 Jde‘fp'liun't,‘
1625 5486 1818 5534 omnes
1872 5491 2031 5547 mss.,

435 5550 699 5619 frumenta
726 5547 1013 5615 desiliunt;
1075 5548 1161 5603 uid
1201 5565 1253 5605 m
1284 5547 1566 5604 dissiliunt.

515 5620 540 5657 ι
580 5564 1436 5691 ﬁéttlfestalth_itd116_§ii‘gillaul
1480 5619 1706 5690 hujusce
1742 5616 1850 5691 loci
1877 5634 1910 5678 e
1934 5610 2031 5681 lib.

439 5685 776 5761 vurEneid.
811 5688 899 5761 ubi
945 5688 1016 5743 de
1042 5687 1231 5758 pudlca
1255 5685 1522 5759 'tuuliere,
1551 5685 1862 5761 praemissis
1891 5695 2025 5748 tion-

436 5759 600 5813 nullis
629 5758 699 5812 ita
743 5756 916 5828 pergit
943 5774 957 5810 :
1025 5831 1030 5835 ν

2140 4653 2384 4709 tentabat
2435 4651 2668 4717 aliente,
2712 4664 2870 4720 quam
2929 4661 3051 4702 :evo
3098 4659 3319 4717 gravem
3358 4643 3542 4700 alebat
3571 4655 3737 4701 nurus

2137 4743 2301 4819 (Ruth
2325 4760 2384 4813 tt,
2420 4743 2457 4798 2
2485 4751 2533 4800 et
2556 4743 2735 4816 seq.)'l
2770 4741 2900 4798 Nam
2927 4739 3030 4796 hoc
3070 4753 3287 4810 quoque
3334 4747 3391 4794 et
3435 4736 3504 4793 ad
3557 4736 3736 4793 subsi-

2138 4834 2285 4890 dium
2317 4842 2373 4890 et
2412 4834 2481 4890 ad
2529 4834 2757 4905 gratiam
2800 4832 3012 4903 proﬁcit
3041 4830 3345 4897 viduarum,
3373 4838 3435 4884 ut
3483 4829 3557 4885 ita
3583 4827 3738 4885 insti-

2142 4936 2296 4983 tuant
2316 4943 2487 4983 nurus
2527 4943 2675 4993 suns,
2704 4940 2811 4997 quo
2837 4925 3044 4996 possint
3070 4923 3125 4979 in
3169 4923 3257 4979 his
3286 4933 3510 4979 maturae
3537 4923 3736 4978 habere

2141 5021 2443 5076 subsidium
2484 5019 2816 5087 senectutis;
2841 5027 2898 5074 et
2926 5017 3078 5089 quasi
3106 5015 3437 5087 stipendium
3487 5014 3737 5085 magiste-

2141 5113 2232 5181 rii,
2266 5111 2573 5169 mercedem
2607 5122 2822 5184 qucque
2843 5125 2955 5166 sua:
2995 5122 3193 5182 capere
3221 5108 3543 5179 disciplima.
3582 5104 3736 5189 195

2142 5198 2360 5263 Etenim
2392 5221 2513 5277 quae
2539 5205 2682 5263 bene
2711 5202 3033 5270 instituerit,
3068 5201 3209 5259 bene
3238 5200 3502 5257 erudierit
3539 5214 3734 5257 nutum

2258 5339 2466 5454 goctem
2484 5340 2671 5391 addens
2693 5340 2853 5403 Operi,
2884 5335 3186 5401 famulasque
3204 5336 3265 5388 ad
3284 5335 3467 5389 lumina
3491 5335 3644 5401 longo

2306 5408 2480 5452 xercet
2503 5414 2675 5454 penso.
2699 5408 2885 5452 castum
2909 5407 2964 5450 ut
2985 5412 3189 5450 servare
3212 5399 3381 5451 cubile

2306 5408 2480 5452 xercet
2503 5414 2675 5465 penso.
2699 5399 2885 5452 castum
2909 5407 2964 5450 ut
2985 5399 3189 5465 servare
3212 5399 3381 5451 cubile

2260 5460 2516 5529 Conjugis,
2537 5471 2589 5514 et
2611 5460 2763 5528 possit
2779 5476 2954 5529 parvos
2977 5460 3192 5514 educere
3217 5468 3373 5514 natos.

2206 5609 2235 5652 ει
2265 5606 2358 5670 Slc
2392 5624 2584 5667 omnes
2614 5620 2761 5681 mss.
2817 5602 3215 5681 exceptoTell.
3248 5618 3387 5681 cum
3439 5614 3550 5679 quo
3603 5603 3731 5663 edit.

2136 5700 2364 5748 omnes,
2405 5678 2645 5756 acceditis
2683 5678 3062 5756 _.....portdtit_
3091 5679 3381 5756 egentibus,
3410 5678 3562 5747 etc.;
3601 5686 3732 5735 mss.

2134 5756 2309 5823 Prat.,
2332 5754 2549 5811 accedit.
2585 5753 2693 5812 Sed
2725 5753 2941 5823 de,etc.
