3998 6190
219 301 312 356 245

1419 297 1506 353 DE
1548 295 1774 354 VIDUIS
1815 295 2019 352 LIBER
2059 295 2267 353 UNUS.

3411 295 3520 355 216

218 433 380 484 suam,
413 416 562 474 Ruth
599 418 653 473 ei
703 418 901 474 deesse
929 432 1034 472 non
1080 418 1296 489 poterit,
1325 432 1444 487 qua:
1483 415 1802 474 viduitatem
1830 417 1880 475 Α
1976 431 2130 486 quam
2148 412 2431 484 prudentia
2454 415 2661 470 laudem
2676 414 2916 484 emicare,
2941 430 3144 472 summa
3160 419 3274 490 ejus
3295 417 3349 471 in
3374 427 3514 476 tanto

214 523 391 566 socrus
419 518 674 580 paterna:
721 509 906 564 domui
953 507 1244 579 przeferat:
1295 516 1350 562 et
1392 507 1438 561 si
1481 506 1560 562 vir
1591 522 1806 578 quoque

215 601 321 671 ejus
345 611 597 657 mortuus
629 599 816 664 fuerit.
850 617 955 656 non
1001 600 1269 669 relinquat
1311 609 1512 666 tamen,
1547 599 1657 654 alat
1688 599 1805 656 ino-

213 709 341 765 pem,
397 693 619 748 soletur
669 705 992 750 mmrentem
1027 737 1041 761 ,
1096 708 1196 748 nec
1242 693 1463 748 dimissa
1515 691 1802 746 discedat;

212 787 374 840 nescit
421 786 571 840 enim
627 801 790 857 egere
818 786 1019 856 optima
1041 784 1342 856 disciplina.
1377 785 1467 840 Sic
1499 783 1588 838 illa
1618 783 1807 838 Νι)ρωί

216 875 411 932 duobus
441 877 716 934 destituta
747 879 871 933 filiis
899 888 952 933 et
999 878 1217 943 marito,
1250 893 1369 948 qua!
1393 876 1598 932 fructus
1621 878 1806 933 fecun-

211 973 379 1028 ditatis
405 973 704 1042 amiserat,
739 974 954 1044 pietatis
994 972 1360 1029 emolumenta
1385 987 1491 1026 non
1531 971 1804 1042 perdidit;

213 1083 321 1121 nam
352 1078 403 1122 et
434 1068 703 1122 solatium
727 1067 994 1134 maeroris,
1029 1076 1084 1122 et
1138 1067 1440 1122 subsidium
1474 1067 1807 1138 paupertatis

212 1162 404 1216 invenit
429 1159 606 1231 (Ruth
641 1177 681 1228 ι,
707 1160 782 1232 5).

269 1255 353 1310 54.
391 1252 612 1330 Videtis
646 1255 839 1324 igitur,
873 1263 1072 1309 sanetze
1113 1253 1329 1308 femina)
1350 1296 1363 1318 ,
1389 1267 1549 1326 quam
1580 1251 1805 1307 fecunda

209 1345 271 1399 sit
299 1345 450 1400 vidua
483 1347 646 1417 prole
674 1345 969 1410 virtutum,
1001 1345 1427 1414 meritorumque
1465 1360 1687 1400 suorum
1718 1360 1807 1400 so-

207 1439 349 1506 bole,
378 1457 500 1510 qua:
531 1440 718 1516 perire
746 1456 852 1495 non
879 1440 1065 1509 p0ssit.
1097 1439 1240 1492 Bona
1276 1439 1437 1508 igitur
1459 1438 1619 1494 vidua
1645 1453 1807 1508 egere

213 1548 307 1586 non
339 1532 488 1587 novit
520 1543 614 1588 ret
637 1533 682 1588 si
715 1532 873 1588 fessa
897 1531 1057 1588 fuerit
1086 1532 1285 1598 celatis,
1311 1540 1654 1600 etsupremaz
1678 1545 1808 1599 pau-

211 1623 418 1692 pertatis
437 1667 450 1690 ,
485 1625 814 1680 eruditionis
839 1633 1017 1678 tamen
1048 1638 1161 1678 suas
1190 1623 1329 1678 solet
1359 1622 1562 1678 habere
1591 1637 1804 1678 merce-

211 1718 340 1774 dem.
365 1719 476 1774 Etsi
492 1720 731 1790 proximi
770 1718 1044 1774 defuerint
1064 1757 1079 1780 ,
1100 1719 1303 1772 invenit
1319 1727 1496 1772 tamen
1517 1727 1807 1772 extraneos

1981 526 2217 565 successu
2247 510 2502 566 modestia
2531 509 2849 566 declaratur.

1981 604 2072 659 37.
2105 603 2212 658 Sed
2227 602 2591 659 necfortitudo
2615 604 2772 658 bonae
2794 603 2969 660 vidua:
2990 602 3183 659 deesse
3204 604 3506 664 consuevit.

1911 697 2038 753 llaic
2059 699 2204 754 enim
2229 713 2354 754 vera
2371 709 2456 754 est
2478 699 2761 765 fortitudo,
2792 697 2951 771 196
2965 715 3082 770 quae
3104 710 3308 760 natura:
3328 716 3512 768 usum,

1910 805 2080 845 sexus
2113 791 2500 858 inﬁrmitatem,
2537 790 2736 846 mentis
2774 791 3063 846 devotione
3082 793 3510 862 transgreditur:

1911 886 2086 954 qualis
2106 886 2157 939 in
2192 885 2282 941 illa
2312 883 2408 940 fuit
2435 925 2449 950 ,
2477 883 2562 938 cui
2587 899 2786 940 nomen
2827 884 3012 942 Iudith
3033 926 3047 949 ,
3093 900 3215 953 quae
3245 886 3394 940 viros
3415 886 3517 940 oli-

1910 977 2121 1034 sidione
2151 976 2381 1043 fractos,
2414 975 2698 1048 perculsos
2729 985 2874 1032 metu
2899 1016 2914 1040 ,
2947 975 3162 1034 tabidos
3192 975 3364 1043 fame,
3396 977 3510 1032 sola

1913 1070 2090 1138 potuit
2135 1085 2163 1122 a
2205 1070 2512 1124 colluvione
2545 1084 2811 1124 revocare
2836 1110 2850 1132 ,
2883 1069 2952 1123 ab
2988 1069 3146 1125 hoste
3186 1069 3509 1125 defendere.

1914 1160 1986 1216 Ea
2006 1162 2172 1226 enim,
2192 1170 2248 1215 ut
2272 1161 2525 1231 legimus,
2545 1178 2669 1215 eum
2689 1160 3072 1230 ﬂolophernes
3095 1175 3352 1217 successu
3379 1162 3516 1216 mul-

1914 1262 2092 1310 torum
2141 1254 2399 1308 terribilis
2433 1254 2743 1324 pra-horum
2769 1295 2783 1320 ,
2833 1254 2976 1310 intra
3017 1269 3200 1308 muros
3232 1257 3511 1310 innumera

1911 1346 2150 1402 virorum
2183 1346 2345 1399 millia
2372 1346 2642 1416 coegisset
2666 1387 2680 1411 ,
2723 1346 2945 1400 armatis
2971 1345 3289 1416 paventibus
3312 1387 3329 1416 ,
3364 1355 3420 1402 et
3444 1346 3511 1403 de

1910 1451 2156 1494 extrema
2184 1436 2297 1507 jam
2326 1450 2472 1492 sorte
2492 1437 2868 1505 tractantibus,
2891 1447 3041 1494 extra
3063 1454 3274 1494 tnurutn
3299 1455 3517 1509 proces-

1911 1532 1978 1587 sit
2012 1550 2024 1586 :
2059 1543 2110 1587 et
2144 1531 2236 1586 illo
2261 1531 2605 1601 pra‘stantior
2633 1533 2873 1588 exercitu
2903 1573 2917 1597 ,
2947 1547 3105 1602 quem
3145 1531 3426 1599 liberavit;
3459 1543 3514 1588 et

1911 1643 1977 1683 eo
2010 1627 2223 1694 fortior,
2244 1642 2404 1698 quem
2431 1625 2634 1696 fugavit
2665 1625 2874 1697 (Iudith
2901 1641 3015 1690 vut,
3040 1626 3074 1680 6
3103 1635 3149 1680 et
3174 1627 3328 1696 seq.).

1982 1720 2071 1776 58.
2101 1720 2206 1775 Sed
2241 1729 2296 1773 ut
2326 1719 2502 1773 discas
2535 1730 2759 1773 matura:
2799 1717 3077 1772 viduitatis
3107 1717 3359 1772 affectum
3379 1759 3392 1782 ,
3425 1731 3511 1772 se-

212 1812 288 1882 qui
309 1822 535 1867 matrem
564 1812 789 1879 colant,
825 1817 1183 1866 revereantur
1228 1819 1507 1878 parentem
1533 1851 1547 1874 ,
1597 1811 1804 1880 parvis-
1834 1812 1882 1871 B
1911 1812 2042 1866 riem
2077 1812 2246 1881 ipsam
2272 1825 2602 1880 persequere
2622 1809 3050 1879 Scripturaruni.
3083 1806 3128 1864 Δ
3150 1808 3338 1864 diebus
3359 1807 3505 1870 enim

212 1921 300 1975 que
315 1904 703 1961 alimentorum
729 1904 1034 1974 sumptibus
1058 1913 1082 1940 α
1114 1903 1420 1958 mercedem
1448 1904 1667 1974 cupiant
1690 1919 1803 1957 sua:

209 2001 686 2057 commendationis
727 2002 1045 2071 acquirere;
1082 1998 1200 2070 plus
1230 1999 1373 2054 enim
1422 1997 1596 2053 viduae
1643 1995 1669 2034 δ
1712 2013 1801 2053 re-

213 2094 426 2165 pendunt
457 2096 684 2154 merita.
711 2093 845 2149 Nam
874 2093 1023 2149 cibos
1052 2092 1250 2165 quierit
1274 2133 1288 2160 ,
1314 2101 1562 2161 sumptus
1594 2091 1803 2161 impen-

212 2184 293 2241 dit.

271 2279 352 2336 '55.
373 2278 473 2336 Sed
523 2279 719 2334 tristes
761 2279 972 2334 videtur
1009 2278 1209 2334 ducere
1257 2276 1374 2332 dies
1408 2318 1422 2342 ,
1459 2284 1516 2334 et
1547 2276 1804 2345 lacrymis

215 2380 399 2442 tempus
416 2373 662 2443 exigere.
695 2371 807 2427 Hoc
840 2371 1068 2434 beatior,
1104 2369 1247 2440 quod
1272 2380 1534 2440 perpetua
1554 2367 1654 2424 sibi
1672 2384 1803 2439 gau-

214 2462 284 2516 dia
313 2465 511 2536 exiguis
548 2464 773 2518 ﬂetibus
803 2464 965 2529 emit,
1001 2463 1285 2532 parvisque
1329 2462 1618 2516 momentis
1665 2470 1802 2516 tem-

213 2568 323 2622 pora
349 2556 581 2628 acquirit
614 2562 838 2610 :eterna.
858 2554 1063 2621 Quibus
1087 2553 1226 2609 bene
1254 2554 1452 2608 dicitur
1478 2571 1489 2605 :
1517 2553 1804 2609 Beataatri-

211 2648 458 2716 sses.ips;e
480 2649 634 2703 enim
656 2647 902 2702 ridebitis
925 2645 1280 2718 (Luc.v1,ﬂl).
1301 2645 1435 2712 Quis
1457 2645 1614 2717 igitur
1640 2645 1800 2700 falsas

211 2740 533 2805 praesentium
584 2740 847 2808 imagines
882 2738 1222 2808 gaudiorum,
1257 2737 1446 2790 futura:
1490 2736 1800 2791 securitatis

211 2834 428 2897 tulerat
457 2832 770 2902 voluptati?
793 2836 872 2886 An
897 2829 1244 2899 deSpicahilis
1267 2829 1423 2883 nobis
1439 2838 1627 2884 auctor
1651 2830 1800 2884 vide-

207 2931 298 2987 tur,
317 2925 396 2978 ille
421 2922 700 2979 Dominici
728 2924 972 2993 corporis
995 2922 1424 2989 auctorelectus,
1450 2921 1537 2992 qui
1560 2922 1795 2976 cinerem

207 3015 326 3069 sicut
347 3033 547 3088 panem
577 3015 972 3084 manducabat,
992 3025 1046 3070 et
1075 3026 1262 3086 potum
1293 3030 1417 3070 cum
1449 3014 1574 3070 ﬂetu
1604 3016 1798 3071 misce—

209 3108 309 3175 bat,
340 3122 390 3166 et
418 3110 760 3180 vespertinis
809 3110 1061 3182 lacrymis
1099 3109 1378 3163 matutina:
1420 3109 1520 3164 sibi
1551 3108 1793 3162 laetitiam

1909 1907 2009 1962 viri
2038 1907 2120 1961 sui
2149 1905 2344 1976 quibus
2373 1905 2466 1961 ille
2493 1902 2778 1959 defunctus
2801 1912 2904 1968 est,
2930 1913 3134 1958 vestem
3153 1902 3509 1971 jucunditatis

1906 1999 2178 2070 deposuit,
2202 1997 2454 2054 moiroris
2471 1996 2764 2065 assumpsit
2788 2015 2800 2048 :
2828 2011 2925 2066 per
2938 2010 3128 2052 omnes
3150 1995 3268 2051 dies
3297 1997 3502 2052 intenta

1901 2092 2133 2163 jejunio,
2188 2089 2215 2127 ά
2287 2090 2515 2145 sabbato
2560 2099 2796 2154 tantum,
2846 2097 2902 2142 et
2938 2088 3211 2150 dominica
3261 2098 3502 2144 sacrata-

1904 2200 2132 2256 rumque
2159 2185 2494 2255 temporibus
2526 2183 2780 2240 leriarum
2807 2227 2821 2249 ,
2860 2199 2966 2238 non
2999 2184 3284 2240 refectioni
3317 2183 3500 2238 indul-

1903 2296 2080 2352 gens,
2131 2279 2229 2338 sed
2280 2279 2522 2349 religioni
2574 2278 2845 2334 deferens.
2899 2277 3011 2334 Hoc
3058 2286 3142 2336 est
3162 2277 3330 2340 enim.
3389 2278 3504 2333 sive

1906 2372 2282 2437 manducetis,
2341 2373 2458 2428 sive
2505 2371 2710 2436 bibitis,
2759 2370 2812 2430 in
2860 2371 3080 2426 nomine
3134 2370 3264 2427 Iesu
3301 2369 3505 2426 Christi

1905 2465 2110 2538 agenda
2143 2481 2264 2520 esse
2287 2466 2463 2518 omnia
2496 2467 2513 2534 (
2538 2463 2558 2518 l
2581 2460 2702 2518 Cor.
2727 2480 2782 2528 x,
2807 2463 2868 2517 5i
2897 2461 2948 2534 );
2982 2471 3041 2520 ut
3068 2461 3230 2517 etiam
3272 2461 3386 2532 ipsa
3412 2478 3502 2518 rc-

1905 2559 2067 2613 fectio
2097 2558 2399 2628 corporalis
2447 2570 2618 2612 sacra:
2666 2555 2944 2624 religionis
2985 2555 3151 2608 cultui
3202 2553 3500 2612 deferatur.

1906 2654 2183 2710 Diuturnis
2211 2653 2372 2723 igitur
2401 2652 2724 2712 mmroribus
2750 2691 2763 2714 ,
2803 2661 2855 2704 et
2884 2648 3214 2719 qumidiauis
3243 2648 3498 2704 roborata

1899 2747 2120 2819 jejuniis
2148 2745 2540 2804 SanctaIudith
2570 2742 2775 2816 (Iudith
2800 2760 2852 2807 ς,
2875 2745 2908 2798 3
2939 2753 2982 2796 et
3011 2740 3142 2812 seq.)
3164 2757 3283 2812 qua:
3314 2740 3504 2796 saeculi

1902 2840 2293 2894 oblectamenta
2311 2854 2415 2892 non
2431 2837 2873 2907 qumrit,periculi
2890 2835 3501 2907 negligens,mortisque

1900 2942 2212 3001 contemptu
2232 2932 2438 2996 fortior;
2460 2943 2480 2968 ο
2500 2941 2872 2988 ιιιεοιιιιηυηιδ
2892 2927 3272 2992 strueretdoli,
3292 2937 3498 2982 vestem

1902 3024 2046 3079 illam
2070 3024 2446 3093 jucunditatis,
2475 3041 2603 3095 qua,
2640 3025 2858 3078 vivente
2883 3024 3020 3088 viro,
3047 3021 3233 3078 vestiri
3267 3020 3497 3085 solebat,

1901 3133 1959 3170 se
1987 3117 2162 3172 induit
2195 3134 2207 3169 :
2235 3119 2383 3187 quasi
2418 3116 2680 3187 placitura
2710 3113 2852 3178 viro,
2881 3114 2924 3167 si
2961 3114 3187 3183 patriam
3212 3113 3490 3167 liberaret.

205 3205 572 3276 redemptiOnis
623 3204 942 3276 acquirebat
992 3202 1172 3274 (Psal.
1227 3202 1632 3273 cr,lU)?Unde
1694 3203 1792 3273 igi-

1906 3208 2008 3263 Sed
2033 3211 2205 3264 virum
2239 3208 2400 3262 alium
2430 3207 2673 3274 videbat,
2703 3206 2787 3262 cui
2836 3207 3047 3276 placere
3081 3204 3396 3274 qua‘rebat;
3430 3202 3494 3258 il-

204 3306 277 3349 tur
296 3299 585 3369 plurimum
626 3297 864 3368 gaudere
907 3297 1144 3361 meruit,
1177 3297 1281 3350 nisi
1327 3297 1451 3367 quia
1496 3297 1789 3367 plurinmtn

203 3390 351 3460 flevit,
374 3401 430 3445 et
457 3401 734 3462 tamquam
761 3393 1118 3463 lacrymarum
1150 3392 1325 3461 pretio
1352 3405 1569 3446 suarum
1593 3389 1791 3445 futura:

205 3482 293 3538 sibi
318 3486 507 3556 gloria:
536 3485 766 3556 gratiam
795 3484 1165 3553 camparavit?

263 3575 342 3630 56.
378 3577 553 3632 liabet
577 3578 739 3647 igitur
760 3576 916 3631 vidua
941 3576 1134 3631 bonam
1160 3575 1648 3631 commendationis
1677 3591 1790 3630 ma-

205 3671 410 3734 teriam,
442 3670 652 3725 utdum
693 3672 865 3723 virum
911 3668 1078 3738 luget,
1122 3668 1248 3723 ﬂeat
1286 3668 1544 3722 saxulum
1593 3684 1606 3722 :
1641 3684 1706 3723 ac
1735 3667 1787 3724 in

206 3773 437 3834 promptu
465 3765 572 3819 sint
605 3766 862 3836 lacrymm
879 3763 1296 3834 redemptrices,
1320 3762 1447 3818 dum
1469 3764 1791 3832 impendun-

208 3860 278 3907 tur
299 3856 541 3921 mortuis,
565 3857 882 3910 viventibus
909 3855 1226 3925 profuturae.
1256 3868 1274 3893 ε
1304 3855 1531 3910 Paratus
1553 3864 1635 3909 est
1656 3868 1790 3910 mte-

208 3948 432 4002 stitudini
464 3951 658 4004 anima:
689 3951 848 4005 fletus
867 3950 1171 4004 oculorum:
1199 3950 1624 4005 misericordiam
1653 3966 1785 4006 con-

208 4039 365 4107 eiliat,
401 4041 635 4100 laborem
669 4043 888 4110 minuit,
921 4042 1166 4097 dolorem
1197 4042 1432 4108 ablevat,
1465 4053 1646 4098 servat
1687 4059 1786 4113 pu-

208 4129 407 4201 dorem;
435 4153 533 4192 nec
558 4137 669 4209 jam
717 4140 915 4193 misera
956 4139 1061 4194 sibi
1106 4139 1339 4205 videtur,
1369 4155 1491 4210 qua:
1535 4142 1788 4196 consola-

213 4224 388 4280 tionem
419 4229 469 4282 in
504 4229 764 4300 lacrymis
793 4230 976 4297 habet,
1012 4232 1063 4286 in
1097 4231 1291 4301 quibus
1335 4242 1462 4287 sunt
1500 4232 1786 4289 charitatis

209 4305 452 4384 stipendia
481 4331 535 4376 et
566 4321 790 4391 pietatis
818 4321 1018 4378 officia.

801 4411 1034 4468 CAPUT
1079 4412 1182 4469 VII.

212 4493 568 4558 Fortitudinem
597 4503 766 4570 viduis
801 4521 904 4560 non
934 4504 1104 4559 deesse
1144 4505 1196 4559 in
1230 4503 1419 4561 Iudith
1443 4509 1736 4563 ostenditur
1763 4525 1781 4562 :

1895 3300 2006 3356 lum
2050 3302 2235 3372 utique
2259 3342 2273 3365 ,
2307 3302 2374 3356 de
2402 3315 2506 3372 quo
2539 3299 2742 3354 dictum
2772 3309 2856 3355 est
2902 3316 2914 3352 :
2951 3296 3076 3354 Post
3115 3313 3196 3352 me
3235 3298 3367 3352 venit
3395 3297 3492 3361 vir,

1894 3397 1982 3467 qui
2006 3407 2125 3450 ante
2147 3412 2224 3449 me
2248 3397 2417 3468 {actus
2439 3406 2511 3448 est
2538 3391 2716 3466 (Ioan.
2750 3409 2787 3458 ι,
2822 3391 2937 3461 50).
2966 3392 3029 3446 Ει
3060 3391 3198 3447 bene
3227 3390 3491 3462 conjuge-

1893 3491 1972 3544 les
2005 3498 2303 3560 pugnatura
2356 3488 2648 3558 resumpsit
2693 3496 2950 3551 ornatus;
2997 3485 3119 3556 quia
3155 3484 3488 3540 monimenta

1893 3581 2132 3652 coniugii
2179 3595 2330 3635 arma
2382 3589 2507 3633 sunt
2553 3578 2819 3633 castitatis
2868 3593 2882 3630 :
2929 3590 3104 3646 neque
3154 3575 3298 3630 enim
3330 3573 3488 3628 vidua

1891 3673 2028 3728 alias
2052 3682 2143 3726 aut
2174 3672 2386 3740 placere
2418 3680 2634 3739 posset,
2667 3678 2760 3722 aut
2787 3668 3023 3722 vincere.

1963 3767 2053 3822 59.
2084 3765 2218 3832 Quid
2272 3772 2463 3819 caetera
2497 3777 2909 3832 persequamur,
2941 3757 3085 3828 quod
3134 3757 3278 3812 inter
3319 3757 3488 3812 millia

1891 3859 2126 3912 hostium
2151 3868 2298 3912 casta
2328 3854 2668 3927 permansit?
2690 3851 2829 3921 Quid
2855 3852 2975 3920 ejus
3002 3848 3326 3920 sapientiam
3353 3863 3492 3917 prte-

1891 3953 2164 4015 diceinus,
2199 3950 2342 4018 quod
2375 3947 2750 4018 hujuscemodi
2801 3944 2820 3982 ί
2855 3955 2940 4000 est
2968 3952 3330 4000 commentata
3357 3958 3489 4000 cou-

1889 4043 2102 4098 silimn?
2132 4043 2417 4097 Potentem
2448 4039 2640 4109 elegit,
2671 4049 2727 4091 ut
2758 4036 3230 4104 inten'iperantiam
3260 4051 3290 4089 a
3321 4051 3382 4092 se
3407 4036 3487 4089 in-

1887 4133 2106 4190 ferioris
2145 4140 2387 4195 arceret,
2420 4132 2763 4186 occasionem
2798 4137 3013 4197 pararet
3045 4125 3307 4181 victoria).
3343 4125 3486 4180 Abs-

1890 4229 2134 4284 tinentia:
2153 4227 2430 4290 meritum,
2467 4222 2738 4294 pudicitia:
2762 4223 2991 4292 gratiam
3024 4218 3348 4273 reservavit.
3381 4216 3488 4271 Nec

1887 4322 2010 4376 cibo
2051 4320 2226 4385 enim,
2277 4330 2335 4374 ut
2375 4317 2636 4389 legimus,
2684 4313 2988 4379 maculata,
3041 4327 3141 4367 nec
3181 4309 3482 4377 adulterio,

1887 4429 1994 4469 non
2035 4414 2300 4468 minorem
2337 4420 2566 4467 servata:
2595 4407 2863 4464 castitatis
2892 4422 2959 4462 ex
2991 4405 3240 4460 hostibus
3279 4402 3491 4459 revexit

1887 4507 2243 4578 triumphum,
2283 4515 2307 4553 8
2347 4521 2506 4572 quam
2538 4504 2727 4575 patria:
2749 4503 2990 4559 liberata:
3017 4499 3228 4570 (Iudith
3255 4512 3350 4562 xu,
3381 4496 3406 4549 l
3443 4505 3490 4550 et

275 4593 408 4658 cujus
434 4606 561 4650 teste
602 4612 664 4649 ac
709 4596 934 4666 jejuniis
981 4600 1392 4653 commemoratis
1412 4643 1426 4662 ,
1477 4601 1780 4655 describitur
1806 4590 1860 4650 Ι)
1886 4601 2018 4672 seq.)

272 4683 481 4748 eiusdem
511 4688 562 4739 in
595 4685 983 4760 "alaphernem
1008 4691 1340 4759 pra’pnratio.
1376 4691 1584 4756 Quanta
1623 4693 1780 4761 fuerit

270 4778 362 4844 eius
386 4781 614 4848 castitas,
638 4791 789 4850 atque
806 4782 856 4836 in
880 4783 1270 4836 commentanda
1287 4783 1372 4852 pia
1385 4784 1570 4853 fraude
1583 4785 1783 4856 sapien-

268 4869 329 4924 tia
355 4886 372 4924 :
397 4882 588 4942 quanta
613 4873 770 4928 etiam
799 4874 1141 4942 temperantia
1155 4885 1199 4928 et
1224 4874 1490 4929 sobrietas.
1520 4877 1600 4928 Ad
1619 4889 1784 4932 extre-

270 4977 391 5016 mum
433 4965 787 5021 demonstrato
818 4982 917 5020 non
943 4969 1196 5040 majorem
1223 4967 1275 5020 in
1319 4968 1436 5035 ipsa
1465 4970 1780 5040 fortitudinis

273 5108 292 5136 ι
315 5098 438 5158 Cod.
473 5102 638 5168 Vall.,
671 5103 857 5158 bonam
878 5103 1370 5158 commendationem
1400 5108 1628 5160 materia:
1649 5125 1773 5162 suae.

267 5167 290 5208 δ
315 5170 510 5247 Omnes
536 5167 666 5229 edit.
704 5191 828 5247 cum
869 5192 971 5228 ms.
1010 5175 1176 5239 'fell.,
1219 5176 1506 5245 rependunt
1555 5180 1773 5247 merita,

209 5254 342 5315 qnam
361 5245 499 5298 cibus
520 5248 738 5315 quierit;
760 5245 852 5300 alii
881 5261 1012 5300 mss.
1047 5257 1101 5298 ut
1129 5248 1179 5299 in
1213 5258 1490 5301 contextu.

269 5323 288 5352 θ
316 5314 437 5391 ﬁdit
458 5314 867 5391 aemss.’l‘ell.,
894 5316 1119 5370 Paratus
1141 5327 1213 5391 est
1253 5317 1435 5386 (ltuiu.
1457 5319 1654 5374 delevit
1679 5324 1779 5391 est)

208 5388 520 5462 uttestitudine
533 5390 719 5455 animi;
734 5392 906 5460 magis
925 5391 1059 5462 scite
1090 5389 1279 5458 reliqui
1297 5405 1429 5462 mss.
1448 5401 1501 5443 ul
1518 5407 1615 5446 nos
1629 5388 1780 5462 supr.

268 5451 291 5489 ά
320 5459 463 5530 ltom.
503 5462 637 5514 edit.
685 5451 800 5514 sola
826 5451 1172 5514 'confoderat
1199 5451 1222 5521 ,’
1261 5469 1308 5512 et
1327 5461 1588 5516 dominica
1613 5506 1627 5530 ,
1687 5451 1780 5518 sed

207 5538 312 5579 cum
341 5529 389 5582 in
415 5532 663 5586 omnibus
687 5532 810 5586 aliis
828 5534 959 5587 edit.
987 5545 1049 5584 ac
1080 5545 1207 5584 mss.
1236 5531 1517 5596 habeatur,
1548 5529 1779 5588 domini-

210 5598 418 5676 catn_hic
438 5603 585 5676 idem
611 5619 737 5658 esse
767 5613 928 5673 atque
952 5607 1002 5656 in
1023 5601 1318 5671 Scriptura:
1347 5613 1454 5656 tam
1486 5609 1669 5660 multis
1697 5606 1776 5659 l0-

215 5667 286 5720 εἰς
306 5667 499 5745 ﬂamini
517 5667 898 5728 solemnitatem
923 5677 1051 5745 quid
1079 5667 1226 5726 vetat
1249 5676 1272 5727 ἶ)

279 5737 431 5796 ενθι.
475 5745 609 5800 edit.
658 5755 714 5800 ut
753 5737 1039 5800 commento
1097 5753 1316 5798 strueret
1367 5745 1581 5810 dolum;
1631 5744 1782 5809 Gill.,

211 5803 349 5866 Rom.
386 5823 439 5870 et
471 5830 572 5872 ms.
605 5815 766 5885 Tell.,
792 5826 848 5872 ut
877 5817 1278 5873 commentitium
1312 5825 1526 5872 strueret
1564 5803 1787 5883 Idolum;

1954 4695 2044 4750 hi).
2074 4693 2211 4762 Quid
2254 4691 2605 4748 sobrietatem
2658 4687 2890 4760 loquar?
2920 4685 3300 4754 Temperantia
3341 4682 3484 4740 enim

1882 4790 2054 4844 virtus
2085 4797 2169 4842 est
2195 4785 2536 4840 feminarum.
2569 4782 2856 4838 lnebriatis
2904 4781 3028 4834 vino
3052 4780 3184 4833 viris
3217 4786 3273 4834 et
3297 4791 3491 4831 somno

1885 4880 2109 4952 sepultis
2142 4877 2361 4932 abstulit
2405 4875 2566 4929 vidua
2607 4872 2878 4944 gladium,
2925 4867 2951 4907 ¹³
2979 4871 3190 4924 exeruit
3231 4884 3485 4932 manum,

1890 4970 2169 5027 bellatoris
2207 4967 2442 5022 abscidit
2467 4975 2628 5038 caput
2653 5007 2667 5033 ,
2699 4980 2797 5036 per
2827 4962 3034 5019 medias
3073 4961 3311 5017 hostium
3341 4961 3490 5016 acies

1890 5106 2086 5164 reliqui
2121 5116 2360 5159 nosuam
2391 5102 2653 5156 exhibent
2684 5098 2995 5154 lectionem.

1958 5177 1976 5216 τ
2010 5171 2086 5231 Ita
2113 5192 2242 5230 mss.
2279 5188 2445 5243 prope
2476 5173 2539 5226 ad
2567 5187 2728 5224 unum
2756 5188 2768 5223 :
2799 5171 2931 5243 edit.
2960 5177 3137 5223 autem
3158 5209 3172 5234 ,
3201 5176 3488 5243 commenta

1883 5248 2174 5312 consilium,
2218 5241 2426 5298 tit—dum
2454 5252 2706 5313 potentem
2738 5242 2874 5295 elicit
2923 5241 3339 5313 intemperantia,
3371 5257 3401 5313 α
3431 5256 3486 5313 se

1883 5311 2169 5393 inferiores
2188 5330 2382 5372 arceret
2409 5358 2423 5380 ,
2451 5311 2775 5393 occasionem
2801 5323 3004 5393 pararet
3029 5311 3256 5393 victoritc
3281 5353 3296 5378 ,
3327 5312 3483 5392 absti—

1886 5383 2166 5446 nentia...
2202 5397 2550 5443 reservaret...
2587 5402 2686 5438 non
2710 5386 2900 5448 minus,
2932 5383 3154 5436 Amerb.
3187 5399 3287 5435 non
3316 5383 3479 5434 mino-

1886 5480 2015 5529 rem,
2046 5473 2356 5516 servatw....
2392 5459 2581 5512 revexit
2618 5455 2926 5529 trophtcum.
2958 5453 3094 5506 Tell.
3131 5469 3258 5508 vero
3290 5454 3488 5522 partim

1889 5536 2012 5589 aliis
2040 5550 2197 5596 mss.,
2229 5531 2424 5600 partim
2452 5531 2584 5582 edit.
2611 5528 2841 5600 accedit.

1964 5616 1988 5651 κ
2016 5603 2148 5658 Cod.
2179 5597 2322 5662 vn.
2357 5618 2514 5668 quam
2546 5599 2728 5667 patria:
2752 5597 3054 5650 libertatem.

1963 5675 1988 5710 ¹³
2007 5676 2120 5730 Edit
2133 5716 2146 5728 .
2163 5665 2680 5728 ultima-'Parismum
2697 5667 2962 5722 Tell.cod.
2975 5708 2989 5733 ,
3008 5665 3236 5722 exercuit
3251 5681 3487 5722 manum.

1897 5748 1962 5801 Et
1984 5745 2119 5800 infra
2148 5788 2162 5814 ,
2190 5756 2382 5802 omnes
2415 5743 2545 5800 edit.
2589 5755 2652 5796 ac
2681 5753 2814 5795 mss.
2849 5739 3133 5808 nonnulli,
3157 5737 3322 5794 ebrios
3350 5753 3496 5794 crer—

1895 5819 2094 5872 citatos.
