3974 6186
440 189 545 246 247
1777 181 2019 240 SANCTI
2062 185 2098 238 Α

2207 179 2386 240 ROSII
3631 179 3740 237 248

430 306 758 361 intemerata
786 302 1058 375 processit
1090 300 1297 372 (Iudith
1317 314 1431 364 xm,
1452 298 1487 352 4
1511 306 1558 352 et
1583 297 1716 368 seq.)
1741 297 2040 351 Advertitis
2070 304 2118 360 Α
2145 296 2268 349 aliis
2286 295 2530 350 videatur
2557 293 2812 364 implesse
2838 334 2853 360 ,
2879 292 3061 363 plures
3087 291 3254 358 alias,
3291 290 3368 346 vel
3399 290 3586 361 parilis
3608 333 3623 359 ,
3657 291 3740 346 vel

439 401 608 470 igitur
647 406 910 468 quantum
955 408 1156 448 nocere
1201 391 1522 445 mulieribus
1556 391 1730 459 possit
1759 389 2035 456 ebrietas,
2145 389 2412 456 proxima:
2442 387 2605 442 fuisse
2638 387 2852 440 virtutis
2888 402 3222 457 nequaquam
3262 384 3619 439 dubitandum
3661 387 3742 438 vi-

443 490 666 562 quando
695 489 842 542 viros
873 486 995 540 vina
1028 485 1107 539 sic
1137 484 1381 549 solvunt,
1416 491 1476 536 ut
1503 482 1792 536 vincantur
1824 496 1852 532 a
1887 478 2045 533 femi—
2143 480 2329 543 detur;
2355 481 2495 534 bona
2520 479 2662 533 enim
2685 493 2840 549 seges
2863 479 3124 549 plurimas
3148 479 3325 548 spicas
3362 478 3540 532 fructu
3575 476 3748 532 refer-

439 583 560 637 nis?
593 582 724 635 Esto
755 579 939 650 igitur,
969 577 1156 643 vidua,
1193 587 1510 646 temperans
1541 591 1553 628 :
1587 583 1735 629 easta
1756 571 1990 642 primum
2015 585 2044 624 a
2148 583 2227 626 tas
2268 571 2415 626 ferre
2463 573 2770 626 consuevit.
2829 571 2938 626 Nec
2987 571 3197 626 dubites
3225 568 3253 607 δ
3295 571 3468 636 illam,
3496 577 3748 625 veterum

445 677 570 731 vino
590 715 606 742 ,
637 683 696 728 ut
725 674 903 744 possis
930 681 1078 726 casta
1107 686 1229 726 esse
1266 670 1334 724 ab
1365 669 1658 724 adulterio.
1689 666 2044 735 Nequaquam
2147 676 2384 734 segetem
2419 675 2721 735 temporum
2756 666 2808 720 in
2839 666 3198 736 complurium
3231 664 3553 720 feminarum
3586 665 3752 719 mori-

443 779 500 828 te
527 770 620 824 ille
661 768 928 834 tentabit,
960 767 1004 823 si
1038 767 1162 821 vina
1202 781 1310 820 non
1351 773 1589 820 tentent.
1621 763 1754 818 Nam
1786 763 1829 816 si
1861 759 2047 816 Iudith
2151 761 2250 814 bus
2295 759 2636 816 fecundasse.
2681 760 2785 816 Sed
2845 761 2968 831 quia
3020 761 3288 830 prolixum
3332 769 3415 815 est
3458 759 3751 829 complecti

444 864 707 929 bibisset,
741 861 1037 916 dormisset
1066 875 1191 915 cum
1237 859 1510 914 adultero.
1543 857 1648 912 Sed
1681 856 1804 926 quia
1840 870 1947 909 non
1972 853 2054 908 bi-
2150 868 2362 916 omnes,
2388 863 2408 890 ο
2433 853 2749 922 cognoscite
2770 852 2982 922 aliquas
3002 895 3016 918 ,
3041 862 3095 907 et
3118 853 3392 922 praecipue
3423 851 3752 918 Debboram,

447 956 564 1022 bit;
597 955 739 1010 haud
770 953 990 1010 difficile
1016 954 1043 982 ⁸
1067 954 1248 1010 ebrios
1278 954 1574 1018 exercitus,
1603 949 2052 1005 uniussobrietas
2151 946 2307 1016 cujus
2363 946 2520 1001 nobis
2581 946 2822 1017 prodidit
2893 947 3174 1018 Scriptura
3233 947 3489 1003 virtutem
3523 946 3749 1018 (Iudic.

449 1060 502 1105 et
540 1049 760 1104 vincere
801 1048 1012 1117 potuit,
1038 1055 1093 1102 et
1113 1045 1363 1101 eludere.
2154 1055 2244 1105 tv,
2286 1040 2362 1111 4).

519 1141 609 1196 41.
651 1141 762 1196 Nec
805 1141 1047 1195 dextera:
1095 1148 1305 1194 tantum
1367 1137 1471 1194 hoc
1505 1153 1668 1208 opus,
1729 1137 1822 1193 sed
1882 1136 2056 1191 multo
2225 1131 2314 1186 44.
2357 1131 2484 1188 Haec
2533 1132 2678 1188 enim
2725 1131 2912 1188 docuit
2956 1148 3067 1188 non
3107 1133 3284 1188 solum
3316 1133 3420 1188 viri
3443 1133 3648 1189 auxilio
3673 1135 3758 1189 vi-

451 1235 626 1305 major
654 1234 896 1303 troplnea
928 1233 1233 1304 sapientiae.
1270 1231 1401 1286 Nam
1434 1247 1558 1286 eum
1589 1246 1749 1285 manu
1782 1230 1936 1302 197
1969 1243 2059 1282 so-
2156 1227 2293 1284 duas
2342 1245 2452 1283 non
2479 1245 2672 1300 egere,
2722 1230 3078 1285 verumetiam
3115 1229 3250 1284 viris
3293 1245 3416 1286 esse
3455 1230 3706 1286 subsidio
3739 1246 3755 1283 :

449 1328 560 1382 lum
596 1326 1004 1397 llol0phernem
1031 1325 1275 1391 vicisset,
1308 1325 1543 1379 consilio
1575 1338 1791 1376 omnem
1821 1323 2055 1376 hostium
2158 1335 2280 1389 quae
2309 1335 2411 1376 nec
2430 1336 2593 1375 sexus
2626 1320 2939 1376 infirmitate
2986 1330 3235 1376 revocata
3261 1365 3275 1389 ,
3305 1322 3486 1376 munia
3519 1323 3762 1377 virorum

452 1423 908 1478 vicitesercitum
935 1420 1144 1489 (Iudith
1170 1436 1277 1484 xiv,
1311 1422 1409 1475 let
1435 1420 1590 1489 seq.).
1617 1417 1896 1488 Suspenso
1915 1418 2058 1471 enim
2161 1413 2407 1467 obeunda
2457 1415 2732 1482 suscepit,
2779 1423 2830 1470 et
2879 1425 3128 1484 suscepta
3155 1415 3472 1470 cumulavit.
3519 1415 3764 1487 Denique

450 1515 823 1586 Holophernis
857 1514 1037 1584 capite
1064 1557 1078 1580 ,
1108 1513 1254 1584 quod
1289 1513 1529 1568 virorum
1565 1527 1670 1567 non
1697 1512 1876 1581 potuit
1899 1526 2062 1565 exco-
2162 1522 2284 1562 cum
2331 1507 2504 1562 Judaei
2535 1508 2787 1564 Iudicum
2818 1518 3136 1578 regerentur
3161 1509 3410 1576 arbitrio,
3439 1509 3567 1580 quia
3614 1508 3761 1564 virili

449 1608 611 1677 gitari
643 1607 882 1662 consilio
907 1648 922 1673 ,
949 1621 1174 1661 suorum
1208 1607 1383 1660 erexit
1411 1607 1658 1669 animos,
1691 1604 1927 1658 hostium
1956 1602 2062 1656 fre-
2167 1615 2274 1655 non
2305 1610 2559 1670 poterant
2593 1601 2678 1656 vel
2707 1602 2967 1670 aequitate
3001 1601 3112 1672 regi
3139 1642 3152 1666 ,
3186 1603 3267 1658 vel
3293 1603 3495 1658 virtute
3523 1603 3762 1671 defendi,

454 1701 532 1771 git
562 1719 574 1754 :
615 1715 750 1755 suos
797 1698 1003 1770 pudore
1044 1699 1288 1753 excitans
1309 1740 1322 1764 ,
1356 1698 1544 1753 hostes
1591 1711 1809 1767 quoque
1851 1705 2059 1749 terrore
2088 1689 2136 1748 B
2165 1696 2321 1752 bellis
2350 1696 2474 1750 hinc
2500 1695 2625 1751 inde
2656 1695 2995 1761 ardentibus,
3027 1696 3327 1751 Debboram
3361 1696 3462 1751 sibi
3492 1695 3648 1766 cujus
3680 1711 3767 1752 re-

455 1791 792 1862 percelleus;
823 1805 996 1861 coque
1025 1789 1150 1845 caesi
1183 1799 1309 1844 sunt
1347 1799 1402 1844 et
1437 1789 1628 1858 fugati.
1689 1789 1762 1843 lta
1793 1789 1951 1841 unius
1983 1787 2059 1839 vi-
2159 1796 2417 1858 gerentur
2448 1787 2656 1858 judicio
2682 1830 2697 1852 ,
2743 1796 3094 1856 COoptarunt.
3152 1787 3337 1858 Itaque
3383 1789 3550 1843 multa
3601 1789 3768 1844 millia

458 1885 582 1940 dum
614 1885 973 1955 temperantia
1005 1893 1167 1954 atque
1185 1883 1454 1938 sobrietas
1473 1898 1582 1937 non
1607 1883 1784 1937 solum
1808 1890 2060 1935 naturam
2167 1879 2327 1951 198
2360 1880 2600 1934 virorum
2635 1895 2736 1934 una
2776 1880 2934 1934 vidua
2980 1889 3036 1936 et
3087 1881 3140 1935 in
3197 1897 3328 1949 pace
3376 1882 3548 1948 rexit,
3595 1892 3650 1937 et
3701 1882 3772 1937 ab

455 1995 608 2036 suam
643 1981 806 2045 vicit,
840 1979 934 2034 sed
961 1979 1105 2048 quod
1145 1987 1229 2032 est
1263 1977 1524 2047 amplius,
1563 1975 1859 2032 fecitviros
1896 1975 2060 2030 etiam
2163 1971 2320 2026 hoste
2365 1971 2631 2026 defendit.
2682 1971 2834 2026 Multi
2865 1972 3087 2028 Iudices
3120 1974 3173 2027 in
3199 1973 3366 2028 Israel
3389 2014 3404 2038 ,
3435 1972 3462 2010 ιι
3490 1974 3588 2029 sed
3627 1975 3776 2029 nulla

463 2072 723 2128 fortiores
754 2071 964 2145 (Iudith
987 2072 1122 2139 xv,l
1153 2082 1200 2125 et
1221 2070 1379 2142 seq.).
2165 2074 2289 2119 ante
2311 2063 2479 2134 judex
2511 2064 2710 2119 l'emiua
2754 2082 2766 2117 :
2811 2064 2970 2118 multi
3000 2064 3217 2120 Judices
3266 2074 3387 2135 post
3416 2065 3600 2121 Iesum
3629 2107 3644 2132 ,
3677 2066 3774 2122 sed

533 2164 626 2218 Ω.
661 2163 773 2220 Nec
807 2163 890 2219 his
931 2174 1112 2220 tamen
1151 2165 1294 2219 elata
1327 2164 1711 2227 successibus,
1763 2163 1848 2217 cui
1881 2161 2068 2231 utique
2169 2159 2347 2215 nullus
2371 2160 2657 2229 prepheta.
2686 2159 2754 2214 Et
2782 2159 2904 2214 ideo
2932 2159 3128 2214 lectum
3158 2159 3317 2214 iStius
3342 2169 3468 2229 puto
3491 2173 3615 2215 esse
3635 2161 3782 2231 judi-

470 2258 713 2327 gaudere
741 2268 797 2312 et
822 2258 1100 2314 exsultare
1126 2258 1321 2314 licebat
1341 2259 1469 2329 jure
1495 2257 1763 2323 vietoriar,
1791 2255 2070 2311 viduitatis
2170 2252 2334 2316 cium,
2366 2258 2420 2305 et
2445 2258 2596 2321 gesta
2629 2250 2748 2320 ejus
2779 2249 3019 2306 arbitror
3048 2266 3171 2306 esse
3212 2251 3527 2321 descripta;
3560 2267 3632 2308 ne
3659 2268 3782 2307 mu-

472 2353 692 2424 reliqnit
723 2352 962 2408 officium
1011 2373 1024 2410 :
1055 2352 1151 2410 sed
1181 2353 1511 2425 contemptis
1543 2353 1797 2407 omnibus
1824 2353 1914 2423 qui
1957 2351 2074 2421 ejus
2174 2346 2334 2400 lieres
2355 2359 2386 2399 a
2408 2343 2839 2412 virtutisofﬁcio,
2859 2345 3138 2401 muliebris
3168 2359 3331 2401 sexus
3360 2346 3675 2401 inlimiitate
3698 2362 3787 2402 re-

473 2449 696 2517 nuptias
733 2448 1082 2514 ambiebant,
1134 2457 1338 2503 vestem
1375 2447 1736 2519 jucunditatis
1789 2445 2073 2515 deposuit,
2175 2451 2455 2496 vocentur.
2477 2439 2650 2496 Vidua
2673 2441 2906 2512 populos
2934 2442 3095 2511 regit,
3123 2439 3285 2496 vidua
3302 2441 3452 2496 ducit
3479 2441 3784 2509 exercitus,

473 2541 755 2596 viduitatis
784 2542 1114 2612 resumpsit:
1137 2557 1238 2597 nec
1267 2541 1664 2612 triumphorum
1681 2556 1904 2595 suorum
1931 2554 2077 2592 ama—
2176 2534 2337 2588 vidua
2351 2533 2516 2588 duces
2537 2534 2706 2603 eligit,
2723 2532 2882 2588 vidua
2907 2532 3045 2587 bella
3067 2532 3331 2602 disponit,
3349 2531 3571 2586 mandat
3599 2533 3789 2586 trium-

479 2633 561 2686 vit
583 2641 839 2698 ornatus,
885 2634 1010 2688 illos
1049 2635 1372 2690 existimans
1413 2649 1535 2688 esse
1579 2633 1832 2688 meliores
1882 2633 2077 2702 quibus
2178 2629 2336 2698 phos.
2364 2628 2480 2684 Non
2515 2643 2645 2698 ergo
2674 2638 2866 2682 natura
2893 2640 2987 2682 rea
3013 2627 3316 2696 estculpm,
3355 2640 3453 2681 nec
3479 2625 3791 2681 infirmitati

473 2724 602 2778 vitia
625 2725 902 2794 corporis,
922 2741 1083 2795 quam
1113 2726 1309 2796 quibus
1340 2725 1580 2782 hostium
1611 2741 1760 2782 arma
1784 2727 2079 2781 vincuntur
2179 2725 2410 2780 obnoxia
2441 2741 2454 2777 :
2487 2735 2740 2780 strenuos
2769 2737 2878 2778 non
2905 2737 3066 2777 sexus
3091 2763 3105 2787 .
3139 2722 3234 2779 sed
3257 2722 3429 2777 virtus
3462 2722 3613 2778 facit.

485 2814 698 2885 (Iudith
724 2832 838 2883 xw,
861 2816 931 2873 26
953 2828 1002 2871 et
1029 2817 1183 2888 seq.).
2252 2819 2345 2873 45.
2374 2819 2441 2873 Ει
2473 2819 2524 2872 in
2561 2832 2694 2887 pace
2738 2815 2955 2886 quidem
3004 2815 3153 2871 nulla
3192 2816 3534 2886 querimonia
3557 2858 3573 2882 ,
3605 2815 3792 2871 nullus

1071 2911 1302 2968 CAPUT
1339 2912 1478 2969 Vlll.
2183 2927 2338 2968 error
2363 2910 2611 2966 mulieris
2642 2909 2915 2964 invenitur
2946 2927 2958 2963 :
3004 2923 3126 2963 cum
3159 2909 3410 2980 plerique
3441 2925 3550 2964 non
3585 2910 3797 2966 medio-

485 3003 682 3058 Plures
708 3002 843 3058 alias
871 3004 1055 3059 viduas
1085 3021 1201 3075 quae
1229 3005 1418 3062 virtute
1447 3006 1516 3061 ad
1542 3005 1727 3061 Iudith
1751 3007 2078 3074 accesserint,
2186 3005 2363 3059 crium
2398 3013 2748 3075 peccatorum
2777 3011 3030 3058 auctores
3055 3003 3252 3073 populo
3284 3018 3383 3059 suo
3419 3002 3645 3060 Iudices
3693 3019 3796 3060 ex-

557 3096 818 3150 exstitisse
847 3098 918 3151 ait
955 3098 1032 3151 vir
1060 3108 1302 3163 sanctus,
1336 3108 1390 3152 at
1431 3099 1496 3154 de
1527 3100 1640 3154 sola
1681 3101 1919 3156 Debbora
1949 3118 2085 3156 nunc
2113 3075 2158 3138 ί)
2192 3098 2482 3155 stitissent.
2515 3098 2616 3155 Ubi
2650 3112 2781 3153 vero
2803 3097 3120 3163 Chanantei,
3143 3112 3278 3169 gens
3308 3097 3460 3153 ferox
3491 3097 3707 3168 praelio,
3740 3107 3797 3154 et

558 3205 612 3243 se
641 3187 923 3242 dicturum.
957 3189 1164 3256 Quanta
1188 3190 1495 3246 documenta
1516 3191 1684 3247 viduis
1713 3209 1772 3246 ea
1800 3193 2086 3264 reliquerit,

554 3297 711 3350 quam
733 3281 831 3334 viri
856 3298 888 3334 a
917 3298 1017 3350 qua
1035 3292 1336 3355 regerentur
1358 3283 1854 3354 defenderenturqne
1875 3327 1888 3349 ,
1915 3286 2086 3356 elege-

563 3384 709 3427 runt.
745 3371 1030 3427 Maximam
1067 3391 1266 3446 quoque
1313 3373 1458 3429 illius
1504 3377 1726 3448 gloriam
1766 3377 1888 3430 inde
1918 3378 2092 3449 profe-

568 3475 725 3532 ctam,
755 3466 896 3535 quod
925 3467 1092 3536 ﬁlium
1115 3484 1146 3520 a
1176 3484 1229 3521 se
1258 3467 1594 3536 informatum
1627 3469 1759 3523 bello
1776 3471 2090 3541 prtefecerit,

567 3555 652 3610 hic
700 3565 872 3610 autem
913 3559 1122 3626 copias,
1163 3559 1264 3613 nisi
1292 3559 1488 3614 adesset
1531 3562 1656 3628 illa,
1701 3563 1960 3634 negaverit
1988 3580 2098 3618 sese

564 3649 861 3703 ducturum.
891 3647 1027 3704 Eam
1053 3651 1212 3720 igitur
1241 3661 1290 3705 et
1317 3653 1565 3706 exercitui
1593 3655 1866 3724 pra'fuisse
1895 3665 1941 3708 et
1961 3670 2097 3726 prte-

569 3744 829 3796 nuntiasse
870 3741 986 3796 belli
1015 3743 1248 3809 exitum;
1281 3743 1334 3797 in
1383 3761 1484 3814 qua
1530 3744 1774 3800 Ecclesia:
1820 3763 2007 3818 pugna:
2034 3764 2096 3801 ac

574 3833 824 3904 triumphi
845 3877 859 3900 ,
894 3852 985 3889 nec
1015 3852 1116 3890 non
1145 3837 1408 3906 spiritalia
1435 3855 1581 3891 arma
1611 3840 1877 3910 designata
1926 3851 2044 3894 sunt
2077 3857 2096 3895 :

571 3926 807 3982 historice
834 3946 952 3983 vero
991 3923 1198 4001 feminis
1228 3949 1402 3988 omnes
1448 3937 1754 4005 auferuntur
1779 3935 2096 4004 inﬁrmitatis

571 4023 942 4075 excusationes.

565 4109 657 4167 43.
698 4115 775 4168 Ac
800 4129 866 4168 ne
898 4129 1002 4169 una
1034 4115 1198 4172 vidua
1233 4126 1440 4173 tantum
1483 4117 1584 4174 hoc
1611 4134 1746 4185 Opus
1773 4120 2093 4177 inimitabile

576 4255 602 4318 ξι
633 4245 756 4318 Mss.
793 4261 898 4300 non
927 4250 1103 4315 pauci,
1133 4248 1296 4302 ebrios
1316 4249 1563 4303 excitatos
1591 4250 1763 4318 unius,
1793 4261 1900 4306 etc.

575 4315 604 4392 ξ)
636 4315 885 4392 Plerique
917 4333 1072 4384 mss.,
1100 4320 1245 4373 illum
1281 4331 1496 4374 veterem
1524 4315 2055 4392 segetem'rumulasse
2074 4340 2093 4379 :

502 4388 591 4442 sed
616 4389 758 4456 quia,
787 4397 893 4442 etc.

582 4469 604 4531 «ξ
631 4458 760 4531 Mss.
794 4458 1026 4526 aliquot,
1055 4461 1348 4531 cognoscite
1371 4462 1526 4516 alias.

579 4529 607 4564 ά
667 4530 791 4585 Mss.
825 4529 1151 4606 non‘pauci,
1198 4533 1288 4606 sed
1319 4534 1462 4587 nulla
1492 4543 1608 4588 ante
1641 4533 1826 4590 Iudith
1874 4538 2100 4606 femina;

511 4616 762 4676 untt_s...._
780 4612 897 4656 ante
923 4601 1213 4676 Debboram
1240 4604 1452 4673 femina.
1483 4606 1747 4661 Convenit
1772 4601 1933 4676 porro
1963 4610 2103 4662 inter

511 4672 858 4746 Ambrosium
903 4684 1062 4746 atque
1090 4672 1473 4746 Hieronymum
1506 4672 1805 4732 Debboram
1833 4677 2103 4732 Israelita-

513 4760 630 4797 rum
657 4744 937 4815 praefuisse
959 4744 1177 4815 judiriis
1205 4763 1216 4798 :
1244 4744 1422 4801 utrum
1449 4763 1578 4803 vero
1606 4750 1794 4804 eadem
1823 4748 1979 4802 vidua
2009 4767 2103 4804 ex-

511 4814 711 4868 stiterit
735 4856 749 4877 ,
783 4830 846 4869 ac
873 4814 1045 4870 mater
1076 4816 1314 4881 Barach,
1346 4835 1450 4872 non
1481 4822 1848 4876 Consentium.
1888 4819 2100 4876 Etenim

515 4886 874 4962 Hieronymus
904 4889 1063 4962 epist.
1086 4888 1184 4962 le,
1209 4889 1274 4942 ad
1300 4887 1538 4962 Furiam,
1561 4893 1634 4946 ita
1661 4893 1896 4962 loquitur
1925 4908 1938 4946 :
1969 4892 2101 4958 Qui-

515 4957 633 5008 dam
656 4957 892 5024 imperite
921 4970 968 5012 et
999 4959 1282 5012 Debboram
1311 4961 1441 5013 inter
1468 4963 1650 5015 viduas
1672 4957 2103 5024 mémorantJdn-

518 5043 725 5101 certique
757 5027 957 5083 Barach
985 5030 1299 5083 arbitrantur
1328 5031 1576 5087 Debborae
1607 5035 1789 5101 ﬁlium,
1817 5051 1931 5087 cum
1959 5035 2104 5086 aliud

522 5099 794 5164 Scriptura
843 5112 1222 5156 counnemoret.
1260 5101 1422 5155 Nobis
1464 5104 1530 5156 ad
1570 5099 1666 5158 hoc
1721 5105 2100 5168 nominabitur,

517 5172 654 5237 quod
691 5172 1020 5246 prophetissa
1059 5173 1248 5246 fuerit,
1291 5182 1337 5226 et
1381 5175 1433 5226 in
1481 5177 1663 5246 ordine
1698 5174 1946 5228 Iudicum
1981 5194 2104 5246 snp-

520 5249 744 5307 putetur.
769 5243 971 5307 Quibus
997 5244 1178 5297 verbis
1201 5245 1482 5311 imperitia:
1510 5244 1854 5299 Ambrosium
1880 5243 2105 5301 insimu-

517 5311 612 5363 lari
649 5311 952 5386 Spencmus
1001 5324 1262 5368 autumat.
1298 5314 1470 5386 Favet
1497 5332 1628 5370 sane
1663 5317 1901 5386 opinioni
1941 5319 2060 5386 ejus
2085 5359 2099 5382 ,

520 5381 662 5449 quod
692 5383 878 5454 eadem
911 5386 1138 5453 epistola
1182 5387 1378 5454 scripta
1419 5385 1581 5440 fuerit
1620 5381 1724 5440 non
1776 5391 1942 5440 multo
1972 5381 2104 5453 post.

515 5455 670 5520 epist.
720 5453 789 5506 50
833 5455 1074 5523 ejusdem
1122 5453 1340 5510 Ilierou.
1395 5458 1459 5509 ad
1491 5457 1838 5522 Pammach.,
1871 5475 1960 5511 an.
1993 5459 2100 5514 593

525 5523 730 5596 datam,
770 5539 872 5594 qua
898 5523 1055 5595 hujus
1096 5527 1262 5596 ipsius
1298 5526 1671 5582 Ambrosianum
1695 5531 2105 5584 commentatio-

529 5594 611 5644 nis
642 5594 978 5669 mentionem
1018 5594 1165 5669 facit.
1215 5598 1310 5652 llic
1351 5599 1510 5668 igitur
1562 5599 1777 5669 ingenio
1817 5616 1915 5654 suo
1956 5617 2096 5654 non-

526 5674 814 5736 nuuujuam
855 5667 1017 5734 paulo
1042 5667 1433 5736 vehementiori
1455 5667 1743 5726 obsecutus
1769 5681 1854 5726 est
1881 5682 2100 5726 sanctus

521 5729 615 5786 Ille
642 5729 820 5801 Pater,
848 5729 1144 5793 autsaltem
1174 5733 1347 5795 solam
1366 5741 1634 5798 hebraicae
1661 5738 1854 5812 Iing‘ute
1876 5741 2098 5812 imperi-

2130 4433 2179 4493 D

2193 3191 2529 3247 afﬂuentium
2575 3191 2855 3260 c0piarum
2895 3193 3078 3260 opima
3125 3204 3380 3244 successu
3408 3230 3422 3255 ,
3473 3189 3707 3245 hostiles
3738 3191 3795 3246 in

2195 3287 2451 3358 populum
2494 3284 2804 3340 Iudaeorum
2854 3285 3068 3339 animos
3105 3285 3451 3350 extulerunt,
3486 3283 3648 3340 vidua
3679 3299 3796 3353 pra:

2193 3379 2408 3435 caneris
2447 3377 2673 3433 bellicos
2702 3377 2921 3432 instruit
2948 3386 3260 3446 apparatus.
3295 3377 3360 3430 Et
3390 3386 3445 3430 ut
3470 3375 3650 3432 discas
3682 3392 3795 3432 non

2195 3470 2426 3542 publicis
2452 3469 2625 3540 copiis
2651 3469 2981 3525 domesticas
3008 3470 3360 3524 necessitates
3391 3467 3558 3524 fuisse
3597 3469 3799 3524 subni-

2195 3580 2325 3632 xas,
2354 3563 2448 3620 sed
2479 3563 2792 3620 domesticis
2824 3563 3128 3633 disciplinis
3169 3577 3367 3618 munus
3399 3562 3676 3633 publicum
3699 3577 3800 3634 gu-

2197 3657 2482 3712 bernatum
2519 3698 2534 3722 ,
2577 3656 2743 3710 domo
2794 3655 3010 3724 propria
3083 3654 3252 3708 filium
3302 3654 3496 3709 ducem
3548 3653 3803 3723 producit

2195 3749 2466 3806 exercitus
2485 3789 2500 3814 ,
2530 3757 2554 3785 ο
2586 3757 2641 3802 ut
2671 3747 2982 3819 agnoscatis
3010 3747 3153 3815 quod
3191 3747 3362 3816 possit
3401 3745 3690 3801 instituere
3715 3746 3798 3800 vi-

2198 3844 2305 3899 dua
2336 3843 2654 3899 bellatorem
2706 3861 2719 3897 :
2773 3859 2932 3914 quem
2963 3842 3117 3913 quasi
3148 3852 3325 3897 mater
3353 3841 3592 3908 erudiit,
3637 3842 3798 3912 quasi

2196 3937 2372 3993 Iudex
2412 3936 2907 4008 przeposuit,quasi
2946 3935 3102 3990 fortis
3151 3934 3414 4002 instituit,
3461 3933 3615 4006 quasi
3665 3947 3796 4004 pro-

2201 4031 2440 4101 phetissa
2471 4028 2710 4084 victorire
2737 4038 2900 4084 certae
2932 4027 3231 4084 transmisit
3261 4026 3452 4100 (Ibid.,
3485 4026 3564 4097 6).

2271 4122 2362 4178 46.
2419 4123 2658 4193 Denique
2707 4123 2759 4177 in
2805 4122 3048 4177 mulieris
3101 4137 3261 4177 manu
3311 4135 3580 4176 summam
3633 4119 3800 4175 fuisse

2200 4252 2328 4306 tiam
2352 4252 2694 4323 significavit.
2715 4252 2868 4320 Quod
2891 4261 3068 4307 autem
3087 4253 3138 4307 in
3163 4267 3224 4308 ea
3245 4251 3542 4322 quaestione
3565 4251 3798 4322 palmam

2213 4325 2539 4395 Hieronymo
2570 4325 2806 4379 tribucre
2835 4325 3043 4378 videtur
3069 4323 3208 4379 idem
3239 4324 3568 4395 Spencatus,
3617 4340 3724 4378 non
3751 4327 3800 4379 ei

2211 4395 2348 4449 adeo
2394 4394 2551 4449 facile
2595 4395 2687 4450 alii
2737 4397 3061 4465 interpretes
3087 4395 3475 4450 assentientur.
3510 4394 3644 4450 Nam
3677 4397 3804 4450 licet

2212 4467 2510 4521 Debboram
2537 4465 2814 4534 Scriptura
2833 4477 2989 4522 Vocet
3013 4483 3226 4520 uxorem
3259 4465 3544 4534 Lapidoth,
3564 4482 3685 4522 eam
3719 4477 3802 4522 ta-

2206 4554 2330 4592 men
2361 4537 2693 4592 eouteudunt
2737 4539 2950 4592 viduam
2976 4549 3122 4592 recte
3151 4539 3254 4592 dici
3304 4551 3465 4606 posse
3490 4579 3506 4604 ,
3539 4539 3621 4594 vel
3653 4539 3798 4608 quod

2205 4624 2233 4661 a
2262 4608 2524 4676 Lapidoth
2555 4625 2714 4678 quem
2747 4610 2996 4664 eumdem
3023 4625 3085 4663 ac
3121 4609 3326 4664 Barach
3367 4608 3536 4663 fuisse
3580 4620 3802 4678 putant,

2205 4689 2451 4748 separata
2497 4681 2640 4746 quod
2669 4680 2734 4734 ad
2764 4690 2940 4735 torum
2984 4681 3188 4735 viveret
3212 4697 3224 4732 :
3253 4681 3338 4734 vel
3363 4681 3506 4750 quod
3535 4679 3798 4750 Lapidoth

2208 4766 2314 4803 non
2339 4751 2437 4821 viri
2467 4767 2686 4816 nomen,
2708 4751 2802 4805 sed
2829 4753 2961 4806 artis
2987 4763 3149 4817 esset;
3178 4750 3511 4821 proindeque
3532 4769 3640 4806 non
3669 4768 3804 4807 uxoo

2207 4837 2320 4894 rem
2354 4820 2649 4892 Lapidoth,
2681 4838 2866 4876 verum
2898 4823 3179 4878 tntilicrem
3208 4820 3565 4894 Lychnariam
3591 4838 3804 4878 verten-

2205 4891 2332 4946 dum
2359 4891 2603 4958 censent,
2637 4910 2754 4963 qua:
2779 4896 2948 4947 multo
2977 4891 3315 4948 conmmuior
3346 4896 3532 4963 opinio
3559 4905 3666 4949 est.
3694 4897 3802 4950 Nos

2207 4971 2386 5034 tamen
2439 4965 2722 5019 Ambrosio
2766 4963 3026 5034 Lapidoth
3069 4966 3332 5021 Debborae
3379 4966 3558 5020 mariti
3603 4982 3802 5022 nomen

2209 5032 2376 5105 fuisse
2407 5037 2803 5100 existimamus,
2828 5032 2921 5090 sed
2954 5039 3147 5091 mortui
3179 5080 3195 5100 ,
3226 5045 3388 5105 atque
3418 5037 3554 5091 adeo
3588 5054 3805 5092 uxorem

2205 5103 2463 5179 Lapidoth
2506 5109 2738 5173 positum
2783 5123 2878 5176 pro
2919 5109 3126 5160 viduum
3168 5103 3449 5179 Lapidoth,
3482 5109 3630 5178 quod
3662 5111 3802 5164 scri-

2206 5177 2451 5242 ptoribus
2481 5193 2585 5231 non
2609 5187 2694 5232 est
2733 5180 2992 5232 insolens.
3029 5179 3179 5246 Quod
3205 5177 3381 5233 auten.
3415 5177 3624 5234 Baraclt
3662 5181 3803 5234 Deb-

2207 5247 2353 5300 borae
2377 5246 2540 5300 filium
2564 5248 3058 5310 dicitAmbrosius.
3099 5251 3313 5318 neganti
3354 5252 3574 5319 quidem
3614 5253 3806 5306 llicro-

2207 5333 2371 5387 nymo
2413 5319 2592 5387 plures
2621 5323 3014 5374 assentiuntur.
3050 5322 3155 5376 Sed
3187 5322 3255 5375 de
3297 5323 3378 5376 his
3405 5324 3662 5378 omnibus
3695 5334 3806 5377 tur-

2207 5404 2346 5441 lnam
2379 5389 2731 5456 interpretum
2763 5393 3014 5445 consulas
3041 5393 3184 5446 licet.

2279 5471 2302 5495 ί·
2337 5459 2406 5514 Ut
2430 5462 2720 5526 agnoscatis
2749 5462 2886 5527 quod
2915 5465 3078 5526 possit
3103 5465 3370 5517 instituere
3391 5464 3548 5518 vidua
3579 5464 3803 5519 bellato-

2203 5547 2330 5594 rem,
2366 5532 2417 5583 in
2445 5530 2593 5607 solis
2623 5531 2756 5607 edit.
2786 5542 2861 5607 et
2889 5532 3028 5587 Tell.
3072 5534 3195 5589 cod.
3229 5535 3522 5607 reperitur.
3569 5537 3635 5590 Et
3685 5546 3807 5607 post

2206 5616 2370 5680 pauca
2406 5601 2492 5680 ubi
2526 5600 2729 5680 eaedem
2779 5604 3078 5680 edit.__cmn
3107 5600 3472 5680 eodem—cod"
3501 5609 3654 5671 quasi
3680 5600 3803 5680 pro-

2202 5673 2366 5740 phetis
2391 5673 2615 5726 victoria:
2640 5683 2780 5728 certa
2799 5711 2814 5740 ,
2844 5674 3037 5746 reliqui
3064 5689 3196 5732 mss.-
3230 5686 3288 5732 ut
3316 5679 3370 5732 in
3393 5687 3563 5733 textu.
