3998 6190
171 261 271 320 269
1384 255 1471 311 DE
1516 251 1744 311 \‘lDUlS
1779 249 1983 308 LIBER
2028 249 2233 308 UNUS.
3363 244 3472 303 350

174 380 392 435 victorite
421 376 589 433 docet
638 375 855 432 Barach
886 375 1023 430 filius
1063 372 1248 437 dicens
1280 389 1292 427 :
1323 370 1443 426 Nisi
1482 383 1535 426 tu
1564 370 1762 425 veneris
1790 373 1839 430 Α
1870 367 2224 420 mobilitatem
2259 373 2283 400 ο
2308 373 2546 419 vestram
2578 361 2785 417 referre
2812 359 3053 431 possitis.
3087 356 3234 414 Satis
3264 357 3478 413 unicui-

176 487 384 533 mecum,
435 486 542 522 non
599 469 689 522 ibo
717 485 732 534 ;
769 469 895 536 quia
942 483 1041 519 non
1077 466 1189 519 novi
1221 464 1356 518 diem
1385 464 1435 515 in
1461 478 1562 530 qua
1584 460 1763 530 dirigit
1869 476 1973 530 que
2006 459 2240 530 praesidii
2271 468 2390 523 est,
2420 459 2464 513 si
2496 459 2668 512 virtus
2708 472 2815 510 non
2847 455 2987 509 desit
3012 458 3231 507 animm.
3262 453 3325 506 l-lt
3356 452 3473 520 ipse

177 564 407 620 Dominus
433 561 693 633 angelum
712 576 862 614 suum
884 570 1076 614 mecum
1103 554 1329 627 (Judic.,
1349 570 1429 616 ιν,
1454 553 1767 621 9).Quanta
1869 552 1924 608 in
1956 553 2132 607 viduis
2163 553 2419 624 frequens
2471 564 2761 621 processus
2790 548 2968 602 aetatis
2998 547 3275 600 munimen
3306 543 3476 613 pudo-

177 671 289 726 ergo
316 655 531 709 feminae
563 654 728 708 istius
757 653 927 706 virtus
947 691 963 716 ,
1006 650 1090 704 cui
1134 649 1241 704 dnx
1272 648 1401 702 dicit
1439 646 1716 701 exercitus
1751 663 1763 697 :
1873 645 1948 700 ris
1974 655 2090 710 est;
2122 655 2175 699 et
2205 645 2320 715 ipse
2369 643 2556 698 amissi
2587 641 2832 711 conjugis
2862 639 3052 705 dolor,
3083 652 3214 692 usus
3256 636 3437 708 operis
3457 677 3474 702 ,

180 749 265 803 nisi
308 758 361 801 tu
405 746 648 811 veneris,
704 762 803 798 non
855 744 973 797 ibo.’
1018 742 1224 811 Quanta
1259 783 1272 801 ,
1301 741 1554 810 inquam,
1590 738 1767 792 vidua:
1870 737 2063 790 domus
2111 751 2274 803 cura,
2306 734 2969 796 sollicitudoliberorum,
3023 729 3240 785 noxiam
3285 727 3478 798 pudori

181 841 448 906 fortitudo,
471 856 601 910 qua:
623 855 656 893 a
683 837 932 908 periculis
956 837 1121 890 lilium
1153 849 1253 889 nec
1276 843 1524 888 materno
1547 839 1769 888 revocat
1871 831 2013 886 solet
2043 846 2234 886 arcere
2284 829 2558 885 lasciviam
2592 847 2604 881 :
2634 838 2796 898 atque
2837 827 2954 896 ipse
2984 823 3231 894 lugubris
3261 822 3278 861 ί
3319 821 3475 876 habi-

178 938 387 1003 affectu;
420 937 594 990 immo
622 933 691 989 ad
718 933 997 988 victoriam
1019 930 1185 986 lilium
1210 929 1390 984 studio
1416 928 1610 986 matris
1635 928 1767 980 hor-
1873 934 1994 991 tus,
2044 938 2239 992 pompa
2291 922 2570 986 funebris,
2621 919 2782 974 fletus
2828 916 3110 981 assiduus,
3164 924 3220 970 et
3265 924 3475 969 maestae

180 1042 337 1095 tatur,
368 1031 560 1085 dicens
584 1027 731 1099 quod
779 1029 833 1083 in
865 1043 1027 1082 manu
1058 1027 1299 1082 mulieris
1329 1027 1398 1082 sit
1429 1039 1639 1081 summa
1679 1024 1762 1079 vi.
1874 1016 2040 1070 fronti
2071 1015 2415 1070 inarantibus
2456 1015 2603 1084 rugis
2653 1013 2917 1082 impressa
2952 1009 3199 1074 tristitia,
3226 1008 3476 1078 petulan-

179 1123 382 1180 ctoriaz?
1875 1109 2004 1162 tium
2036 1106 2233 1177 premit
2281 1107 2506 1170 oculos,
2552 1106 2844 1174 restinguit
2895 1103 3181 1169 libidines,
3217 1115 3478 1172 procaces

233 1215 316 1270 47.
367 1213 631 1269 Debbora
681 1227 814 1284 ergo
860 1211 1032 1284 praelii
1083 1210 1426 1282 prophetarit
1474 1217 1764 1274 eventum,
1873 1201 2070 1256 avertit
2097 1209 2368 1269 aspectus.
2403 1199 2584 1253 Bonus
2614 1205 2799 1252 custos
2847 1195 3092 1266 pudoris,
3124 1193 3343 1263 pietatis
3379 1192 3477 1246 do-

179 1308 358 1363 Barach
384 1307 579 1378 jussus
610 1307 867 1378 produxit
893 1305 1190 1362 exercitum
1216 1321 1228 1357 :
1255 1303 1369 1359 Jael
1401 1303 1547 1373 cepit
1574 1302 1764 1357 trium—
1875 1291 1960 1346 lor
1991 1309 2002 1344 :
2034 1307 2140 1346 non
2173 1290 2387 1361 obrepit
2416 1290 2569 1358 culpa
2591 1331 2604 1351 ,
2635 1291 2679 1342 si
2709 1303 2836 1342 cura
2867 1302 2972 1341 non
3006 1285 3171 1340 desit.

179 1403 364 1472 phum;
399 1402 529 1456 huic
555 1403 702 1456 cnim
731 1410 758 1438 ι
785 1401 1089 1471 prophetim
1120 1399 1172 1453 in
1205 1398 1453 1453 Debbora
1488 1396 1766 1460 militavit,
2497 1398 2724 1454 CAPUT
2767 1397 2861 1452 lx.

178 1509 278 1563 quae
314 1494 544 1564 mystice
593 1491 753 1546 nobis
799 1500 983 1546 ortum
1025 1498 1352 1544 surrectura:
1398 1503 1464 1542 ex
1517 1486 1770 1557 gentibus

181 1585 417 1642 Ecclesia:
445 1585 741 1651 revelavit,
773 1587 857 1638 cui
884 1583 1189 1654 triumphus
1212 1583 1280 1638 de
1307 1581 1485 1637 Sisara
1515 1579 1768 1647 spiritali,

179 1677 266 1735 hoc
293 1689 405 1744 est,
435 1679 504 1733 de
533 1678 871 1733 adversariis
901 1677 1260 1748 potestatibus
1286 1682 1642 1746 qumrcrctur.
1663 1671 1771 1726 No-

183 1770 250 1824 bis
291 1771 447 1840 igitur
495 1770 897 1841 propbetarum
937 1767 1158 1822 oracula
1210 1767 1572 1826 dimicarunt.
1609 1765 1767 1817 nobis
1799 1765 1846 1824 Β

183 1862 256 1918 illa
298 1864 693 1934 prophetarum
732 1861 936 1932 judicia
968 1872 1021 1917 et
1067 1876 1216 1915 arma
1242 1862 1510 1915 vicerunt.
1557 1860 1621 1912 Et
1649 1857 1772 1911 ideo

184 1970 273 2010 non
315 1957 544 2026 populus
594 1955 910 2010 Judaeorum
939 1996 952 2019 ,
1004 1953 1097 2008 sed
1129 1954 1292 2008 etiam
1335 1952 1452 2009 Jael
1487 1951 1767 2005 victoriam

185 2045 242 2100 de
289 2046 436 2102 hoste
478 2045 760 2117 qumsivit.
809 2045 999 2100 Infelix
1025 2059 1154 2115 ergo
1183 2044 1450 2113 populus,
1507 2043 1597 2112 qui
1662 2041 1765 2095 ho-

185 2147 299 2192 stem
323 2154 474 2208 quem
503 2138 755 2208 fugavit,
786 2137 1036 2207 persequi
1058 2136 1182 2192 fidei
1214 2137 1416 2190 virtute
1445 2151 1550 2188 non
1571 2135 1768 2204 potuit.

187 2228 341 2301 Itaque
363 2232 587 2287 illorum
623 2231 824 2286 delicto
869 2232 1015 2284 salus
1053 2230 1306 2298 gentibus
1340 2227 1606 2284 :illorum
1629 2226 1772 2281 desi-

186 2325 258 2378 dia
281 2326 423 2381 nobis
445 2338 673 2382 servata
702 2326 928 2380 victoria
956 2333 1059 2379 est.

245 2417 325 2472 48.
354 2417 468 2474 Jael
504 2433 641 2488 ergo
669 2419 959 2488 prostravit
980 2416 1217 2472 Sisaram
1243 2456 1256 2479 ,
1289 2429 1447 2484 quem
1479 2421 1659 2467 tamen
1682 2427 1773 2467 co-

187 2527 319 2566 rnsco
334 2511 461 2568 duce
477 2555 498 2579 ,
519 2511 623 2566 hoc
642 2511 788 2567 enim
807 2510 1074 2582 significat
1091 2508 1118 2547 ι)
1140 2509 1518 2580 interpretatio
1543 2507 1768 2570 Barach,

191 2618 355 2659 manus
392 2614 651 2659 veterum
708 2603 988 2672 fugaverat
1045 2601 1400 2664 Judmorum;
1456 2600 1616 2672 199
1661 2599 1769 2654 fre-
1947 2606 2038 2662 52.
2074 2605 2350 2660 Didicistis
2377 2599 3145 2674 igitur,vidu:c,subsidiovos
3173 2610 3279 2652 non
3309 2611 3477 2667 egere

190 2697 572 2762 quenterenim,
599 2707 656 2750 ut
682 2695 936 2762 legimus,
960 2694 1304 2748 orationibus
1320 2702 1376 2748 et
1404 2692 1612 2746 meritis
1639 2705 1769 2761 pro-

1938 2712 2114 2768 lturte,
2181 2711 2236 2755 et
2280 2714 2440 2770 posse
2530 2698 2900 2752 salubritatem
2955 2704 3143 2749 tenere
3205 2691 3471 2751 consilii;

193 2786 444 2853 Phemum
475 2787 720 2842 CtBleSUa
753 2786 1002 2841 Palfibus
1025 2784 1228 2840 θπυεΐο
1250 2783 1514 2838 ευδδίιίίθ·
1549 2782 1657 2837 5θά
1687 2783 1769 2837 his
1875 2811 1974 2852 nec
2001 2794 2304 2850 domestico
2328 2793 2569 2863 indigere
2594 2791 2864 2862 praesidio,
2901 2805 3021 2861 qua:
3052 2790 3213 2844 etiam
3246 2787 3473 2857 publica:

188 2876 278 2946 jam
302 2890 417 2935 tunc
447 2879 523 2935 de
555 2879 812 2950 nequitiis
842 2880 1176 2950 spiritalibus
1204 2878 1428 2932 victoria
1459 2877 1768 2947 parabatur,
1876 2887 2102 2959 potesiis
2131 2888 2340 2956 apicem
2373 2885 2626 2956 polentia,
2654 2884 2951 2938 vindicare,

192 2973 359 3040 quibus
387 2975 588 3030 dicitur
621 2974 675 3028 in
706 2973 1037 3043 Evangelio:
1091 2971 1287 3036 Venite,
1309 2971 1566 3026 benedicti
1595 2969 1770 3024 Patris
1945 2981 2033 3037 55,
2079 2981 2185 3036 sed
2218 2980 2450 3034 fortasse
2479 2979 2608 3034 dicit
2636 2979 2836 3048 aliqua,
2865 2977 2913 3033 ei
2944 2975 3282 3032 ιοιρι-ςιιιίιρηι
3313 2973 3477 3045 200

195 3065 306 3130 mei,
347 3068 607 3136 possidete
640 3076 885 3136 paratum
920 3066 1061 3119 vobis
1089 3082 1304 3136 regnum
1343 3081 1374 3116 a
1406 3064 1771 3118 constitutione
1876 3077 2198 3132 viduitatem
2244 3075 2331 3129 cui
2381 3073 2651 3143 proﬂuam
2702 3087 2794 3126 res
2857 3068 3112 3125 εροιιηιίω
3165 3089 3177 3125 ε
3230 3067 3476 3121 adversis

192 3159 346 3213 mundi
367 3159 588 3229 (Matth.
621 3176 744 3224 xxv,
779 3157 896 3229 34).
931 3157 1077 3229 Ergo
1104 3157 1426 3228 principium
1461 3155 1707 3210 victoria:
1737 3170 1767 3210 a

1938 3187 2006 3224 :ro
2034 3169 2222 3224 viduas
2252 3169 2362 3223 cito
2393 3168 2563 3238 frangi
2584 3208 2596 3229 ,
2629 3166 2784 3222 facile
2835 3165 3214 3220 succmnbere.
3253 3162 3329 3216 De
3369 3175 3478 3231 quo

195 3250 466 3319 majoribus
488 3295 503 3316 ,
529 3251 651 3307 finis
675 3252 728 3306 in
759 3250 1026 3306 Ecclesia.

1938 3265 1994 3332 si,
2027 3267 2146 3333 ipso
2167 3263 2459 3318 doceamur
2495 3277 2618 3327 usu,
2651 3271 2675 3307 ϐ
2701 3262 2819 3315 laeta
2849 3261 3026 3316 viduis
3072 3257 3279 3314 lubrica
3309 3257 3482 3327 magis

253 3344 330 3400 ‘9'
372 3345 612 3400 Bedes“
641 3356 822 3398 au'e'“
854 3359 963 3398 "0"
1007 3342 1172 3399 armis
1210 3343 1568 3398 δωθυππίδυε
1598 3344 1769 3400 Viue“
1869 3371 1993 3414 esse
2039 3372 2202 3428 quam
2249 3355 2428 3419 seria;
2471 3364 2648 3408 tamen
2694 3351 3102 3422 Scripturarum
3155 3350 3478 3406 instruitnur

193 3436 507 3494 adversarius
539 3447 872 3509 pvtes'ates.
904 3438 998 3492 sed
1041 3440 1208 3494 armis
1238 3439 1616 3508 spiritalibus.
1647 3454 1768 3510 quae
1869 3450 2137 3516 exemplis
2182 3447 2239 3522 (ι
2269 3448 2410 3502 Tim.
2444 3463 2497 3515 v,
2530 3448 2642 3518 ts),
2667 3447 3078 3502 infirmitatibus
3127 3461 3344 3516 quoque
3387 3444 3469 3498 vi-

194 3541 301 3586 sunt
342 3531 501 3588 fortia
552 3533 666 3589 Deo
695 3533 762 3587 ad
790 3531 1150 3587 destruendas
1181 3534 1534 3598 munitiones,
1563 3540 1620 3588 et
1646 3533 1769 3588 alti-

1938 3558 2102 3597 larum
2154 3557 2261 3596 non
2310 3541 2505 3597 deesse
2550 3542 2730 3596 solere
2790 3541 3033 3596 subsidia
3089 3561 3102 3596 :
3153 3540 3477 3609 faciliusque

197 3624 414 3681 tudinem
463 3626 717 3696 nequitia:
759 3625 1022 3696 spiritalis
1065 3624 1144 3694 (Il
1177 3625 1300 3679 Cor.
1335 3641 1390 3689 ι,
1423 3624 1501 3695 5).
1532 3625 1599 3680 Ει
1645 3625 1770 3680 ideo
1871 3648 2032 3703 quam
2064 3634 2281 3688 cmteris
2329 3633 2511 3686 divina
2565 3641 2728 3702 atque
2781 3634 3014 3687 humana
3065 3641 3356 3699 suppetere
3382 3671 3398 3694 ,
3428 3630 3475 3684 si

195 3714 376 3772 Sisara:
399 3719 517 3774 sitis
543 3718 696 3772 lactis
722 3718 920 3788 poculo
945 3717 1291 3788 reStinguitur
1313 3715 1512 3790 (Judic.
1550 3733 1626 3782 tv,
1652 3717 1764 3789 i9),

1938 3742 2013 3780 ne
2046 3725 2190 3779 filios
2222 3726 2540 3788 inStituant,
2571 3741 2806 3796 generos
2832 3727 3034 3796 legant.
3074 3725 3316 3794 Denique
3344 3738 3470 3776 cum

201 3820 218 3844 '
242 3811 353 3879 ίέυίίι
382 3813 589 3866 ratione
619 3819 945 3880 ευβοτθιιπῖ
975 3809 1116 3880 quod
1172 3811 1316 3864 θηῖιη
1349 3810 1506 3864 ηοινῖε
1533 3809 1770 3866 8³1111³ΐῦ
1871 3832 2062 3873 socrus
2091 3815 2330 3871 Simonis
2362 3819 2572 3889 magnis
2603 3817 2846 3871 febribus
2879 3817 3215 3870 detineretur
3235 3855 3250 3879 ,
3286 3814 3480 3868 Petrus

198 3901 255 3955 δά
279 3918 470 3971 escam,
502 3903 604 3960 hoc
631 3905 958 3958 adversari!!!
989 3904 1238 3973 potestati
1270 3903 1470 3958 letltale
1514 3903 1580 3957 ad
1615 3903 1769 3958 itlﬁr-
1872 3918 1926 3964 et
1959 3911 2205 3962 Andreas
2235 3918 2566 3976 rogaverunt
2597 3909 2763 3961 [leum
2796 3923 2894 3977 pro
2925 3923 2985 3960 ea
3018 3924 3031 3960 :
3062 3905 3127 3958 Et
3155 3917 3297 3960 stans
3327 3922 3482 3977 suprr

200 3994 435 4050 tilitatem.
468 3998 628 4054 Arma
664 3996 925 4054 Ecclesia!
956 3996 1088 4051 fides
1113 4038 1128 4063 ,
1161 4012 1308 4052 arma
1356 3995 1615 4051 Ecclesia:
1643 4011 1768 4051 ora-
1871 3999 2016 4053 illaut
2037 4041 2052 4064 ,
2082 3999 2353 4070 imperavit
2381 3998 2513 4066 febri
2533 4040 2548 4062 ,
2579 4007 2630 4052 et
2661 4000 2854 4052 remisit
2885 3997 3063 4062 illam,
3093 3995 3122 4034 ιι
3149 4007 3194 4052 et
3233 3999 3480 4052 continuo

204 4086 264 4137 tio
289 4098 384 4153 est,
412 4106 530 4160 qua:
559 4090 931 4146 adversarium
961 4089 1145 4145 vincit.
1871 4108 2088 4162 surgens
2120 4090 2442 4144 ministrabat
2471 4091 2582 4144 illis
2616 4089 2771 4163 (Luc.
2805 4105 2883 4158 tv,
2912 4091 3004 4156 38,
3032 4088 3148 4158 59).

261 4181 339 4236 50.
380 4183 518 4254 Ergo
581 4183 883 4240 secundum
939 4183 1219 4238 historiam
1269 4181 1337 4237 ad
1390 4181 1770 4254 provocandos
1944 4184 2036 4242 Μ.
2081 4184 2314 4258 Magnis,
2374 4186 2584 4257 inquit,
2633 4185 2896 4240 tenebatur
2944 4185 3209 4254 febribus,
3239 4193 3286 4238 et
3326 4199 3478 4252 roga-

204 4275 390 4330 animos
418 4278 735 4332 feminarum
782 4276 980 4331 femina
1009 4275 1306 4346 judicavit,
1342 4276 1540 4330 femina
1583 4276 1769 4345 dispo-
1871 4291 2052 4334 verunt
2081 4280 2228 4334 illum
2263 4298 2356 4350 pro
2385 4297 2464 4336 ea.
2497 4281 2563 4335 Et
2597 4291 2649 4336 tu
2685 4279 2855 4336 habes
2902 4281 3180 4350 proximos
3209 4321 3225 4346 ,
3255 4278 3345 4348 qui
3381 4292 3479 4347 pro

206 4364 548 4430 δυῖινΐθιιιὶητι
594 4369 934 4440 propltetavil
963 4412 978 4436 ,
1034 4367 1231 4423 femina
1283 4369 1666 4435 triumphavit,
1703 4379 1770 4433 et
1875 4381 1925 4427 te
1970 4374 2300 4444 supplicent.
2355 4375 2533 4428 llabcs
2589 4374 2601 4410 ί
2657 4375 2936 4443 apostolos
2964 4374 3274 4443 proximos,
3308 4371 3480 4425 babes

209 4457 505 4521 puellaribus
533 4461 842 4517 intermixta
871 4460 1064 4529 copiis,
1098 4460 1331 4528 imperio
1361 4459 1506 4513 viros
1533 4457 1557 4495 ι¹
1587 4459 1772 4516 docuit
1876 4477 2140 4536 martyres
2173 4468 2472 4534 proximos,
2504 4467 2547 4521 si
2584 4468 2634 4521 in
2665 4467 2781 4536 ipsa
2810 4466 3144 4538 martyribus
3171 4462 3482 4518 devotionis

212 4550 409 4609 militare
457 4555 708 4611 femineo.
740 4555 1050 4611 Secundum
1103 4554 1424 4625 mysterium
1468 4570 1596 4608 vero
1645 4554 1767 4610 fidei
1802 4541 2174 4624 Dsocietate,
2215 4561 2606 4615 misericordia:
2656 4576 2872 4630 quoque
2927 4557 3244 4614 nmneribus
3281 4571 3480 4625 appro.

213 4641 366 4697 ¹¹¹ί¹ίιῖ³
391 4646 644 4703 Εοειεείίιέ
673 4647 896 4702 νίοιοΐὶε
926 4655 1030 4701 Θειο
1874 4653 2106 4724 pinques
2130 4695 2145 4720 ,
2179 4655 2459 4724 proximus
2505 4663 2590 4708 est
2634 4655 2780 4706 enim
2814 4653 2901 4722 qui
2937 4650 3368 4706 miscricordiattt
3400 4647 3476 4701 fa-

269 4733 345 4789 5l.
382 4737 494 4793 Non
522 4755 652 4810 ergo
699 4739 912 4794 habetis
958 4737 1104 4808 quod
1135 4753 1232 4808 per
1273 4745 1520 4792 naturam
1554 4753 1651 4792 vos
1676 4754 1771 4794 ex-
1873 4745 1968 4799 cit.
2005 4744 2110 4799 Fac
2142 4756 2197 4800 et
2226 4753 2283 4799 tu
2314 4745 2782 4808 misericordiam,
2817 4753 2870 4797 et
2909 4743 3018 4797 eris
3050 4741 3212 4796 Petro
3243 4741 3487 4811 proxima

214 4829 401 4897 rosetis,
434 4832 669 4889 feminzn.
702 4833 818 4888 Non
851 4832 1098 4901 habetis},
1129 4832 1330 4898 viduae,
1357 4831 1502 4902 quod
1528 4831 1594 4886 ad
1624 4833 1771 4886 inlir-
1873 4834 2030 4902 (Luc.
2066 4836 2256 4907 x,57).
2283 4835 2396 4890 Non
2429 4837 2710 4906 sanguinis
2734 4834 3103 4898 necessitudo,
3138 4833 3234 4888 sed
3267 4832 3485 4887 virtutis

215 4919 416 4978 mitatem
443 4941 627 4991 sexus,
658 4926 822 4981 autad
848 4925 1035 4982 amissi
1055 4940 1214 4981 onem
1232 4924 1456 4980 subsidii
1483 4925 1767 4994 maritalis,
1871 4929 2121 4998 cognatio
2151 4927 2279 4984 facit
2329 4929 2644 4998 proximos;
2675 4929 2799 4998 quia
2830 4943 2936 4982 non
2990 4927 3043 4982 in
3076 4941 3242 4982 carne
3287 4924 3479 4979 ambu-

1877 1517 2074 1572 Earum
2103 1534 2217 1586 qua!
2242 1518 2537 1571 dictitarent
2563 1558 2578 1582 ,
2611 1515 2706 1568 sibi
2736 1515 2915 1568 melius
2965 1513 3078 1583 [ore
3105 1513 3150 1566 si
3195 1511 3324 1566 (trtis
3354 1527 3476 1563 suc-

1945 1611 2174 1664 cessibus
2203 1609 2564 1672 abundarent,
2597 1607 2875 1677 objectioni
2911 1605 3138 1660 occurrit
3158 1646 3174 1671 ,
3208 1603 3480 1658 ostendens

1953 1722 1979 1757 e
2005 1705 2167 1757 sacris
2215 1703 2401 1756 litteris
2447 1700 2676 1755 subsidia
2708 1699 2876 1752 viduis
2921 1698 2973 1750 in
2999 1697 3137 1766 'ﬁliis
3178 1695 3481 1765 generisque

1944 1806 2209 1867 suppetere
2240 1811 2257 1847 :
2287 1795 2421 1864 quod
2451 1803 2722 1863 postquam
2753 1791 2988 1859 exemplo
3034 1805 3214 1843 socrus
3250 1787 3481 1842 Simonis

1944 1893 2309 1960 conﬁrmatum
2337 1900 2444 1953 est,
2477 1906 2563 1943 eos
2596 1889 2833 1941 hortatur
2861 1895 2916 1937 ut
2943 1885 3010 1937 ad
3040 1883 3316 1954 Apostolus
3349 1892 3477 1934 tant-

1943 2003 2097 2057 qttum
2147 1985 2216 2036 ad
2261 1985 2522 2053 proximos
2568 1993 2721 2050 atque
2778 1980 2952 2049 affines
2995 1977 3338 2048 confugiunt;
3391 1972 3481 2028 ubi

1947 2079 2295 2149 pulcherrime
2323 2078 2385 2129 de
2398 2087 2699 2129 sanctorum
2727 2074 3049 2127 invocatione
3066 2072 3289 2125 disserit.
3321 2067 3484 2123 Post-

1944 2188 2004 2225 ea
2046 2170 2379 2241 querimoniis
2421 2169 2725 2237 quibusdam
2769 2168 2832 2221 de
2901 2164 3184 2220 solitudine
3221 2181 3282 2216 ac
3320 2161 3486 2233 patri-

1946 2263 2107 2317 monii
2135 2262 2470 2315 couservandi
2510 2263 2810 2314 necessitate
2856 2259 3130 2328 refutatis,
3174 2255 3479 2309 indecentis-

1945 2356 2133 2408 simum
2162 2371 2273 2408 esse
2302 2356 2614 2408 demonstrat
2644 2354 2852 2406 viduam
2887 2353 2970 2405 cui
2995 2352 3120 2420 filia:
3138 2353 3253 2422 jam
3282 2348 3482 2402 nubiles

1944 2461 2033 2503 aut
2052 2451 2168 2520 jam
2199 2459 2374 2520 nupta:
2399 2449 2522 2512 sint,
2555 2445 2730 2499 adhuc
2751 2444 2964 2498 nubere.

268 5098 713 5186 amona-edit}
743 5103 1292 5186 praphetiapebborte
1322 5103 1598 5186 militavit;
1631 5120 1764 5186 mss.
1889 5176 1914 5186 Δ
1939 5104 1972 5186 ,ά
1987 5104 2138 5186 _Ms_s_._
2152 5106 2479 5186 complures,
2511 5107 2660 5186 docet
2687 5106 2910 5160 militare
2937 5107 3149 5177 femina.
3181 5143 3195 5158 .
3240 5144 3254 5160 .
3305 5141 3319 5158 .
3349 5120 3469 5159 vrro

211 5165 350 5257 ’[ςΙΙ.2
378 5174 643 5257 prophetia
665 5165 905 5229 Debbora
944 5177 1182 5230 militavit
1211 5176 1437 5242 ;c:eteri
1471 5165 1669 5230 nostra:
1691 5177 1768 5232 le-
1875 5176 2180 5257 [ideiluiliti
2210 5165 2446 5231 Ecclesia
2467 5165 2686 5232 uictoria
2714 5189 2807 5230 est.

211 5247 759 5328 6119131ειειίριιιτίηιιξνἸ
927 5327 932 5328 ν
999 5317 1012 5328 .
1071 5317 1108 5328 n
1152 5318 1163 5328 .
1700 5318 1719 5328 Δ
1950 5258 1973 5328 f
2005 5247 2170 5328 ﬁdib,
2204 5259 2423 5302 vestram
2447 5258 2680 5303 astruere
2705 5249 2931 5318 possitis.

267 5311 289 5348 δ
313 5313 424 5370 Mss.
453 5311 1044 5390 aliqunt,i_nterpretatio
1064 5317 1225 5372 Balac
1250 5333 1458 5380 manus,
1493 5333 1665 5371 verum
1689 5318 1767 5389 [ιι-
1951 5317 1970 5356 ι
2009 5318 2169 5372 Iidem
2197 5335 2352 5382 mss.,
2379 5321 2648 5374 habiturus
2677 5311 2916 5390 pompam
2943 5318 3137 5390 funeris
3162 5319 3314 5388 fletus
3343 5319 3475 5373 assi-

208 5398 383 5472 ga'ffljl
411 5391 655 5472 gaudium
675 5387 1007 5472 Iudaeorum.
1301 5462 1312 5472 _
1426 5459 1441 5472 ‘
1567 5459 1580 5472 ‘
1873 5391 2025 5472 dans,
2063 5400 2111 5443 et
2141 5391 2314 5472 mixta:
2343 5394 2526 5462 frontis
2552 5387 2892 5456 inuruntibus,
2925 5387 3032 5445 etc.

271 5465 288 5490 ε
309 5457 502 5543 ~Omnes
529 5461 658 5514 edit.
672 5462 953 5543 ,noratione
976 5471 1272 5543 superatur,
1301 5459 1442 5514 haud
1475 5459 1617 5514 male
1643 5479 1656 5514 :
1691 5460 1766 5516 in-
1911 5535 1923 5543 _
1946 5472 1970 5510 ις
1999 5462 2088 5543 ita.
2105 5461 2237 5543 edit.
2271 5457 2459 5543 ωηιξη-δ
2507 5479 2569 5543 ac
2597 5479 2727 5517 mss.
2755 5462 2961 5531 aliquot
2995 5481 3006 5516 :
3035 5461 3124 5515 alii
3159 5475 3290 5514 vero
3314 5460 3477 5530 longe

210 5519 462 5605 (factum,
495 5548 640 5585 arma
665 5531 918 5605 Ecclesia
956 5519 1121 5605 oratio
1162 5519 1271 5595 est}
1297 5541 1567 5605 atomnes
1607 5546 1762 5605 tns_s.,
1875 5533 2122 5605 plurimi,
2154 5533 2298 5588 (tetas
2327 5534 2509 5588 viduas
2541 5534 2762 5588 lubricas
2793 5519 2954 5603 magis
2981 5551 3090 5586 esse
3109 5549 3262 5605 quam
3287 5519 3469 5586 seritis.

210 5602 680 5676 ffliqnesuperatur.
713 5603 918 5658 Ibidem
951 5619 1080 5657 vero
1111 5602 1640 5676 litec_verba_,_Arma
1667 5603 1769 5657 Ec-
1943 5604 1973 5642 δ
2004 5604 2070 5657 Et
2100 5609 2340 5660 continuo
2371 5621 2585 5676 surgens
2611 5602 2931 5658 ministrabat
2961 5605 3088 5669 illis,
3123 5603 3274 5657 abeSt
3309 5618 3339 5655 a
3365 5619 3472 5656 ma-

211 5665 353 5745 τζςιὶεε
371 5665 512 5739 ﬁdes,
543 5691 665 5745 qua:
695 5675 965 5731 habentur
998 5676 1048 5728 in
1081 5673 1342 5745 omnibus
1377 5673 1510 5745 edit.
1537 5688 1601 5727 ac
1634 5690 1765 5728 mss.
1873 5677 2014 5731 xima
2047 5687 2200 5745 parte
2233 5693 2363 5730 mss.

210 5735 414 5817 aliquot,
445 5735 507 5817 in
527 5735 647 5804 aliis
677 5748 850 5802 multo
879 5745 1126 5816 pluribus
1151 5743 1645 5814 vetustioribusun
1669 5745 1766 5802 de-
1891 5815 1903 5817 _
1952 5746 1964 5783 ί
2002 5735 2134 5801 Vide
2162 5747 2304 5817 quod
2335 5745 2574 5817 supragin
2607 5744 2995 5803 Admonitione
3021 5747 3090 5806 de
3119 5745 3460 5802 invocatione

211 5799 496 5870 stitit-anim:
1110 5799 1118 5801 ⁷
1197 5799 1203 5800 “
1559 5799 1569 5814 ’
1873 5799 2197 5872 Sanctorum
2224 5799 2656 5875 assertione;
