3974 6186
496 282 595 340 251

500 496 668 563 Petri,
700 495 1023 551 aftinitatem
1060 494 1328 564 Andreae;
1361 507 1416 551 ut
1450 511 1547 568 pro
1579 503 1632 551 te
1661 504 1889 569 rogent,
1924 504 1979 551 et
2008 510 2098 550 re-

496 588 696 655 cedant
742 588 1074 661 cupiditates
1124 598 1255 644 ιωε.
1307 588 1485 644 Verbo
1528 587 1625 644 Dei
1668 588 1877 659 pulsata
1909 600 2102 658 surges

497 683 670 750 illico,
704 698 825 755 quae
874 682 930 749 in
982 684 1146 749 terris
1169 683 1424 754 iacebas,
1457 692 1516 740 ut
1545 680 1762 740 Christo
1798 684 2098 739 ministres.

501 775 703 837 Nostra
751 775 898 835 enim
930 779 1253 837 conuersatio
1282 778 1334 832 in
1360 777 1500 833 caelis
1528 786 1631 847 est,
1664 775 1803 831 unde
1831 785 1877 831 et
1907 775 2097 831 Salva-

500 880 661 929 torem
710 882 1064 943 exspectamus
1109 871 1391 933 Dominum
1427 870 1609 927 Iesum
1651 869 1823 942 (Phil.
1854 886 1944 935 ut,
1975 868 2098 942 20).

494 963 669 1025 Nemo
697 966 841 1025 enim
867 966 1059 1036 jacens
1087 964 1309 1023 Christo
1349 966 1647 1032 ministrat.
1681 966 1929 1023 Ministra
1969 980 2101 1037 pau-

500 1059 652 1129 peri,
681 1068 736 1117 et
783 1058 1105 1115 ministrasti
1133 1058 1351 1119 Christo
1384 1076 1399 1114 :
1430 1058 1583 1127 Quod
1618 1061 1756 1123 enim
1784 1059 1877 1117 uni
1915 1059 2100 1123 horum

496 1151 693 1224 fecistis
714 1192 729 1217 ,
757 1150 891 1207 mihi
911 1193 928 1220 ,
960 1153 1166 1224 inquit,
1194 1153 1391 1225 fecistis
1432 1151 1647 1226 (Matth.
1680 1167 1812 1219 xxv,
1841 1149 1956 1223 40).
1988 1148 2097 1207 lla-

498 1244 637 1299 betis
663 1259 815 1316 ergo,
845 1245 1043 1311 viduze,
1072 1246 1368 1312 auxilium,
1400 1246 1446 1302 si
1478 1246 1616 1303 tales
1644 1245 1801 1301 vobis
1826 1260 2057 1317 generos
2079 1285 2096 1312 ,

496 1337 807 1407 posteritati
836 1348 1034 1394 vestrae
1066 1347 1324 1408 patronos
1344 1379 1361 1407 ,
1394 1338 1530 1393 tales
1561 1337 1835 1409 proximos
1863 1336 2095 1407 eligatis.

568 1430 660 1487 55.
690 1430 834 1502 Ergo
856 1440 1187 1501 rogaverunt
1214 1446 1312 1501 pro
1330 1430 1488 1486 vidua
1518 1430 1715 1486 Petrus
1744 1438 1798 1486 et
1824 1427 2091 1484 Andreas.

502 1522 715 1580 Utinam
762 1525 996 1580 exsistat
1040 1523 1237 1595 aliquis
1280 1523 1371 1594 qui
1426 1533 1533 1577 tam
1563 1523 1675 1578 cito
1707 1523 1877 1592 possit
1905 1534 2099 1591 rogare

496 1633 599 1691 pro
630 1618 806 1687 nobis,
834 1620 918 1675 vel
946 1630 1100 1676 certe
1125 1620 1210 1674 isti
1238 1619 1328 1691 qui
1355 1635 1454 1690 pro
1476 1634 1636 1675 socru
1652 1628 1862 1690 rogant,
1880 1616 2094 1685 Petrus,

497 1722 553 1769 et
587 1711 838 1769 Andreas
870 1711 1037 1770 frater
1063 1713 1219 1784 ejus;
1255 1721 1382 1769 tunc
1429 1713 1578 1769 enim
1600 1721 1629 1750 η
1661 1727 1758 1783 pro
1796 1710 1962 1767 aliine
1999 1726 2099 1784 po-

1856 282 2106 343 SANCTI
2141 283 2466 343 AMBROSII

497 401 829 470 lamus,sed
879 403 932 458 in
983 401 1196 472 spiritu.
1250 402 1383 458 Ama
1433 415 1566 473 ergo
1631 400 2175 477 proninquitatemA

3694 285 3805 343 252

2268 402 2359 460 58.
2401 403 2509 460 Sed
2537 412 2591 460 et
2625 402 3009 477 patrimonium
3043 404 3124 460 vis
3165 403 3324 473 tueri.
3357 402 3530 476 Maius
3578 403 3807 474 pudoris

2202 503 2284 550 est
2328 495 2743 566 patrimonium,
2791 495 2935 569 quod
2989 495 3188 552 melius
3236 497 3377 567 regit
3430 496 3593 552 vidua
3643 514 3805 568 quam

2202 597 2392 663 nupta.
2443 587 2649 657 Servus
2696 589 2958 660 peccavit.
2991 589 3255 661 Ignosce;
3289 590 3483 646 melius
3528 600 3616 646 est
3660 591 3805 647 enim

2201 680 2426 736 alterius
2451 682 2667 753 culpam
2700 683 2840 738 feras
2860 723 2876 749 ,
2908 697 3069 754 quam
3104 691 3249 737 tuam
3276 682 3494 752 prodas.
3524 692 3548 721 ε
3579 682 3690 741 Sed
3723 685 3809 740 vis

2202 774 2426 831 nubere.
2458 774 2629 832 Licet.
2662 775 2780 832 Non
2824 775 2985 832 habet
3028 776 3237 832 crimen
3264 776 3497 846 simplex
3527 777 3803 836 voluntas.

2200 863 2435 924 Causam
2500 884 2606 923 non
2658 883 2844 953 quarm
2892 885 2905 924 :
2957 884 3056 924 cur
3103 868 3359 939 fingitur?
3414 869 3469 926 Si
3519 869 3809 927 honestam

2202 969 2385 1032 putas,
2411 959 2582 1017 fatere
2608 979 2620 1014 :
2650 961 2694 1015 si
2717 960 3230 1033 iccongruam,sile.
3255 960 3333 1016 Ne
3358 976 3585 1017 accuses
3610 963 3807 1031 Deum,

2202 1071 2270 1110 ne
2313 1070 2539 1112 accuses
2569 1054 2902 1126 propinquos
2924 1097 2937 1120 ,
2967 1053 3110 1126 quod
3161 1055 3410 1125 praesidia
3442 1057 3540 1111 tibi
3582 1056 3810 1122 desint;

2204 1151 2411 1205 utinam
2445 1166 2552 1206 non
2584 1149 2726 1205 desit
2750 1149 3038 1207 voluntas!
3069 1148 3180 1205 Nec
3208 1158 3260 1205 te
3297 1150 3587 1209 consulere
3619 1150 3811 1215 liberis

2201 1244 2352 1302 dicas
2376 1287 2392 1316 ,
2426 1245 2622 1318 quibus
2654 1256 2884 1311 matrem
2912 1246 3102 1318 eripis.

2273 1339 2364 1396 59.
2411 1340 2504 1394 Est
2529 1340 2693 1396 etiam
2741 1340 2886 1410 quod
2934 1339 3192 1396 facultate
3218 1339 3377 1406 licet,
3405 1351 3457 1395 et
3485 1349 3650 1396 aetate
3697 1356 3811 1396 non

2200 1434 2347 1493 licet.
2389 1433 2499 1489 Cur
2545 1444 2806 1499 tnaternre
2852 1444 3118 1506 parantur
3143 1436 3347 1506 nuptiae
3394 1435 3537 1491 inter
3585 1436 3811 1505 nuptias

2201 1527 2461 1594 ﬁliarum,
2493 1536 2550 1583 et
2579 1527 2897 1599 plerumque
2931 1536 3050 1601 post
3077 1527 3321 1599 nuptias?
3351 1524 3461 1582 Cur
3486 1527 3671 1583 adulta
3694 1526 3809 1583 ﬁlia

2200 1620 2359 1676 discit
2384 1620 2534 1691 prius
2562 1636 2821 1693 sponsum
2845 1621 3037 1676 matris
3062 1637 3220 1693 quant
3250 1637 3402 1676 suum
3430 1622 3808 1680 erubescere?

2200 1714 2511 1783 Suasimus,
2545 1713 2749 1785 fateor,
2781 1724 2840 1772 ut
2867 1725 3072 1773 vestem
3102 1729 3373 1782 mutares,
3405 1732 3512 1771 non
3545 1726 3605 1772 ut
3642 1715 3805 1772 tiam-

499 1815 699 1873 terant,
730 1806 1007 1877 nunciam
1041 1814 1269 1878 possunt
1298 1821 1393 1877 pro
1424 1805 1602 1873 nobis,
1632 1816 1688 1862 et
1720 1821 1817 1877 pro
1842 1805 2096 1861 omnibus
2125 1790 2173 1851 Β
2203 1828 2384 1875 meum
2428 1829 2678 1870 sumeres
2705 1830 2719 1869 :
2755 1823 2813 1870 ut
2855 1829 2885 1868 a
2928 1814 3184 1884 sepulcro
3230 1815 3550 1884 recederes,
3583 1832 3694 1873 non
3746 1825 3809 1874 ut

499 1899 813 1970 impetrare.
846 1897 1056 1954 Videtis
1086 1900 1230 1955 enim
1260 1898 1405 1970 quod
1434 1914 1632 1970 magno
1663 1907 1885 1969 peccato
1924 1899 2095 1955 obno-

493 1991 612 2061 xia,
645 1991 824 2047 minus
857 1990 1049 2048 idonea
1096 1992 1169 2047 sit
1219 2005 1340 2063 quae
1387 2006 1486 2062 pro
1530 2006 1591 2048 se
1628 1999 1917 2064 precetur,
1945 2001 2097 2046 certe

495 2100 616 2157 quae
648 2101 746 2156 pro
789 2099 850 2142 se
896 2084 1173 2157 impetret.
1204 2084 1472 2141 Adbibeat
1519 2084 1684 2156 igitur
1722 2083 1790 2140 ad
1821 2083 2093 2140 medicum

493 2178 634 2235 alios
683 2188 1022 2249 precatores.
1076 2179 1229 2250 Egri
1279 2180 1422 2236 enim
1470 2179 1573 2236 nisi
1602 2178 1671 2235 ad
1716 2193 1812 2235 eos
1859 2177 2097 2234 aliorum

495 2270 749 2344 precibus
778 2271 1024 2330 medicus
1045 2271 1212 2329 fuerit
1233 2270 1515 2336 invitatus,
1549 2287 1647 2342 pro
1675 2285 1735 2327 se
1766 2285 1961 2341 rogare
1988 2284 2095 2325 non

495 2373 747 2436 possunt.
781 2364 1002 2422 luiirma
1032 2377 1119 2423 est
1148 2381 1297 2436 caro,
1333 2380 1490 2421 meus
1517 2380 1658 2437 a-gra
1689 2373 1795 2432 est,
1828 2375 1881 2420 et
1909 2378 2099 2435 pecca-

494 2467 669 2515 torum
727 2460 959 2518 viuculis
1010 2460 1311 2532 impedita,
1359 2462 1426 2517 ad
1468 2461 1665 2517 medici
1718 2460 1864 2517 illius
1908 2459 2097 2515 sedem

495 2550 679 2608 debile
727 2569 834 2608 non
875 2562 1056 2625 potest
1106 2553 1384 2623 esplicare
1416 2552 1728 2624 vestigium.
1763 2550 2097 2609 Obsecrandi

495 2655 627 2701 sunt
656 2646 835 2717 angeli
877 2662 975 2716 pro
1020 2646 1207 2712 nobis,
1238 2645 1330 2716 qui
1360 2644 1518 2700 nobis
1545 2645 1610 2699 ad
1641 2643 1954 2717 praesidium
1986 2642 2097 2698 dati

494 2747 667 2794 sunt:
701 2745 969 2809 martyres
996 2738 1319 2794 obsecrandi
1342 2778 1356 2804 ,
1390 2754 1623 2809 quorum
1652 2737 1901 2794 videmur
1942 2736 2099 2794 nobis

496 2829 732 2900 quodam
779 2831 1026 2901 corporis
1075 2831 1300 2901 pignore
1366 2830 1727 2900 patrocinium
1795 2829 2094 2885 vindicare.

498 2922 731 2978 I‘ossnut
780 2935 879 2994 pro
932 2921 1171 2992 peccatis
1215 2936 1408 2992 rogare
1453 2921 1691 2989 nostris,
1739 2920 1832 2993 qui
1879 2922 2101 2993 proprio

493 3014 783 3086 sanguine,
809 3015 975 3071 etiam
1006 3016 1055 3071 si
1086 3031 1189 3085 qua
1214 3016 1521 3072 habuerunt
1550 3025 1794 3089 peccata,
1821 3016 2096 3083 laverunt;

493 3109 582 3164 isti
613 3107 757 3165 enim
784 3120 915 3165 sunt
960 3108 1056 3165 Dei
1089 3118 1359 3185 martyres
1382 3153 1398 3176 ,
1432 3111 1604 3167 nostri
1639 3111 1901 3185 prarsules
1922 3154 1936 3178 ,
1967 3128 2096 3183 spe-

493 3201 764 3257 culatores
798 3203 918 3259 vitae
955 3214 1283 3276 actuumque
1337 3215 1672 3260 nostrorum.
1732 3205 1850 3261 Non
1902 3206 2098 3263 erttbc-
2125 3186 2171 3250 (ἶ

491 3309 709 3351 scamus
753 3310 851 3353 eos
895 3297 1291 3355 intercessores
1331 3309 1534 3356 nostra:
1561 3299 1895 3357 inﬁrmitatis
1940 3299 2098 3356 adhi-

491 3388 647 3456 bere,
670 3390 795 3463 quia
818 3390 921 3461 Ipsi
943 3391 1285 3449 infirmitates
1301 3394 1570 3465 corporis,
1596 3392 1761 3453 etiam
1787 3392 1814 3431 δ
1834 3408 1957 3450 cum
1981 3394 2097 3449 vin-

492 3490 700 3547 cerent,
733 3494 1134 3554 cognoverunt.

566 3572 656 3630 56.
700 3573 911 3631 Invenit
938 3591 1071 3647 ergo
1102 3576 1246 3632 Petri
1275 3592 1466 3634 socrus
1489 3578 1576 3649 qui
1603 3592 1701 3650 pro
1728 3593 1789 3635 se
1817 3591 2090 3652 rogarent.

491 3667 560 3723 Et
593 3680 679 3736 tu,
710 3669 898 3734 vidua,
927 3671 1142 3727 invenis
1188 3670 1281 3744 qui
1309 3687 1408 3743 pro
1457 3682 1509 3729 te
1556 3672 1859 3747 supplicent
1891 3690 1905 3728 :
1932 3674 2091 3755 ξολ

485 3762 533 3818 si
563 3763 720 3837 quasi
751 3781 879 3821 vere
908 3765 1070 3821 vidua
1119 3778 1175 3823 et
1220 3767 1465 3823 desolata
1505 3778 1527 3807 ε
1556 3769 1608 3822 in
1644 3767 1812 3823 Deum
1858 3783 2087 3843 speres,

487 3856 659 3913 instes
689 3858 1185 3928 obsecrationibus,
1220 3860 1445 3919 insistas
1474 3862 1815 3921 orationibus
1841 3903 1856 3931 ,
1885 3863 2092 3918 afficias

489 3964 689 4023 corpus
733 3960 883 4013 tuum
927 3954 1081 4026 quasi
1112 3954 1360 4025 quotidie
1407 3956 1686 4024 moriens,
1717 3965 1780 4019 ut
1806 3956 2092 4025 moriendo

490 4041 784 4099 reviviseas
814 4061 827 4097 :
862 4042 1039 4116 fugias
1075 4046 1329 4116 delicias,
1363 4057 1421 4105 ut
1450 4050 1615 4104 etiam
1661 4064 1803 4122 aegra
1836 4050 2046 4105 saneris
2075 4066 2090 4103 :

490 4131 545 4187 Ν
549 4150 632 4188 am
660 4151 775 4207 quat
803 4137 855 4191 in
887 4137 1087 4195 deliciis
1106 4148 1202 4211 est,
1229 4144 1399 4196 uiuens
1430 4151 1635 4197 mortua
1663 4151 1736 4203 est
1768 4141 1814 4213 (Ι
1843 4140 1982 4196 Tim.
2016 4156 2049 4195 v
2072 4182 2088 4210 ,

487 4228 675 4299 5,6).

556 4321 647 4387 57.
690 4320 913 4376 Sublata
939 4332 1021 4377 est
1057 4322 1151 4378 tibi
1184 4338 1347 4381 causa
1379 4324 1645 4393 nubendi,
1676 4323 1847 4382 babes
1874 4326 1967 4398 qui
1992 4340 2090 4396 pro

484 4421 537 4468 te
566 4412 940 4481 intercedant;
972 4429 1041 4471 ne
1070 4415 1272 4472 dixeris
1303 4434 1318 4471 :
1364 4417 1640 4473 Destituta
1668 4432 1810 4481 sum.
1856 4417 2089 4488 Querela

482 4520 735 4579 nupturae
778 4518 884 4565 est.
936 4507 1015 4564 Ne
1060 4509 1312 4566 dixeris:
1344 4510 1471 4567 Sola
1525 4526 1629 4581 ego
1676 4527 1822 4567 sum.
1849 4510 2088 4577 Castitas

482 4599 835 4656 solitudinem
881 4602 1075 4672 quaerit
1125 4620 1140 4658 :

482 4706 835 4754 conventum.
865 4694 892 4734 ιι
923 4695 1030 4753 Sed
1056 4699 1336 4769 negotium
1379 4700 1547 4756 habes
1581 4716 1594 4754 :
1629 4698 1800 4761 babes
1834 4706 1891 4755 et
1917 4701 2083 4757 inter-

480 4804 784 4847 cessorem.
819 4790 1203 4851 Adversarium
1247 4794 1494 4851 vereris:
1527 4793 1672 4866 apud
1699 4793 1937 4877 judicem
1984 4809 2083 4867 pro

480 4891 534 4938 te
567 4882 828 4943 Dominus
874 4886 1171 4945 intervenit
1209 4887 1400 4945 dicens
1429 4905 1442 4944 :
1475 4887 1720 4953 Judicate
1764 4889 1964 4965 pupillo
1985 4931 2000 4957 ,
2033 4899 2082 4947 et

467 4977 759 5048 justiﬁcate
788 4978 997 5035 viduam
1027 4978 1197 5053 (Esai.
1230 4997 1270 5051 ι,
1303 4981 1418 5052 17).

551 5168 577 5197 ι
607 5158 810 5237 O_r_nnes
835 5160 992 5229 edit.,
1025 5178 1118 5233 pro
1146 5163 1393 5235 afﬁnitate
1412 5171 1684 5237 poterant;
1706 5176 1898 5220 omnes
1920 5176 2080 5228 ωδε..

484 5246 578 5300 pro
600 5232 747 5369 taline
771 5232 1031 5303 pateram,
1052 5243 1159 5289 etc.

549 5299 577 5340 ιι
656 5306 863 5359 uacuam
895 5304 1052 5369 edit.,
1076 5306 1159 5361 etii

549 5299 577 5340 lt
608 5299 863 5369 Quaedam
895 5304 1052 5372 edit.,
1076 5306 1232 5361 etiam
1261 5322 1375 5360 cum
1401 5307 1647 5361 uiuerent.

557 5373 862 5498 355'?"er
893 5392 1050 5444 tnss.,
1074 5381 1128 5433 in
1158 5375 1323 5432 Deum
1353 5377 1714 5450 spiritualibus
1741 5377 1899 5433 instes
1929 5375 2078 5433 obse-

644 5461 693 5498 m
732 5462 812 5498 us.

480 5454 812 5500 σναιιοηίωιδ.

551 5511 578 5552 ά
608 5513 684 5592 Ita
753 5532 885 5573 mss.
931 5535 1154 5592 omnes,
1208 5527 1437 5592 excepto
1486 5518 1788 5592 Tell.,'qui
1834 5520 1973 5577 sicut
2022 5528 2079 5575 et

482 5586 703 5663 A_merb.
738 5598 898 5656 atque
954 5590 1105 5646 Eras.
1151 5586 1359 5648 isthmc'
1385 5592 1641 5663 praefert:
1675 5586 1782 5648 scd
1822 5593 2083 5662 negotium

494 5654 678 5723 habes,
707 5666 753 5712 et
782 5654 1167 5718 intercessorem
1211 5654 1495 5719 adversarii
1526 5665 1714 5722 cereris
1745 5654 1922 5732 ειη)αᾶ
1939 5663 2088 5732 judi-

494 5742 603 5782 cent
635 5738 774 5792 ,etc.
808 5732 1051 5789 Pessime
1096 5751 1229 5792 vero
1259 5736 1391 5795 Gill.
1417 5751 1481 5792 ac
1509 5735 1671 5795 Rom.
1699 5737 1831 5792 edit.
1862 5736 1914 5792 in
1939 5732 2092 5791 hunc

499 5797 720 5854 modum
747 5816 763 5857 :
801 5800 909 5858 Sed
951 5807 1209 5877 negotium
1229 5806 1388 5865 babes
1410 5847 1426 5877 ,
1458 5819 1508 5864 et
1542 5808 1930 5865 intercesserant
1954 5824 1973 5865 :
2001 5806 2093 5864 ad-

2201 1904 2498 1962 tbalamum
2545 1920 2905 1977 prmparares.
2938 1906 3078 1975 Quid
3125 1907 3227 1963 sibi
3255 1907 3371 1964 vult
3416 1923 3557 1973 nova
3589 1920 3759 1980 nupta
3784 1954 3800 1979 ,

2197 2007 2323 2071 pOst
2349 1998 2625 2070 generosi
2653 1998 2672 2037 ί
2703 1999 2878 2068 Quam
2930 1999 3250 2058 indecorum
3291 2012 3377 2059 est
3417 2000 3672 2073 iuniores
3701 2004 3802 2058 ha-

2199 2090 2329 2151 bere
2355 2091 2579 2161 liberos,
2613 2107 2772 2163 quam
2806 2094 3070 2163 nepotes!

2199 2296 2282 2351 Ad
2311 2295 2568 2352 Christum
2593 2298 2726 2353 redit
2753 2205 3181 2372 cujsfslugt'lmtfn
3217 2298 3272 2354 in
3301 2298 3556 2356 adeundis
3596 2303 3802 2361 miseris

2271 2390 2580 2461 quibuslibet
2621 2392 2982 2463 benignitatem
3025 2392 3292 2462 laudans,
3346 2411 3457 2448 eam
3498 2397 3668 2452 oculis
3711 2414 3809 2453 no-

2273 2486 2394 2543 stris
2446 2484 2714 2556 Evangelii
2756 2486 3002 2556 bencﬁct'o
3049 2488 3329 2558 subjectam
3355 2490 3500 2551 dicit.
3533 2490 3647 2549 Sub
3693 2491 3809 2549 lure

2276 2581 2468 2659 uarias,
2496 2580 2682 2652 quibus
2708 2581 2763 2636 in
2787 2581 3018 2639 curando
3042 2582 3179 2637 idem
3206 2583 3441 2640 medicus
3472 2599 3649 2640 noster
3675 2603 3808 2642 usus

2274 2676 2531 2739 noscitur,
2558 2676 2785 2731 rationes
2830 2686 3011 2731 narrat
3043 2677 3271 2733 :deinde
3296 2681 3571 2735 curationis
3610 2681 3811 2751 praedi-

2272 2774 2357 2820 cat
2403 2764 2735 2832 celeritatem,
2784 2766 3069 2823 dummodo
3116 2768 3355 2825 inuocare
3408 2769 3667 2826 medicum
3698 2790 3807 2829 non

2274 2856 2600 2928 negligemus
2646 2872 2667 2913 :
2706 2858 2821 2914 istis
2861 2859 3113 2915 subnectit
3151 2861 3400 2917 moralem
3440 2863 3505 2919 de
3543 2865 3811 2923 uoluntate

2272 2966 2427 3021 quam
2458 2951 2511 3007 in
2540 2967 2693 3006 socru
2722 2950 2865 3006 Petri
2888 2968 3182 3025 expressam
3208 2954 3377 3022 docet,
3407 2960 3804 3026 acceptionem:

2275 3053 2534 3114 postremo
2582 3042 2668 3098 ubi
2715 3044 2952 3115 exposuit
2995 3046 3203 3115 qualem
3229 3045 3426 3105 Christi
3467 3050 3766 3107 ministrum
3790 3094 3804 3119 ,

2275 3138 2499 3194 niaxime
2520 3153 2637 3193 vero
2665 3138 2964 3208 episcopum
2987 3154 3098 3194 esse
3122 3138 3321 3205 deceat,
3349 3141 3586 3212 ipsorum
3605 3145 3680 3199 ait
3700 3160 3809 3201 esse

2274 3229 2542 3301 praprium
2570 3245 2662 3301 per
2682 3231 2905 3303 gratiam
2933 3247 3162 3304 surgere.

2272 3383 2362 3441 60.
2405 3383 2514 3440 Sed
2564 3384 2631 3451 ad
2683 3387 3020 3457 pr0positum
3064 3397 3436 3457 revertamur,
3479 3406 3659 3463 neque
3706 3410 3807 3453 no-

2199 3485 2437 3532 strorum
2484 3477 2734 3535 dolentes
2758 3479 2981 3535 vulnera
3010 3490 3377 3553 peccatorum,
3409 3485 3686 3542 medicum
3719 3503 3808 3549 rc-

2198 3568 2512 3642 linquamus
2542 3590 2553 3623 :
2584 3579 2640 3626 et
2667 3569 2797 3627 dum
2823 3573 3022 3629 alienis
3070 3574 3354 3631 medemur
3382 3576 3697 3648 ulceribus,
3728 3581 3810 3636 ul-

2195 3678 2319 3718 cera
2352 3673 2535 3719 nostra
2567 3666 2928 3721 cumulemus.
2971 3666 3212 3740 Rogatur
3236 3684 3365 3741 ergo
3395 3668 3483 3726 hic
3532 3673 3803 3731 medicus.

2195 3754 2275 3812 Ne
2303 3756 2518 3824 timeas,
2549 3760 2676 3832 quia
2703 3775 2931 3831 magnus
2961 3769 3049 3816 est
3075 3763 3360 3830 Dominus,
3388 3773 3445 3821 et
3474 3763 3715 3823 fortasse
3739 3768 3805 3824 all

2196 3865 2397 3923 aegram
2434 3849 2764 3921 dedignetur
2809 3852 3031 3920 venire;
3062 3854 3212 3911 venit
3251 3857 3398 3911 enim
3433 3857 3498 3913 ad
3527 3874 3630 3914 nos
3655 3876 3807 3930 same

2195 3941 2266 3998 de
2306 3942 2492 3999 caelo:
2535 3958 2636 4001 nec
2685 3944 2860 4000 solum
2906 3945 3144 4014 divites,
3176 3947 3273 4004 sed
3320 3949 3483 4005 etiam
3532 3966 3805 4027 pauperes

2195 4034 2335 4090 solet
2361 4045 2416 4091 et
2445 4035 2694 4091 servulos
2743 4052 3039 4109 pauperum
3088 4039 3333 4097 visitare.
3369 4042 3529 4099 Venit
3559 4055 3615 4100 et
3660 4060 3803 4107 nunc

2194 4139 2417 4198 rogatus
2446 4128 2513 4183 ad
2544 4128 2689 4187 Petri
2723 4144 2940 4185 socrum
2963 4173 2977 4197 ,
3009 4142 3056 4186 et
3083 4148 3226 4190 stans
3249 4151 3405 4206 super
3431 4136 3606 4204 illam,
3639 4139 3802 4213 202

2193 4221 2463 4293 imperavit
2489 4221 2623 4291 [ebri
2640 4261 2656 4288 ,
2681 4232 2726 4278 et
2766 4225 2967 4279 remisit
3003 4225 3152 4280 illam
3182 4242 3200 4280 :
3226 4237 3272 4282 et
3300 4229 3545 4284 continuo
3585 4246 3805 4306 surgens

2193 4312 2518 4368 ministrabat
2563 4314 2672 4368 illis
2705 4312 2858 4386 (Luc.
2889 4330 2941 4370 tv
2962 4357 2976 4382 ,
3002 4315 3117 4390 59).
3150 4317 3305 4374 Sicut
3348 4318 3545 4390 dignus
3592 4337 3803 4391 mento-

2192 4405 2312 4473 ria,
2363 4407 2437 4462 ita
2486 4405 2680 4481 dignus
2728 4407 3035 4479 desiderio,
3086 4410 3283 4483 dignus
3322 4413 3482 4470 etiam
3530 4415 3803 4475 cbaritate

2192 4496 2489 4556 Dominicaa
2522 4500 2573 4554 in
2604 4500 2870 4571 singulos,
2900 4501 3231 4574 dignationis
3257 4505 3503 4571 affectus,
3528 4517 3556 4555 ε
3584 4518 3642 4567 et
3657 4509 3801 4571 facta

1191 4603 1386 4674 pudica
1443 4613 1715 4669 secretum
1743 4645 1757 4670 ,
1814 4604 2085 4677 impudica
2114 4584 2167 4647 D
2193 4592 2458 4648 miranda.
2492 4591 2731 4650 Visitare
2760 4594 2949 4650 viduas
2977 4611 3084 4651 non
3117 4597 3443 4671 dedignatur
3463 4641 3478 4666 ,
3508 4610 3566 4659 et
3593 4605 3798 4674 tugurii

2191 4686 2314 4743 vilis
2345 4687 2644 4759 penetralia
2693 4698 2919 4757 angusta
2952 4691 3269 4749 succedere.
3303 4692 3472 4762 Quasi
3517 4695 3662 4752 Deus
3695 4698 3799 4753 int-

2190 4791 2368 4855 perat,
2399 4781 2552 4850 quasi
2583 4780 2745 4837 homo
2771 4783 2973 4839 visitat.

2260 4874 2353 4930 61.
2392 4872 2605 4930 Gratias
2653 4873 2952 4947 Evangelia
3007 4893 3103 4948 per
3157 4879 3299 4951 quod
3338 4881 3505 4938 etiam
3547 4898 3651 4940 nos
3701 4887 3797 4957 qui

2188 4972 2362 5029 oculis
2411 4972 2610 5029 nostris
2657 4973 2962 5029 venientem
3012 4974 3065 5029 in
3098 4972 3242 5032 hunc
3286 4976 3545 5033 mundum
3576 4995 3688 5037 non
3718 4983 3798 5036 vi-

2183 5154 2683 5229 ucrsariumivercris
2705 5154 2850 5222 apud
2871 5154 3131 5229 judicent.
3170 5157 3277 5215 Pro
3300 5170 3369 5226 te,
3401 5170 3509 5218 etc.

2261 5240 2285 5268 ο
2314 5228 2540 5284 Amerb.
2567 5237 2621 5282 et
2656 5226 2813 5281 Itoni.
2846 5226 3006 5295 edit.,
3037 5228 3146 5283 Sed
3171 5233 3245 5285 vis
3273 5234 3478 5288 nubere.
3515 5234 3663 5292 [sit-et
3690 5256 3795 5296 non

2184 5301 2370 5367 habet;
2416 5300 2598 5362 Rom.,
2632 5313 2734 5352 non
2776 5295 2968 5375 habeat
2981 5301 3205 5375 _crimen
3248 5304 3469 5373 simplex
3514 5312 3789 5375 voluntas,

2185 5390 2400 5429 causam
2429 5386 2530 5425 non
2557 5384 2753 5438 (ναίει-ο.
2785 5378 2893 5424 etc.
2930 5371 3102 5427 Minus
3131 5371 3419 5431 concinne.

2260 5444 2471 5521 rgum;
2498 5439 2633 5521 edit.
2660 5441 2805 5505 sola,
2837 5440 2969 5521 Tant
2989 5442 3288 5521 indecorum
3315 5456 3408 5502 est.
3456 5491 3469 5503 .
3517 5489 3530 5501 .
3578 5488 3593 5504 .
3635 5470 3792 5521 quam

2185 5525 2414 5585 nepotes.
2445 5513 2516 5568 At
2534 5510 2653 5590 inec
2676 5515 2908 5590 mutatio
2934 5512 3337 5590 licetlevicula,
3372 5510 3794 5590 pervertit'sen-

2184 5581 2332 5718 imm,
2363 5593 2423 5641 ut
2468 5581 2642 5654 quivis
2691 5583 2773 5639 vel
2826 5584 3113 5643 mediocris
3166 5581 3508 5662 ingenii-per
3534 5609 3598 5650 se
3626 5596 3790 5655 intel.

2210 5661 2336 5718 igat.

2210 5661 2336 5716 illat.

2228 5675 2457 5787 8:LCod.
2496 5724 2660 5794 Vall.,
2695 5726 2763 5783 Et
2790 5731 2927 5800 facta
2953 5731 3160 5789 uisitare
3180 5734 3361 5792 viduas
3383 5736 3654 5810 dignatur.
