3974 6186
111 305 200 364 E33

1292 300 1383 358 DE
1423 300 1651 361 VIDUIS
1687 303 1893 373 LIBER
1935 303 2138 363 UNUS.

3267 308 3374 365 9.34

112 428 262 483 ditnus
299 422 573 481 Christum
596 464 612 490 ,
650 419 894 478 videmur
932 418 1017 483 ei.
1048 418 1179 476 dum
1209 417 1347 477 facta
1396 419 1515 490 eius
1543 418 1676 491 legi-
1699 427 1752 487 Α
1848 421 2015 495 203
2050 420 2141 481 65.
2184 420 2361 479 Simul
2390 423 2565 494 qualis
2595 437 2727 481 esse
2749 422 2947 480 debeat
2983 435 3004 462 ε
3034 424 3127 496 qui
3158 424 3379 485 Christo

112 536 229 588 ntus,
257 521 547 583 interesse;
580 528 642 572 ut
673 516 817 571 sicut
843 515 915 570 illi
943 513 1140 586 quibus
1168 514 1675 586 appropinquabat,

113 616 240 669 tidem
265 610 651 667 mutuabuntur
672 625 744 666 ex
768 622 867 675 eo;
899 607 970 667 ita
1002 605 1182 675 nobis,
1210 607 1339 667 dum
1362 608 1534 681 gestis
1558 607 1676 680 ejus

113 704 373 771 Credimus,
400 702 831 776 appropinquet.

168 799 242 855 62.
281 797 436 853 Vides
476 796 662 865 qualia
691 794 857 852 habet
891 810 1093 869 genera
1121 794 1472 851 sanitatum?
1499 794 1676 866 Impe-

114 900 177 948 rat
211 890 366 956 febri,
395 889 639 959 imperat
681 887 960 959 spiritibus
1013 887 1339 956 immundis,
1388 887 1518 944 alibi
1558 889 1677 960 ipse

111 1002 264 1041 manus
292 984 542 1054 imponit.
573 981 694 1038 Non
742 981 917 1038 solum
950 982 1118 1053 igitur
1147 982 1316 1038 verbo
1339 1022 1354 1047 ,
1383 982 1479 1038 sed
1509 983 1675 1038 etiam

112 1089 223 1133 tactu
249 1090 414 1148 nigros
460 1090 665 1131 curare
693 1074 995 1131 consuevit.
1030 1074 1105 1135 Et
1146 1083 1201 1131 tu
1233 1073 1396 1146 igitur
1434 1091 1556 1146 qum
1583 1090 1679 1129 va-

107 1174 183 1228 riis
208 1169 378 1227 mundi
428 1180 639 1226 aestuas
663 1168 1081 1240 cupiditatibus,
1110 1168 1194 1222 vel
1246 1170 1418 1223 forma
1449 1168 1549 1223 viri
1577 1166 1679 1222 ali-

107 1265 228 1335 cujus
268 1272 418 1334 capta
444 1305 462 1333 ,
495 1263 587 1320 tel
638 1263 868 1336 pecunia
890 1305 905 1329 ,
940 1278 1070 1335 roga
1114 1261 1428 1332 Christum,
1476 1262 1677 1319 adhibe

107 1356 362 1424 medicum,
392 1354 617 1428 porrige
660 1357 712 1413 ei
756 1356 1040 1413 dexteram
1090 1367 1272 1425 tuam,
1306 1364 1492 1429 tangat
1536 1355 1677 1412 inte-

108 1449 221 1505 riora
249 1460 333 1504 tua
365 1449 458 1506 Dei
494 1465 735 1519 manus,
768 1446 1041 1520 Verbique
1085 1449 1326 1506 caelestis
1372 1450 1543 1523 gratia
1595 1451 1678 1505 in-

110 1540 330 1599 teriorum
357 1557 530 1598 venas
559 1553 841 1598 scrutetur
870 1543 1199 1607 animorum,
1232 1543 1407 1613 pulset
1430 1543 1523 1599 Dci
1553 1542 1681 1601 dex-

111 1645 198 1690 tera
240 1647 441 1692 secreta
494 1636 706 1692 cordis.
738 1636 875 1692 Aliis
919 1634 1111 1692 oculos
1154 1635 1270 1691 luto
1299 1635 1462 1691 illinit
1492 1634 1674 1709 (toan.

112 1745 171 1796 ts,
193 1729 240 1796 ὅ,
262 1728 345 1800 7),
374 1737 432 1785 ut
460 1727 659 1784 videro
681 1728 917 1800 possint,
944 1727 1278 1799 Creatorque
1309 1730 1555 1784 omnium
1579 1727 1679 1783 do-

1779 514 2079 582 tninistrat,
2132 515 2476 583 ostenditur;
2536 527 2753 587 oportet
2789 512 2935 575 eam
2983 515 3161 586 primo
3184 532 3377 576 carere

1777 605 2053 665 variarum
2110 605 2383 667 illecebris
2428 608 2808 679 voluptatum,
2878 608 3053 667 Vitare
3100 610 3378 666 internum

1778 696 2026 768 corporis
2054 697 2333 771 animique
2358 699 2701 771 languorem,
2740 713 2799 757 ut
2828 716 3026 771 corpus
3051 712 3108 758 et
3157 704 3379 773 sangui-

1778 807 1904 847 nem
1933 789 2135 846 Christi
2164 792 2457 850 ministret.
2491 792 2680 865 Neque
2705 796 2849 852 enim
2874 803 3057 866 potest
3088 798 3375 869 quisquam

1778 882 2014 955 peccatis
2036 884 2153 940 suis
2178 900 2347 955 aeger,
2392 885 2728 958 minimeque
2770 902 2958 954 sanus,
2988 889 3377 948 iuimortalium

1778 976 2076 1037 sanitatum
2106 978 2348 1035 remedia
2374 980 2707 1037 ministrare.
2753 980 2884 1038 Vide
2913 981 3045 1052 quid
3085 999 3236 1055 agas,
3289 1002 3380 1042 sa-

1778 1071 1998 1137 cerdos,
2028 1086 2128 1127 nec
2157 1071 2406 1129 fabricati
2435 1089 2599 1133 manu
2622 1089 2820 1145 corpus
2866 1074 3067 1133 Christi
3120 1078 3375 1149 attingas.

1778 1163 1938 1227 Prius
1963 1178 2179 1232 curare,
2210 1177 2270 1220 ut
2314 1165 2626 1221 ministrare
2673 1168 2870 1237 possis.
2912 1168 2970 1226 Si
2997 1170 3230 1226 mundos
3275 1186 3375 1228 eos

1783 1258 1873 1328 qui
1905 1267 2046 1315 ante.
2070 1258 2283 1315 fuerant
2332 1258 2559 1329 leprosi,
2598 1259 2851 1316 Christus
2897 1261 3055 1333 jubet
3081 1278 3378 1321 occurrere

1780 1348 2158 1409 sacerdotibus
2188 1347 2344 1422 (Luc.
2377 1366 2508 1419 xvtt,
2540 1350 2652 1423 Η),
2679 1363 2885 1424 quanto
2908 1355 3078 1426 magis
3109 1357 3373 1412 mundum

1780 1445 1961 1517 ipsum
1990 1447 2246 1503 convenit
2269 1461 2395 1503 esse
2431 1447 2773 1505 sacerdotem
2800 1450 2815 1503 t
2846 1448 2966 1505 Non
3009 1449 3173 1507 inibat
3217 1453 3380 1524 igitur

1780 1536 1925 1609 quod
1953 1538 2185 1595 molesto
2206 1540 2347 1595 ferat
2372 1539 2461 1595 illa
2492 1539 2654 1596 vidua
2686 1541 2833 1612 quod
2881 1543 2985 1601 sibi
3037 1559 3145 1599 non
3185 1560 3379 1616 peper-

1780 1630 1971 1697 cerim,
2000 1631 2216 1707 quando
2240 1648 2341 1691 nec
2368 1632 2500 1689 mihi
2525 1648 2714 1705 parco.

1853 1724 1947 1783 66.
1987 1725 2238 1783 Surrexit
2257 1725 2442 1797 itaque
2462 1726 2633 1789 Petri.
2673 1726 2867 1798 inquit,
2904 1744 3119 1795 socrus.
3167 1741 3222 1788 et
3274 1731 3380 1788 mi-

110 1831 177 1878 cet
211 1837 300 1877 nos
340 1832 549 1879 nostra
598 1836 872 1879 memores
919 1820 1125 1881 debere
1169 1835 1295 1878 esse
1336 1830 1578 1887 natura).
1621 1818 1757 1879 etB
1784 1819 2051 1877 nistrabat
2102 1819 2212 1877 illis
2239 1819 2411 1892 (Luc.
2439 1837 2515 1889 tv,
2548 1822 2620 1879 59
2636 1820 2676 1893 ).
2711 1823 2779 1879 Et
2805 1823 2941 1880 bene
2996 1825 3263 1893 surrexit;
3292 1840 3382 1882 sa-

113 1916 314 1986 curporis
356 1929 603 1973 eernere
646 1914 946 1981 vilitatem;
981 1929 1139 1971 nemo
1185 1914 1333 1970 enim
1383 1915 1554 1986 magis
1581 1928 1680 1984 po-
1779 1916 2049 1970 cramenti
2077 1914 2225 1971 enim
2250 1917 2751 1987 typumapostolica
2772 1917 2887 1988 jam
2908 1919 3078 1988 gratia
3105 1919 3380 1976 miniatra-

116 2017 198 2063 test
221 2009 394 2066 videro
417 2009 649 2076 divina,
685 2009 791 2063 nisi
820 2009 909 2078 qui
934 2016 961 2045 κ
990 2006 1316 2062 humilitatis
1344 2004 1678 2063 conscientia
1781 2009 1896 2065 hat.
1930 2008 2212 2080 Proprium
2241 2021 2324 2066 est
2353 2018 2533 2067 autem
2555 2027 2778 2082 surgere
2822 2012 3026 2068 Christi
3057 2014 3369 2080 ministros,

116 2114 204 2157 sua
239 2102 403 2160 nescit
430 2101 651 2159 attolli.
705 2100 865 2159 Alius
910 2098 1180 2159 sacerdoti
1225 2114 1286 2155 se
1313 2098 1508 2156 oﬂ‘erre
1535 2115 1678 2170 praz-
1775 2104 1927 2176 juxta
1941 2103 2083 2173 quod
2099 2104 2359 2173 scriptum
2378 2113 2490 2159 est:
2518 2103 2709 2176 Surge,
2728 2107 2817 2175 qui
2839 2106 3057 2175 dormis,
3080 2116 3128 2162 st
3162 2122 3379 2179 exsurge

115 2191 291 2261 cipitur,
319 2204 376 2253 ut
398 2209 609 2251 carere
638 2195 692 2251 in
724 2202 1046 2265 perpetuum
1077 2192 1242 2264 lepra:
1272 2193 1442 2264 j‘uissit
1468 2193 1678 2250 exuviis
1779 2212 1814 2253 ιι
1838 2197 2051 2255 mortuis
2074 2196 2094 2271 (
2114 2195 2309 2268 Ephes.
2340 2213 2396 2265 ν,
2429 2195 2496 2253 14
2516 2196 2560 2270 ).

116 2286 239 2361 (ια,
262 2304 321 2357 γ’
350 2288 683 2394 qni-gntus
924 2289 1153 2394 montis”
1185 2296 1243 2345 et
1281 2286 1451 2394 animi
1492 2297 1680 2394 potest
2384 2334 2612 2394 CAPUT
2648 2335 2719 2393 Χι

114 2397 299 2439 servare
319 2381 783 2454 munditiam,qui
811 2381 863 2440 ei
889 2382 1156 2441 sacerdoti
1184 2396 1246 2439 se
1276 2383 1426 2437 novit
1453 2380 1675 2447 olferre,
2385 2376 2499 2392 νη·
2524 2376 2560 2394 ν
2582 2376 2603 2393 ι
2651 2376 2741 2393 ιιυ

116 2488 241 2541 quem
281 2490 372 2546 pro
418 2476 672 2545 peccatis
717 2474 920 2531 nostris
965 2474 1275 2546 accepimus
1318 2474 1675 2539 advocatum,
1781 2473 1969 2533 Causis
2010 2490 2125 2544 qua
2166 2491 2262 2546 pro
2299 2475 2601 2546 nuptiarum
2639 2475 2918 2531 iteratione
2952 2474 3130 2544 afferri
3168 2478 3335 2533 solent
3358 2516 3375 2543 ,

116 2566 239 2622 illaut
276 2567 449 2641 utique
490 2568 593 2625 cui
627 2566 825 2627 dicitur
856 2585 870 2622 :
896 2564 978 2625 Tu
1004 2582 1057 2622 es
1081 2568 1321 2622 sacerdos
1350 2567 1403 2621 in
1433 2579 1678 2622 (cremant

117 2659 353 2717 “multum
375 2662 621 2717 ordinem
646 2659 1025 2715 Melchisedech
1056 2656 1232 2732 (Psal.
1259 2674 1369 2726 cu,
1398 2660 1479 2729 4).

173 2752 248 2811 65.
281 2754 384 2815 Nec
410 2769 651 2815 vereare
693 2769 901 2809 moram
935 2754 1170 2825 aliquam
1196 2753 1468 2809 sanitatis.
1494 2749 1679 2808 Nescit

116 2843 518 2917 impedimentum
568 2846 667 2919 qui
712 2854 933 2903 sanatur
962 2861 993 2900 a
1037 2843 1279 2901 Christo.
1307 2843 1457 2915 Opus
1498 2852 1582 2900 est
1622 2851 1682 2901 ut

118 2940 374 2996 remedium
417 2939 733 3007 adhibeas,
777 2937 924 3010 quod
974 2938 1277 3008 acceperis;
1322 2937 1487 2993 simul
1530 2935 1679 2994 enim

118 3041 164 3086 ut
186 3042 489 3106 praceptum
520 3033 769 3099 dederit,
796 3048 973 3090 circus
1005 3031 1172 3099 videt,
1203 3031 1532 3104 paralyticos
1554 3044 1680 3087 atu-

119 3124 274 3194 btdat,
298 3137 473 3185 mutus
502 3128 776 3199 loquitur,
802 3128 1000 3183 surdus
1028 3126 1197 3194 audit,
1247 3126 1485 3183 febriens
1513 3125 1679 3187 mini-

1852 2568 2101 2637 capiaris,
2132 2568 2406 2639 proﬁtetur
2432 2586 2466 2624 a
2491 2584 2545 2625 se
2564 2584 2667 2624 non
2703 2567 2945 2623 damnari
2994 2570 3225 2625 secunda
3251 2586 3378 2626 con-

1843 2662 2038 2734 jugia;
2076 2676 2299 2729 quorum
2324 2661 2441 2715 licet
2480 2676 2545 2715 ea:
2584 2661 2837 2731 Apastolo
2881 2660 3212 2715 incommoda
3259 2678 3380 2732 per.

1854 2760 2051 2819 currat,
2095 2750 2443 2808 conditionem
2485 2761 2654 2807 tamen
2691 2752 2910 2823 afﬁrmat
2948 2753 3291 2822 approbatum
3325 2755 3380 2809 in

1857 2846 2089 2904 Ecclesia
2121 2864 2139 2903 :
2166 2862 2264 2918 quo
2294 2846 2407 2903 loco
2453 2847 2723 2902 Iucreticos
2760 2847 2845 2918 qui
2888 2862 2949 2901 ea
2997 2845 3368 2919 prohibebant,

1854 2942 2089 3014 castigat.
2116 2938 2248 2996 Cum
2273 2947 2442 2994 autem
2467 2939 2685 2995 diversa
2728 2940 3049 2995 diversorum
3073 2942 3173 2996 sint
3210 2945 3340 2996 uires
3358 2983 3375 3010 ,

1854 3037 1974 3092 hinc
2002 3036 2201 3106 factum
2224 3034 2434 3101 scribit,
2478 3044 2535 3089 ut
2586 3050 2689 3088 non
2736 3035 3081 3104 imperaretur
3125 3035 3374 3103 castitas,

1852 3130 1942 3185 sed
1969 3128 2291 3184 suadentur.

118 3228 244 3285 urat,
265 3220 527 3277 luttaticus
578 3220 865 3276 liberatur.
887 3217 916 3258 ιι
939 3219 1008 3275 Ει
1036 3230 1092 3275 tu
1119 3219 1283 3291 igitur
1327 3233 1683 3290 quaecumque
1706 3205 1752 3269 C
1855 3221 1947 3278 67.
1990 3221 2225 3277 Dicimus
2248 3217 2271 3258 ά
2305 3220 2469 3292 igitur
2497 3234 2597 3275 nec
2616 3220 2924 3291 sumptibus
2951 3233 3112 3291 egere
3142 3220 3332 3277 viduas
3362 3263 3378 3289 ,

118 3313 336 3372 indecore
377 3316 620 3388 alicujus
654 3316 733 3371 rei
762 3313 1061 3384 cupiditate
1084 3315 1387 3385 languescis
1409 3355 1426 3382 ,
1454 3314 1681 3371 obsecra

119 3406 366 3466 Dominum
387 3448 406 3477 ,
433 3412 610 3465 ﬁdem
661 3407 846 3476 defer,
878 3423 981 3465 nec
1011 3407 1178 3463 ttllatu
1215 3408 1404 3462 timeas
1448 3422 1679 3463 moram.

116 3497 201 3559 Ubi
218 3502 361 3558 adest
404 3499 630 3566 oratio,
656 3499 814 3559 adest
842 3499 1108 3566 Verbum,
1140 3499 1353 3569 fugatur
1377 3498 1646 3571 cupiditas
1664 3538 1683 3567 ,

118 3589 258 3648 libido
283 3592 537 3652 discedit.
566 3591 679 3651 Nec
716 3590 1076 3649 confessionis
1105 3591 1348 3648 verearis
1376 3589 1639 3649 attonsum
1666 3606 1683 3657 ;

118 3684 257 3745 immo
293 3690 460 3762 magis
512 3702 784 3759 praesume
831 3684 1249 3758 prterogativam
1281 3702 1294 3739 :
1324 3683 1685 3741 incontinenti

121 3781 239 3836 enim
262 3797 375 3853 qua:
395 3781 658 3853 corporis
695 3780 886 3839 morbo
911 3789 1070 3836 antea
1098 3779 1380 3837 laborabas
1405 3818 1420 3846 ,
1465 3777 1686 3835 Christo

122 3872 312 3944 incipies
331 3876 669 3934 ministrare.

179 3966 257 4025 tit.
289 3970 470 4029 Potest
498 3971 669 4028 etiam
723 3970 827 4026 hoc
855 3969 975 4027 loco
1005 3968 1176 4027 videri
1221 3968 1367 4026 Petri
1395 3981 1586 4026 socrus
1609 3967 1687 4023 al-

126 4055 258 4117 lectio
292 4064 619 4130 voluntatis,
648 4078 717 4119 ex
769 4078 874 4134 qua
904 4062 1008 4118 sibi
1057 4061 1201 4117 velut
1252 4076 1441 4117 semen
1494 4059 1688 4116 futurte

127 4155 418 4217 posteritatis
444 4163 861 4224 assumpserat;
910 4152 1057 4225 quod
1102 4151 1392 4224 unicuique
1435 4151 1689 4209 voluntas

124 4256 202 4299 tua
229 4249 551 4318 posteritatis
586 4255 675 4307 est
718 4257 928 4307 auctor.
962 4246 1041 4303 Iis
1088 4245 1370 4304 voluntate
1412 4247 1559 4304 enim
1600 4259 1689 4303 sa-

125 4337 297 4405 pientia
325 4345 597 4411 nascitur,
626 4356 793 4413 quam
834 4342 1053 4412 sapiens
1075 4341 1128 4397 in
1161 4339 1562 4396 matrimonium
1592 4336 1690 4393 ud-

124 4424 280 4488 sciscit
296 4432 420 4502 sibi,
449 4432 640 4493 dicens
669 4450 685 4489 :
716 4431 980 4503 Proposui
1007 4447 1101 4507 ego
1128 4431 1262 4487 hanc
1289 4431 1547 4487 adducere
1562 4431 1690 4489 mihi

126 4521 170 4574 ia
207 4526 490 4598 caﬁugium
518 4526 678 4598 (Sap.
703 4541 820 4593 vtu,
845 4526 925 4597 2).
962 4524 1104 4596 Ergo
1146 4525 1400 4581 voluntas
1445 4524 1537 4583 illa
1565 4540 1688 4595 qua:

1785 3331 1909 3387 qua:
1961 3314 2168 3371 donare
2208 3314 2642 3371 consueverint:
2673 3328 2774 3370 nec
2814 3314 3079 3380 subsidio,
3123 3330 3151 3368 a
3184 3315 3383 3386 quibus

1785 3425 1953 3481 saepe,
1996 3410 2051 3465 iu
2094 3408 2348 3480 periculis
2382 3409 2656 3473 maximis,
2688 3406 2929 3464 defensa:
2948 3410 3122 3479 cupiat-
3153 3418 3283 3464 sum
3304 3410 3383 3464 vi-

1786 3518 1973 3558 rorum
2002 3519 2016 3556 :
2049 3502 2318 3558 maritalis
2347 3504 2415 3559 iis
2462 3516 2676 3573 quoque
2721 3500 2899 3558 ofllcia
2939 3501 3026 3556 vel
3057 3517 3086 3556 a
3130 3503 3378 3572 generis,

1785 3595 1872 3651 vel
1901 3610 1932 3650 a
1959 3594 2220 3666 proximis
2252 3593 2410 3651 facile
2435 3596 2616 3652 solere
2637 3596 2877 3666 reparari
2905 3612 2917 3648 :
2950 3608 3074 3650 esse
3105 3595 3271 3649 etiam
3326 3596 3380 3648 in

1786 3704 1880 3745 eas
1913 3687 2148 3745 divinant
2194 3689 2626 3744 misericordiam
2670 3688 3098 3756 promptiorem;
3149 3696 3204 3740 et
3259 3686 3383 3740 ideo

1786 3796 1908 3839 cum
1941 3788 2230 3853 suppetere
2250 3796 2358 3836 non
2387 3781 2632 3837 videatur
2657 3794 2824 3835 causa
2851 3778 3109 3845 nubendi,
3144 3778 3381 3834 studium

1786 3873 1981 3930 abesse
2007 3871 2228 3927 debere.

1860 3965 1951 4022 68.
1991 3962 2147 4033 Quod
2201 3972 2383 4018 tamen
2429 3977 2530 4033 pro
2574 3961 2804 4017 consilio
2844 3959 3100 4027 dicimus,
3129 3975 3234 4016 non
3282 3975 3386 4031 pro

1788 4068 2059 4131 praecepto
2077 4060 2408 4129 imperamus
2436 4099 2451 4124 ,
2498 4064 2859 4128 provocantes
2888 4057 3074 4128 potius
3123 4057 3336 4112 viduam
3364 4098 3380 4125 ,

1790 4167 1951 4224 quam
1996 4150 2259 4223 ligentes;
2312 4164 2488 4220 neque
2536 4150 2681 4206 enim
2737 4150 3091 4221 prohibemus
3115 4149 3382 4206 secundas

1790 4246 2033 4318 nuptias,
2068 4244 2164 4302 sed
2197 4260 2309 4300 non
2338 4244 2651 4301 suademus.
2706 4246 2826 4299 Alia
2870 4255 2954 4300 est
2982 4245 3128 4302 enim
3162 4244 3385 4300 infirmi-

1792 4341 1919 4396 tatis
1942 4340 2357 4411 contemplatio,
2385 4339 2490 4395 alia
2524 4340 2697 4410 gratia
2723 4339 3011 4396 castitatis.
3050 4339 3181 4395 Plus
3225 4339 3379 4403 dico,

1792 4448 1898 4490 non
1924 4434 2275 4504 prohibemus
2302 4434 2573 4490 secundas
2614 4435 2850 4507 nuptias,
2897 4434 2991 4491 sed
3034 4450 3140 4489 non
3186 4434 3372 4504 proba-

1791 4543 1911 4583 mus
1943 4543 2089 4597 swpe
2118 4531 2410 4600 repetitas;
2447 4538 2471 4568 ³
2502 4545 2676 4601 neque
2699 4534 2843 4586 enim
2872 4528 3093 4599 expedit
3123 4525 3380 4598 quidquid

128 4613 278 4683 primo
303 4620 571 4677 variarum
598 4618 957 4691 cupiditatum
983 4617 1204 4675 testibus
1235 4617 1532 4673 madefacta
1571 4617 1685 4673 lan-
1710 4607 1764 4670 D
1790 4619 1955 4677 licet:
1980 4619 2171 4679 Omnia
2231 4620 2358 4677 mihi
2405 4623 2593 4689 licent,
2641 4622 2772 4678 dicit
2818 4622 3134 4691 Apostolus,
3174 4619 3263 4674 sed
3284 4635 3386 4673 non

126 4708 329 4778 auebat,
355 4727 541 4784 postea
590 4728 690 4784 per
719 4711 1053 4781 apostolatus
1080 4709 1321 4771 ofﬁciunt
1348 4709 1402 4771 in
1433 4711 1680 4772 miniata.—

127 4797 247 4857 rium
267 4801 461 4865 Christi
478 4806 592 4879 jam
620 4805 846 4863 robusta
874 4802 1135 4863 surrexit.

190 4940 371 5014 fﬁdit.
400 4951 455 5000 et
478 4943 636 5014 pauci
654 4956 821 5014 mea"
847 4940 1158 5014 humilitatis
1183 4940 1421 5014 conscius
1449 4952 1575 5014 sua.

187 5008 213 5048 δ
237 5008 613 5088 Issialiq'not,
640 5013 709 5073 Et
736 5025 792 5069 tu
816 5014 974 5088 igitur
998 5014 1087 5086 qui
1119 5012 1376 5076 indecore.
1406 5053 1421 5068 .
1456 5011 1687 5067 .obsecra

128 5078 293 5159 Deest.
320 5085 383 5140 Si
402 5078 551 5159 ﬁdem
578 5078 907 5159 defers._cic.

190 5162 211 5192 ε
246 5151 446 5213 Omnes
466 5157 599 5214 edit.
624 5151 747 5212 cum
771 5156 911 5214 Tell.
940 5154 1064 5211 cod.
1095 5192 1111 5219 ,
1139 5169 1257 5226 quae
1282 5151 1489 5208 Christo
1531 5152 1688 5207 mini-

126 5228 593 5298 m,_ostrnditur.
624 5227 837 5298 Oportet
862 5243 997 5295 eam,
1027 5224 1265 5283 etc.'Alii
1297 5238 1493 5298 omnes
1518 5239 1682 5298 μηδεν

127 5296 203 5369 qui
228 5294 477 5356 Christo”
502 5342 515 5355 .
537 5336 552 5354 .
590 5294 791 5369 oportet
811 5301 976 5367 enim,
1004 5307 1113 5354 etc.
1145 5298 1362 5369 Optime
1388 5296 1532 5369 illud
1568 5295 1686 5366 qui.

127 5364 268 5434 den;
291 5373 487 5428 etenim
514 5364 825 5428 conponam
850 5364 1008 5427 suum
1041 5364 1312 5440 episcopis
1347 5368 1447 5440 vir,
1470 5364 1691 5440 sanctus

126 5441 497 5511 accommodat,
541 5453 599 5497 ut
644 5451 830 5511 aperte
870 5438 1150 5498 declarant
1203 5439 1509 5511 sequentia.
1580 5438 1691 5495 Nec

128 5506 331 5579 Iniuria
356 5510 597 5571 Ecclesia
622 5513 679 5568 id
725 5524 978 5579 umquam
1017 5526 1339 5569 concessum
1381 5509 1691 5579 reperitur,

131 5528 256 5563 υυιπι
276 5528 331 5566 ut
356 5528 597 5571 nectens
622 5528 679 5568 tu
725 5528 978 5585 umquam
1017 5528 1339 5569 ωηοεοςυιη
1381 5528 1692 5589 reperitur,

131 5584 183 5631 Il
220 5575 417 5655 Christi
449 5597 656 5655 corpus
703 5582 918 5640 feminae
967 5584 1440 5655 administrarent;
1494 5594 1619 5655 cum
1661 5588 1695 5645 ρ

433 5651 648 5728 legatur
670 5656 1016 5728 prohibitum
1058 5672 1166 5711 non
1204 5654 1369 5710 modo
1398 5652 1456 5717 in
1483 5651 1698 5713 Consti-

438 5722 787 5803 apuotelleis,
816 5728 911 5786 lib.
938 5745 1020 5794 tu,
1042 5745 1093 5788 c.
1115 5730 1186 5787 ill
1211 5739 1275 5803 et,
1294 5739 1576 5803 seq.,_nec
1589 5740 1703 5787 non.

155 5791 241 5850 lib.
266 5808 388 5864 vm,
427 5791 555 5872 ca'p.
600 5797 697 5865 28,
744 5791 926 5858 verum
955 5791 1115 5859 etiam
1140 5801 1279 5875 apud
1312 5791 1670 5872 Epiphanlllm
1695 5840 1712 5868 ι

1788 4712 1961 4768 omnia
1989 4723 2108 4768 sunt
2159 4713 2310 4769 utilia
2362 4712 2414 4786 (Ι
2444 4711 2567 4770 Cor.
2601 4730 2674 4780 v1,
2720 4714 2788 4769 η
2814 4715 2853 4786 ).
2899 4715 2961 4768 Ει
2988 4713 3168 4767 vinum
3198 4713 3383 4768 bibere

1790 4805 1936 4874 licet,
1968 4806 2066 4863 sed
2095 4808 2382 4879 plurimum
2408 4822 2517 4864 non
2565 4808 2743 4864 decet.

1796 4941 2001 5014 llteresi
2030 4941 2121 5006 79,
2146 4947 2309 5014 atque
2336 4942 2387 4995 in
2419 4940 2526 4997 fine
2546 4941 2761 5014 Panarii
2789 4960 2802 4996 :
2834 4940 2885 4997 in
2909 4942 3102 5014 quibus
3122 4942 3255 4998 locis
3275 4941 3387 5014 diuo

1793 5012 2135 5069 eonissarum
2165 5013 2525 5067 ministerium
2554 5013 2668 5068 fere
2697 5015 2749 5069 in
2772 5012 3034 5069 emendis
3063 5012 3385 5072 induendis-

1793 5099 1860 5139 ve
1891 5086 1942 5137 in
1970 5084 2286 5152 baptisteria
2317 5084 2534 5141 feminis
2562 5093 2730 5140 totum
2755 5086 3077 5141 collocatur.

1863 5152 2077 5230 d_EdiI.
2119 5169 2193 5230 Aac
2236 5170 2366 5210 mss.
2416 5153 2582 5221 Tell.,
2631 5155 2919 5212 Didicimus
2946 5157 3385 5230 igitur;c:eteri,

1794 5223 2031 5279 Dicimus
2058 5226 2231 5296 igitur.

1866 5300 1892 5333 ⁵
1932 5297 2023 5353 Sic
2062 5311 2253 5370 omnes
2310 5311 2444 5370 mss.
2497 5307 2694 5370 praeter
2742 5297 2906 5363 Tell.,
2935 5298 3025 5370 qui
3062 5307 3278 5370 etcum
3323 5315 3391 5356 eo

1794 5377 2009 5441 cunctae
2035 5368 2165 5441 edit.
2200 5368 2457 5441 praefert:
2495 5367 2674 5441 Neque
2700 5371 2837 5425 enim
2858 5367 3106 5440 quidquid
3136 5367 3251 5427 licet
3276 5413 3290 5435 ,
3343 5381 3391 5428 et

1796 5440 1956 5514 decet.
1984 5439 2137 5508 Quod
2168 5439 2348 5514 autem
2382 5441 2458 5514 ait
2483 5439 2803 5514 Ambrosius
2825 5439 3036 5514 nuptias
3064 5456 3209 5514 sirpe
3238 5456 3391 5514 repe-

1801 5512 1926 5584 titas
1953 5524 1980 5566 a
2006 5525 2064 5584 se
2086 5525 2190 5584 non
2219 5513 2460 5582 probari,
2487 5512 2699 5567 mollius
2726 5511 2942 5584 quidem
2971 5512 3206 5584 loquitur
3231 5511 3393 5584 quam

1801 5582 1953 5655 tnulti
1988 5583 2077 5635 alii
2115 5583 2323 5648 Patres,
2351 5585 2441 5653 qui
2478 5594 2531 5638 ut
2574 5586 2625 5637 in
2661 5583 2756 5640 lib.
2792 5599 2805 5637 l
2836 5583 2900 5639 de
2920 5583 3202 5645 Abraham,
3236 5582 3287 5640 (ἐ.
3320 5586 3389 5655 ι,

1800 5654 2149 5710 observatum
2177 5664 2256 5709 est
2287 5698 2301 5722 ,
2351 5655 2570 5709 easdem
2606 5656 2981 5721 fornicationis
3030 5655 3152 5711 loco
3186 5654 3393 5725 tantum

1822 5745 1929 5785 non
1954 5727 2152 5801 habent
2177 5745 2191 5782 :
2219 5739 2458 5801 attamep
2486 5729 2631 5800 ipsas
2660 5731 2758 5791 abs
2779 5746 2838 5801 se
2860 5746 2968 5789 non
3000 5729 3245 5801 damnari
3278 5739 3415 5793 tan--

1823 5816 1983 5873 quam
2009 5796 2243 5868 illicitas,
2264 5796 2480 5857 abunde
2508 5796 2579 5858 ex
2612 5802 2770 5877 hujus
2786 5800 2889 5861 lcci
2906 5796 3134 5863 lectione
3149 5803 3412 5877 arguitur.
