3974 6186
545 191 656 249 955

1889 193 2136 251 SANCTI
2176 193 2499 252 AMBROSII

3749 196 3878 255 256

616 310 705 367 69.
751 311 903 370 Licet
943 327 1075 384 ergo
1130 311 1359 381 nubere,
1407 311 1502 368 sed
1555 311 1837 386 pulchrius
1862 321 1944 368 est
1977 316 2141 368 alistt-
2173 313 2223 376 Α
2251 315 2495 369 tincntia‘.
2524 314 2790 384 gravioris
2812 324 3032 370 vectura
3087 315 3368 372 subeunda
3396 324 3521 374 est:
3555 316 3651 372 sed
3679 318 3875 372 relin-

545 419 711 469 nerc;
764 417 888 460 sunt
934 407 1078 460 enim
1112 406 1329 460 vincula
1394 404 1720 476 nuptiarum.
1784 405 1957 460 Vultis
2002 407 2145 461 scire

546 510 667 566 qua;
687 493 942 550 vincula?
971 495 1103 563 Quae
1127 496 1218 550 sub
1245 497 1352 550 viro
1375 507 1451 551 est
1474 497 1682 562 mulier,
1714 498 1909 550 vivente
1938 498 2048 550 viro
2069 497 2148 549 al-

547 585 710 658 ligata
749 597 821 640 est
851 589 954 660 legi
981 604 1000 642 :
1025 589 1070 642 si
1099 598 1269 642 autem
1291 599 1521 642 mortuus
1544 589 1699 661 fuerit
1739 589 1839 654 vir,
1883 588 2046 660 204
2065 605 2149 642 so-

547 677 659 732 luta
688 687 761 732 est
789 695 823 732 a
850 678 960 750 lege
983 679 1081 734 viri
1113 679 1312 751 (Rom;
1343 697 1439 748 vn,
1470 681 1558 751 2).
1593 681 1891 736 Probatum
1924 690 2007 736 est
2047 681 2148 752 igi-

548 777 638 825 tur
667 771 941 826 vinculum
970 786 1090 828 esse
1113 774 1450 845 conjugium,
1482 789 1590 844 quo
1613 775 1808 830 mulier
1847 775 2049 844 ligatur
2097 782 2152 830 et

551 865 808 920 solvitur.
841 874 867 902 α
896 865 1044 921 Bona
1073 867 1248 922 mutui
1275 869 1479 922 amoris
1506 867 1698 938 gratia,
1725 867 1818 923 sed
1857 868 2030 938 major
2069 876 2154 923 est

558 958 815 1013 servitus.
847 957 1030 1030 Neque
1057 961 1193 1014 enim
1230 961 1418 1015 mulier
1448 962 1530 1015 sui
1579 961 1812 1032 corporis
1853 970 2153 1032 potestatem

557 1051 741 1117 habet,
773 1051 864 1106 sed
887 1052 1008 1125 vir(
1036 1053 1052 1107 l
1085 1052 1207 1108 Cor.
1249 1070 1366 1121 vnt,
1397 1054 1432 1108 4
1455 1053 1495 1125 ).
1530 1054 1598 1109 Ει
1628 1071 1696 1110 ne
1727 1056 1863 1111 forte
1907 1057 2002 1112 tibi
2046 1071 2153 1111 non

556 1144 791 1215 conjugii
832 1145 1084 1202 videatur
1123 1147 1226 1202 ista
1259 1147 1496 1203 servitus
1536 1162 1681 1215 esse,
1709 1147 1805 1204 sed
1831 1163 2032 1205 sexus:
2067 1149 2156 1206 Si-

559 1237 751 1292 militer
779 1254 827 1294 et
869 1240 944 1292 vir
991 1240 1072 1294 sui
1108 1242 1343 1312 corporis
1368 1250 1670 1310 potestatem
1717 1259 1821 1297 non
1849 1243 2022 1310 habet,
2065 1242 2156 1298 sed

556 1329 763 1383 mulier.
793 1329 1003 1398 Quanta
1038 1330 1202 1402 igitur
1231 1333 1470 1402 conjugii
1503 1333 1824 1400 necessitas,
1877 1350 1997 1404 qua:
2029 1337 2156 1388 sub—

549 1420 669 1490 jicit
698 1421 855 1478 alteri
887 1423 1052 1478 etiam
1082 1423 1398 1479 fortiorem!
1443 1426 1644 1480 Mutuis
1673 1426 1819 1482 enim
1859 1427 2161 1482 necessita-P

562 1512 711 1568 tibus
775 1514 842 1568 ab
897 1523 1125 1586 utroque
1180 1517 1439 1571 servitur.
1491 1517 1602 1572 Nec
1671 1519 1988 1588 temperanti
2035 1519 2164 1575 licet

557 1606 690 1678 jugo
728 1607 1031 1664 subducere
1071 1619 1258 1678 caput,
1294 1624 1414 1664 cum
1468 1611 1692 1665 alterius
1726 1611 2157 1681 intemperantia:

2249 409 2523 475 qnendum
2556 417 2610 460 ut
2636 423 2971 478 unaquieqnc
2996 423 3056 462 se
3103 409 3326 479 pendat,
3369 423 3474 463 non
3521 409 3876 464 auctoritate

2250 501 2424 570 aliqua
2453 511 2638 556 coactu
2669 503 2948 573 przeccpti,
2985 502 3079 556 scd
3110 503 3448 557 incremento
3483 505 3670 572 gratiae
3719 518 3838 573 pro
3858 533 3873 542 -

2252 602 2464 647 vocata.
2509 594 2575 648 Et
2618 593 2740 649 ideo
2793 593 3024 649 diversis
3071 595 3359 650 virtutibus
3399 609 3613 650 merces
3635 596 3874 650 diversa

2255 687 2528 758 proposita
2577 696 2681 741 est.
2729 686 2840 742 Nec
2895 687 3040 741 aliud
3098 688 3539 757 reprehenditur,
3586 696 3644 741 ut
3705 686 3875 742 aliud

2256 781 2619 852 praedicetur:
2658 780 2752 834 scd
2783 780 2966 834 omnia
2996 779 3384 850 prccdicantur,
3417 789 3476 834 ut
3509 795 3631 851 qua:
3665 780 3883 836 melio-

2255 890 2314 930 ra
2346 883 2492 939 sunt,
2523 872 2898 944 prtcferantur.

2755 1051 2916 1124 205
2957 1050 3183 1106 CAPUT
3232 1049 3350 1106 xu.

2263 1168 2536 1224 Nonnulla
2566 1167 2848 1222 traduntur
2884 1167 3128 1238 prmcepti
3169 1177 3324 1237 atque
3363 1167 3572 1221 consilii
3602 1167 3879 1221 discrimi‘

2331 1279 2399 1316 na
2427 1303 2440 1326 ,
2488 1277 2602 1328 qua:
2628 1269 2683 1313 ut
2715 1261 2883 1313 adhuc
2912 1262 3232 1314 innotescunt
3263 1260 3591 1331 manifestius
3619 1302 3634 1325 ,
3683 1259 3880 1314 divitis

2332 1353 2693 1416 adolescentis,
2722 1356 2870 1425 cujus
2930 1351 3271 1422 Evangelium
3310 1352 3568 1416 meminit,
3603 1353 3835 1406 historia
3861 1369 3880 1407 :

2332 1462 2424 1498 nec
2454 1460 2554 1498 non
2586 1445 2920 1513 pranniorum
2951 1444 3184 1498 consiliis
3218 1445 3593 1516 praeceptisque
3623 1445 3882 1515 praposi-

2333 1548 2502 1590 torum
2526 1535 2797 1590 diversitas
2824 1546 3116 1590 enarratur.

559 1701 907 1757 serviendum
937 1702 1025 1758 sit.
1071 1701 1269 1769 Pretio,
1294 1702 1488 1774 inquit,
1515 1705 1674 1775 empti
1693 1705 1837 1769 estis,
1867 1705 2025 1759 nolite
2047 1705 2158 1774 ﬁeri
2191 1710 2236 1769 Β
2265 1719 2296 1728 -ι
2338 1695 2426 1748 72.
2469 1693 2802 1748 Honorabili:
2832 1693 3012 1763 itaque
3042 1692 3379 1763 coniugium.
3417 1692 3512 1748 sed
3572 1693 3885 1748 honorabi—

560 1796 694 1850 servi
721 1796 986 1850 hominum
1013 1797 1032 1868 (
1063 1795 1230 1862 Ibid.,
1263 1797 1330 1851 l5
1349 1793 1390 1869 ).
1423 1797 1630 1852 Videtis
1649 1812 1809 1868 quam
1839 1797 2064 1853 evidens
2092 1799 2163 1852 sit

566 1888 870 1958 conjugalis
917 1888 1165 1943 deﬁnitio
1204 1889 1501 1943 servitutis.
1543 1890 1661 1944 Non
1713 1904 1814 1958 ego
1844 1889 1948 1944 hoc
1998 1888 2160 1954 dico,

564 1980 661 2036 sed
689 1981 1028 2050 Apostolus:
1065 1996 1166 2036 nec
1197 1982 1307 2048 ille,
1356 1981 1454 2036 sed
1479 1981 1730 2036 Christus
1769 1982 1859 2052 qui
1907 1981 2165 2052 loqueba-

565 2084 654 2130 tur
682 2075 734 2130 iu
763 2090 850 2130 eo.
886 2075 954 2130 Et
982 2076 1119 2132 hanc
1151 2077 1338 2148 utique
1379 2078 1697 2132 servitutem
1729 2075 1797 2132 de
1837 2076 1998 2132 bonis
2028 2090 2162 2131 con-

508 2184 512 2188 '
558 2168 783 2239 jugibus
802 2168 1075 2225 definivit.
1109 2170 1353 2241 Namque
1382 2186 1549 2240 supra
1590 2170 1670 2225 sic
1700 2169 1870 2225 habes
1900 2185 1914 2224 :
1955 2169 2165 2225 Sancti-

559 2261 743 2331 ﬁcatus
765 2270 838 2316 est
867 2263 944 2315 vir
968 2263 1198 2333 inﬁdelis
1239 2279 1329 2334 per
1350 2279 1565 2318 uxorem
1596 2263 1800 2332 ﬁdelem
1844 2279 1862 2316 :
1885 2274 1935 2317 et
1973 2262 2162 2316 sancti-

566 2354 721 2423 ﬁcata
757 2364 830 2408 est
857 2356 1040 2409 mulier
1063 2356 1291 2427 inﬁdelis
1332 2373 1423 2426 per
1461 2357 1707 2411 maritum
1731 2355 1939 2424 fidelem
1961 2355 2161 2427 (Ibid.,

567 2445 692 2518 14).
725 2447 792 2501 Ει
843 2449 982 2502 infra
1021 2448 1213 2514 :Quod
1266 2450 1312 2503 si
1352 2451 1582 2518 infidelis
1629 2451 1866 2514 discedit,
1911 2450 2161 2504 discedat.

572 2539 693 2594 Non
741 2550 814 2594 est
858 2539 886 2579 ι»
932 2543 1164 2596 servituti
1186 2543 1387 2598 deditus
1414 2544 1577 2612 frater
1601 2552 1693 2597 aut
1721 2559 1869 2597 soror
1889 2544 1943 2596 in
1977 2544 2164 2598 talibus

576 2632 597 2702 (
621 2630 789 2696 Ibid.,
817 2632 938 2703 l5).
972 2632 1027 2687 Si
1055 2634 1216 2703 igitur
1239 2633 1438 2688 bonum
1466 2634 1776 2704 conjugium
1799 2635 2031 2688 servitus
2056 2643 2163 2700 est,

574 2732 596 2759 ε
625 2722 825 2776 malum
881 2723 1193 2792 conjugium
1243 2723 1368 2793 quid
1411 2734 1532 2789 est;
1565 2726 1782 2795 quando
1805 2734 2080 2795 nequeunt
2107 2739 2168 2781 se

570 2815 801 2870 invicem
830 2817 1192 2882 sanctiﬁcare,
1227 2816 1322 2872 sed
1355 2816 1630 2886 perdere?

643 2907 731 2962 70.
773 2906 879 2962 Sed
935 2916 997 2961 ut
1046 2907 1113 2962 ad
1159 2908 1384 2978 gratiam
1418 2908 1633 2962 virtutis
1687 2908 1879 2965 viduas
1911 2908 2167 2965 adhorta-

574 3016 717 3066 mur,
760 3001 831 3055 ita
860 3001 1022 3055 etiam
1050 3001 1117 3057 ad
1157 3002 1584 3058 ecclesiasticam
1621 3002 1964 3073 disciplinam
2013 3005 2168 3058 femi-

2264 1785 2368 1840 lior
2389 1784 2699 1855 integritas;
2728 1798 2848 1837 nam
2870 1793 2918 1838 et
2940 1785 3030 1854 qui
3057 1785 3390 1837 matrimonio
3410 1783 3591 1854 jungit
3621 1785 3883 1855 virginem

2265 1894 2432 1944 suam,
2457 1877 2582 1931 bene
2604 1877 2728 1947 facit
2753 1892 2771 1930 :
2797 1885 2841 1931 et
2870 1877 2958 1946 qui
2981 1892 3083 1930 non
3097 1877 3299 1948 jungit,
3319 1875 3505 1929 melius
3532 1878 3658 1946 facit
3678 1877 3721 1947 (I
3747 1873 3877 1929 Cor.

2266 1988 2361 2038 vn,
2393 1974 2508 2044 58).
2539 1971 2694 2039 Quod
2722 1971 2885 2042 igitur
2908 1971 3106 2024 bonum
3130 1980 3234 2039 est,
3267 1985 3374 2025 non
3402 1969 3689 2024 vitandum
3741 1981 3834 2025 est
3865 1988 3880 2022 ε

2267 2066 2410 2136 quod
2441 2075 2525 2120 est
2553 2065 2768 2131 melius,
2797 2063 3113 2134 eligendum
3137 2072 3244 2117 est.
3273 2060 3460 2133 Itaque
3501 2076 3609 2116 non
3641 2062 3885 2132 imponi-

2269 2167 2375 2224 tur,
2420 2157 2567 2215 fsed
2600 2159 2957 2229 prmponitur.
2991 2157 3060 2212 Et
3086 2157 3208 2212 ideo
3251 2157 3389 2211 bene
3441 2154 3748 2226 Apostolus
3792 2155 3881 2208 di-

2272 2254 2389 2307 xit:
2425 2251 2504 2307 De
2558 2252 2842 2325 virginibus
2887 2262 3202 2325 pra'ceptum
3254 2249 3468 2303 Domini
3498 2265 3606 2303 non
3662 2249 3878 2313 habeo,

2270 2347 2547 2401 consilium
2574 2358 2748 2400 autent
2775 2347 2842 2402 do
2870 2345 3072 2417 (Ibid.,
3101 2345 3172 2401 25
3285 2344 3498 2400 Etenim
3535 2351 3879 2414 praeceptum

2271 2442 2323 2497 in
2351 2441 2595 2497 subditos
2619 2442 2807 2509 fertur,
2848 2440 3138 2496 consilium
3167 2439 3362 2494 amicis
3387 2437 3568 2493 datur.
3598 2437 3701 2494 Ubi
3729 2452 3878 2507 pra:-

2269 2545 2481 2606 ccptum
2534 2547 2638 2601 est,
2674 2547 2698 2582 ε
2729 2535 2803 2590 ibi
2852 2536 2938 2591 lex
2981 2545 3066 2590 est
3091 2553 3103 2588 :
3133 2535 3223 2589 ubi
3245 2533 3559 2600 consilium,
3600 2533 3678 2587 ibi
3702 2533 3878 2603 gratia

2270 2637 2372 2683 est.
2410 2628 2770 2698 Praeceptum,
2805 2628 2949 2682 utad
2984 2640 3230 2682 naturam
3261 2634 3480 2681 revocet
3505 2643 3518 2677 :
3543 2625 3876 2688 consilium,

2272 2733 2330 2777 ut
2359 2722 2425 2777 ad
2454 2725 2680 2794 gratiam
2713 2731 2992 2792 provocet.
3020 2721 3082 2776 Et
3109 2721 3230 2776 ideo
3259 2721 3346 2776 lex
3376 2718 3582 2775 Iudaeis
3607 2719 3720 2775 lata
3751 2728 3833 2773 est
3860 2758 3874 2781 ,

2268 2817 2442 2888 gratia
2471 2827 2650 2871 autem
2701 2815 3049 2872 electioribus
3088 2823 3365 2870 reservata
3416 2820 3504 2868 est
3535 2853 3548 2867 .
3582 2812 3726 2878 Lex,
3762 2821 3873 2865 uta

2271 2921 2478 2964 natura:
2525 2908 2720 2964 ﬁnibus
2759 2908 2934 2978 culpa:
2986 2905 3168 2962 studio
3199 2907 3538 2973 demeantes,
3563 2903 3632 2960 ad
3666 2914 3874 2959 naturas

2271 3001 2673 3057 observantiam
2702 3017 2875 3072 pinnat
2899 3011 3109 3058 terrore
3131 3009 3441 3056 revocaret:
3470 2999 3645 3070 gratia
3670 3009 3870 3072 autem,

572 3106 670 3146 nas
703 3107 1090 3161 provocamus;
1115 3095 1238 3163 quia
1272 3095 1512 3150 Ecclesia
1537 3104 1752 3150 constat
1774 3111 1839 3150 ex
1886 3097 2164 3152 omnibus.
2196 3099 2241 3162 C
2272 3105 2330 3150 ut
2360 3096 2567 3151 electos
2590 3109 2713 3150 cum
2743 3095 2925 3151 studio
2949 3095 3237 3162 bonorum,
3264 3103 3375 3148 tum
3394 3092 3690 3163 propositis
3712 3094 3870 3148 etiam

569 3181 595 3220 ι’
624 3183 776 3239 Licet
803 3183 1008 3239 Christi
1039 3200 1194 3256 grex,
1227 3196 1408 3241 tamen
1432 3186 1484 3240 in
1509 3187 1631 3242 aliis
1677 3186 1878 3256 pabulo
1899 3189 2163 3256 vescitur,

569 3275 624 3330 in
667 3277 789 3330 aliis
831 3276 1010 3332 adhuc
1040 3278 1179 3334 lacte
1227 3280 1504 3346 nutritur;
1541 3278 1741 3350 quibus
1782 3281 1892 3350 lupi
1946 3281 2025 3334 illi
2076 3281 2169 3351 qui

573 3369 743 3424 latent
797 3370 850 3424 in
882 3371 1080 3425 vestitu
1133 3372 1338 3438 ovium,
1372 3381 1500 3426 sunt
1539 3372 1786 3436 cavendi,
1820 3373 2170 3429 abstinentiae

569 3466 809 3538 speciem
841 3466 1268 3536 praetendentes,
1298 3476 1657 3537 provocantes
1693 3477 1874 3522 autem
1903 3468 2170 3537 intempe-

571 3561 764 3615 rantia:
789 3558 1110 3616 foeditatem.
1144 3558 1361 3615 Etenim
1385 3560 1511 3629 quia
1560 3561 1737 3614 sciunt
1783 3559 1958 3614 valida
1999 3576 2168 3616 onera

565 3652 869 3718 castitatis;
897 3666 1019 3706 cum
1046 3651 1148 3722 ipsi
1177 3667 1239 3706 ea
1265 3652 1534 3721 attingere
1555 3651 1796 3721 digitulis
1819 3667 1924 3706 non
1947 3663 2165 3722 queant,

572 3747 642 3802 ab
683 3747 804 3802 aliis
855 3761 1017 3817 supra
1063 3747 1280 3801 modum
1329 3747 1589 3816 exigunt,
1631 3761 1754 3800 cum
1809 3745 1910 3817 ipsi
1953 3760 2172 3802 servare

571 3855 672 3896 nec
713 3839 932 3895 modum
985 3841 1229 3910 possint,
1265 3849 1288 3877 °
1317 3839 1411 3895 sed
1461 3840 1665 3909 injusto
1694 3839 1794 3894 sub
1845 3838 1994 3894 fasce
2040 3854 2168 3894 suc-

570 3931 846 3986 cumbant.
893 3931 1145 3987 Mensura
1199 3933 1343 3988 enim
1372 3933 1556 3987 oneris
1585 3946 1687 4001 pro
1732 3946 1987 3986 mensura
2011 3930 2173 3987 debet

568 4039 694 4082 esse
713 4030 995 4096 gestantis,
1026 4027 1264 4096 alioquin
1299 4026 1539 4096 impositi
1571 4025 1755 4082 oneris
1785 4026 1844 4081 fit
1873 4027 2052 4092 ruina,
2077 4027 2171 4083 ubi

570 4119 806 4174 vectoris
859 4117 1144 4173 infirmitas
1183 4131 1305 4184 est;
1357 4136 1482 4174 nam
1539 4127 1594 4174 et
1653 4120 1939 4174 infantium
1988 4119 2172 4175 fames

571 4211 878 4281 strangulat
901 4225 1024 4267 esca
1049 4211 1348 4267 robustior.

641 4305 731 4360 71.
777 4304 845 4358 Et
865 4303 989 4357 ideo
1017 4305 1156 4358 sicut
1184 4303 1476 4359 multitudo
1501 4312 1785 4359 vectorum
1827 4318 1933 4360 non
1965 4321 2159 4375 pauco-

571 4413 691 4454 rum
737 4397 940 4453 viribus
988 4400 1317 4462 aestimatur;
1365 4412 1468 4452 nec
1516 4407 1697 4453 tamen
1742 4397 2063 4455 fortioribus
2102 4400 2171 4455 de

2272 3189 2511 3260 praemiis
2551 3196 2892 3258 provocaret.

2344 3281 2432 3336 75.
2473 3277 2503 3316 ιι
2537 3279 2616 3334 En
2645 3280 2740 3335 tibi
2766 3279 3021 3335 distantia
3077 3279 3335 3350 praecepti
3366 3287 3530 3349 atque
3555 3279 3801 3346 consilii,
3827 3278 3868 3333 si

2272 3375 2426 3431 illum
2459 3373 2790 3441 recorderis,
2823 3375 2908 3430 cui
2937 3375 2990 3429 in
3041 3373 3330 3445 Evangelio
3359 3373 3586 3441 (Matth.
3632 3389 3760 3440 nx,
3808 3373 3869 3427 ts

2271 3477 2320 3522 et
2359 3466 2508 3538 seq.)
2539 3477 2666 3522 ante
2691 3467 3083 3538 praiscrihitur,
3115 3482 3183 3522 ne
3208 3465 3562 3521 homicidium
3594 3463 3783 3530 faciat,
3808 3481 3870 3519 ne

2271 3559 2597 3615 adulterium
2626 3559 2898 3627 admittat,
2933 3575 3001 3614 ne
3029 3559 3222 3614 falsum
3266 3558 3638 3614 tesﬁmonium
3699 3560 3868 3620 dicat;

2275 3663 2601 3727 prmceptum
2635 3655 2834 3710 etenim
2869 3655 2940 3711 ibi
2963 3663 3081 3722 est,
3111 3655 3204 3708 ubi
3237 3663 3323 3708 est
3351 3666 3508 3722 parua
3535 3654 3776 3724 peccati.
3809 3654 3873 3706 At

2271 3763 2404 3804 vero
2432 3763 2636 3803 cumse
2667 3758 2937 3817 prmcepta
2971 3747 3106 3818 legis
3152 3753 3510 3800 memorasset
3565 3745 3825 3815 implesse
3852 3783 3866 3808 ,

2271 3839 2556 3896 consilium
2580 3839 2757 3895 eidem
2784 3840 2964 3906 datur,
2992 3851 3050 3894 ut
3080 3838 3281 3894 vendat
3306 3837 3509 3903 omnia,
3534 3847 3590 3892 et
3611 3848 3868 3908 sequatur

2275 3933 2594 3999 Dominum;
2631 3934 2746 3988 lucc
2785 3934 2929 3987 enim
2959 3948 3063 3988 non
3097 3940 3372 4003 praecepto
3395 3929 3866 4000 impcrantur,scd

2274 4045 2375 4102 pro
2401 4029 2634 4084 consilio
2659 4027 3003 4084 deferuntur.
3035 4026 3244 4095 Duplex
3271 4040 3503 4094 namque
3527 4023 3700 4079 forma
3727 4038 3869 4079 mau-

2274 4123 2388 4178 dati
2439 4132 2559 4178 est:
2595 4136 2701 4176 una
2747 4120 3096 4191 praeceptiva,
3147 4119 3321 4174 altera
3353 4119 3685 4174 voluntaria.
3721 4117 3868 4175 Unde

2274 4225 2331 4273 et
2350 4217 2613 4272 Dominus
2644 4217 2695 4270 in
2727 4215 2832 4270 alia
2863 4214 3032 4270 dicit:
3069 4213 3192 4269 Non
3217 4213 3438 4276 occides,
3469 4213 3559 4268 ubi
3583 4216 3868 4286 praeepit;

2276 4307 2331 4364 in
2361 4308 2466 4362 alia
2491 4325 2504 4362 :
2544 4309 2605 4364 Si
2626 4309 2701 4362 vis
2727 4307 2986 4378 perfectus
3013 4323 3144 4373 esse,
3177 4307 3339 4361 vende
3367 4307 3543 4360 omnia
3587 4316 3700 4362 tua.
3737 4309 3869 4378 Ergo

2277 4402 2365 4458 hic
2395 4402 2531 4458 liber
2560 4413 2643 4458 est
2673 4417 2702 4456 a
2727 4412 3024 4472 prmcepto,
3066 4401 3079 4438 ί
3123 4403 3209 4457 cui
3249 4401 3491 4456 defertur
3525 4402 3836 4458 arbitrium.

570 4493 804 4546 aliorum
875 4487 1187 4544 infirmitate
1252 4488 1665 4558 praescribitur,
1735 4489 1830 4545 sed
1880 4491 2252 4562 unicuiqueD
2345 4495 2663 4566 74.1taque
2715 4495 2807 4565 qui
2843 4505 3177 4565 przeceptum
3235 4493 3602 4564 impleverint,
3651 4503 3870 4566 possunt

570 4592 832 4655 quantum
877 4583 1064 4637 oneris
1111 4581 1297 4638 subire
1350 4581 1557 4652 cupiat,
1581 4581 1884 4648 relaxatur,
1917 4594 2170 4641 manente

571 4676 839 4732 mercedis
859 4676 1078 4730 cumulo
1106 4674 1160 4730 in
1186 4674 1400 4730 virtutis
1439 4683 1768 4746 augmento:
1799 4675 1870 4730 ita
1905 4679 2067 4731 etiam
2093 4678 2166 4733 fe-

570 4772 734 4828 minis
765 4785 871 4826 non
897 4770 1124 4842 laqueus
1153 4769 1503 4836 injiciendus,
1534 4785 1639 4824 non
1664 4784 1824 4839 supra
1876 4771 2020 4826 vires
2043 4773 2164 4828 abs-

641 4898 665 4923 "
709 4886 832 4941 Mss.
862 4883 1089 4954 aliquot,
1125 4881 1269 4937 Bona
1311 4883 1387 4937 vis
1430 4885 1621 4938 amoris
1660 4883 1868 4952 gratia;
1915 4885 2160 4941 nonnulli

568 4960 732 5014 etiam
755 5000 769 5024 ,
802 4956 1002 5010 Bonam
1024 4956 1097 5010 ris
1112 4955 1297 5010 habere
1316 4957 1568 5026 gratiam;
1591 4956 1782 5012 melius
1811 4955 1901 5009 alii
1930 4967 1985 5011 et
2005 4956 2163 5024 edit.,

570 5031 718 5085 Bona
741 5031 927 5095 mutui,
961 5036 1065 5082 etc.

642 5102 668 5141 δ
711 5102 867 5156 Rom.
897 5099 1054 5162 edit.,
1085 5097 1317 5152 servituti
1345 5097 1586 5151 addictus
1619 5097 1799 5167 frater.

647 5185 669 5212 ο
712 5170 960 5241 Plerique
992 5187 1148 5234 mss.,
1182 5171 1372 5222 malum
1401 5170 1524 5239 quid
1545 5180 1649 5241 est;
1677 5168 1880 5235 quando
1907 5180 2164 5238 nequeunt

567 5261 622 5298 se
643 5239 1208 5311 inuicentsanctiﬁcure
1230 5242 1254 5294 ?
1276 5242 1382 5296 Sed
1414 5242 1481 5292 ad
1517 5239 1758 5311 Ecclesia:
1783 5241 2114 5311 disciplinam
2145 5282 2159 5304 ,

565 5324 670 5369 etc.
702 5314 976 5368 Continuo
1003 5309 1133 5366 vero
1166 5321 1309 5382 post,
1335 5311 1424 5364 ubi
1479 5309 1608 5364 edit.
1659 5325 1848 5364 omnes
1874 5351 1888 5373 ,
1921 5309 1999 5364 Et
2045 5313 2160 5367 licet

566 5384 759 5440 Christi
786 5401 910 5454 great
935 5394 1128 5440 constet
1175 5399 1238 5437 ea:
1266 5382 1535 5446 omnibus;
1579 5397 1708 5454 grta;
1732 5393 1898 5434 tamen
1927 5383 1981 5435 in
2004 5383 2123 5454 aliis
2151 5426 2165 5450 ,

565 5468 672 5512 etc.
700 5474 714 5523 ;
745 5453 937 5510 omnes
965 5471 1094 5511 mss.
1127 5454 1388 5509 exhibent
1418 5469 1536 5508 eam
1588 5453 1880 5507 lectionem
1912 5494 1928 5519 ,
1987 5453 2110 5524 quae
2137 5472 2166 5508 a

567 5529 727 5583 nobis
761 5528 812 5581 in
850 5536 1054 5581 textum
1088 5536 1305 5596 recepta
1347 5533 1451 5580 est.

639 5597 666 5636 ά
712 5597 881 5660 Edit.,
912 5597 979 5651 Et
1006 5599 1120 5652 licet
1149 5595 1343 5652 Christi
1377 5613 1503 5668 grea:
1543 5603 1737 5650 constet
1789 5611 1853 5649 ea:
1885 5595 2121 5650 onmibus
2151 5638 2167 5665 ,

567 5684 695 5738 grex
709 5737 713 5738 ν
725 5679 914 5734 tamen,
943 5678 1051 5723 etc.

638 5748 661 5774 ο
700 5737 928 5805 Iniusto,
961 5738 1013 5792 id
1042 5743 1144 5805 est,
1189 5736 1356 5793 nimio
1405 5749 1459 5794 et
1511 5735 1716 5793 viribus
1757 5735 1967 5808 majore
1993 5755 2007 5792 :
2037 5752 2159 5798 aues

2277 4589 2494 4645 dicere:
2530 4588 2679 4644 Servi
2709 4588 2918 4642 inutiles
2945 4603 3124 4642 sumus
3149 4603 3169 4641 :
3195 4589 3335 4658 quod
3363 4586 3636 4640 debuimus
3666 4593 3832 4658 facere
3851 4627 3864 4648 ,

2277 4683 2494 4755 fecimus
2523 4680 2691 4751 (Luc.
2726 4697 2864 4746 xvn,
2899 4679 3024 4752 10).
3059 4679 3174 4734 Hoc
3203 4680 3359 4751 virgo
3388 4695 3495 4733 non
3547 4679 3729 4747 dicit,
3772 4693 3866 4733 non

2275 4774 2405 4828 dicit
2430 4774 2520 4828 ille
2545 4774 2634 4843 qui
2666 4774 2804 4826 bona
2837 4787 2934 4826 sua
2964 4771 3205 4826 vendidit
3236 4787 3249 4824 :
3283 4770 3378 4825 sed
3423 4771 3580 4841 quasi
3639 4771 3867 4842 reposita

2272 4890 2477 4948 locutio
2505 4890 2673 4960 petita
2701 4896 2838 4942 este
2868 4886 3167 4958 Virgiliano
3196 4887 3295 4942 illo
3337 4902 3401 4941 ex
3434 4901 3489 4940 nt
3518 4886 3728 4960 Georg.
3759 4905 3772 4942 :

2520 5002 2707 5066 Injusto
2729 5000 2822 5050 sub
2845 4999 2977 5051 fasce
3003 5002 3126 5050 viam
3145 5001 3262 5051 dum
3287 5003 3464 5064 carpit,
3501 5004 3602 5051 etc.

2351 5096 2370 5135 ί
2417 5097 2545 5152 Mss.
2579 5110 2685 5149 non
2717 5094 2902 5162 pauci,
2933 5093 3022 5148 sed
3044 5095 3374 5163 proponitur.
3402 5093 3571 5148 Iidem
3603 5093 3771 5148 etiam
3798 5092 3868 5146 in-

2272 5168 2376 5230 fra,
2423 5169 2512 5222 ubi
2553 5167 2846 5230 consilium,
2888 5167 3110 5235 gratiam
3161 5174 3424 5235 provocat.
3486 5164 3554 5218 Et
3601 5166 3745 5232 ideo,
3768 5175 3862 5220 etc.

2271 5241 2376 5296 Alii
2412 5254 2542 5293 vero
2572 5249 2625 5293 ct
2653 5254 2840 5291 omnes
2873 5237 3002 5292 edit.
3038 5236 3321 5291 nobiscum
3356 5236 3581 5290 faciunt.

2346 5321 2370 5358 8
2413 5311 2540 5364 Mss.
2577 5325 2682 5362 non
2713 5309 2885 5375 pauci,
2916 5307 2985 5360 ibi
3015 5307 3100 5360 lea:
3121 5317 3217 5374 est,
3248 5307 3334 5361 ubi
3357 5309 3637 5361 consilium
3659 5308 3862 5379 gratiam

2273 5391 2538 5454 provocat.
2571 5379 2637 5434 Et
2664 5380 2800 5454 ideo,
2824 5390 2928 5436 etc.

2347 5452 2373 5489 ιι
2419 5453 2492 5505 lta
2525 5467 2654 5505 mss.
2677 5452 2826 5504 nullo
2853 5459 3110 5520 excepto:
3132 5459 3321 5504 contra
3350 5465 3482 5504 vero
3509 5463 3708 5505 omnes
3724 5449 3860 5513 edit.,

2276 5523 2348 5580 Et
2383 5533 2436 5578 ut
2466 5523 2723 5592 intelligas
2752 5523 3052 5576 distantiam
3073 5523 3278 5576 consilii
3317 5533 3471 5591 atque
3502 5525 3750 5593 prtecepti
3773 5563 3787 5589 ,
3808 5520 3860 5571 il—

2275 5597 2382 5650 lum
2409 5595 2714 5649 recorderis.
3432 5659 3436 5662 _
3465 5657 3467 5662 η
3841 5649 3843 5654 .

2271 5738 2321 5791 θ’
2352 5665 2564 5746 ‘-_l'.iuci
2594 5679 2753 5731 mss.,
2786 5663 2881 5720 sed
2908 5677 3099 5720 omnes
3119 5662 3282 5732 edit.,
3307 5659 3472 5735 Cujus
3520 5662 3759 5736 defertur
3781 5678 3853 5716 ore

2305 5748 2443 5791 una.

2305 5737 2443 5792 itria.
