  <div class='ocr_page' id='page_1' title='image "/cluster/home/n/w/nwhite01/storage/ocr_20150623/16/uva.x000826550/136.png"; bbox 0 0 3974 6186; ppageno 0'>
   <div class='ocr_carea' id='block_1_1' title="bbox 123 237 209 292">
    <p class='ocr_par' dir='ltr' id='par_1_1' title="bbox 123 237 209 292">
     <span class='ocr_line' id='line_1_1' title="bbox 123 237 209 292; baseline -0.023 0"><span class='ocrx_word' id='word_1_1' title='bbox 123 237 209 292; x_wconf 66' lang='lat'><strong>9.37</strong></span> 
     </span>
    </p>
   </div>
   <div class='ocr_carea' id='block_1_2' title="bbox 1312 229 2156 291">
    <p class='ocr_par' dir='ltr' id='par_1_2' title="bbox 1312 229 2156 291">
     <span class='ocr_line' id='line_1_2' title="bbox 1312 229 2156 291; baseline 0 -3"><span class='ocrx_word' id='word_1_2' title='bbox 1312 233 1402 288; x_wconf 85' lang='lat' dir='ltr'><strong>DE</strong></span> <span class='ocrx_word' id='word_1_3' title='bbox 1438 229 1663 290; x_wconf 83' lang='lat' dir='ltr'><strong>VIDUIS</strong></span> <span class='ocrx_word' id='word_1_4' title='bbox 1705 231 1910 287; x_wconf 68' lang='grc' dir='ltr'>ιιιιιςιι</span> <span class='ocrx_word' id='word_1_5' title='bbox 1954 233 2156 291; x_wconf 82' lang='lat' dir='ltr'><strong>UNUS.</strong></span> 
     </span>
    </p>
   </div>
   <div class='ocr_carea' id='block_1_3' title="bbox 3264 234 3374 291">
    <p class='ocr_par' dir='ltr' id='par_1_3' title="bbox 3264 234 3374 291">
     <span class='ocr_line' id='line_1_3' title="bbox 3264 234 3374 291; baseline 0.018 -2"><span class='ocrx_word' id='word_1_6' title='bbox 3264 234 3374 291; x_wconf 72' lang='lat'><strong>258</strong></span> 
     </span>
    </p>
   </div>
   <div class='ocr_carea' id='block_1_4' title="bbox 123 348 3376 424">
    <p class='ocr_par' dir='ltr' id='par_1_4' title="bbox 123 348 3376 424">
     <span class='ocr_line' id='line_1_4' title="bbox 123 348 3376 424; baseline -0 -17"><span class='ocrx_word' id='word_1_7' title='bbox 123 360 365 424; x_wconf 73' lang='lat' dir='ltr'><strong>exspectat</strong></span> <span class='ocrx_word' id='word_1_8' title='bbox 391 351 634 422; x_wconf 79' lang='lat' dir='ltr'><strong>praemia,</strong></span> <span class='ocrx_word' id='word_1_9' title='bbox 680 350 819 406; x_wconf 91' lang='lat' dir='ltr'><strong>sicut</strong></span> <span class='ocrx_word' id='word_1_10' title='bbox 847 357 1070 404; x_wconf 86' lang='lat' dir='ltr'><strong>sanctus</strong></span> <span class='ocrx_word' id='word_1_11' title='bbox 1115 348 1412 418; x_wconf 74' lang='lat' dir='ltr'><strong>Apostolus</strong></span> <span class='ocrx_word' id='word_1_12' title='bbox 1432 351 1524 420; x_wconf 88' lang='lat' dir='ltr'><strong>qui</strong></span> <span class='ocrx_word' id='word_1_13' title='bbox 1551 349 1625 403; x_wconf 99' lang='lat' dir='ltr'><strong>ait</strong></span> <span class='ocrx_word' id='word_1_14' title='bbox 1653 366 1666 401; x_wconf 91' lang='lat'>:</span> <span class='ocrx_word' id='word_1_15' title='bbox 1699 348 1748 408; x_wconf 84' lang='grc' dir='ltr'>Λ</span> <span class='ocrx_word' id='word_1_16' title='bbox 1777 357 1986 403; x_wconf 79' lang='lat' dir='ltr'><strong>natura:</strong></span> <span class='ocrx_word' id='word_1_17' title='bbox 2015 348 2332 417; x_wconf 76' lang='lat' dir='ltr'><strong>necessitas,</strong></span> <span class='ocrx_word' id='word_1_18' title='bbox 2367 358 2392 385; x_wconf 69' lang='grc' dir='ltr'>α</span> <span class='ocrx_word' id='word_1_19' title='bbox 2447 364 2553 403; x_wconf 92' lang='lat' dir='ltr'><strong>non</strong></span> <span class='ocrx_word' id='word_1_20' title='bbox 2599 349 2770 405; x_wconf 89' lang='lat' dir='ltr'><strong>virtus</strong></span> <span class='ocrx_word' id='word_1_21' title='bbox 2790 357 2872 406; x_wconf 93' lang='lat' dir='ltr'><strong>est</strong></span> <span class='ocrx_word' id='word_1_22' title='bbox 2907 350 3170 406; x_wconf 90' lang='lat' dir='ltr'><strong>castitatis</strong></span> <span class='ocrx_word' id='word_1_23' title='bbox 3199 352 3376 406; x_wconf 86' lang='lat' dir='ltr'><strong>homi-</strong></span> 
     </span>
    </p>
   </div>
   <div class='ocr_carea' id='block_1_5' title="bbox 123 441 1668 512">
    <p class='ocr_par' dir='ltr' id='par_1_5' title="bbox 123 441 1668 512">
     <span class='ocr_line' id='line_1_5' title="bbox 123 441 1668 512; baseline -0.003 -13"><span class='ocrx_word' id='word_1_24' title='bbox 123 445 230 499; x_wconf 80' lang='lat' dir='ltr'><strong>Erce</strong></span> <span class='ocrx_word' id='word_1_25' title='bbox 261 461 344 498; x_wconf 86' lang='lat' dir='ltr'><strong>nos</strong></span> <span class='ocrx_word' id='word_1_26' title='bbox 387 444 684 512; x_wconf 72' lang='lat' dir='ltr'><strong>reliquimus</strong></span> <span class='ocrx_word' id='word_1_27' title='bbox 722 442 916 509; x_wconf 82' lang='lat' dir='ltr'><strong>omnia,</strong></span> <span class='ocrx_word' id='word_1_28' title='bbox 951 453 998 496; x_wconf 88' lang='lat' dir='ltr'><strong>et</strong></span> <span class='ocrx_word' id='word_1_29' title='bbox 1021 442 1178 496; x_wconf 89' lang='lat' dir='ltr'><strong>secuti</strong></span> <span class='ocrx_word' id='word_1_30' title='bbox 1209 458 1386 496; x_wconf 88' lang='lat' dir='ltr'><strong>sumus</strong></span> <span class='ocrx_word' id='word_1_31' title='bbox 1423 451 1492 506; x_wconf 92' lang='lat' dir='ltr'><strong>te,</strong></span> <span class='ocrx_word' id='word_1_32' title='bbox 1544 441 1668 511; x_wconf 83' lang='lat' dir='ltr'><strong>qu&#39;d</strong></span> 
     </span>
    </p>
   </div>
   <div class='ocr_carea' id='block_1_6' title="bbox 123 533 1668 609">
    <p class='ocr_par' dir='ltr' id='par_1_6' title="bbox 123 533 1668 609">
     <span class='ocr_line' id='line_1_6' title="bbox 123 533 1668 609; baseline -0.002 -17"><span class='ocrx_word' id='word_1_33' title='bbox 123 555 216 609; x_wconf 81' lang='lat' dir='ltr'><strong>ergo</strong></span> <span class='ocrx_word' id='word_1_34' title='bbox 238 535 366 591; x_wconf 86' lang='lat' dir='ltr'><strong>nobis</strong></span> <span class='ocrx_word' id='word_1_35' title='bbox 390 537 481 590; x_wconf 88' lang='lat' dir='ltr'><strong>erit</strong></span> <span class='ocrx_word' id='word_1_36' title='bbox 512 536 532 609; x_wconf 89' lang='lat'><strong>(</strong></span> <span class='ocrx_word' id='word_1_37' title='bbox 559 534 744 589; x_wconf 80' lang='lat' dir='ltr'><strong>Matth.</strong></span> <span class='ocrx_word' id='word_1_38' title='bbox 776 551 886 602; x_wconf 75' lang='lat' dir='ltr'><strong>nx,</strong></span> <span class='ocrx_word' id='word_1_39' title='bbox 918 533 988 588; x_wconf 71' lang='lat'><strong>27</strong></span> <span class='ocrx_word' id='word_1_40' title='bbox 1012 533 1213 606; x_wconf 85' lang='lat' dir='ltr'><strong>)?_Non</strong></span> <span class='ocrx_word' id='word_1_41' title='bbox 1241 534 1394 605; x_wconf 83' lang='lat' dir='ltr'><strong>quasi</strong></span> <span class='ocrx_word' id='word_1_42' title='bbox 1453 533 1668 589; x_wconf 73' lang='lat' dir='ltr'><strong>inutilis</strong></span> 
     </span>
    </p>
   </div>
   <div class='ocr_carea' id='block_1_7' title="bbox 124 626 1668 700">
    <p class='ocr_par' dir='ltr' id='par_1_7' title="bbox 124 626 1668 700">
     <span class='ocr_line' id='line_1_7' title="bbox 124 626 1668 700; baseline -0.002 -14"><span class='ocrx_word' id='word_1_43' title='bbox 124 646 292 692; x_wconf 87' lang='lat' dir='ltr'><strong>servus,</strong></span> <span class='ocrx_word' id='word_1_44' title='bbox 322 629 461 700; x_wconf 90' lang='lat' dir='ltr'><strong>quod</strong></span> <span class='ocrx_word' id='word_1_45' title='bbox 487 628 676 684; x_wconf 86' lang='lat' dir='ltr'><strong>debuit</strong></span> <span class='ocrx_word' id='word_1_46' title='bbox 697 627 898 698; x_wconf 75' lang='lat' dir='ltr'><strong>facere,</strong></span> <span class='ocrx_word' id='word_1_47' title='bbox 933 643 997 683; x_wconf 89' lang='lat' dir='ltr'><strong>ea</strong></span> <span class='ocrx_word' id='word_1_48' title='bbox 1028 628 1222 683; x_wconf 80' lang='lat' dir='ltr'><strong>fecisse</strong></span> <span class='ocrx_word' id='word_1_49' title='bbox 1261 643 1321 682; x_wconf 87' lang='lat' dir='ltr'><strong>se</strong></span> <span class='ocrx_word' id='word_1_50' title='bbox 1365 627 1500 683; x_wconf 83' lang='lat' dir='ltr'><strong>dixit</strong></span> <span class='ocrx_word' id='word_1_51' title='bbox 1533 626 1668 683; x_wconf 92' lang='lat' dir='ltr'><strong>:sed</strong></span> 
     </span>
    </p>
   </div>
   <div class='ocr_carea' id='block_1_8' title="bbox 125 721 1669 795">
    <p class='ocr_par' dir='ltr' id='par_1_8' title="bbox 125 721 1669 795">
     <span class='ocr_line' id='line_1_8' title="bbox 125 721 1669 795; baseline 0.003 -22"><span class='ocrx_word' id='word_1_52' title='bbox 125 723 241 795; x_wconf 75' lang='lat' dir='ltr'><strong>quasi</strong></span> <span class='ocrx_word' id='word_1_53' title='bbox 268 722 401 777; x_wconf 89' lang='lat' dir='ltr'><strong>utilis</strong></span> <span class='ocrx_word' id='word_1_54' title='bbox 421 721 664 788; x_wconf 90' lang='lat' dir='ltr'><strong>domino,</strong></span> <span class='ocrx_word' id='word_1_55' title='bbox 696 724 788 793; x_wconf 91' lang='lat' dir='ltr'><strong>qui</strong></span> <span class='ocrx_word' id='word_1_56' title='bbox 818 721 1112 777; x_wconf 88' lang='lat' dir='ltr'><strong>commissa</strong></span> <span class='ocrx_word' id='word_1_57' title='bbox 1139 721 1245 776; x_wconf 88' lang='lat' dir='ltr'><strong>sibi</strong></span> <span class='ocrx_word' id='word_1_58' title='bbox 1277 721 1476 777; x_wconf 90' lang='lat' dir='ltr'><strong>talenta</strong></span> <span class='ocrx_word' id='word_1_59' title='bbox 1519 737 1669 793; x_wconf 81' lang='lat' dir='ltr'><strong>quae-</strong></span> 
     </span>
    </p>
   </div>
   <div class='ocr_carea' id='block_1_9' title="bbox 124 811 1666 885">
    <p class='ocr_par' dir='ltr' id='par_1_9' title="bbox 124 811 1666 885">
     <span class='ocr_line' id='line_1_9' title="bbox 124 811 1666 885; baseline -0.002 -16"><span class='ocrx_word' id='word_1_60' title='bbox 124 817 214 870; x_wconf 83' lang='lat' dir='ltr'><strong>sitis</strong></span> <span class='ocrx_word' id='word_1_61' title='bbox 235 813 596 885; x_wconf 88' lang='lat' dir='ltr'><strong>multiplicavit</strong></span> <span class='ocrx_word' id='word_1_62' title='bbox 628 814 828 878; x_wconf 88' lang='lat' dir='ltr'><strong>usuris,</strong></span> <span class='ocrx_word' id='word_1_63' title='bbox 858 811 1171 868; x_wconf 86' lang='lat' dir='ltr'><strong>mercedem</strong></span> <span class='ocrx_word' id='word_1_64' title='bbox 1205 811 1329 868; x_wconf 84' lang='lat' dir='ltr'><strong>ﬁdei</strong></span> <span class='ocrx_word' id='word_1_65' title='bbox 1370 822 1534 883; x_wconf 89' lang='lat' dir='ltr'><strong>atque</strong></span> <span class='ocrx_word' id='word_1_66' title='bbox 1556 813 1666 867; x_wconf 80' lang='lat' dir='ltr'><strong>vir-</strong></span> 
     </span>
    </p>
   </div>
   <div class='ocr_carea' id='block_1_10' title="bbox 126 905 1667 976">
    <p class='ocr_par' dir='ltr' id='par_1_10' title="bbox 126 905 1667 976">
     <span class='ocr_line' id='line_1_10' title="bbox 126 905 1667 976; baseline -0.001 -15"><span class='ocrx_word' id='word_1_67' title='bbox 126 908 221 961; x_wconf 75' lang='lat' dir='ltr'><strong>tutis</strong></span> <span class='ocrx_word' id='word_1_68' title='bbox 251 907 379 960; x_wconf 85' lang='lat' dir='ltr'><strong>bene</strong></span> <span class='ocrx_word' id='word_1_69' title='bbox 407 905 512 960; x_wconf 88' lang='lat' dir='ltr'><strong>sibi</strong></span> <span class='ocrx_word' id='word_1_70' title='bbox 543 905 817 972; x_wconf 81' lang='lat' dir='ltr'><strong>conscius,</strong></span> <span class='ocrx_word' id='word_1_71' title='bbox 850 905 1282 976; x_wconf 88' lang='lat' dir='ltr'><strong>meritorumque</strong></span> <span class='ocrx_word' id='word_1_72' title='bbox 1309 920 1538 960; x_wconf 87' lang='lat' dir='ltr'><strong>securus</strong></span> <span class='ocrx_word' id='word_1_73' title='bbox 1569 920 1667 960; x_wconf 82' lang='lat' dir='ltr'><strong>ex-</strong></span> 
     </span>
    </p>
   </div>
   <div class='ocr_carea' id='block_1_11' title="bbox 128 997 1670 1071">
    <p class='ocr_par' dir='ltr' id='par_1_11' title="bbox 128 997 1670 1071">
     <span class='ocr_line' id='line_1_11' title="bbox 128 997 1670 1071; baseline -0.003 -15"><span class='ocrx_word' id='word_1_74' title='bbox 128 1011 310 1069; x_wconf 79' lang='lat' dir='ltr'><strong>spectat.</strong></span> <span class='ocrx_word' id='word_1_75' title='bbox 340 1001 404 1054; x_wconf 87' lang='lat' dir='ltr'><strong>Et</strong></span> <span class='ocrx_word' id='word_1_76' title='bbox 434 999 560 1055; x_wconf 92' lang='lat' dir='ltr'><strong>ideo</strong></span> <span class='ocrx_word' id='word_1_77' title='bbox 588 999 637 1055; x_wconf 91' lang='lat' dir='ltr'><strong>ei</strong></span> <span class='ocrx_word' id='word_1_78' title='bbox 665 1015 790 1054; x_wconf 87' lang='lat' dir='ltr'><strong>cmn</strong></span> <span class='ocrx_word' id='word_1_79' title='bbox 819 1003 1035 1055; x_wconf 69' lang='lat' dir='ltr'><strong>czeteris</strong></span> <span class='ocrx_word' id='word_1_80' title='bbox 1083 998 1320 1054; x_wconf 88' lang='lat' dir='ltr'><strong>dicitur:</strong></span> <span class='ocrx_word' id='word_1_81' title='bbox 1355 999 1520 1071; x_wconf 77' lang='lat'><strong>206</strong></span> <span class='ocrx_word' id='word_1_82' title='bbox 1563 997 1670 1053; x_wconf 87' lang='lat' dir='ltr'><strong>Vos</strong></span> 
     </span>
    </p>
   </div>
   <div class='ocr_carea' id='block_1_12' title="bbox 127 1088 1672 1162">
    <p class='ocr_par' dir='ltr' id='par_1_12' title="bbox 127 1088 1672 1162">
     <span class='ocr_line' id='line_1_12' title="bbox 127 1088 1672 1162; baseline -0.001 -17"><span class='ocrx_word' id='word_1_83' title='bbox 127 1095 191 1160; x_wconf 82' lang='lat' dir='ltr'><strong>qui</strong></span> <span class='ocrx_word' id='word_1_84' title='bbox 217 1093 360 1147; x_wconf 84' lang='lat' dir='ltr'><strong>secuti</strong></span> <span class='ocrx_word' id='word_1_85' title='bbox 389 1092 507 1147; x_wconf 88' lang='lat' dir='ltr'><strong>estis</strong></span> <span class='ocrx_word' id='word_1_86' title='bbox 537 1107 614 1146; x_wconf 89' lang='lat' dir='ltr'><strong>me</strong></span> <span class='ocrx_word' id='word_1_87' title='bbox 643 1092 697 1145; x_wconf 87' lang='lat' dir='ltr'><strong>in</strong></span> <span class='ocrx_word' id='word_1_88' title='bbox 738 1091 1142 1162; x_wconf 82' lang='lat' dir='ltr'><strong>regeneratione,</strong></span> <span class='ocrx_word' id='word_1_89' title='bbox 1193 1108 1310 1144; x_wconf 90' lang='lat' dir='ltr'><strong>cum</strong></span> <span class='ocrx_word' id='word_1_90' title='bbox 1353 1091 1543 1145; x_wconf 88' lang='lat' dir='ltr'><strong>sederit</strong></span> <span class='ocrx_word' id='word_1_91' title='bbox 1576 1088 1672 1144; x_wconf 83' lang='lat' dir='ltr'><strong>Fi-</strong></span> 
     </span>
    </p>
   </div>
   <div class='ocr_carea' id='block_1_13' title="bbox 123 1185 1672 1258">
    <p class='ocr_par' dir='ltr' id='par_1_13' title="bbox 123 1185 1672 1258">
     <span class='ocr_line' id='line_1_13' title="bbox 123 1185 1672 1258; baseline 0 -19"><span class='ocrx_word' id='word_1_92' title='bbox 123 1189 194 1240; x_wconf 76' lang='lat' dir='ltr'><strong>lius</strong></span> <span class='ocrx_word' id='word_1_93' title='bbox 231 1187 436 1241; x_wconf 86' lang='lat' dir='ltr'><strong>hominis</strong></span> <span class='ocrx_word' id='word_1_94' title='bbox 483 1187 538 1240; x_wconf 88' lang='lat' dir='ltr'><strong>in</strong></span> <span class='ocrx_word' id='word_1_95' title='bbox 581 1187 702 1240; x_wconf 86' lang='lat' dir='ltr'><strong>sede</strong></span> <span class='ocrx_word' id='word_1_96' title='bbox 731 1187 1017 1258; x_wconf 84' lang='lat' dir='ltr'><strong>majestatis</strong></span> <span class='ocrx_word' id='word_1_97' title='bbox 1060 1202 1187 1248; x_wconf 69' lang='lat' dir='ltr'><strong>sure,</strong></span> <span class='ocrx_word' id='word_1_98' title='bbox 1227 1185 1469 1241; x_wconf 86' lang='lat' dir='ltr'><strong>sedebitis</strong></span> <span class='ocrx_word' id='word_1_99' title='bbox 1499 1193 1546 1239; x_wconf 91' lang='lat' dir='ltr'><strong>et</strong></span> <span class='ocrx_word' id='word_1_100' title='bbox 1569 1185 1672 1254; x_wconf 89' lang='lat' dir='ltr'><strong>ipsi</strong></span> 
     </span>
    </p>
   </div>
   <div class='ocr_carea' id='block_1_14' title="bbox 121 1276 1668 1351">
    <p class='ocr_par' dir='ltr' id='par_1_14' title="bbox 121 1276 1668 1351">
     <span class='ocr_line' id='line_1_14' title="bbox 121 1276 1668 1351; baseline -0.001 -18"><span class='ocrx_word' id='word_1_101' title='bbox 121 1295 241 1346; x_wconf 70' lang='lat' dir='ltr'><strong>supra</strong></span> <span class='ocrx_word' id='word_1_102' title='bbox 267 1279 525 1332; x_wconf 77' lang='lat' dir='ltr'><strong>duodecim</strong></span> <span class='ocrx_word' id='word_1_103' title='bbox 551 1278 715 1346; x_wconf 86' lang='lat' dir='ltr'><strong>sedes,</strong></span> <span class='ocrx_word' id='word_1_104' title='bbox 739 1278 1036 1351; x_wconf 88' lang='lat' dir='ltr'><strong>judicantes</strong></span> <span class='ocrx_word' id='word_1_105' title='bbox 1066 1277 1229 1332; x_wconf 83' lang='lat' dir='ltr'><strong>tribus</strong></span> <span class='ocrx_word' id='word_1_106' title='bbox 1256 1277 1428 1332; x_wconf 81' lang='lat' dir='ltr'><strong>Israel</strong></span> <span class='ocrx_word' id='word_1_107' title='bbox 1458 1279 1476 1345; x_wconf 88' lang='lat'><strong>(</strong></span> <span class='ocrx_word' id='word_1_108' title='bbox 1503 1276 1668 1344; x_wconf 87' lang='lat' dir='ltr'><strong>Ibid.,</strong></span> 
     </span>
    </p>
   </div>
   <div class='ocr_carea' id='block_1_15' title="bbox 121 1371 1672 1442">
    <p class='ocr_par' dir='ltr' id='par_1_15' title="bbox 121 1371 1672 1442">
     <span class='ocr_line' id='line_1_15' title="bbox 121 1371 1672 1442; baseline 0 -17"><span class='ocrx_word' id='word_1_109' title='bbox 121 1371 222 1441; x_wconf 74' lang='lat'><strong>23).</strong></span> <span class='ocrx_word' id='word_1_110' title='bbox 251 1373 311 1426; x_wconf 82' lang='lat' dir='ltr'><strong>At</strong></span> <span class='ocrx_word' id='word_1_111' title='bbox 339 1387 466 1427; x_wconf 87' lang='lat' dir='ltr'><strong>vero</strong></span> <span class='ocrx_word' id='word_1_112' title='bbox 492 1371 569 1426; x_wconf 92' lang='lat' dir='ltr'><strong>illi</strong></span> <span class='ocrx_word' id='word_1_113' title='bbox 603 1372 696 1442; x_wconf 89' lang='lat' dir='ltr'><strong>qui</strong></span> <span class='ocrx_word' id='word_1_114' title='bbox 743 1372 942 1426; x_wconf 87' lang='lat' dir='ltr'><strong>talenta</strong></span> <span class='ocrx_word' id='word_1_115' title='bbox 982 1380 1318 1437; x_wconf 69' lang='lat' dir='ltr'><strong>servaverant,</strong></span> <span class='ocrx_word' id='word_1_116' title='bbox 1375 1372 1476 1427; x_wconf 85' lang='lat' dir='ltr'><strong>etsi</strong></span> <span class='ocrx_word' id='word_1_117' title='bbox 1534 1387 1672 1442; x_wconf 69' lang='lat' dir='ltr'><strong>prm-</strong></span> 
     </span>
    </p>
   </div>
   <div class='ocr_carea' id='block_1_16' title="bbox 122 1464 1669 1533">
    <p class='ocr_par' dir='ltr' id='par_1_16' title="bbox 122 1464 1669 1533">
     <span class='ocr_line' id='line_1_16' title="bbox 122 1464 1669 1533; baseline 0.001 -16"><span class='ocrx_word' id='word_1_118' title='bbox 122 1466 220 1531; x_wconf 82' lang='lat' dir='ltr'><strong>mia,</strong></span> <span class='ocrx_word' id='word_1_119' title='bbox 246 1465 443 1520; x_wconf 89' lang='lat' dir='ltr'><strong>minora</strong></span> <span class='ocrx_word' id='word_1_120' title='bbox 473 1473 656 1518; x_wconf 87' lang='lat' dir='ltr'><strong>tamen</strong></span> <span class='ocrx_word' id='word_1_121' title='bbox 691 1465 981 1533; x_wconf 87' lang='lat' dir='ltr'><strong>pollicetur</strong></span> <span class='ocrx_word' id='word_1_122' title='bbox 1008 1465 1230 1520; x_wconf 87' lang='lat' dir='ltr'><strong>dicens:</strong></span> <span class='ocrx_word' id='word_1_123' title='bbox 1281 1464 1540 1533; x_wconf 82' lang='lat' dir='ltr'><strong>Quoniam</strong></span> <span class='ocrx_word' id='word_1_124' title='bbox 1577 1482 1669 1519; x_wconf 87' lang='lat' dir='ltr'><strong>su-</strong></span> 
     </span>
    </p>
   </div>
   <div class='ocr_carea' id='block_1_17' title="bbox 125 1556 1673 1627">
    <p class='ocr_par' dir='ltr' id='par_1_17' title="bbox 125 1556 1673 1627">
     <span class='ocr_line' id='line_1_17' title="bbox 125 1556 1673 1627; baseline 0.002 -19"><span class='ocrx_word' id='word_1_125' title='bbox 125 1574 188 1626; x_wconf 77' lang='lat' dir='ltr'><strong>per</strong></span> <span class='ocrx_word' id='word_1_126' title='bbox 223 1574 372 1627; x_wconf 79' lang='lat' dir='ltr'><strong>pauca</strong></span> <span class='ocrx_word' id='word_1_127' title='bbox 420 1557 570 1625; x_wconf 87' lang='lat' dir='ltr'><strong>fuisti</strong></span> <span class='ocrx_word' id='word_1_128' title='bbox 621 1556 795 1627; x_wconf 76' lang='lat' dir='ltr'><strong>fidelis</strong></span> <span class='ocrx_word' id='word_1_129' title='bbox 821 1598 837 1623; x_wconf 91' lang='lat'><strong>,</strong></span> <span class='ocrx_word' id='word_1_130' title='bbox 891 1574 1050 1625; x_wconf 89' lang='lat' dir='ltr'><strong>supra</strong></span> <span class='ocrx_word' id='word_1_131' title='bbox 1087 1558 1248 1611; x_wconf 88' lang='lat' dir='ltr'><strong>multa</strong></span> <span class='ocrx_word' id='word_1_132' title='bbox 1273 1567 1321 1612; x_wconf 91' lang='lat' dir='ltr'><strong>te</strong></span> <span class='ocrx_word' id='word_1_133' title='bbox 1365 1558 1673 1612; x_wconf 84' lang='lat' dir='ltr'><strong>constituam</strong></span> 
     </span>
    </p>
   </div>
   <div class='ocr_carea' id='block_1_18' title="bbox 125 1649 1673 1722">
    <p class='ocr_par' dir='ltr' id='par_1_18' title="bbox 125 1649 1673 1722">
     <span class='ocr_line' id='line_1_18' title="bbox 125 1649 1673 1722; baseline 0.003 -21"><span class='ocrx_word' id='word_1_134' title='bbox 125 1650 308 1714; x_wconf 73' lang='lat' dir='ltr'><strong>(Matth.</strong></span> <span class='ocrx_word' id='word_1_135' title='bbox 340 1667 462 1718; x_wconf 77' lang='lat' dir='ltr'><strong>xxv,</strong></span> <span class='ocrx_word' id='word_1_136' title='bbox 503 1650 566 1704; x_wconf 74' lang='lat'>2|</span> <span class='ocrx_word' id='word_1_137' title='bbox 600 1651 642 1722; x_wconf 94' lang='lat'><strong>).</strong></span> <span class='ocrx_word' id='word_1_138' title='bbox 674 1649 838 1705; x_wconf 86' lang='lat' dir='ltr'><strong>Fides</strong></span> <span class='ocrx_word' id='word_1_139' title='bbox 877 1650 1039 1721; x_wconf 82' lang='lat' dir='ltr'><strong>igitur</strong></span> <span class='ocrx_word' id='word_1_140' title='bbox 1067 1667 1138 1706; x_wconf 84' lang='lat' dir='ltr'><strong>ex</strong></span> <span class='ocrx_word' id='word_1_141' title='bbox 1182 1649 1407 1718; x_wconf 91' lang='lat' dir='ltr'><strong>debito,</strong></span> <span class='ocrx_word' id='word_1_142' title='bbox 1457 1650 1673 1706; x_wconf 87' lang='lat' dir='ltr'><strong>miseri-</strong></span> 
     </span>
    </p>
   </div>
   <div class='ocr_carea' id='block_1_19' title="bbox 1773 441 3370 514">
    <p class='ocr_par' dir='ltr' id='par_1_19' title="bbox 1773 441 3370 514">
     <span class='ocr_line' id='line_1_19' title="bbox 1773 441 3370 514; baseline 0.001 -18"><span class='ocrx_word' id='word_1_143' title='bbox 1773 442 1953 498; x_wconf 90' lang='lat' dir='ltr'><strong>nibtts.</strong></span> <span class='ocrx_word' id='word_1_144' title='bbox 2004 441 2074 496; x_wconf 83' lang='lat' dir='ltr'><strong>Et</strong></span> <span class='ocrx_word' id='word_1_145' title='bbox 2122 451 2241 497; x_wconf 81' lang='lat' dir='ltr'><strong>sunt</strong></span> <span class='ocrx_word' id='word_1_146' title='bbox 2286 441 2545 513; x_wconf 82' lang='lat' dir='ltr'><strong>spadones</strong></span> <span class='ocrx_word' id='word_1_147' title='bbox 2596 443 2768 514; x_wconf 89' lang='lat' dir='ltr'><strong>quise</strong></span> <span class='ocrx_word' id='word_1_148' title='bbox 2804 443 2946 513; x_wconf 88' lang='lat' dir='ltr'><strong>ipsos</strong></span> <span class='ocrx_word' id='word_1_149' title='bbox 2977 452 3370 510; x_wconf 84' lang='lat' dir='ltr'><strong>castraverunt;</strong></span> 
     </span>
    </p>
   </div>
   <div class='ocr_carea' id='block_1_20' title="bbox 1772 534 3373 606">
    <p class='ocr_par' dir='ltr' id='par_1_20' title="bbox 1772 534 3373 606">
     <span class='ocr_line' id='line_1_20' title="bbox 1772 534 3373 606; baseline 0.001 -16"><span class='ocrx_word' id='word_1_150' title='bbox 1772 537 2053 592; x_wconf 67' lang='lat' dir='ltr'><strong>voluntate</strong></span> <span class='ocrx_word' id='word_1_151' title='bbox 2085 537 2292 606; x_wconf 87' lang='lat' dir='ltr'><strong>utique,</strong></span> <span class='ocrx_word' id='word_1_152' title='bbox 2325 551 2435 590; x_wconf 91' lang='lat' dir='ltr'><strong>non</strong></span> <span class='ocrx_word' id='word_1_153' title='bbox 2465 535 2810 591; x_wconf 85' lang='lat' dir='ltr'><strong>necessitate.</strong></span> <span class='ocrx_word' id='word_1_154' title='bbox 2851 534 2918 590; x_wconf 87' lang='lat' dir='ltr'><strong>Et</strong></span> <span class='ocrx_word' id='word_1_155' title='bbox 2945 545 3065 589; x_wconf 89' lang='lat' dir='ltr'><strong>sunt</strong></span> <span class='ocrx_word' id='word_1_156' title='bbox 3116 537 3373 606; x_wconf 82' lang='lat' dir='ltr'><strong>spadones</strong></span> 
     </span>
    </p>
   </div>
   <div class='ocr_carea' id='block_1_21' title="bbox 1770 627 3374 701">
    <p class='ocr_par' dir='ltr' id='par_1_21' title="bbox 1770 627 3374 701">
     <span class='ocr_line' id='line_1_21' title="bbox 1770 627 3374 701; baseline 0 -18"><span class='ocrx_word' id='word_1_157' title='bbox 1770 630 1857 701; x_wconf 90' lang='lat' dir='ltr'><strong>qui</strong></span> <span class='ocrx_word' id='word_1_158' title='bbox 1905 629 2032 699; x_wconf 89' lang='lat' dir='ltr'><strong>facti</strong></span> <span class='ocrx_word' id='word_1_159' title='bbox 2077 637 2195 683; x_wconf 88' lang='lat' dir='ltr'><strong>sunt</strong></span> <span class='ocrx_word' id='word_1_160' title='bbox 2247 630 2310 683; x_wconf 87' lang='lat' dir='ltr'><strong>ab</strong></span> <span class='ocrx_word' id='word_1_161' title='bbox 2356 627 2670 686; x_wconf 89' lang='lat' dir='ltr'><strong>hominibus.</strong></span> <span class='ocrx_word' id='word_1_162' title='bbox 2711 628 2779 684; x_wconf 85' lang='lat' dir='ltr'><strong>Et</strong></span> <span class='ocrx_word' id='word_1_163' title='bbox 2806 628 2927 683; x_wconf 89' lang='lat' dir='ltr'><strong>ideo</strong></span> <span class='ocrx_word' id='word_1_164' title='bbox 2965 644 3160 699; x_wconf 82' lang='lat' dir='ltr'><strong>magna</strong></span> <span class='ocrx_word' id='word_1_165' title='bbox 3204 629 3257 682; x_wconf 90' lang='lat' dir='ltr'><strong>in</strong></span> <span class='ocrx_word' id='word_1_166' title='bbox 3308 629 3374 684; x_wconf 91' lang='lat' dir='ltr'><strong>iis</strong></span> 
     </span>
    </p>
   </div>
   <div class='ocr_carea' id='block_1_22' title="bbox 1768 721 3375 792">
    <p class='ocr_par' dir='ltr' id='par_1_22' title="bbox 1768 721 3375 792">
     <span class='ocr_line' id='line_1_22' title="bbox 1768 721 3375 792; baseline -0.001 -14"><span class='ocrx_word' id='word_1_167' title='bbox 1768 721 1797 761; x_wconf 73' lang='grc' dir='ltr'>ι’</span> <span class='ocrx_word' id='word_1_168' title='bbox 1820 721 2170 778; x_wconf 72' lang='lat' dir='ltr'><strong>continentim</strong></span> <span class='ocrx_word' id='word_1_169' title='bbox 2193 723 2362 792; x_wconf 85' lang='lat' dir='ltr'><strong>gratia</strong></span> <span class='ocrx_word' id='word_1_170' title='bbox 2386 739 2400 787; x_wconf 91' lang='lat'><strong>;</strong></span> <span class='ocrx_word' id='word_1_171' title='bbox 2429 722 2554 792; x_wconf 86' lang='lat' dir='ltr'><strong>quia</strong></span> <span class='ocrx_word' id='word_1_172' title='bbox 2574 721 2823 777; x_wconf 83' lang='lat' dir='ltr'><strong>voluntas</strong></span> <span class='ocrx_word' id='word_1_173' title='bbox 2844 721 3127 788; x_wconf 82' lang='lat' dir='ltr'><strong>faeiI,&#39;nou</strong></span> <span class='ocrx_word' id='word_1_174' title='bbox 3149 721 3375 777; x_wconf 87' lang='lat' dir='ltr'><strong>infirmi-</strong></span> 
     </span>
    </p>
   </div>
   <div class='ocr_carea' id='block_1_23' title="bbox 1771 813 3376 884">
    <p class='ocr_par' dir='ltr' id='par_1_23' title="bbox 1771 813 3376 884">
     <span class='ocr_line' id='line_1_23' title="bbox 1771 813 3376 884; baseline 0 -15"><span class='ocrx_word' id='word_1_175' title='bbox 1771 822 1854 869; x_wconf 85' lang='lat' dir='ltr'><strong>tas</strong></span> <span class='ocrx_word' id='word_1_176' title='bbox 1885 815 2278 870; x_wconf 80' lang='lat' dir='ltr'><strong>continentem.</strong></span> <span class='ocrx_word' id='word_1_177' title='bbox 2312 814 2442 868; x_wconf 86' lang='lat' dir='ltr'><strong>Natn</strong></span> <span class='ocrx_word' id='word_1_178' title='bbox 2494 813 2654 870; x_wconf 87' lang='lat' dir='ltr'><strong>decet</strong></span> <span class='ocrx_word' id='word_1_179' title='bbox 2683 814 2952 884; x_wconf 88' lang='lat' dir='ltr'><strong>integrum</strong></span> <span class='ocrx_word' id='word_1_180' title='bbox 2996 813 3164 869; x_wconf 82' lang='lat' dir='ltr'><strong>divini</strong></span> <span class='ocrx_word' id='word_1_181' title='bbox 3191 814 3376 884; x_wconf 89' lang='lat' dir='ltr'><strong>operis</strong></span> 
     </span>
    </p>
   </div>
   <div class='ocr_carea' id='block_1_24' title="bbox 1770 905 3374 976">
    <p class='ocr_par' dir='ltr' id='par_1_24' title="bbox 1770 905 3374 976">
     <span class='ocr_line' id='line_1_24' title="bbox 1770 905 3374 976; baseline 0 -15"><span class='ocrx_word' id='word_1_182' title='bbox 1770 921 1990 962; x_wconf 88' lang='lat' dir='ltr'><strong>servare</strong></span> <span class='ocrx_word' id='word_1_183' title='bbox 2023 923 2236 961; x_wconf 89' lang='lat' dir='ltr'><strong>tnttuus.</strong></span> <span class='ocrx_word' id='word_1_184' title='bbox 2272 905 2383 962; x_wconf 86' lang='lat' dir='ltr'><strong>Nec</strong></span> <span class='ocrx_word' id='word_1_185' title='bbox 2409 907 2513 962; x_wconf 90' lang='lat' dir='ltr'><strong>illis</strong></span> <span class='ocrx_word' id='word_1_186' title='bbox 2534 906 2675 961; x_wconf 90' lang='lat' dir='ltr'><strong>forte</strong></span> <span class='ocrx_word' id='word_1_187' title='bbox 2699 922 2885 976; x_wconf 89' lang='lat' dir='ltr'><strong>parum</strong></span> <span class='ocrx_word' id='word_1_188' title='bbox 2909 907 2982 960; x_wconf 90' lang='lat' dir='ltr'><strong>sit</strong></span> <span class='ocrx_word' id='word_1_189' title='bbox 3012 907 3221 962; x_wconf 91' lang='lat' dir='ltr'><strong>lubrico</strong></span> <span class='ocrx_word' id='word_1_190' title='bbox 3252 921 3374 962; x_wconf 90' lang='lat' dir='ltr'><strong>cor-</strong></span> 
     </span>
    </p>
   </div>
   <div class='ocr_carea' id='block_1_25' title="bbox 1771 998 3375 1069">
    <p class='ocr_par' dir='ltr' id='par_1_25' title="bbox 1771 998 3375 1069">
     <span class='ocr_line' id='line_1_25' title="bbox 1771 998 3375 1069; baseline 0.001 -16"><span class='ocrx_word' id='word_1_191' title='bbox 1771 1000 1919 1069; x_wconf 85' lang='lat' dir='ltr'><strong>poris</strong></span> <span class='ocrx_word' id='word_1_192' title='bbox 1951 1016 2058 1053; x_wconf 92' lang='lat' dir='ltr'><strong>non</strong></span> <span class='ocrx_word' id='word_1_193' title='bbox 2088 999 2294 1064; x_wconf 89' lang='lat' dir='ltr'><strong>teneri;</strong></span> <span class='ocrx_word' id='word_1_194' title='bbox 2331 1013 2455 1053; x_wconf 87' lang='lat' dir='ltr'><strong>nam</strong></span> <span class='ocrx_word' id='word_1_195' title='bbox 2504 999 2547 1054; x_wconf 91' lang='lat' dir='ltr'><strong>si</strong></span> <span class='ocrx_word' id='word_1_196' title='bbox 2581 1009 2768 1069; x_wconf 88' lang='lat' dir='ltr'><strong>erepta</strong></span> <span class='ocrx_word' id='word_1_197' title='bbox 2812 1007 2893 1054; x_wconf 90' lang='lat' dir='ltr'><strong>est</strong></span> <span class='ocrx_word' id='word_1_198' title='bbox 2919 998 3185 1054; x_wconf 87' lang='lat' dir='ltr'><strong>subeundi</strong></span> <span class='ocrx_word' id='word_1_199' title='bbox 3217 999 3375 1055; x_wconf 84' lang='lat' dir='ltr'><strong>istius</strong></span> 
     </span>
    </p>
   </div>
   <div class='ocr_carea' id='block_1_26' title="bbox 1773 1091 3374 1164">
    <p class='ocr_par' dir='ltr' id='par_1_26' title="bbox 1773 1091 3374 1164">
     <span class='ocr_line' id='line_1_26' title="bbox 1773 1091 3374 1164; baseline 0 -17"><span class='ocrx_word' id='word_1_200' title='bbox 1773 1093 1950 1163; x_wconf 87' lang='lat' dir='ltr'><strong>palma</strong></span> <span class='ocrx_word' id='word_1_201' title='bbox 1983 1093 2316 1158; x_wconf 81' lang='lat' dir='ltr'><strong>certaminis,</strong></span> <span class='ocrx_word' id='word_1_202' title='bbox 2349 1103 2534 1163; x_wconf 90' lang='lat' dir='ltr'><strong>erepta</strong></span> <span class='ocrx_word' id='word_1_203' title='bbox 2555 1091 2719 1149; x_wconf 89' lang='lat' dir='ltr'><strong>etiam</strong></span> <span class='ocrx_word' id='word_1_204' title='bbox 2762 1094 2986 1148; x_wconf 86' lang='lat' dir='ltr'><strong>materia</strong></span> <span class='ocrx_word' id='word_1_205' title='bbox 3018 1093 3240 1164; x_wconf 86' lang='lat' dir='ltr'><strong>periculi</strong></span> <span class='ocrx_word' id='word_1_206' title='bbox 3271 1110 3282 1145; x_wconf 92' lang='lat'><strong>:</strong></span> <span class='ocrx_word' id='word_1_207' title='bbox 3317 1101 3374 1148; x_wconf 89' lang='lat' dir='ltr'><strong>et</strong></span> 
     </span>
    </p>
   </div>
   <div class='ocr_carea' id='block_1_27' title="bbox 1772 1187 3372 1258">
    <p class='ocr_par' dir='ltr' id='par_1_27' title="bbox 1772 1187 3372 1258">
     <span class='ocr_line' id='line_1_27' title="bbox 1772 1187 3372 1258; baseline 0.001 -17"><span class='ocrx_word' id='word_1_208' title='bbox 1772 1187 2019 1254; x_wconf 80' lang='lat' dir='ltr'><strong>quamvis</strong></span> <span class='ocrx_word' id='word_1_209' title='bbox 2068 1201 2173 1240; x_wconf 89' lang='lat' dir='ltr'><strong>non</strong></span> <span class='ocrx_word' id='word_1_210' title='bbox 2223 1196 2431 1256; x_wconf 86' lang='lat' dir='ltr'><strong>queunt</strong></span> <span class='ocrx_word' id='word_1_211' title='bbox 2469 1187 2758 1255; x_wconf 90' lang='lat' dir='ltr'><strong>coronari,</strong></span> <span class='ocrx_word' id='word_1_212' title='bbox 2818 1202 2924 1242; x_wconf 92' lang='lat' dir='ltr'><strong>non</strong></span> <span class='ocrx_word' id='word_1_213' title='bbox 2956 1198 3160 1258; x_wconf 88' lang='lat' dir='ltr'><strong>queunt</strong></span> <span class='ocrx_word' id='word_1_214' title='bbox 3192 1197 3372 1243; x_wconf 90' lang='lat' dir='ltr'><strong>tamen</strong></span> 
     </span>
    </p>
   </div>
   <div class='ocr_carea' id='block_1_28' title="bbox 1773 1278 3374 1351">
    <p class='ocr_par' dir='ltr' id='par_1_28' title="bbox 1773 1278 3374 1351">
     <span class='ocr_line' id='line_1_28' title="bbox 1773 1278 3374 1351; baseline 0.002 -19"><span class='ocrx_word' id='word_1_215' title='bbox 1773 1279 1936 1333; x_wconf 92' lang='lat' dir='ltr'><strong>vinei.</strong></span> <span class='ocrx_word' id='word_1_216' title='bbox 1969 1278 2303 1334; x_wconf 88' lang='lat' dir='ltr'><strong>Ilabcntalia</strong></span> <span class='ocrx_word' id='word_1_217' title='bbox 2327 1295 2526 1350; x_wconf 90' lang='lat' dir='ltr'><strong>genera</strong></span> <span class='ocrx_word' id='word_1_218' title='bbox 2559 1279 2841 1348; x_wconf 82' lang='lat' dir='ltr'><strong>virtutum,</strong></span> <span class='ocrx_word' id='word_1_219' title='bbox 2875 1280 3068 1351; x_wconf 89' lang='lat' dir='ltr'><strong>quibus</strong></span> <span class='ocrx_word' id='word_1_220' title='bbox 3093 1295 3374 1336; x_wconf 90' lang='lat' dir='ltr'><strong>commen-</strong></span> 
     </span>
    </p>
   </div>
   <div class='ocr_carea' id='block_1_29' title="bbox 1773 1372 3376 1445">
    <p class='ocr_par' dir='ltr' id='par_1_29' title="bbox 1773 1372 3376 1445">
     <span class='ocr_line' id='line_1_29' title="bbox 1773 1372 3376 1445; baseline 0.001 -17"><span class='ocrx_word' id='word_1_221' title='bbox 1773 1372 1903 1428; x_wconf 84' lang='lat' dir='ltr'><strong>dare</strong></span> <span class='ocrx_word' id='word_1_222' title='bbox 1932 1387 1993 1427; x_wconf 90' lang='lat' dir='ltr'><strong>sc</strong></span> <span class='ocrx_word' id='word_1_223' title='bbox 2018 1373 2275 1440; x_wconf 89' lang='lat' dir='ltr'><strong>debeant,</strong></span> <span class='ocrx_word' id='word_1_224' title='bbox 2307 1373 2352 1428; x_wconf 93' lang='lat' dir='ltr'><strong>si</strong></span> <span class='ocrx_word' id='word_1_225' title='bbox 2384 1373 2521 1428; x_wconf 89' lang='lat' dir='ltr'><strong>ltdes</strong></span> <span class='ocrx_word' id='word_1_226' title='bbox 2567 1374 2718 1429; x_wconf 87' lang='lat' dir='ltr'><strong>firma</strong></span> <span class='ocrx_word' id='word_1_227' title='bbox 2770 1374 2866 1442; x_wconf 91' lang='lat' dir='ltr'><strong>sit,</strong></span> <span class='ocrx_word' id='word_1_228' title='bbox 2913 1374 3122 1445; x_wconf 86' lang='lat' dir='ltr'><strong>proflua</strong></span> <span class='ocrx_word' id='word_1_229' title='bbox 3160 1375 3376 1431; x_wconf 90' lang='lat' dir='ltr'><strong>miseri-</strong></span> 
     </span>
    </p>
   </div>
   <div class='ocr_carea' id='block_1_30' title="bbox 1775 1465 3376 1538">
    <p class='ocr_par' dir='ltr' id='par_1_30' title="bbox 1775 1465 3376 1538">
     <span class='ocr_line' id='line_1_30' title="bbox 1775 1465 3376 1538; baseline 0.004 -18"><span class='ocrx_word' id='word_1_230' title='bbox 1775 1465 1984 1532; x_wconf 87' lang='lat' dir='ltr'><strong>cordia,</strong></span> <span class='ocrx_word' id='word_1_231' title='bbox 2015 1466 2190 1521; x_wconf 89' lang='lat' dir='ltr'><strong>aliena</strong></span> <span class='ocrx_word' id='word_1_232' title='bbox 2215 1468 2464 1535; x_wconf 90' lang='lat' dir='ltr'><strong>avaritia,</strong></span> <span class='ocrx_word' id='word_1_233' title='bbox 2514 1466 2771 1537; x_wconf 80' lang='lat' dir='ltr'><strong>frequens</strong></span> <span class='ocrx_word' id='word_1_234' title='bbox 2815 1469 3007 1538; x_wconf 87' lang='lat' dir='ltr'><strong>gratia.</strong></span> <span class='ocrx_word' id='word_1_235' title='bbox 3045 1467 3153 1526; x_wconf 89' lang='lat' dir='ltr'><strong>Sed</strong></span> <span class='ocrx_word' id='word_1_236' title='bbox 3178 1469 3230 1524; x_wconf 92' lang='lat' dir='ltr'><strong>in</strong></span> <span class='ocrx_word' id='word_1_237' title='bbox 3257 1468 3376 1526; x_wconf 84' lang='lat' dir='ltr'><strong>istis</strong></span> 
     </span>
    </p>
   </div>
   <div class='ocr_carea' id='block_1_31' title="bbox 1779 1559 2834 1631">
    <p class='ocr_par' dir='ltr' id='par_1_31' title="bbox 1779 1559 2834 1631">
     <span class='ocr_line' id='line_1_31' title="bbox 1779 1559 2834 1631; baseline 0.002 -17"><span class='ocrx_word' id='word_1_238' title='bbox 1779 1559 1932 1614; x_wconf 86' lang='lat' dir='ltr'><strong>nulla</strong></span> <span class='ocrx_word' id='word_1_239' title='bbox 1958 1560 2145 1631; x_wconf 89' lang='lat' dir='ltr'><strong>culpa;</strong></span> <span class='ocrx_word' id='word_1_240' title='bbox 2180 1561 2304 1630; x_wconf 84' lang='lat' dir='ltr'><strong>quia</strong></span> <span class='ocrx_word' id='word_1_241' title='bbox 2333 1561 2457 1617; x_wconf 89' lang='lat' dir='ltr'><strong>facti</strong></span> <span class='ocrx_word' id='word_1_242' title='bbox 2498 1561 2834 1631; x_wconf 79' lang='lat' dir='ltr'><strong>ignorantia.</strong></span> 
     </span>
    </p>
   </div>
   <div class='ocr_carea' id='block_1_32' title="bbox 1848 1653 3373 1726">
    <p class='ocr_par' dir='ltr' id='par_1_32' title="bbox 1848 1653 3373 1726">
     <span class='ocr_line' id='line_1_32' title="bbox 1848 1653 3373 1726; baseline 0.002 -18"><span class='ocrx_word' id='word_1_243' title='bbox 1848 1654 1938 1709; x_wconf 86' lang='lat'><strong>76.</strong></span> <span class='ocrx_word' id='word_1_244' title='bbox 1980 1653 2097 1710; x_wconf 86' lang='lat' dir='ltr'><strong>Non</strong></span> <span class='ocrx_word' id='word_1_245' title='bbox 2130 1655 2318 1711; x_wconf 89' lang='lat' dir='ltr'><strong>eadem</strong></span> <span class='ocrx_word' id='word_1_246' title='bbox 2346 1669 2513 1710; x_wconf 88' lang='lat' dir='ltr'><strong>causa</strong></span> <span class='ocrx_word' id='word_1_247' title='bbox 2535 1669 2752 1720; x_wconf 90' lang='lat' dir='ltr'><strong>eorum,</strong></span> <span class='ocrx_word' id='word_1_248' title='bbox 2793 1654 2884 1725; x_wconf 89' lang='lat' dir='ltr'><strong>qui</strong></span> <span class='ocrx_word' id='word_1_249' title='bbox 2911 1655 2965 1710; x_wconf 92' lang='lat' dir='ltr'><strong>in</strong></span> <span class='ocrx_word' id='word_1_250' title='bbox 2998 1670 3058 1711; x_wconf 91' lang='lat' dir='ltr'><strong>se</strong></span> <span class='ocrx_word' id='word_1_251' title='bbox 3087 1654 3235 1726; x_wconf 85' lang='lat' dir='ltr'><strong>ipsos</strong></span> <span class='ocrx_word' id='word_1_252' title='bbox 3264 1656 3373 1711; x_wconf 90' lang='lat' dir='ltr'><strong>fer-</strong></span> 
     </span>
    </p>
   </div>
   <div class='ocr_carea' id='block_1_33' title="bbox 124 1737 3379 1818">
    <p class='ocr_par' dir='ltr' id='par_1_33' title="bbox 124 1737 3379 1818">
     <span class='ocr_line' id='line_1_33' title="bbox 124 1737 3379 1818; baseline 0.001 -19"><span class='ocrx_word' id='word_1_253' title='bbox 124 1744 262 1799; x_wconf 80' lang='lat' dir='ltr'><strong>cortlia</strong></span> <span class='ocrx_word' id='word_1_254' title='bbox 294 1745 340 1800; x_wconf 92' lang='lat' dir='ltr'><strong>in</strong></span> <span class='ocrx_word' id='word_1_255' title='bbox 370 1745 616 1815; x_wconf 70' lang='lat' dir='ltr'><strong>prmmio.</strong></span> <span class='ocrx_word' id='word_1_256' title='bbox 647 1743 747 1813; x_wconf 89' lang='lat' dir='ltr'><strong>Qui</strong></span> <span class='ocrx_word' id='word_1_257' title='bbox 772 1745 910 1800; x_wconf 89' lang='lat' dir='ltr'><strong>bene</strong></span> <span class='ocrx_word' id='word_1_258' title='bbox 939 1744 1193 1812; x_wconf 88' lang='lat' dir='ltr'><strong>credidit,</strong></span> <span class='ocrx_word' id='word_1_259' title='bbox 1227 1754 1283 1800; x_wconf 88' lang='lat' dir='ltr'><strong>ut</strong></span> <span class='ocrx_word' id='word_1_260' title='bbox 1312 1746 1360 1801; x_wconf 92' lang='lat' dir='ltr'><strong>ei</strong></span> <span class='ocrx_word' id='word_1_261' title='bbox 1389 1745 1667 1814; x_wconf 88' lang='lat' dir='ltr'><strong>credatur,</strong></span> <span class='ocrx_word' id='word_1_262' title='bbox 1699 1737 1748 1799; x_wconf 90' lang='lat' dir='ltr'><strong>B</strong></span> <span class='ocrx_word' id='word_1_263' title='bbox 1775 1762 1839 1804; x_wconf 91' lang='lat' dir='ltr'><strong>ro</strong></span> <span class='ocrx_word' id='word_1_264' title='bbox 1877 1755 2124 1812; x_wconf 88' lang='lat' dir='ltr'><strong>utuntur,</strong></span> <span class='ocrx_word' id='word_1_265' title='bbox 2154 1761 2262 1816; x_wconf 91' lang='lat' dir='ltr'><strong>quo</strong></span> <span class='ocrx_word' id='word_1_266' title='bbox 2285 1763 2390 1801; x_wconf 85' lang='lat' dir='ltr'><strong>non</strong></span> <span class='ocrx_word' id='word_1_267' title='bbox 2433 1745 2805 1818; x_wconf 85' lang='lat' dir='ltr'><strong>imprudenter</strong></span> <span class='ocrx_word' id='word_1_268' title='bbox 2849 1746 3207 1813; x_wconf 81' lang='lat' dir='ltr'><strong>deﬂeximus;</strong></span> <span class='ocrx_word' id='word_1_269' title='bbox 3249 1756 3379 1803; x_wconf 91' lang='lat' dir='ltr'><strong>sunt</strong></span> 
     </span>
    </p>
   </div>
   <div class='ocr_carea' id='block_1_34' title="bbox 125 1839 1676 1912">
    <p class='ocr_par' dir='ltr' id='par_1_34' title="bbox 125 1839 1676 1912">
     <span class='ocr_line' id='line_1_34' title="bbox 125 1839 1676 1912; baseline 0.003 -20"><span class='ocrx_word' id='word_1_270' title='bbox 125 1841 309 1894; x_wconf 78' lang='lat' dir='ltr'><strong>emeruit</strong></span> <span class='ocrx_word' id='word_1_271' title='bbox 332 1858 345 1895; x_wconf 92' lang='lat'>:</span> <span class='ocrx_word' id='word_1_272' title='bbox 372 1840 460 1910; x_wconf 88' lang='lat' dir='ltr'><strong>qui</strong></span> <span class='ocrx_word' id='word_1_273' title='bbox 492 1840 638 1896; x_wconf 90' lang='lat' dir='ltr'><strong>bene</strong></span> <span class='ocrx_word' id='word_1_274' title='bbox 664 1839 914 1907; x_wconf 89' lang='lat' dir='ltr'><strong>contulit,</strong></span> <span class='ocrx_word' id='word_1_275' title='bbox 939 1839 1193 1910; x_wconf 88' lang='lat' dir='ltr'><strong>quoniam</strong></span> <span class='ocrx_word' id='word_1_276' title='bbox 1217 1855 1374 1897; x_wconf 90' lang='lat' dir='ltr'><strong>suum</strong></span> <span class='ocrx_word' id='word_1_277' title='bbox 1395 1856 1502 1896; x_wconf 89' lang='lat' dir='ltr'><strong>non</strong></span> <span class='ocrx_word' id='word_1_278' title='bbox 1528 1856 1676 1912; x_wconf 81' lang='lat' dir='ltr'><strong>qua:-</strong></span> 
     </span>
    </p>
   </div>
   <div class='ocr_carea' id='block_1_35' title="bbox 129 1929 1154 2004">
    <p class='ocr_par' dir='ltr' id='par_1_35' title="bbox 129 1929 1154 2004">
     <span class='ocr_line' id='line_1_35' title="bbox 129 1929 1154 2004; baseline 0 -18"><span class='ocrx_word' id='word_1_279' title='bbox 129 1930 238 1999; x_wconf 78' lang='lat' dir='ltr'><strong>sitit,</strong></span> <span class='ocrx_word' id='word_1_280' title='bbox 265 1930 394 2004; x_wconf 86' lang='lat' dir='ltr'><strong>quod</strong></span> <span class='ocrx_word' id='word_1_281' title='bbox 421 1931 656 1988; x_wconf 75' lang='lat' dir='ltr'><strong>cmlcste</strong></span> <span class='ocrx_word' id='word_1_282' title='bbox 687 1939 788 1995; x_wconf 92' lang='lat' dir='ltr'><strong>est,</strong></span> <span class='ocrx_word' id='word_1_283' title='bbox 823 1929 1154 2000; x_wconf 85' lang='lat' dir='ltr'><strong>impetravit.</strong></span> 
     </span>
    </p>
   </div>
   <div class='ocr_carea' id='block_1_36' title="bbox 667 2019 1087 2078">
    <p class='ocr_par' dir='ltr' id='par_1_36' title="bbox 667 2019 1087 2078">
     <span class='ocr_line' id='line_1_36' title="bbox 667 2019 1087 2078; baseline -0.002 -2"><span class='ocrx_word' id='word_1_284' title='bbox 667 2019 902 2078; x_wconf 84' lang='lat' dir='ltr'><strong>CAPUT</strong></span> <span class='ocrx_word' id='word_1_285' title='bbox 942 2020 1087 2076; x_wconf 84' lang='lat' dir='ltr'><strong>XIII.</strong></span> 
     </span>
    </p>
   </div>
   <div class='ocr_carea' id='block_1_37' title="bbox 129 2114 1675 2187">
    <p class='ocr_par' dir='ltr' id='par_1_37' title="bbox 129 2114 1675 2187">
     <span class='ocr_line' id='line_1_37' title="bbox 129 2114 1675 2187; baseline 0.001 -20"><span class='ocrx_word' id='word_1_286' title='bbox 129 2114 257 2171; x_wconf 78' lang='lat' dir='ltr'><strong>Allato</strong></span> <span class='ocrx_word' id='word_1_287' title='bbox 285 2115 538 2187; x_wconf 77' lang='lat' dir='ltr'><strong>Evangelii</strong></span> <span class='ocrx_word' id='word_1_288' title='bbox 569 2115 688 2170; x_wconf 87' lang='lat' dir='ltr'><strong>loco</strong></span> <span class='ocrx_word' id='word_1_289' title='bbox 715 2115 778 2169; x_wconf 89' lang='lat' dir='ltr'><strong>de</strong></span> <span class='ocrx_word' id='word_1_290' title='bbox 806 2114 1144 2186; x_wconf 86' lang='lat' dir='ltr'><strong>spadonibus,</strong></span> <span class='ocrx_word' id='word_1_291' title='bbox 1174 2131 1260 2170; x_wconf 84' lang='lat' dir='ltr'><strong>eos</strong></span> <span class='ocrx_word' id='word_1_292' title='bbox 1283 2115 1372 2186; x_wconf 85' lang='lat' dir='ltr'><strong>qui</strong></span> <span class='ocrx_word' id='word_1_293' title='bbox 1410 2115 1488 2170; x_wconf 88' lang='lat' dir='ltr'><strong>vel</strong></span> <span class='ocrx_word' id='word_1_294' title='bbox 1525 2125 1675 2169; x_wconf 90' lang='lat' dir='ltr'><strong>natu-</strong></span> 
     </span>
    </p>
   </div>
   <div class='ocr_carea' id='block_1_38' title="bbox 179 2209 1677 2280">
    <p class='ocr_par' dir='ltr' id='par_1_38' title="bbox 179 2209 1677 2280">
     <span class='ocr_line' id='line_1_38' title="bbox 179 2209 1677 2280; baseline 0 -17"><span class='ocrx_word' id='word_1_295' title='bbox 179 2228 224 2263; x_wconf 83' lang='lat' dir='ltr'><strong>ra</strong></span> <span class='ocrx_word' id='word_1_296' title='bbox 247 2210 314 2264; x_wconf 74' lang='lat' dir='ltr'><strong>vel</strong></span> <span class='ocrx_word' id='word_1_297' title='bbox 335 2211 598 2265; x_wconf 89' lang='lat' dir='ltr'><strong>hominum</strong></span> <span class='ocrx_word' id='word_1_298' title='bbox 622 2209 866 2263; x_wconf 82' lang='lat' dir='ltr'><strong>violentia</strong></span> <span class='ocrx_word' id='word_1_299' title='bbox 885 2209 1010 2263; x_wconf 88' lang='lat' dir='ltr'><strong>tales</strong></span> <span class='ocrx_word' id='word_1_300' title='bbox 1033 2209 1155 2280; x_wconf 90' lang='lat' dir='ltr'><strong>facti</strong></span> <span class='ocrx_word' id='word_1_301' title='bbox 1173 2217 1314 2274; x_wconf 87' lang='lat' dir='ltr'><strong>sunt,</strong></span> <span class='ocrx_word' id='word_1_302' title='bbox 1339 2224 1440 2263; x_wconf 89' lang='lat' dir='ltr'><strong>non</strong></span> <span class='ocrx_word' id='word_1_303' title='bbox 1464 2225 1677 2280; x_wconf 87' lang='lat' dir='ltr'><strong>magno-</strong></span> 
     </span>
    </p>
   </div>
   <div class='ocr_carea' id='block_1_39' title="bbox 179 2301 1676 2375">
    <p class='ocr_par' dir='ltr' id='par_1_39' title="bbox 179 2301 1676 2375">
     <span class='ocr_line' id='line_1_39' title="bbox 179 2301 1676 2375; baseline 0.003 -22"><span class='ocrx_word' id='word_1_304' title='bbox 179 2320 276 2372; x_wconf 75' lang='lat' dir='ltr'><strong>pere</strong></span> <span class='ocrx_word' id='word_1_305' title='bbox 292 2303 347 2357; x_wconf 90' lang='lat' dir='ltr'><strong>ob</strong></span> <span class='ocrx_word' id='word_1_306' title='bbox 375 2303 428 2358; x_wconf 89' lang='lat' dir='ltr'><strong>id</strong></span> <span class='ocrx_word' id='word_1_307' title='bbox 478 2301 783 2359; x_wconf 85' lang='lat' dir='ltr'><strong>laudandos</strong></span> <span class='ocrx_word' id='word_1_308' title='bbox 808 2319 826 2356; x_wconf 83' lang='lat'><strong>.&#39;</strong></span> <span class='ocrx_word' id='word_1_309' title='bbox 854 2303 942 2372; x_wconf 86' lang='lat' dir='ltr'><strong>qui</strong></span> <span class='ocrx_word' id='word_1_310' title='bbox 985 2318 1105 2356; x_wconf 89' lang='lat' dir='ltr'><strong>vero</strong></span> <span class='ocrx_word' id='word_1_311' title='bbox 1140 2303 1382 2375; x_wconf 89' lang='lat' dir='ltr'><strong>proprias</strong></span> <span class='ocrx_word' id='word_1_312' title='bbox 1407 2319 1590 2357; x_wconf 86' lang='lat' dir='ltr'><strong>manus</strong></span> <span class='ocrx_word' id='word_1_313' title='bbox 1621 2303 1676 2357; x_wconf 91' lang='lat' dir='ltr'><strong>in</strong></span> 
     </span>
    </p>
   </div>
   <div class='ocr_carea' id='block_1_40' title="bbox 183 2395 1677 2463">
    <p class='ocr_par' dir='ltr' id='par_1_40' title="bbox 183 2395 1677 2463">
     <span class='ocr_line' id='line_1_40' title="bbox 183 2395 1677 2463; baseline 0.001 -15"><span class='ocrx_word' id='word_1_314' title='bbox 183 2413 225 2448; x_wconf 77' lang='lat' dir='ltr'><strong>se</strong></span> <span class='ocrx_word' id='word_1_315' title='bbox 267 2397 628 2462; x_wconf 86' lang='lat' dir='ltr'><strong>converterint,</strong></span> <span class='ocrx_word' id='word_1_316' title='bbox 688 2395 1012 2450; x_wconf 87' lang='lat' dir='ltr'><strong>damnandos</strong></span> <span class='ocrx_word' id='word_1_317' title='bbox 1068 2396 1178 2463; x_wconf 86' lang='lat' dir='ltr'><strong>ait;</strong></span> <span class='ocrx_word' id='word_1_318' title='bbox 1233 2396 1367 2450; x_wconf 89' lang='lat' dir='ltr'><strong>hanc</strong></span> <span class='ocrx_word' id='word_1_319' title='bbox 1425 2397 1677 2451; x_wconf 84' lang='lat' dir='ltr'><strong>actionem</strong></span> 
     </span>
    </p>
   </div>
   <div class='ocr_carea' id='block_1_41' title="bbox 179 2489 1678 2562">
    <p class='ocr_par' dir='ltr' id='par_1_41' title="bbox 179 2489 1678 2562">
     <span class='ocr_line' id='line_1_41' title="bbox 179 2489 1678 2562; baseline 0.003 -22"><span class='ocrx_word' id='word_1_320' title='bbox 179 2489 411 2543; x_wconf 79' lang='lat' dir='ltr'><strong>ostendens</strong></span> <span class='ocrx_word' id='word_1_321' title='bbox 435 2507 603 2562; x_wconf 83' lang='lat' dir='ltr'><strong>neque</strong></span> <span class='ocrx_word' id='word_1_322' title='bbox 631 2489 808 2543; x_wconf 82' lang='lat' dir='ltr'><strong>utilem</strong></span> <span class='ocrx_word' id='word_1_323' title='bbox 834 2505 966 2556; x_wconf 88' lang='lat' dir='ltr'><strong>esse,</strong></span> <span class='ocrx_word' id='word_1_324' title='bbox 981 2505 1096 2543; x_wconf 88' lang='lat' dir='ltr'><strong>cum</strong></span> <span class='ocrx_word' id='word_1_325' title='bbox 1114 2489 1293 2543; x_wconf 88' lang='lat' dir='ltr'><strong>mentis</strong></span> <span class='ocrx_word' id='word_1_326' title='bbox 1307 2491 1678 2559; x_wconf 86' lang='lat' dir='ltr'><strong>concupiscen-</strong></span> 
     </span>
    </p>
   </div>
   <div class='ocr_carea' id='block_1_42' title="bbox 182 2582 1678 2653">
    <p class='ocr_par' dir='ltr' id='par_1_42' title="bbox 182 2582 1678 2653">
     <span class='ocr_line' id='line_1_42' title="bbox 182 2582 1678 2653; baseline 0.005 -23"><span class='ocrx_word' id='word_1_327' title='bbox 182 2582 284 2633; x_wconf 71' lang='lat' dir='ltr'><strong>tiam</strong></span> <span class='ocrx_word' id='word_1_328' title='bbox 307 2582 500 2636; x_wconf 88' lang='lat' dir='ltr'><strong>minime</strong></span> <span class='ocrx_word' id='word_1_329' title='bbox 519 2585 736 2652; x_wconf 81' lang='lat' dir='ltr'><strong>auferat</strong></span> <span class='ocrx_word' id='word_1_330' title='bbox 762 2597 781 2636; x_wconf 92' lang='grc'>.·</span> <span class='ocrx_word' id='word_1_331' title='bbox 809 2598 971 2653; x_wconf 87' lang='lat' dir='ltr'><strong>neque</strong></span> <span class='ocrx_word' id='word_1_332' title='bbox 999 2582 1284 2649; x_wconf 86' lang='lat' dir='ltr'><strong>honestam,</strong></span> <span class='ocrx_word' id='word_1_333' title='bbox 1341 2599 1457 2636; x_wconf 87' lang='lat' dir='ltr'><strong>cum</strong></span> <span class='ocrx_word' id='word_1_334' title='bbox 1510 2593 1678 2637; x_wconf 82' lang='lat' dir='ltr'><strong>certa-</strong></span> 
     </span>
    </p>
   </div>
   <div class='ocr_carea' id='block_1_43' title="bbox 183 2674 1678 2747">
    <p class='ocr_par' dir='ltr' id='par_1_43' title="bbox 183 2674 1678 2747">
     <span class='ocr_line' id='line_1_43' title="bbox 183 2674 1678 2747; baseline 0.003 -22"><span class='ocrx_word' id='word_1_335' title='bbox 183 2675 284 2727; x_wconf 84' lang='lat' dir='ltr'><strong>mini</strong></span> <span class='ocrx_word' id='word_1_336' title='bbox 309 2674 465 2729; x_wconf 86' lang='lat' dir='ltr'><strong>locum</strong></span> <span class='ocrx_word' id='word_1_337' title='bbox 491 2692 598 2731; x_wconf 89' lang='lat' dir='ltr'><strong>non</strong></span> <span class='ocrx_word' id='word_1_338' title='bbox 625 2675 908 2745; x_wconf 85' lang='lat' dir='ltr'><strong>relinquat.</strong></span> <span class='ocrx_word' id='word_1_339' title='bbox 942 2675 1099 2731; x_wconf 87' lang='lat' dir='ltr'><strong>Solos</strong></span> <span class='ocrx_word' id='word_1_340' title='bbox 1133 2676 1290 2747; x_wconf 86' lang='lat' dir='ltr'><strong>igitur</strong></span> <span class='ocrx_word' id='word_1_341' title='bbox 1320 2676 1678 2746; x_wconf 72' lang='lat' dir='ltr'><strong>prwdicandos</strong></span> 
     </span>
    </p>
   </div>
   <div class='ocr_carea' id='block_1_44' title="bbox 183 2764 1677 2839">
    <p class='ocr_par' dir='ltr' id='par_1_44' title="bbox 183 2764 1677 2839">
     <span class='ocr_line' id='line_1_44' title="bbox 183 2764 1677 2839; baseline 0.004 -23"><span class='ocrx_word' id='word_1_342' title='bbox 183 2764 278 2818; x_wconf 80' lang='lat' dir='ltr'><strong>illos</strong></span> <span class='ocrx_word' id='word_1_343' title='bbox 299 2767 378 2835; x_wconf 82' lang='lat' dir='ltr'><strong>qui</strong></span> <span class='ocrx_word' id='word_1_344' title='bbox 401 2785 487 2838; x_wconf 85' lang='lat' dir='ltr'><strong>per</strong></span> <span class='ocrx_word' id='word_1_345' title='bbox 511 2767 884 2821; x_wconf 85' lang='lat' dir='ltr'><strong>continentiam</strong></span> <span class='ocrx_word' id='word_1_346' title='bbox 912 2784 965 2822; x_wconf 90' lang='lat' dir='ltr'><strong>se</strong></span> <span class='ocrx_word' id='word_1_347' title='bbox 985 2767 1087 2837; x_wconf 84' lang='lat' dir='ltr'><strong>ipsi</strong></span> <span class='ocrx_word' id='word_1_348' title='bbox 1109 2767 1320 2822; x_wconf 83' lang='lat' dir='ltr'><strong>vicerint</strong></span> <span class='ocrx_word' id='word_1_349' title='bbox 1339 2784 1358 2822; x_wconf 83' lang='lat'><strong>.&#39;</strong></span> <span class='ocrx_word' id='word_1_350' title='bbox 1381 2768 1473 2823; x_wconf 85' lang='lat' dir='ltr'><strong>sed</strong></span> <span class='ocrx_word' id='word_1_351' title='bbox 1493 2786 1677 2839; x_wconf 82' lang='lat' dir='ltr'><strong>cogen-</strong></span> 
     </span>
    </p>
   </div>
   <div class='ocr_carea' id='block_1_45' title="bbox 183 2855 1672 2930">
    <p class='ocr_par' dir='ltr' id='par_1_45' title="bbox 183 2855 1672 2930">
     <span class='ocr_line' id='line_1_45' title="bbox 183 2855 1672 2930; baseline 0.004 -24"><span class='ocrx_word' id='word_1_352' title='bbox 183 2855 284 2909; x_wconf 87' lang='lat' dir='ltr'><strong>dum</strong></span> <span class='ocrx_word' id='word_1_353' title='bbox 307 2859 368 2912; x_wconf 88' lang='lat' dir='ltr'><strong>ad</strong></span> <span class='ocrx_word' id='word_1_354' title='bbox 395 2861 487 2913; x_wconf 85' lang='lat' dir='ltr'><strong>hoc</strong></span> <span class='ocrx_word' id='word_1_355' title='bbox 513 2859 778 2923; x_wconf 81' lang='lat' dir='ltr'><strong>neminem</strong></span> <span class='ocrx_word' id='word_1_356' title='bbox 801 2875 928 2927; x_wconf 85' lang='lat' dir='ltr'><strong>esse,</strong></span> <span class='ocrx_word' id='word_1_357' title='bbox 977 2860 1186 2929; x_wconf 85' lang='lat' dir='ltr'><strong>quando</strong></span> <span class='ocrx_word' id='word_1_358' title='bbox 1229 2876 1320 2913; x_wconf 87' lang='lat' dir='ltr'><strong>nec</strong></span> <span class='ocrx_word' id='word_1_359' title='bbox 1362 2859 1672 2930; x_wconf 82' lang='lat' dir='ltr'><strong>Apostolus,</strong></span> 
     </span>
    </p>
   </div>
   <div class='ocr_carea' id='block_1_46' title="bbox 184 2949 1668 3023">
    <p class='ocr_par' dir='ltr' id='par_1_46' title="bbox 184 2949 1668 3023">
     <span class='ocr_line' id='line_1_46' title="bbox 184 2949 1668 3023; baseline 0.004 -24"><span class='ocrx_word' id='word_1_360' title='bbox 184 2965 256 3001; x_wconf 75' lang='lat' dir='ltr'><strong>nec</strong></span> <span class='ocrx_word' id='word_1_361' title='bbox 282 2949 501 3004; x_wconf 84' lang='lat' dir='ltr'><strong>Christus</strong></span> <span class='ocrx_word' id='word_1_362' title='bbox 527 2953 647 3023; x_wconf 75' lang='lat' dir='ltr'><strong>ipse</strong></span> <span class='ocrx_word' id='word_1_363' title='bbox 675 2959 930 3022; x_wconf 63' lang='lat' dir='ltr'><strong>pracepto</strong></span> <span class='ocrx_word' id='word_1_364' title='bbox 959 2951 1322 3005; x_wconf 76' lang='lat' dir='ltr'><strong>constrinxerit</strong></span> <span class='ocrx_word' id='word_1_365' title='bbox 1352 2967 1465 3004; x_wconf 91' lang='lat' dir='ltr'><strong>eam</strong></span> <span class='ocrx_word' id='word_1_366' title='bbox 1512 2952 1668 3006; x_wconf 87' lang='lat' dir='ltr'><strong>virtu-</strong></span> 
     </span>
    </p>
   </div>
   <div class='ocr_carea' id='block_1_47' title="bbox 183 3042 1678 3113">
    <p class='ocr_par' dir='ltr' id='par_1_47' title="bbox 183 3042 1678 3113">
     <span class='ocr_line' id='line_1_47' title="bbox 183 3042 1678 3113; baseline 0.005 -23"><span class='ocrx_word' id='word_1_367' title='bbox 183 3047 260 3090; x_wconf 82' lang='lat' dir='ltr'><strong>tem</strong></span> <span class='ocrx_word' id='word_1_368' title='bbox 282 3057 299 3105; x_wconf 87' lang='lat'><strong>;</strong></span> <span class='ocrx_word' id='word_1_369' title='bbox 326 3042 454 3096; x_wconf 76' lang='lat' dir='ltr'><strong>unde</strong></span> <span class='ocrx_word' id='word_1_370' title='bbox 482 3042 754 3112; x_wconf 86' lang='lat' dir='ltr'><strong>intelligas</strong></span> <span class='ocrx_word' id='word_1_371' title='bbox 782 3058 885 3096; x_wconf 86' lang='lat' dir='ltr'><strong>non</strong></span> <span class='ocrx_word' id='word_1_372' title='bbox 911 3042 1200 3113; x_wconf 82' lang='lat' dir='ltr'><strong>improbari</strong></span> <span class='ocrx_word' id='word_1_373' title='bbox 1228 3044 1544 3098; x_wconf 85' lang='lat' dir='ltr'><strong>matrimonii</strong></span> <span class='ocrx_word' id='word_1_374' title='bbox 1590 3060 1678 3098; x_wconf 88' lang='lat' dir='ltr'><strong>vo-</strong></span> 
     </span>
    </p>
   </div>
   <div class='ocr_carea' id='block_1_48' title="bbox 183 3133 924 3206">
    <p class='ocr_par' dir='ltr' id='par_1_48' title="bbox 183 3133 924 3206">
     <span class='ocr_line' id='line_1_48' title="bbox 183 3133 924 3206; baseline 0.007 -23"><span class='ocrx_word' id='word_1_375' title='bbox 183 3141 241 3198; x_wconf 83' lang='lat' dir='ltr'><strong>ta,</strong></span> <span class='ocrx_word' id='word_1_376' title='bbox 271 3133 350 3186; x_wconf 81' lang='lat' dir='ltr'><strong>sed</strong></span> <span class='ocrx_word' id='word_1_377' title='bbox 372 3135 625 3190; x_wconf 79' lang='lat' dir='ltr'><strong>castitatis</strong></span> <span class='ocrx_word' id='word_1_378' title='bbox 653 3137 924 3206; x_wconf 81' lang='lat' dir='ltr'><strong>anteferri.</strong></span> 
     </span>
    </p>
   </div>
   <div class='ocr_carea' id='block_1_49' title="bbox 185 3222 1680 3298">
    <p class='ocr_par' dir='ltr' id='par_1_49' title="bbox 185 3222 1680 3298">
     <span class='ocr_line' id='line_1_49' title="bbox 185 3222 1680 3298; baseline 0.007 -24"><span class='ocrx_word' id='word_1_379' title='bbox 185 3222 257 3275; x_wconf 76' lang='lat'><strong>75.</strong></span> <span class='ocrx_word' id='word_1_380' title='bbox 293 3223 406 3280; x_wconf 91' lang='lat' dir='ltr'><strong>Ideo</strong></span> <span class='ocrx_word' id='word_1_381' title='bbox 431 3242 562 3298; x_wconf 85' lang='lat' dir='ltr'><strong>ergo</strong></span> <span class='ocrx_word' id='word_1_382' title='bbox 597 3235 931 3297; x_wconf 63' lang='lat' dir='ltr'><strong>praeceptum</strong></span> <span class='ocrx_word' id='word_1_383' title='bbox 981 3243 1085 3282; x_wconf 89' lang='lat' dir='ltr'><strong>non</strong></span> <span class='ocrx_word' id='word_1_384' title='bbox 1140 3228 1332 3294; x_wconf 88' lang='lat' dir='ltr'><strong>datur,</strong></span> <span class='ocrx_word' id='word_1_385' title='bbox 1391 3229 1680 3285; x_wconf 89' lang='lat' dir='ltr'><strong>consilium</strong></span> 
     </span>
    </p>
   </div>
   <div class='ocr_carea' id='block_1_50' title="bbox 133 3313 1686 3390">
    <p class='ocr_par' dir='ltr' id='par_1_50' title="bbox 133 3313 1686 3390">
     <span class='ocr_line' id='line_1_50' title="bbox 133 3313 1686 3390; baseline 0.009 -25"><span class='ocrx_word' id='word_1_386' title='bbox 133 3313 289 3382; x_wconf 88' lang='lat' dir='ltr'><strong>datur;</strong></span> <span class='ocrx_word' id='word_1_387' title='bbox 314 3334 644 3390; x_wconf 58' lang='lat' dir='ltr'><strong>prateeptum</strong></span> <span class='ocrx_word' id='word_1_388' title='bbox 679 3321 822 3376; x_wconf 91' lang='lat' dir='ltr'><strong>enim</strong></span> <span class='ocrx_word' id='word_1_389' title='bbox 851 3321 1118 3376; x_wconf 81' lang='lat' dir='ltr'><strong>castitatis</strong></span> <span class='ocrx_word' id='word_1_390' title='bbox 1145 3334 1249 3390; x_wconf 91' lang='lat' dir='ltr'><strong>est,</strong></span> <span class='ocrx_word' id='word_1_391' title='bbox 1287 3324 1574 3378; x_wconf 83' lang='lat' dir='ltr'><strong>consilium</strong></span> <span class='ocrx_word' id='word_1_392' title='bbox 1609 3325 1686 3379; x_wconf 87' lang='lat' dir='ltr'><strong>in-</strong></span> 
     </span>
    </p>
   </div>
   <div class='ocr_carea' id='block_1_51' title="bbox 133 3411 1686 3486">
    <p class='ocr_par' dir='ltr' id='par_1_51' title="bbox 133 3411 1686 3486">
     <span class='ocr_line' id='line_1_51' title="bbox 133 3411 1686 3486; baseline 0.008 -27"><span class='ocrx_word' id='word_1_393' title='bbox 133 3411 384 3478; x_wconf 77' lang='lat' dir='ltr'><strong>tegritatis:</strong></span> <span class='ocrx_word' id='word_1_394' title='bbox 409 3415 514 3470; x_wconf 86' lang='lat' dir='ltr'><strong>Sed</strong></span> <span class='ocrx_word' id='word_1_395' title='bbox 541 3431 647 3470; x_wconf 87' lang='lat' dir='ltr'><strong>non</strong></span> <span class='ocrx_word' id='word_1_396' title='bbox 689 3432 864 3470; x_wconf 89' lang='lat' dir='ltr'><strong>omnes</strong></span> <span class='ocrx_word' id='word_1_397' title='bbox 912 3417 1122 3486; x_wconf 84' lang='lat' dir='ltr'><strong>capiunt</strong></span> <span class='ocrx_word' id='word_1_398' title='bbox 1161 3417 1367 3470; x_wconf 86' lang='lat' dir='ltr'><strong>verbum</strong></span> <span class='ocrx_word' id='word_1_399' title='bbox 1395 3418 1554 3484; x_wconf 87' lang='lat' dir='ltr'><strong>istud,</strong></span> <span class='ocrx_word' id='word_1_400' title='bbox 1595 3421 1686 3474; x_wconf 84' lang='lat' dir='ltr'><strong>sed</strong></span> 
     </span>
    </p>
   </div>
   <div class='ocr_carea' id='block_1_52' title="bbox 134 3502 1685 3579">
    <p class='ocr_par' dir='ltr' id='par_1_52' title="bbox 134 3502 1685 3579">
     <span class='ocr_line' id='line_1_52' title="bbox 134 3502 1685 3579; baseline 0.007 -24"><span class='ocrx_word' id='word_1_401' title='bbox 134 3502 278 3566; x_wconf 74' lang='lat' dir='ltr'><strong>quibus</strong></span> <span class='ocrx_word' id='word_1_402' title='bbox 299 3507 466 3562; x_wconf 82' lang='lat' dir='ltr'><strong>datum</strong></span> <span class='ocrx_word' id='word_1_403' title='bbox 496 3519 595 3563; x_wconf 86' lang='lat' dir='ltr'><strong>est.</strong></span> <span class='ocrx_word' id='word_1_404' title='bbox 634 3507 767 3563; x_wconf 86' lang='lat' dir='ltr'><strong>Sunt</strong></span> <span class='ocrx_word' id='word_1_405' title='bbox 793 3511 926 3563; x_wconf 91' lang='lat' dir='ltr'><strong>enim</strong></span> <span class='ocrx_word' id='word_1_406' title='bbox 953 3509 1209 3579; x_wconf 86' lang='lat' dir='ltr'><strong>spadones</strong></span> <span class='ocrx_word' id='word_1_407' title='bbox 1253 3510 1339 3579; x_wconf 88' lang='lat' dir='ltr'><strong>qui</strong></span> <span class='ocrx_word' id='word_1_408' title='bbox 1389 3511 1452 3564; x_wconf 88' lang='lat' dir='ltr'><strong>de</strong></span> <span class='ocrx_word' id='word_1_409' title='bbox 1506 3513 1685 3566; x_wconf 87' lang='lat' dir='ltr'><strong>matris</strong></span> 
     </span>
    </p>
   </div>
   <div class='ocr_carea' id='block_1_53' title="bbox 137 3597 1683 3675">
    <p class='ocr_par' dir='ltr' id='par_1_53' title="bbox 137 3597 1683 3675">
     <span class='ocr_line' id='line_1_53' title="bbox 137 3597 1683 3675; baseline 0.008 -28"><span class='ocrx_word' id='word_1_410' title='bbox 137 3597 333 3658; x_wconf 71' lang='lat' dir='ltr'><strong>uterosic</strong></span> <span class='ocrx_word' id='word_1_411' title='bbox 376 3602 476 3655; x_wconf 85' lang='lat' dir='ltr'><strong>nati</strong></span> <span class='ocrx_word' id='word_1_412' title='bbox 509 3608 636 3656; x_wconf 79' lang='lat' dir='ltr'><strong>sunt</strong></span> <span class='ocrx_word' id='word_1_413' title='bbox 682 3598 911 3672; x_wconf 81' lang='lat' dir='ltr'><strong>(Matth.</strong></span> <span class='ocrx_word' id='word_1_414' title='bbox 970 3617 1080 3667; x_wconf 74' lang='lat' dir='ltr'><strong>XIX,</strong></span> <span class='ocrx_word' id='word_1_415' title='bbox 1115 3602 1203 3668; x_wconf 81' lang='grc' dir='ltr'><strong>Η,</strong></span> <span class='ocrx_word' id='word_1_416' title='bbox 1237 3600 1338 3675; x_wconf 70' lang='grc'><strong>12)</strong></span> <span class='ocrx_word' id='word_1_417' title='bbox 1361 3618 1376 3669; x_wconf 90' lang='grc'><strong>;</strong></span> <span class='ocrx_word' id='word_1_418' title='bbox 1401 3601 1454 3657; x_wconf 92' lang='lat' dir='ltr'><strong>in</strong></span> <span class='ocrx_word' id='word_1_419' title='bbox 1487 3603 1683 3674; x_wconf 88' lang='lat' dir='ltr'><strong>quibus</strong></span> 
     </span>
    </p>
   </div>
   <div class='ocr_carea' id='block_1_54' title="bbox 197 3734 1687 3805">
    <p class='ocr_par' dir='ltr' id='par_1_54' title="bbox 197 3734 1687 3805">
     <span class='ocr_line' id='line_1_54' title="bbox 197 3734 1687 3805; baseline 0.006 -18"><span class='ocrx_word' id='word_1_420' title='bbox 197 3740 218 3766; x_wconf 77' lang='grc'><strong><em>⁸</em></strong></span> <span class='ocrx_word' id='word_1_421' title='bbox 250 3734 431 3792; x_wconf 89' lang='lat' dir='ltr'><strong>Omnes</strong></span> <span class='ocrx_word' id='word_1_422' title='bbox 460 3737 624 3805; x_wconf 86' lang='lat' dir='ltr'><strong>edit.,</strong></span> <span class='ocrx_word' id='word_1_423' title='bbox 655 3754 759 3792; x_wconf 88' lang='lat' dir='ltr'><strong>non</strong></span> <span class='ocrx_word' id='word_1_424' title='bbox 798 3739 958 3793; x_wconf 86' lang='lat' dir='ltr'><strong>virtus</strong></span> <span class='ocrx_word' id='word_1_425' title='bbox 999 3748 1072 3793; x_wconf 91' lang='lat' dir='ltr'><strong>est</strong></span> <span class='ocrx_word' id='word_1_426' title='bbox 1123 3739 1394 3794; x_wconf 85' lang='lat' dir='ltr'><strong>castitatis.</strong></span> <span class='ocrx_word' id='word_1_427' title='bbox 1453 3739 1523 3794; x_wconf 89' lang='lat' dir='ltr'><strong>Et</strong></span> <span class='ocrx_word' id='word_1_428' title='bbox 1568 3751 1687 3796; x_wconf 88' lang='lat' dir='ltr'><strong>sunt</strong></span> 
     </span>
    </p>
   </div>
   <div class='ocr_carea' id='block_1_55' title="bbox 139 3805 362 3873">
    <p class='ocr_par' dir='ltr' id='par_1_55' title="bbox 139 3805 362 3873">
     <span class='ocr_line' id='line_1_55' title="bbox 139 3805 362 3873; baseline 0.022 -17"><span class='ocrx_word' id='word_1_429' title='bbox 139 3805 362 3873; x_wconf 80' lang='lat' dir='ltr'><strong>spadones.</strong></span> 
     </span>
    </p>
   </div>
   <div class='ocr_carea' id='block_1_56' title="bbox 166 3874 1678 3955">
    <p class='ocr_par' dir='ltr' id='par_1_56' title="bbox 166 3874 1678 3955">
     <span class='ocr_line' id='line_1_56' title="bbox 166 3874 1678 3955; baseline 0.005 -25"><span class='ocrx_word' id='word_1_430' title='bbox 166 3874 214 3955; x_wconf 32' lang='grc' dir='ltr'><strong>,δ</strong></span> <span class='ocrx_word' id='word_1_431' title='bbox 249 3876 656 3955; x_wconf 67' lang='lat' dir='ltr'><strong>Mss._pleriqttc,</strong></span> <span class='ocrx_word' id='word_1_432' title='bbox 685 3881 1010 3955; x_wconf 73' lang='lat' dir='ltr'><strong>continentia:</strong></span> <span class='ocrx_word' id='word_1_433' title='bbox 1030 3883 1219 3952; x_wconf 84' lang='lat' dir='ltr'><strong>gratia,</strong></span> <span class='ocrx_word' id='word_1_434' title='bbox 1237 3883 1358 3955; x_wconf 84' lang='lat' dir='ltr'><strong>quia</strong></span> <span class='ocrx_word' id='word_1_435' title='bbox 1382 3882 1540 3955; x_wconf 85' lang='lat' dir='ltr'><strong>divini</strong></span> <span class='ocrx_word' id='word_1_436' title='bbox 1565 3901 1678 3951; x_wconf 77' lang='lat' dir='ltr'><strong>0pe~</strong></span> 
     </span>
    </p>
   </div>
   <div class='ocr_carea' id='block_1_57' title="bbox 143 3951 1686 4025">
    <p class='ocr_par' dir='ltr' id='par_1_57' title="bbox 143 3951 1686 4025">
     <span class='ocr_line' id='line_1_57' title="bbox 143 3951 1686 4025; baseline 0.007 -26"><span class='ocrx_word' id='word_1_437' title='bbox 143 3951 219 4025; x_wconf 53' lang='lat' dir='ltr'><strong>ris.</strong></span> <span class='ocrx_word' id='word_1_438' title='bbox 239 3958 328 4025; x_wconf 75' lang='lat' dir='ltr'><strong>etc.</strong></span> <span class='ocrx_word' id='word_1_439' title='bbox 348 3951 764 4025; x_wconf 11' lang='lat' dir='ltr'><strong>Sed‘manifesta</strong></span> <span class='ocrx_word' id='word_1_440' title='bbox 794 3952 982 4025; x_wconf 85' lang='lat' dir='ltr'><strong>lacuna</strong></span> <span class='ocrx_word' id='word_1_441' title='bbox 1008 3951 1090 4025; x_wconf 82' lang='lat' dir='ltr'><strong>est</strong></span> <span class='ocrx_word' id='word_1_442' title='bbox 1109 3994 1123 4016; x_wconf 84' lang='lat'><strong>,</strong></span> <span class='ocrx_word' id='word_1_443' title='bbox 1166 3951 1473 4022; x_wconf 82' lang='lat' dir='ltr'><strong>cujnsmodi</strong></span> <span class='ocrx_word' id='word_1_444' title='bbox 1501 3956 1686 4010; x_wconf 73' lang='lat' dir='ltr'><strong>multa:</strong></span> 
     </span>
    </p>
   </div>
   <div class='ocr_carea' id='block_1_58' title="bbox 144 4017 1684 4097">
    <p class='ocr_par' dir='ltr' id='par_1_58' title="bbox 144 4017 1684 4097">
     <span class='ocr_line' id='line_1_58' title="bbox 144 4017 1684 4097; baseline 0.006 -26"><span class='ocrx_word' id='word_1_445' title='bbox 144 4017 183 4097; x_wconf 77' lang='lat' dir='ltr'><strong>in</strong></span> <span class='ocrx_word' id='word_1_446' title='bbox 208 4017 342 4097; x_wconf 79' lang='lat' dir='ltr'><strong>hujus</strong></span> <span class='ocrx_word' id='word_1_447' title='bbox 359 4023 544 4092; x_wconf 78' lang='lat' dir='ltr'><strong>opella:</strong></span> <span class='ocrx_word' id='word_1_448' title='bbox 579 4024 799 4094; x_wconf 88' lang='lat' dir='ltr'><strong>scriptis</strong></span> <span class='ocrx_word' id='word_1_449' title='bbox 822 4024 944 4079; x_wconf 92' lang='lat' dir='ltr'><strong>cod.</strong></span> <span class='ocrx_word' id='word_1_450' title='bbox 981 4017 1409 4094; x_wconf 84' lang='lat' dir='ltr'><strong>antiquariorum</strong></span> <span class='ocrx_word' id='word_1_451' title='bbox 1438 4025 1684 4081; x_wconf 83' lang='lat' dir='ltr'><strong>oscitan-</strong></span> 
     </span>
    </p>
   </div>
   <div class='ocr_carea' id='block_1_59' title="bbox 146 4091 572 4148">
    <p class='ocr_par' dir='ltr' id='par_1_59' title="bbox 146 4091 572 4148">
     <span class='ocr_line' id='line_1_59' title="bbox 146 4091 572 4148; baseline 0.016 -9"><span class='ocrx_word' id='word_1_452' title='bbox 146 4091 197 4141; x_wconf 85' lang='lat' dir='ltr'><strong>tia</strong></span> <span class='ocrx_word' id='word_1_453' title='bbox 223 4091 403 4146; x_wconf 65' lang='lat' dir='ltr'><strong>relictui</strong></span> <span class='ocrx_word' id='word_1_454' title='bbox 425 4103 572 4148; x_wconf 88' lang='lat' dir='ltr'><strong>sunt.</strong></span> 
     </span>
    </p>
   </div>
   <div class='ocr_carea' id='block_1_60' title="bbox 165 4159 1682 4238">
    <p class='ocr_par' dir='ltr' id='par_1_60' title="bbox 165 4159 1682 4238">
     <span class='ocr_line' id='line_1_60' title="bbox 165 4159 1682 4238; baseline 0.005 -24"><span class='ocrx_word' id='word_1_455' title='bbox 165 4229 174 4238; x_wconf 34' lang='lat'><em>.</em></span> <span class='ocrx_word' id='word_1_456' title='bbox 202 4171 219 4196; x_wconf 69' lang='grc' dir='ltr'><strong><em>ε</em></strong></span> <span class='ocrx_word' id='word_1_457' title='bbox 254 4159 466 4238; x_wconf 81' lang='lat' dir='ltr'><strong>latitatio</strong></span> <span class='ocrx_word' id='word_1_458' title='bbox 494 4164 792 4236; x_wconf 78' lang='lat' dir='ltr'><strong>Virgiliana</strong></span> <span class='ocrx_word' id='word_1_459' title='bbox 814 4180 878 4222; x_wconf 83' lang='lat' dir='ltr'><strong>ex</strong></span> <span class='ocrx_word' id='word_1_460' title='bbox 912 4165 1035 4220; x_wconf 89' lang='lat' dir='ltr'><strong>eod.</strong></span> <span class='ocrx_word' id='word_1_461' title='bbox 1068 4165 1161 4238; x_wconf 15' lang='lat' dir='ltr'><strong>libi.</strong></span> <span class='ocrx_word' id='word_1_462' title='bbox 1195 4183 1250 4221; x_wconf 93' lang='grc' dir='ltr'><strong>ιιι</strong></span> <span class='ocrx_word' id='word_1_463' title='bbox 1282 4168 1483 4236; x_wconf 87' lang='lat' dir='ltr'><strong>Georg.</strong></span> <span class='ocrx_word' id='word_1_464' title='bbox 1507 4183 1520 4222; x_wconf 90' lang='lat'>:</span> <span class='ocrx_word' id='word_1_465' title='bbox 1548 4169 1682 4223; x_wconf 84' lang='lat' dir='ltr'><strong>Con-</strong></span> 
     </span>
    </p>
   </div>
   <div class='ocr_carea' id='block_1_61' title="bbox 146 4234 1683 4305">
    <p class='ocr_par' dir='ltr' id='par_1_61' title="bbox 146 4234 1683 4305">
     <span class='ocr_line' id='line_1_61' title="bbox 146 4234 1683 4305; baseline 0.009 -25"><span class='ocrx_word' id='word_1_466' title='bbox 146 4234 257 4305; x_wconf 77' lang='lat' dir='ltr'><strong>tinuo</strong></span> <span class='ocrx_word' id='word_1_467' title='bbox 280 4234 466 4303; x_wconf 87' lang='lat' dir='ltr'><strong>culpam</strong></span> <span class='ocrx_word' id='word_1_468' title='bbox 497 4234 641 4305; x_wconf 73' lang='lat' dir='ltr'><strong>ferro</strong></span> <span class='ocrx_word' id='word_1_469' title='bbox 663 4252 946 4302; x_wconf 82' lang='lat' dir='ltr'><strong>compesce,</strong></span> <span class='ocrx_word' id='word_1_470' title='bbox 973 4249 1079 4291; x_wconf 88' lang='lat' dir='ltr'><strong>etc.</strong></span> <span class='ocrx_word' id='word_1_471' title='bbox 1111 4237 1364 4293; x_wconf 88' lang='lat' dir='ltr'><strong>Testatur</strong></span> <span class='ocrx_word' id='word_1_472' title='bbox 1383 4234 1561 4293; x_wconf 73' lang='lat' dir='ltr'><strong>autem</strong></span> <span class='ocrx_word' id='word_1_473' title='bbox 1584 4239 1683 4294; x_wconf 90' lang='lat' dir='ltr'><strong>hoc</strong></span> 
     </span>
    </p>
   </div>
   <div class='ocr_carea' id='block_1_62' title="bbox 148 4300 1681 4379">
    <p class='ocr_par' dir='ltr' id='par_1_62' title="bbox 148 4300 1681 4379">
     <span class='ocr_line' id='line_1_62' title="bbox 148 4300 1681 4379; baseline 0.004 -22"><span class='ocrx_word' id='word_1_474' title='bbox 148 4300 240 4379; x_wconf 74' lang='lat' dir='ltr'><strong>loco</strong></span> <span class='ocrx_word' id='word_1_475' title='bbox 263 4300 694 4379; x_wconf 65' lang='lat' dir='ltr'><strong>sanetusDoctor</strong></span> <span class='ocrx_word' id='word_1_476' title='bbox 724 4307 886 4363; x_wconf 90' lang='lat' dir='ltr'><strong>fuisse</strong></span> <span class='ocrx_word' id='word_1_477' title='bbox 912 4300 1172 4363; x_wconf 84' lang='lat' dir='ltr'><strong>memoria</strong></span> <span class='ocrx_word' id='word_1_478' title='bbox 1204 4325 1320 4374; x_wconf 83' lang='lat' dir='ltr'><strong>sua,</strong></span> <span class='ocrx_word' id='word_1_479' title='bbox 1363 4309 1455 4379; x_wconf 91' lang='lat' dir='ltr'><strong>qui</strong></span> <span class='ocrx_word' id='word_1_480' title='bbox 1485 4325 1681 4378; x_wconf 88' lang='lat' dir='ltr'><strong>corpo-</strong></span> 
     </span>
    </p>
   </div>
   <div class='ocr_carea' id='block_1_63' title="bbox 147 4375 1682 4452">
    <p class='ocr_par' dir='ltr' id='par_1_63' title="bbox 147 4375 1682 4452">
     <span class='ocr_line' id='line_1_63' title="bbox 147 4375 1682 4452; baseline 0.008 -30"><span class='ocrx_word' id='word_1_481' title='bbox 147 4375 204 4452; x_wconf 64' lang='lat' dir='ltr'><strong>ris</strong></span> <span class='ocrx_word' id='word_1_482' title='bbox 236 4375 442 4452; x_wconf 75' lang='lat' dir='ltr'><strong>motibus</strong></span> <span class='ocrx_word' id='word_1_483' title='bbox 473 4378 782 4434; x_wconf 88' lang='lat' dir='ltr'><strong>inhonestis</strong></span> <span class='ocrx_word' id='word_1_484' title='bbox 816 4396 921 4432; x_wconf 91' lang='lat' dir='ltr'><strong>non</strong></span> <span class='ocrx_word' id='word_1_485' title='bbox 970 4389 1176 4452; x_wconf 87' lang='lat' dir='ltr'><strong>tantum</strong></span> <span class='ocrx_word' id='word_1_486' title='bbox 1221 4375 1496 4447; x_wconf 81' lang='lat' dir='ltr'><strong>oratione,</strong></span> <span class='ocrx_word' id='word_1_487' title='bbox 1551 4375 1682 4450; x_wconf 82' lang='lat' dir='ltr'><strong>jeju-</strong></span> 
     </span>
    </p>
   </div>
   <div class='ocr_carea' id='block_1_64' title="bbox 149 4447 1684 4518">
    <p class='ocr_par' dir='ltr' id='par_1_64' title="bbox 149 4447 1684 4518">
     <span class='ocr_line' id='line_1_64' title="bbox 149 4447 1684 4518; baseline 0.008 -24"><span class='ocrx_word' id='word_1_488' title='bbox 149 4447 248 4503; x_wconf 85' lang='lat' dir='ltr'><strong>niis.</strong></span> <span class='ocrx_word' id='word_1_489' title='bbox 277 4447 474 4517; x_wconf 76' lang='lat' dir='ltr'><strong>vigiliis,</strong></span> <span class='ocrx_word' id='word_1_490' title='bbox 525 4465 714 4504; x_wconf 89' lang='lat' dir='ltr'><strong>verum</strong></span> <span class='ocrx_word' id='word_1_491' title='bbox 762 4452 925 4504; x_wconf 84' lang='lat' dir='ltr'><strong>etiam</strong></span> <span class='ocrx_word' id='word_1_492' title='bbox 975 4451 1023 4503; x_wconf 90' lang='lat' dir='ltr'><strong>vi</strong></span> <span class='ocrx_word' id='word_1_493' title='bbox 1071 4460 1232 4518; x_wconf 86' lang='lat' dir='ltr'><strong>atque</strong></span> <span class='ocrx_word' id='word_1_494' title='bbox 1287 4460 1490 4506; x_wconf 82' lang='lat' dir='ltr'><strong>armata</strong></span> <span class='ocrx_word' id='word_1_495' title='bbox 1521 4447 1684 4505; x_wconf 70' lang='lat' dir='ltr'><strong>manu</strong></span> 
     </span>
    </p>
   </div>
   <div class='ocr_carea' id='block_1_65' title="bbox 151 4520 1680 4590">
    <p class='ocr_par' dir='ltr' id='par_1_65' title="bbox 151 4520 1680 4590">
     <span class='ocr_line' id='line_1_65' title="bbox 151 4520 1680 4590; baseline 0.009 -25"><span class='ocrx_word' id='word_1_496' title='bbox 151 4520 488 4574; x_wconf 83' lang='lat' dir='ltr'><strong>occurrendum</strong></span> <span class='ocrx_word' id='word_1_497' title='bbox 530 4521 929 4576; x_wconf 80' lang='lat' dir='ltr'><strong>existimarent.</strong></span> <span class='ocrx_word' id='word_1_498' title='bbox 990 4521 1345 4590; x_wconf 85' lang='lat' dir='ltr'><strong>Epiphanius,</strong></span> <span class='ocrx_word' id='word_1_499' title='bbox 1399 4522 1539 4577; x_wconf 78' lang='lat' dir='ltr'><strong>ll:vr.</strong></span> <span class='ocrx_word' id='word_1_500' title='bbox 1572 4523 1640 4578; x_wconf 77' lang='lat'><strong>58</strong></span> <span class='ocrx_word' id='word_1_501' title='bbox 1667 4564 1680 4587; x_wconf 93' lang='lat'><strong>,</strong></span> 
     </span>
    </p>
   </div>
   <div class='ocr_carea' id='block_1_66' title="bbox 152 4587 1764 4663">
    <p class='ocr_par' dir='ltr' id='par_1_66' title="bbox 152 4587 1764 4663">
     <span class='ocr_line' id='line_1_66' title="bbox 152 4587 1764 4663; baseline 0.007 -27"><span class='ocrx_word' id='word_1_502' title='bbox 152 4599 371 4663; x_wconf 69' lang='lat' dir='ltr'><strong>metuont</strong></span> <span class='ocrx_word' id='word_1_503' title='bbox 397 4591 710 4663; x_wconf 81' lang='lat' dir='ltr'><strong>frequenter</strong></span> <span class='ocrx_word' id='word_1_504' title='bbox 739 4592 925 4645; x_wconf 87' lang='lat' dir='ltr'><strong>auditu</strong></span> <span class='ocrx_word' id='word_1_505' title='bbox 961 4606 1021 4646; x_wconf 88' lang='lat' dir='ltr'><strong>se</strong></span> <span class='ocrx_word' id='word_1_506' title='bbox 1041 4587 1338 4662; x_wconf 74' lang='lat' dir='ltr'><strong>accepisse</strong></span> <span class='ocrx_word' id='word_1_507' title='bbox 1369 4592 1685 4648; x_wconf 87' lang='lat' dir='ltr'><strong>Valcsianos</strong></span> <span class='ocrx_word' id='word_1_508' title='bbox 1712 4587 1764 4663; x_wconf 84' lang='lat' dir='ltr'><strong><em>D</em></strong></span> 
     </span>
    </p>
   </div>
   <div class='ocr_carea' id='block_1_67' title="bbox 151 4657 1687 4730">
    <p class='ocr_par' dir='ltr' id='par_1_67' title="bbox 151 4657 1687 4730">
     <span class='ocr_line' id='line_1_67' title="bbox 151 4657 1687 4730; baseline 0.006 -21"><span class='ocrx_word' id='word_1_509' title='bbox 151 4657 392 4730; x_wconf 62' lang='lat' dir='ltr'><strong>violentam</strong></span> <span class='ocrx_word' id='word_1_510' title='bbox 421 4657 560 4717; x_wconf 61' lang='lat' dir='ltr'><strong>hanc</strong></span> <span class='ocrx_word' id='word_1_511' title='bbox 583 4664 1007 4730; x_wconf 84' lang='lat' dir='ltr'><strong>amptttatiouem</strong></span> <span class='ocrx_word' id='word_1_512' title='bbox 1037 4679 1142 4716; x_wconf 90' lang='lat' dir='ltr'><strong>non</strong></span> <span class='ocrx_word' id='word_1_513' title='bbox 1170 4657 1219 4716; x_wconf 80' lang='lat' dir='ltr'><strong>in</strong></span> <span class='ocrx_word' id='word_1_514' title='bbox 1245 4679 1304 4718; x_wconf 89' lang='lat' dir='ltr'><strong>se</strong></span> <span class='ocrx_word' id='word_1_515' title='bbox 1335 4672 1566 4730; x_wconf 87' lang='lat' dir='ltr'><strong>tantum,</strong></span> <span class='ocrx_word' id='word_1_516' title='bbox 1590 4664 1687 4718; x_wconf 91' lang='lat' dir='ltr'><strong>sed</strong></span> 
     </span>
    </p>
   </div>
   <div class='ocr_carea' id='block_1_68' title="bbox 151 4725 1688 4796">
    <p class='ocr_par' dir='ltr' id='par_1_68' title="bbox 151 4725 1688 4796">
     <span class='ocr_line' id='line_1_68' title="bbox 151 4725 1688 4796; baseline 0.009 -20"><span class='ocrx_word' id='word_1_517' title='bbox 151 4733 194 4777; x_wconf 82' lang='lat' dir='ltr'><strong>ct</strong></span> <span class='ocrx_word' id='word_1_518' title='bbox 216 4725 260 4780; x_wconf 89' lang='lat' dir='ltr'><strong>iu</strong></span> <span class='ocrx_word' id='word_1_519' title='bbox 283 4733 583 4796; x_wconf 65' lang='lat' dir='ltr'><strong>peregrinos</strong></span> <span class='ocrx_word' id='word_1_520' title='bbox 609 4725 868 4788; x_wconf 81' lang='lat' dir='ltr'><strong>adhibere</strong></span> <span class='ocrx_word' id='word_1_521' title='bbox 898 4734 1269 4788; x_wconf 81' lang='lat' dir='ltr'><strong>Consuevissc.</strong></span> <span class='ocrx_word' id='word_1_522' title='bbox 1307 4725 1688 4790; x_wconf 79' lang='lat' dir='ltr'><strong>Verumtamen</strong></span> 
     </span>
    </p>
   </div>
   <div class='ocr_carea' id='block_1_69' title="bbox 152 4801 1692 4876">
    <p class='ocr_par' dir='ltr' id='par_1_69' title="bbox 152 4801 1692 4876">
     <span class='ocr_line' id='line_1_69' title="bbox 152 4801 1692 4876; baseline 0.007 -27"><span class='ocrx_word' id='word_1_523' title='bbox 152 4809 250 4851; x_wconf 87' lang='lat' dir='ltr'><strong>cum</strong></span> <span class='ocrx_word' id='word_1_524' title='bbox 272 4801 497 4876; x_wconf 77' lang='lat' dir='ltr'><strong>ejusdem</strong></span> <span class='ocrx_word' id='word_1_525' title='bbox 540 4805 880 4869; x_wconf 88' lang='lat' dir='ltr'><strong>testimonio,</strong></span> <span class='ocrx_word' id='word_1_526' title='bbox 915 4805 988 4858; x_wconf 90' lang='lat' dir='ltr'><strong>illi</strong></span> <span class='ocrx_word' id='word_1_527' title='bbox 1029 4819 1089 4859; x_wconf 88' lang='lat' dir='ltr'><strong>se</strong></span> <span class='ocrx_word' id='word_1_528' title='bbox 1123 4805 1189 4858; x_wconf 89' lang='lat' dir='ltr'><strong>ab</strong></span> <span class='ocrx_word' id='word_1_529' title='bbox 1241 4805 1480 4860; x_wconf 83' lang='lat' dir='ltr'><strong>Ecclesia</strong></span> <span class='ocrx_word' id='word_1_530' title='bbox 1510 4822 1692 4876; x_wconf 82' lang='lat' dir='ltr'><strong>segre-</strong></span> 
     </span>
    </p>
   </div>
   <div class='ocr_carea' id='block_1_70' title="bbox 151 4873 1693 4946">
    <p class='ocr_par' dir='ltr' id='par_1_70' title="bbox 151 4873 1693 4946">
     <span class='ocr_line' id='line_1_70' title="bbox 151 4873 1693 4946; baseline 0.003 -20"><span class='ocrx_word' id='word_1_531' title='bbox 151 4873 374 4946; x_wconf 66' lang='lat' dir='ltr'><strong>gaverunt.</strong></span> <span class='ocrx_word' id='word_1_532' title='bbox 406 4890 503 4930; x_wconf 89' lang='lat' dir='ltr'><strong>nec</strong></span> <span class='ocrx_word' id='word_1_533' title='bbox 555 4885 813 4946; x_wconf 78' lang='lat' dir='ltr'><strong>appareat</strong></span> <span class='ocrx_word' id='word_1_534' title='bbox 852 4876 1075 4929; x_wconf 91' lang='lat' dir='ltr'><strong>multum</strong></span> <span class='ocrx_word' id='word_1_535' title='bbox 1134 4887 1482 4944; x_wconf 85' lang='lat' dir='ltr'><strong>prepagatam</strong></span> <span class='ocrx_word' id='word_1_536' title='bbox 1526 4873 1693 4932; x_wconf 81' lang='lat' dir='ltr'><strong>fuisse</strong></span> 
     </span>
    </p>
   </div>
   <div class='ocr_carea' id='block_1_71' title="bbox 155 4943 1694 5022">
    <p class='ocr_par' dir='ltr' id='par_1_71' title="bbox 155 4943 1694 5022">
     <span class='ocr_line' id='line_1_71' title="bbox 155 4943 1694 5022; baseline 0.005 -28"><span class='ocrx_word' id='word_1_537' title='bbox 155 4943 281 5022; x_wconf 63' lang='lat' dir='ltr'><strong>istam</strong></span> <span class='ocrx_word' id='word_1_538' title='bbox 307 4943 968 5022; x_wconf 44' lang='lat' dir='ltr'><strong>lauream—verisimilius</strong></span> <span class='ocrx_word' id='word_1_539' title='bbox 993 4956 1076 5001; x_wconf 85' lang='lat' dir='ltr'><strong>est</strong></span> <span class='ocrx_word' id='word_1_540' title='bbox 1111 4943 1374 5022; x_wconf 75' lang='lat' dir='ltr'><strong>quoSdam</strong></span> <span class='ocrx_word' id='word_1_541' title='bbox 1399 4963 1429 5001; x_wconf 91' lang='lat' dir='ltr'><strong>c</strong></span> <span class='ocrx_word' id='word_1_542' title='bbox 1465 4947 1694 5022; x_wconf 77' lang='lat' dir='ltr'><strong>catholi-</strong></span> 
     </span>
    </p>
   </div>
   <div class='ocr_carea' id='block_1_72' title="bbox 154 5012 1695 5086">
    <p class='ocr_par' dir='ltr' id='par_1_72' title="bbox 154 5012 1695 5086">
     <span class='ocr_line' id='line_1_72' title="bbox 154 5012 1695 5086; baseline 0.007 -26"><span class='ocrx_word' id='word_1_543' title='bbox 154 5012 219 5064; x_wconf 83' lang='lat' dir='ltr'><strong>cis</strong></span> <span class='ocrx_word' id='word_1_544' title='bbox 246 5012 444 5071; x_wconf 79' lang='lat' dir='ltr'><strong>indicari</strong></span> <span class='ocrx_word' id='word_1_545' title='bbox 470 5018 540 5072; x_wconf 89' lang='lat' dir='ltr'><strong>ab</strong></span> <span class='ocrx_word' id='word_1_546' title='bbox 562 5012 900 5077; x_wconf 37' lang='lat' dir='ltr'><strong>&#39;Ambrosio;</strong></span> <span class='ocrx_word' id='word_1_547' title='bbox 930 5012 1162 5086; x_wconf 78' lang='lat' dir='ltr'><strong>eumque</strong></span> <span class='ocrx_word' id='word_1_548' title='bbox 1192 5017 1290 5071; x_wconf 89' lang='lat' dir='ltr'><strong>hac</strong></span> <span class='ocrx_word' id='word_1_549' title='bbox 1321 5019 1432 5086; x_wconf 91' lang='lat' dir='ltr'><strong>ipsa</strong></span> <span class='ocrx_word' id='word_1_550' title='bbox 1471 5018 1538 5072; x_wconf 91' lang='lat' dir='ltr'><strong>de</strong></span> <span class='ocrx_word' id='word_1_551' title='bbox 1568 5034 1695 5071; x_wconf 86' lang='lat' dir='ltr'><strong>cau-</strong></span> 
     </span>
    </p>
   </div>
   <div class='ocr_carea' id='block_1_73' title="bbox 154 5087 1697 5163">
    <p class='ocr_par' dir='ltr' id='par_1_73' title="bbox 154 5087 1697 5163">
     <span class='ocr_line' id='line_1_73' title="bbox 154 5087 1697 5163; baseline 0.005 -26"><span class='ocrx_word' id='word_1_552' title='bbox 154 5090 201 5163; x_wconf 49' lang='lat' dir='ltr'><strong>sa</strong></span> <span class='ocrx_word' id='word_1_553' title='bbox 221 5095 324 5163; x_wconf 75' lang='lat' dir='ltr'><strong>eum</strong></span> <span class='ocrx_word' id='word_1_554' title='bbox 361 5087 460 5163; x_wconf 76' lang='lat' dir='ltr'><strong>illis</strong></span> <span class='ocrx_word' id='word_1_555' title='bbox 481 5104 641 5163; x_wconf 82' lang='lat' dir='ltr'><strong>agere</strong></span> <span class='ocrx_word' id='word_1_556' title='bbox 669 5089 984 5163; x_wconf 70' lang='lat' dir='ltr'><strong>benignius;</strong></span> <span class='ocrx_word' id='word_1_557' title='bbox 1018 5089 1121 5163; x_wconf 80' lang='lat' dir='ltr'><strong>nisi</strong></span> <span class='ocrx_word' id='word_1_558' title='bbox 1149 5089 1270 5163; x_wconf 84' lang='lat' dir='ltr'><strong>quis</strong></span> <span class='ocrx_word' id='word_1_559' title='bbox 1311 5090 1466 5163; x_wconf 82' lang='lat' dir='ltr'><strong>malit</strong></span> <span class='ocrx_word' id='word_1_560' title='bbox 1494 5089 1544 5143; x_wconf 93' lang='lat' dir='ltr'><strong>id</strong></span> <span class='ocrx_word' id='word_1_561' title='bbox 1575 5089 1697 5144; x_wconf 86' lang='lat' dir='ltr'><strong>Ori-</strong></span> 
     </span>
    </p>
   </div>
   <div class='ocr_carea' id='block_1_74' title="bbox 154 5158 1696 5234">
    <p class='ocr_par' dir='ltr' id='par_1_74' title="bbox 154 5158 1696 5234">
     <span class='ocr_line' id='line_1_74' title="bbox 154 5158 1696 5234; baseline 0.007 -31"><span class='ocrx_word' id='word_1_562' title='bbox 154 5158 282 5234; x_wconf 43' lang='lat' dir='ltr'><strong>‘g‘enis</strong></span> <span class='ocrx_word' id='word_1_563' title='bbox 304 5158 447 5225; x_wconf 84' lang='lat' dir='ltr'><strong>cujus</strong></span> <span class='ocrx_word' id='word_1_564' title='bbox 475 5161 674 5230; x_wconf 83' lang='lat' dir='ltr'><strong>scripta</strong></span> <span class='ocrx_word' id='word_1_565' title='bbox 699 5160 913 5227; x_wconf 90' lang='lat' dir='ltr'><strong>plurimi</strong></span> <span class='ocrx_word' id='word_1_566' title='bbox 959 5158 1210 5225; x_wconf 83' lang='lat' dir='ltr'><strong>faciebat,</strong></span> <span class='ocrx_word' id='word_1_567' title='bbox 1251 5159 1441 5234; x_wconf 84' lang='lat' dir='ltr'><strong>honori</strong></span> <span class='ocrx_word' id='word_1_568' title='bbox 1491 5162 1696 5214; x_wconf 89' lang='lat' dir='ltr'><strong>datum.</strong></span> 
     </span>
    </p>
   </div>
   <div class='ocr_carea' id='block_1_75' title="bbox 157 5221 1703 5304">
    <p class='ocr_par' dir='ltr' id='par_1_75' title="bbox 157 5221 1703 5304">
     <span class='ocr_line' id='line_1_75' title="bbox 157 5221 1703 5304; baseline 0.004 -26"><span class='ocrx_word' id='word_1_569' title='bbox 157 5221 388 5304; x_wconf 40' lang='lat' dir='ltr'><strong>{metarum</strong></span> <span class='ocrx_word' id='word_1_570' title='bbox 420 5245 524 5284; x_wconf 88' lang='lat' dir='ltr'><strong>non</strong></span> <span class='ocrx_word' id='word_1_571' title='bbox 552 5221 853 5304; x_wconf 69' lang='lat' dir='ltr'><strong>obscurum</strong></span> <span class='ocrx_word' id='word_1_572' title='bbox 884 5239 967 5283; x_wconf 87' lang='lat' dir='ltr'><strong>est</strong></span> <span class='ocrx_word' id='word_1_573' title='bbox 991 5221 1242 5304; x_wconf 76' lang='lat' dir='ltr'><strong>crassam</strong></span> <span class='ocrx_word' id='word_1_574' title='bbox 1286 5231 1445 5304; x_wconf 59' lang='lat' dir='ltr'><strong>haan</strong></span> <span class='ocrx_word' id='word_1_575' title='bbox 1471 5246 1703 5301; x_wconf 87' lang='lat' dir='ltr'><strong>evange-</strong></span> 
     </span>
    </p>
   </div>
   <div class='ocr_carea' id='block_1_76' title="bbox 157 5288 1704 5374">
    <p class='ocr_par' dir='ltr' id='par_1_76' title="bbox 157 5288 1704 5374">
     <span class='ocr_line' id='line_1_76' title="bbox 157 5288 1704 5374; baseline 0.005 -24"><span class='ocrx_word' id='word_1_576' title='bbox 157 5288 234 5374; x_wconf 69' lang='lat' dir='ltr'><strong>lici</strong></span> <span class='ocrx_word' id='word_1_577' title='bbox 270 5297 385 5362; x_wconf 82' lang='lat' dir='ltr'><strong>luci,</strong></span> <span class='ocrx_word' id='word_1_578' title='bbox 412 5316 520 5374; x_wconf 79' lang='lat' dir='ltr'><strong>quo</strong></span> <span class='ocrx_word' id='word_1_579' title='bbox 548 5302 627 5356; x_wconf 90' lang='lat' dir='ltr'><strong>illi</strong></span> <span class='ocrx_word' id='word_1_580' title='bbox 657 5302 712 5356; x_wconf 90' lang='lat' dir='ltr'><strong>in</strong></span> <span class='ocrx_word' id='word_1_581' title='bbox 735 5315 970 5374; x_wconf 83' lang='lat' dir='ltr'><strong>errorem</strong></span> <span class='ocrx_word' id='word_1_582' title='bbox 990 5300 1190 5374; x_wconf 81' lang='lat' dir='ltr'><strong>inducti</strong></span> <span class='ocrx_word' id='word_1_583' title='bbox 1225 5302 1394 5367; x_wconf 89' lang='lat' dir='ltr'><strong>fuere,</strong></span> <span class='ocrx_word' id='word_1_584' title='bbox 1435 5288 1704 5370; x_wconf 59' lang='lat' dir='ltr'><strong>ittterpie-</strong></span> 
     </span>
    </p>
   </div>
   <div class='ocr_carea' id='block_1_77' title="bbox 160 5371 1701 5438">
    <p class='ocr_par' dir='ltr' id='par_1_77' title="bbox 160 5371 1701 5438">
     <span class='ocr_line' id='line_1_77' title="bbox 160 5371 1701 5438; baseline 0.005 -19"><span class='ocrx_word' id='word_1_585' title='bbox 160 5371 380 5438; x_wconf 43' lang='lat' dir='ltr'><strong>lationem</strong></span> <span class='ocrx_word' id='word_1_586' title='bbox 401 5371 469 5426; x_wconf 89' lang='lat' dir='ltr'><strong>ab</strong></span> <span class='ocrx_word' id='word_1_587' title='bbox 494 5372 611 5436; x_wconf 88' lang='lat' dir='ltr'><strong>ipso</strong></span> <span class='ocrx_word' id='word_1_588' title='bbox 629 5388 736 5427; x_wconf 92' lang='lat' dir='ltr'><strong>non</strong></span> <span class='ocrx_word' id='word_1_589' title='bbox 764 5373 938 5425; x_wconf 88' lang='lat' dir='ltr'><strong>minus</strong></span> <span class='ocrx_word' id='word_1_590' title='bbox 960 5371 1375 5426; x_wconf 85' lang='lat' dir='ltr'><strong>condemnatam</strong></span> <span class='ocrx_word' id='word_1_591' title='bbox 1400 5387 1521 5427; x_wconf 89' lang='lat' dir='ltr'><strong>esse</strong></span> <span class='ocrx_word' id='word_1_592' title='bbox 1544 5389 1701 5438; x_wconf 86' lang='lat' dir='ltr'><strong>quam</strong></span> 
     </span>
    </p>
   </div>
   <div class='ocr_carea' id='block_1_78' title="bbox 158 5434 1707 5519">
    <p class='ocr_par' dir='ltr' id='par_1_78' title="bbox 158 5434 1707 5519">
     <span class='ocr_line' id='line_1_78' title="bbox 158 5434 1707 5519; baseline 0.007 -31"><span class='ocrx_word' id='word_1_593' title='bbox 158 5434 216 5519; x_wconf 51' lang='lat' dir='ltr'><strong>ab</strong></span> <span class='ocrx_word' id='word_1_594' title='bbox 237 5437 345 5519; x_wconf 73' lang='lat' dir='ltr'><strong>aliis</strong></span> <span class='ocrx_word' id='word_1_595' title='bbox 370 5434 636 5507; x_wconf 84' lang='lat' dir='ltr'><strong>Patribus,</strong></span> <span class='ocrx_word' id='word_1_596' title='bbox 663 5441 1023 5519; x_wconf 69' lang='lat' dir='ltr'><strong>puta_;_I3as_iI.</strong></span> <span class='ocrx_word' id='word_1_597' title='bbox 1048 5442 1150 5519; x_wconf 79' lang='lat' dir='ltr'><strong>_Iib.</strong></span> <span class='ocrx_word' id='word_1_598' title='bbox 1181 5443 1248 5519; x_wconf 73' lang='lat' dir='ltr'><strong>de</strong></span> <span class='ocrx_word' id='word_1_599' title='bbox 1279 5434 1707 5519; x_wconf 32' lang='lat' dir='ltr'><strong>Virgin.,Cht~‘x-i</strong></span> 
     </span>
    </p>
   </div>
   <div class='ocr_carea' id='block_1_79' title="bbox 159 5512 1705 5583">
    <p class='ocr_par' dir='ltr' id='par_1_79' title="bbox 159 5512 1705 5583">
     <span class='ocr_line' id='line_1_79' title="bbox 159 5512 1705 5583; baseline 0.006 -24"><span class='ocrx_word' id='word_1_600' title='bbox 159 5517 273 5583; x_wconf 56' lang='lat' dir='ltr'><strong>gest.</strong></span> <span class='ocrx_word' id='word_1_601' title='bbox 297 5512 345 5562; x_wconf 87' lang='lat' dir='ltr'><strong>in</strong></span> <span class='ocrx_word' id='word_1_602' title='bbox 367 5526 481 5582; x_wconf 83' lang='lat' dir='ltr'><strong>cap.</strong></span> <span class='ocrx_word' id='word_1_603' title='bbox 513 5530 604 5569; x_wconf 78' lang='lat' dir='ltr'><strong>xix</strong></span> <span class='ocrx_word' id='word_1_604' title='bbox 626 5512 804 5568; x_wconf 87' lang='lat' dir='ltr'><strong>sancti</strong></span> <span class='ocrx_word' id='word_1_605' title='bbox 831 5512 1082 5578; x_wconf 70' lang='lat' dir='ltr'><strong>Matthaai,</strong></span> <span class='ocrx_word' id='word_1_606' title='bbox 1105 5522 1161 5568; x_wconf 90' lang='lat' dir='ltr'><strong>et</strong></span> <span class='ocrx_word' id='word_1_607' title='bbox 1187 5512 1408 5569; x_wconf 88' lang='lat' dir='ltr'><strong>Hieron.</strong></span> <span class='ocrx_word' id='word_1_608' title='bbox 1434 5517 1594 5583; x_wconf 90' lang='lat' dir='ltr'><strong>epist.</strong></span> <span class='ocrx_word' id='word_1_609' title='bbox 1617 5512 1705 5569; x_wconf 76' lang='lat'><strong>65.</strong></span> 
     </span>
    </p>
   </div>
   <div class='ocr_carea' id='block_1_80' title="bbox 160 5571 1710 5657">
    <p class='ocr_par' dir='ltr' id='par_1_80' title="bbox 160 5571 1710 5657">
     <span class='ocr_line' id='line_1_80' title="bbox 160 5571 1710 5657; baseline 0.005 -25"><span class='ocrx_word' id='word_1_610' title='bbox 160 5571 385 5657; x_wconf 49' lang='lat' dir='ltr'><strong>Qunam</strong></span> <span class='ocrx_word' id='word_1_611' title='bbox 415 5571 592 5657; x_wconf 68' lang='lat' dir='ltr'><strong>autem</strong></span> <span class='ocrx_word' id='word_1_612' title='bbox 624 5584 890 5657; x_wconf 79' lang='lat' dir='ltr'><strong>majorum</strong></span> <span class='ocrx_word' id='word_1_613' title='bbox 916 5571 1121 5657; x_wconf 21' lang='lat' dir='ltr'><strong>Astatuia</strong></span> <span class='ocrx_word' id='word_1_614' title='bbox 1153 5585 1240 5638; x_wconf 89' lang='lat' dir='ltr'><strong>hic</strong></span> <span class='ocrx_word' id='word_1_615' title='bbox 1269 5571 1502 5657; x_wconf 74' lang='lat' dir='ltr'><strong>citentur</strong></span> <span class='ocrx_word' id='word_1_616' title='bbox 1524 5628 1538 5649; x_wconf 92' lang='lat'><strong>,</strong></span> <span class='ocrx_word' id='word_1_617' title='bbox 1569 5585 1710 5640; x_wconf 90' lang='lat' dir='ltr'><strong>haud</strong></span> 
     </span>
    </p>
   </div>
   <div class='ocr_carea' id='block_1_81' title="bbox 161 5653 1714 5712">
    <p class='ocr_par' dir='ltr' id='par_1_81' title="bbox 161 5653 1714 5712">
     <span class='ocr_line' id='line_1_81' title="bbox 161 5653 1714 5712; baseline 0.007 -11"><span class='ocrx_word' id='word_1_618' title='bbox 161 5653 278 5702; x_wconf 69' lang='lat' dir='ltr'><strong>satis</strong></span> <span class='ocrx_word' id='word_1_619' title='bbox 301 5662 517 5708; x_wconf 68' lang='lat' dir='ltr'><strong>consul.</strong></span> <span class='ocrx_word' id='word_1_620' title='bbox 545 5655 823 5710; x_wconf 85' lang='lat' dir='ltr'><strong>llahemus</strong></span> <span class='ocrx_word' id='word_1_621' title='bbox 843 5653 981 5707; x_wconf 87' lang='lat' dir='ltr'><strong>enim</strong></span> <span class='ocrx_word' id='word_1_622' title='bbox 1015 5655 1118 5710; x_wconf 89' lang='lat' dir='ltr'><strong>hac</strong></span> <span class='ocrx_word' id='word_1_623' title='bbox 1137 5656 1204 5709; x_wconf 91' lang='lat' dir='ltr'><strong>de</strong></span> <span class='ocrx_word' id='word_1_624' title='bbox 1228 5672 1286 5710; x_wconf 92' lang='lat' dir='ltr'><strong>re</strong></span> <span class='ocrx_word' id='word_1_625' title='bbox 1315 5655 1457 5711; x_wconf 88' lang='lat' dir='ltr'><strong>inter</strong></span> <span class='ocrx_word' id='word_1_626' title='bbox 1475 5671 1714 5712; x_wconf 88' lang='lat' dir='ltr'><strong>canones</strong></span> 
     </span>
    </p>
   </div>
   <div class='ocr_carea' id='block_1_82' title="bbox 164 5721 1715 5797">
    <p class='ocr_par' dir='ltr' id='par_1_82' title="bbox 164 5721 1715 5797">
     <span class='ocr_line' id='line_1_82' title="bbox 164 5721 1715 5797; baseline 0.006 -24"><span class='ocrx_word' id='word_1_627' title='bbox 164 5721 462 5788; x_wconf 74' lang='lat' dir='ltr'><strong>apostolicos</strong></span> <span class='ocrx_word' id='word_1_628' title='bbox 487 5725 582 5796; x_wconf 70' lang='lat'><strong>2!,</strong></span> <span class='ocrx_word' id='word_1_629' title='bbox 607 5725 704 5794; x_wconf 67' lang='grc'><strong>22,</strong></span> <span class='ocrx_word' id='word_1_630' title='bbox 735 5724 812 5782; x_wconf 74' lang='lat'><strong>‘25</strong></span> <span class='ocrx_word' id='word_1_631' title='bbox 838 5730 896 5781; x_wconf 87' lang='lat' dir='ltr'><strong>et</strong></span> <span class='ocrx_word' id='word_1_632' title='bbox 919 5725 1010 5794; x_wconf 69' lang='grc'><strong>24,</strong></span> <span class='ocrx_word' id='word_1_633' title='bbox 1039 5741 1174 5797; x_wconf 83' lang='lat' dir='ltr'><strong>quos</strong></span> <span class='ocrx_word' id='word_1_634' title='bbox 1195 5726 1392 5782; x_wconf 58' lang='grc' dir='ltr'><strong>δίωξιιὶ</strong></span> <span class='ocrx_word' id='word_1_635' title='bbox 1426 5743 1580 5784; x_wconf 76' lang='lat' dir='ltr'><strong>conc.</strong></span> <span class='ocrx_word' id='word_1_636' title='bbox 1626 5743 1715 5783; x_wconf 80' lang='lat' dir='ltr'><strong>ca-</strong></span> 
     </span>
    </p>
   </div>
   <div class='ocr_carea' id='block_1_83' title="bbox 1776 1837 3374 1910">
    <p class='ocr_par' dir='ltr' id='par_1_83' title="bbox 1776 1837 3374 1910">
     <span class='ocr_line' id='line_1_83' title="bbox 1776 1837 3374 1910; baseline -0.001 -15"><span class='ocrx_word' id='word_1_637' title='bbox 1776 1839 1920 1896; x_wconf 90' lang='lat' dir='ltr'><strong>enim</strong></span> <span class='ocrx_word' id='word_1_638' title='bbox 1951 1838 2043 1909; x_wconf 91' lang='lat' dir='ltr'><strong>qui</strong></span> <span class='ocrx_word' id='word_1_639' title='bbox 2077 1837 2295 1893; x_wconf 85' lang='lat' dir='ltr'><strong>virtutis</strong></span> <span class='ocrx_word' id='word_1_640' title='bbox 2318 1837 2440 1893; x_wconf 92' lang='lat' dir='ltr'><strong>loco</strong></span> <span class='ocrx_word' id='word_1_641' title='bbox 2473 1847 2697 1908; x_wconf 89' lang='lat' dir='ltr'><strong>ponant,</strong></span> <span class='ocrx_word' id='word_1_642' title='bbox 2730 1849 2751 1877; x_wconf 72' lang='grc' dir='ltr'><strong><em>ο</em></strong></span> <span class='ocrx_word' id='word_1_643' title='bbox 2782 1837 2934 1894; x_wconf 90' lang='lat' dir='ltr'><strong>ferro</strong></span> <span class='ocrx_word' id='word_1_644' title='bbox 2979 1839 3193 1910; x_wconf 89' lang='lat' dir='ltr'><strong>culpam</strong></span> <span class='ocrx_word' id='word_1_645' title='bbox 3221 1855 3374 1895; x_wconf 86' lang='lat' dir='ltr'><strong>com-</strong></span> 
     </span>
    </p>
   </div>
   <div class='ocr_carea' id='block_1_84' title="bbox 1779 1930 3376 2002">
    <p class='ocr_par' dir='ltr' id='par_1_84' title="bbox 1779 1930 3376 2002">
     <span class='ocr_line' id='line_1_84' title="bbox 1779 1930 3376 2002; baseline 0.001 -16"><span class='ocrx_word' id='word_1_646' title='bbox 1779 1945 2018 2002; x_wconf 89' lang='lat' dir='ltr'><strong>pescere.</strong></span> <span class='ocrx_word' id='word_1_647' title='bbox 2057 1931 2132 1986; x_wconf 92' lang='lat' dir='ltr'><strong>De</strong></span> <span class='ocrx_word' id='word_1_648' title='bbox 2158 1930 2353 2002; x_wconf 88' lang='lat' dir='ltr'><strong>quibus</strong></span> <span class='ocrx_word' id='word_1_649' title='bbox 2389 1930 2491 1985; x_wconf 90' lang='lat' dir='ltr'><strong>etsi</strong></span> <span class='ocrx_word' id='word_1_650' title='bbox 2535 1941 2775 1985; x_wconf 85' lang='lat' dir='ltr'><strong>nostram</strong></span> <span class='ocrx_word' id='word_1_651' title='bbox 2821 1931 3073 1986; x_wconf 84' lang='lat' dir='ltr'><strong>nolumus</strong></span> <span class='ocrx_word' id='word_1_652' title='bbox 3128 1932 3376 2002; x_wconf 89' lang='lat' dir='ltr'><strong>proferre</strong></span> 
     </span>
    </p>
   </div>
   <div class='ocr_carea' id='block_1_85' title="bbox 1775 2021 3372 2094">
    <p class='ocr_par' dir='ltr' id='par_1_85' title="bbox 1775 2021 3372 2094">
     <span class='ocr_line' id='line_1_85' title="bbox 1775 2021 3372 2094; baseline -0.001 -14"><span class='ocrx_word' id='word_1_653' title='bbox 1775 2021 2131 2086; x_wconf 90' lang='lat' dir='ltr'><strong>sententiam,</strong></span> <span class='ocrx_word' id='word_1_654' title='bbox 2161 2023 2414 2093; x_wconf 88' lang='lat' dir='ltr'><strong>quamvis</strong></span> <span class='ocrx_word' id='word_1_655' title='bbox 2443 2021 2551 2076; x_wconf 89' lang='lat' dir='ltr'><strong>sint</strong></span> <span class='ocrx_word' id='word_1_656' title='bbox 2597 2030 2798 2077; x_wconf 90' lang='lat' dir='ltr'><strong>statuta</strong></span> <span class='ocrx_word' id='word_1_657' title='bbox 2848 2023 3008 2094; x_wconf 75' lang='lat'><strong>207</strong></span> <span class='ocrx_word' id='word_1_658' title='bbox 3061 2023 3372 2093; x_wconf 84' lang='lat' dir='ltr'><strong>majorum;</strong></span> 
     </span>
    </p>
   </div>
   <div class='ocr_carea' id='block_1_86' title="bbox 1777 2111 3376 2187">
    <p class='ocr_par' dir='ltr' id='par_1_86' title="bbox 1777 2111 3376 2187">
     <span class='ocr_line' id='line_1_86' title="bbox 1777 2111 3376 2187; baseline 0.001 -16"><span class='ocrx_word' id='word_1_659' title='bbox 1777 2115 2127 2171; x_wconf 87' lang='lat' dir='ltr'><strong>considerent</strong></span> <span class='ocrx_word' id='word_1_660' title='bbox 2155 2125 2358 2182; x_wconf 89' lang='lat' dir='ltr'><strong>tamen,</strong></span> <span class='ocrx_word' id='word_1_661' title='bbox 2388 2111 2414 2151; x_wconf 77' lang='grc'><strong>(1</strong></span> <span class='ocrx_word' id='word_1_662' title='bbox 2445 2130 2512 2170; x_wconf 90' lang='lat' dir='ltr'><strong>ne</strong></span> <span class='ocrx_word' id='word_1_663' title='bbox 2538 2115 2658 2184; x_wconf 89' lang='lat' dir='ltr'><strong>quis</strong></span> <span class='ocrx_word' id='word_1_664' title='bbox 2689 2115 2742 2169; x_wconf 90' lang='lat' dir='ltr'><strong>id</strong></span> <span class='ocrx_word' id='word_1_665' title='bbox 2783 2115 2850 2171; x_wconf 86' lang='lat' dir='ltr'><strong>ad</strong></span> <span class='ocrx_word' id='word_1_666' title='bbox 2882 2117 3271 2187; x_wconf 86' lang='lat' dir='ltr'><strong>professionem</strong></span> <span class='ocrx_word' id='word_1_667' title='bbox 3294 2117 3376 2174; x_wconf 91' lang='lat' dir='ltr'><strong>in-</strong></span> 
     </span>
    </p>
   </div>
   <div class='ocr_carea' id='block_1_87' title="bbox 1778 2208 3376 2282">
    <p class='ocr_par' dir='ltr' id='par_1_87' title="bbox 1778 2208 3376 2282">
     <span class='ocr_line' id='line_1_87' title="bbox 1778 2208 3376 2282; baseline 0.003 -18"><span class='ocrx_word' id='word_1_668' title='bbox 1778 2209 2050 2265; x_wconf 86' lang='lat' dir='ltr'><strong>firmitatis</strong></span> <span class='ocrx_word' id='word_1_669' title='bbox 2099 2208 2321 2276; x_wconf 87' lang='lat' dir='ltr'><strong>trahat,</strong></span> <span class='ocrx_word' id='word_1_670' title='bbox 2371 2223 2476 2264; x_wconf 91' lang='lat' dir='ltr'><strong>non</strong></span> <span class='ocrx_word' id='word_1_671' title='bbox 2507 2208 2574 2264; x_wconf 88' lang='lat' dir='ltr'><strong>ad</strong></span> <span class='ocrx_word' id='word_1_672' title='bbox 2626 2208 2899 2264; x_wconf 88' lang='lat' dir='ltr'><strong>firmitatis</strong></span> <span class='ocrx_word' id='word_1_673' title='bbox 2939 2211 3189 2281; x_wconf 77' lang='lat' dir='ltr'><strong>gloriam.</strong></span> <span class='ocrx_word' id='word_1_674' title='bbox 3234 2212 3376 2282; x_wconf 82' lang='lat' dir='ltr'><strong>Ergo</strong></span> 
     </span>
    </p>
   </div>
   <div class='ocr_carea' id='block_1_88' title="bbox 1778 2299 3375 2372">
    <p class='ocr_par' dir='ltr' id='par_1_88' title="bbox 1778 2299 3375 2372">
     <span class='ocr_line' id='line_1_88' title="bbox 1778 2299 3375 2372; baseline 0 -14"><span class='ocrx_word' id='word_1_675' title='bbox 1778 2317 1940 2358; x_wconf 87' lang='lat' dir='ltr'><strong>nemo</strong></span> <span class='ocrx_word' id='word_1_676' title='bbox 1968 2300 2186 2368; x_wconf 86' lang='lat' dir='ltr'><strong>militet,</strong></span> <span class='ocrx_word' id='word_1_677' title='bbox 2212 2315 2279 2356; x_wconf 90' lang='lat' dir='ltr'><strong>ne</strong></span> <span class='ocrx_word' id='word_1_678' title='bbox 2301 2299 2597 2370; x_wconf 86' lang='lat' dir='ltr'><strong>aliquando</strong></span> <span class='ocrx_word' id='word_1_679' title='bbox 2617 2300 2864 2355; x_wconf 85' lang='lat' dir='ltr'><strong>vincatur</strong></span> <span class='ocrx_word' id='word_1_680' title='bbox 2889 2318 2902 2356; x_wconf 92' lang='lat'>:</span> <span class='ocrx_word' id='word_1_681' title='bbox 2936 2316 3038 2356; x_wconf 91' lang='lat' dir='ltr'><strong>nec</strong></span> <span class='ocrx_word' id='word_1_682' title='bbox 3084 2301 3234 2372; x_wconf 90' lang='lat' dir='ltr'><strong>pedis</strong></span> <span class='ocrx_word' id='word_1_683' title='bbox 3259 2313 3375 2358; x_wconf 88' lang='lat' dir='ltr'><strong>uta-</strong></span> 
     </span>
    </p>
   </div>
   <div class='ocr_carea' id='block_1_89' title="bbox 1780 2390 3374 2463">
    <p class='ocr_par' dir='ltr' id='par_1_89' title="bbox 1780 2390 3374 2463">
     <span class='ocr_line' id='line_1_89' title="bbox 1780 2390 3374 2463; baseline -0.001 -14"><span class='ocrx_word' id='word_1_684' title='bbox 1780 2401 1867 2450; x_wconf 89' lang='lat' dir='ltr'><strong>tur</strong></span> <span class='ocrx_word' id='word_1_685' title='bbox 1892 2391 2175 2463; x_wconf 87' lang='lat' dir='ltr'><strong>obsequio,</strong></span> <span class='ocrx_word' id='word_1_686' title='bbox 2222 2391 2314 2462; x_wconf 90' lang='lat' dir='ltr'><strong>qui</strong></span> <span class='ocrx_word' id='word_1_687' title='bbox 2353 2390 2632 2463; x_wconf 81' lang='lat' dir='ltr'><strong>gradiendi</strong></span> <span class='ocrx_word' id='word_1_688' title='bbox 2671 2391 2972 2462; x_wconf 90' lang='lat' dir='ltr'><strong>periculum</strong></span> <span class='ocrx_word' id='word_1_689' title='bbox 3021 2392 3374 2448; x_wconf 87' lang='lat' dir='ltr'><strong>reformidat:</strong></span> 
     </span>
    </p>
   </div>
   <div class='ocr_carea' id='block_1_90' title="bbox 1781 2482 3372 2554">
    <p class='ocr_par' dir='ltr' id='par_1_90' title="bbox 1781 2482 3372 2554">
     <span class='ocr_line' id='line_1_90' title="bbox 1781 2482 3372 2554; baseline -0.001 -10"><span class='ocrx_word' id='word_1_690' title='bbox 1781 2503 1882 2544; x_wconf 89' lang='lat' dir='ltr'><strong>nec</strong></span> <span class='ocrx_word' id='word_1_691' title='bbox 1909 2485 2052 2542; x_wconf 90' lang='lat' dir='ltr'><strong>oculi</strong></span> <span class='ocrx_word' id='word_1_692' title='bbox 2083 2484 2329 2540; x_wconf 86' lang='lat' dir='ltr'><strong>intendat</strong></span> <span class='ocrx_word' id='word_1_693' title='bbox 2359 2482 2561 2552; x_wconf 85' lang='lat' dir='ltr'><strong>officio,</strong></span> <span class='ocrx_word' id='word_1_694' title='bbox 2592 2485 2684 2554; x_wconf 89' lang='lat' dir='ltr'><strong>qui</strong></span> <span class='ocrx_word' id='word_1_695' title='bbox 2707 2485 3168 2553; x_wconf 76' lang='lat' dir='ltr'><strong>concupiscentite</strong></span> <span class='ocrx_word' id='word_1_696' title='bbox 3220 2487 3372 2542; x_wconf 89' lang='lat' dir='ltr'><strong>timet</strong></span> 
     </span>
    </p>
   </div>
   <div class='ocr_carea' id='block_1_91' title="bbox 1780 2577 3370 2653">
    <p class='ocr_par' dir='ltr' id='par_1_91' title="bbox 1780 2577 3370 2653">
     <span class='ocr_line' id='line_1_91' title="bbox 1780 2577 3370 2653; baseline 0 -17"><span class='ocrx_word' id='word_1_697' title='bbox 1780 2581 2012 2653; x_wconf 88' lang='lat' dir='ltr'><strong>lapsum.</strong></span> <span class='ocrx_word' id='word_1_698' title='bbox 2050 2578 2156 2636; x_wconf 90' lang='lat' dir='ltr'><strong>Sed</strong></span> <span class='ocrx_word' id='word_1_699' title='bbox 2188 2577 2315 2647; x_wconf 88' lang='lat' dir='ltr'><strong>quid</strong></span> <span class='ocrx_word' id='word_1_700' title='bbox 2347 2577 2575 2646; x_wconf 84' lang='lat' dir='ltr'><strong>prodest</strong></span> <span class='ocrx_word' id='word_1_701' title='bbox 2599 2594 2820 2634; x_wconf 88' lang='lat' dir='ltr'><strong>carnem</strong></span> <span class='ocrx_word' id='word_1_702' title='bbox 2850 2579 3176 2636; x_wconf 87' lang='lat' dir='ltr'><strong>abscindere</strong></span> <span class='ocrx_word' id='word_1_703' title='bbox 3200 2623 3214 2648; x_wconf 91' lang='lat'><strong>,</strong></span> <span class='ocrx_word' id='word_1_704' title='bbox 3247 2595 3370 2636; x_wconf 90' lang='lat' dir='ltr'><strong>eum</strong></span> 
     </span>
    </p>
   </div>
   <div class='ocr_carea' id='block_1_92' title="bbox 1779 2669 3379 2742">
    <p class='ocr_par' dir='ltr' id='par_1_92' title="bbox 1779 2669 3379 2742">
     <span class='ocr_line' id='line_1_92' title="bbox 1779 2669 3379 2742; baseline -0.001 -12"><span class='ocrx_word' id='word_1_705' title='bbox 1779 2674 1945 2730; x_wconf 86' lang='lat' dir='ltr'><strong>etiam</strong></span> <span class='ocrx_word' id='word_1_706' title='bbox 1972 2672 2132 2742; x_wconf 90' lang='lat' dir='ltr'><strong>culpa</strong></span> <span class='ocrx_word' id='word_1_707' title='bbox 2163 2669 2233 2725; x_wconf 89' lang='lat' dir='ltr'><strong>sit</strong></span> <span class='ocrx_word' id='word_1_708' title='bbox 2260 2669 2314 2725; x_wconf 91' lang='lat' dir='ltr'><strong>in</strong></span> <span class='ocrx_word' id='word_1_709' title='bbox 2348 2670 2466 2740; x_wconf 90' lang='lat' dir='ltr'><strong>ipso</strong></span> <span class='ocrx_word' id='word_1_710' title='bbox 2497 2671 2769 2741; x_wconf 86' lang='lat' dir='ltr'><strong>aspectu?</strong></span> <span class='ocrx_word' id='word_1_711' title='bbox 2796 2669 2938 2724; x_wconf 87' lang='lat' dir='ltr'><strong>Nam</strong></span> <span class='ocrx_word' id='word_1_712' title='bbox 2974 2681 3020 2725; x_wconf 87' lang='lat' dir='ltr'><strong>et</strong></span> <span class='ocrx_word' id='word_1_713' title='bbox 3065 2673 3153 2742; x_wconf 87' lang='lat' dir='ltr'><strong>qui</strong></span> <span class='ocrx_word' id='word_1_714' title='bbox 3189 2673 3379 2728; x_wconf 90' lang='lat' dir='ltr'><strong>viderit</strong></span> 
     </span>
    </p>
   </div>
   <div class='ocr_carea' id='block_1_93' title="bbox 1781 2762 3376 2833">
    <p class='ocr_par' dir='ltr' id='par_1_93' title="bbox 1781 2762 3376 2833">
     <span class='ocr_line' id='line_1_93' title="bbox 1781 2762 3376 2833; baseline -0.001 -13"><span class='ocrx_word' id='word_1_715' title='bbox 1781 2767 2046 2821; x_wconf 83' lang='lat' dir='ltr'><strong>mulierem</strong></span> <span class='ocrx_word' id='word_1_716' title='bbox 2070 2762 2139 2819; x_wconf 89' lang='lat' dir='ltr'><strong>ad</strong></span> <span class='ocrx_word' id='word_1_717' title='bbox 2165 2763 2654 2832; x_wconf 87' lang='lat' dir='ltr'><strong>concupiscendum,</strong></span> <span class='ocrx_word' id='word_1_718' title='bbox 2694 2763 2809 2833; x_wconf 84' lang='lat' dir='ltr'><strong>jam</strong></span> <span class='ocrx_word' id='word_1_719' title='bbox 2844 2764 3122 2818; x_wconf 65' lang='lat' dir='ltr'><strong>moechatus</strong></span> <span class='ocrx_word' id='word_1_720' title='bbox 3148 2775 3223 2819; x_wconf 93' lang='lat' dir='ltr'><strong>est</strong></span> <span class='ocrx_word' id='word_1_721' title='bbox 3262 2782 3376 2820; x_wconf 88' lang='lat' dir='ltr'><strong>eam</strong></span> 
     </span>
    </p>
   </div>
   <div class='ocr_carea' id='block_1_94' title="bbox 1778 2855 3375 2929">
    <p class='ocr_par' dir='ltr' id='par_1_94' title="bbox 1778 2855 3375 2929">
     <span class='ocr_line' id='line_1_94' title="bbox 1778 2855 3375 2929; baseline -0.001 -15"><span class='ocrx_word' id='word_1_722' title='bbox 1778 2859 1832 2914; x_wconf 90' lang='lat' dir='ltr'><strong>in</strong></span> <span class='ocrx_word' id='word_1_723' title='bbox 1858 2858 2014 2914; x_wconf 86' lang='lat' dir='ltr'><strong>corde</strong></span> <span class='ocrx_word' id='word_1_724' title='bbox 2043 2874 2136 2912; x_wconf 87' lang='lat' dir='ltr'><strong>suo</strong></span> <span class='ocrx_word' id='word_1_725' title='bbox 2168 2855 2396 2929; x_wconf 82' lang='lat' dir='ltr'><strong>(Matth.</strong></span> <span class='ocrx_word' id='word_1_726' title='bbox 2423 2872 2480 2922; x_wconf 87' lang='lat' dir='ltr'><strong>v,</strong></span> <span class='ocrx_word' id='word_1_727' title='bbox 2511 2856 2640 2927; x_wconf 72' lang='lat'><strong>28).</strong></span> <span class='ocrx_word' id='word_1_728' title='bbox 2676 2856 2737 2911; x_wconf 90' lang='lat' dir='ltr'><strong>Et</strong></span> <span class='ocrx_word' id='word_1_729' title='bbox 2767 2873 2886 2926; x_wconf 64' lang='lat' dir='ltr'><strong>quae</strong></span> <span class='ocrx_word' id='word_1_730' title='bbox 2924 2857 3175 2914; x_wconf 88' lang='lat' dir='ltr'><strong>similiter</strong></span> <span class='ocrx_word' id='word_1_731' title='bbox 3201 2859 3375 2914; x_wconf 88' lang='lat' dir='ltr'><strong>virum</strong></span> 
     </span>
    </p>
   </div>
   <div class='ocr_carea' id='block_1_95' title="bbox 1781 2948 3374 3020">
    <p class='ocr_par' dir='ltr' id='par_1_95' title="bbox 1781 2948 3374 3020">
     <span class='ocr_line' id='line_1_95' title="bbox 1781 2948 3374 3020; baseline 0.001 -14"><span class='ocrx_word' id='word_1_732' title='bbox 1781 2951 1837 3006; x_wconf 91' lang='lat' dir='ltr'><strong>in</strong></span> <span class='ocrx_word' id='word_1_733' title='bbox 1890 2949 2388 3020; x_wconf 88' lang='lat' dir='ltr'><strong>concupiscentiam</strong></span> <span class='ocrx_word' id='word_1_734' title='bbox 2455 2948 2690 3014; x_wconf 89' lang='lat' dir='ltr'><strong>viderit,</strong></span> <span class='ocrx_word' id='word_1_735' title='bbox 2761 2948 3120 3005; x_wconf 87' lang='lat' dir='ltr'><strong>adulteratttr.</strong></span> <span class='ocrx_word' id='word_1_736' title='bbox 3181 2949 3374 3008; x_wconf 88' lang='lat' dir='ltr'><strong>Castos</strong></span> 
     </span>
    </p>
   </div>
   <div class='ocr_carea' id='block_1_96' title="bbox 1781 3043 3381 3115">
    <p class='ocr_par' dir='ltr' id='par_1_96' title="bbox 1781 3043 3381 3115">
     <span class='ocr_line' id='line_1_96' title="bbox 1781 3043 3381 3115; baseline 0.002 -15"><span class='ocrx_word' id='word_1_737' title='bbox 1781 3059 1933 3114; x_wconf 87' lang='lat' dir='ltr'><strong>ergo,</strong></span> <span class='ocrx_word' id='word_1_738' title='bbox 1950 3059 2055 3097; x_wconf 91' lang='lat' dir='ltr'><strong>non</strong></span> <span class='ocrx_word' id='word_1_739' title='bbox 2090 3043 2337 3097; x_wconf 86' lang='lat' dir='ltr'><strong>infirmos</strong></span> <span class='ocrx_word' id='word_1_740' title='bbox 2367 3056 2490 3098; x_wconf 91' lang='lat' dir='ltr'><strong>esse</strong></span> <span class='ocrx_word' id='word_1_741' title='bbox 2513 3057 2611 3098; x_wconf 87' lang='lat' dir='ltr'><strong>nos</strong></span> <span class='ocrx_word' id='word_1_742' title='bbox 2637 3043 2925 3099; x_wconf 89' lang='lat' dir='ltr'><strong>convenit:</strong></span> <span class='ocrx_word' id='word_1_743' title='bbox 2948 3044 3172 3115; x_wconf 90' lang='lat' dir='ltr'><strong>pudicos</strong></span> <span class='ocrx_word' id='word_1_744' title='bbox 3193 3047 3381 3103; x_wconf 89' lang='lat' dir='ltr'><strong>oculos</strong></span> 
     </span>
    </p>
   </div>
   <div class='ocr_carea' id='block_1_97' title="bbox 1707 3132 2409 3202">
    <p class='ocr_par' dir='ltr' id='par_1_97' title="bbox 1707 3132 2409 3202">
     <span class='ocr_line' id='line_1_97' title="bbox 1707 3132 2409 3202; baseline -0.004 -13"><span class='ocrx_word' id='word_1_745' title='bbox 1707 3132 1752 3197; x_wconf 90' lang='lat' dir='ltr'>C</span> <span class='ocrx_word' id='word_1_746' title='bbox 1785 3135 2005 3202; x_wconf 86' lang='lat' dir='ltr'><strong>habere,</strong></span> <span class='ocrx_word' id='word_1_747' title='bbox 2044 3151 2148 3190; x_wconf 91' lang='lat' dir='ltr'><strong>non</strong></span> <span class='ocrx_word' id='word_1_748' title='bbox 2177 3134 2409 3190; x_wconf 87' lang='lat' dir='ltr'><strong>debiles.</strong></span> 
     </span>
    </p>
   </div>
   <div class='ocr_carea' id='block_1_98' title="bbox 1858 3227 3380 3299">
    <p class='ocr_par' dir='ltr' id='par_1_98' title="bbox 1858 3227 3380 3299">
     <span class='ocr_line' id='line_1_98' title="bbox 1858 3227 3380 3299; baseline 0.004 -16"><span class='ocrx_word' id='word_1_749' title='bbox 1858 3231 1946 3283; x_wconf 87' lang='lat'><strong>77.</strong></span> <span class='ocrx_word' id='word_1_750' title='bbox 1975 3228 2344 3298; x_wconf 86' lang='lat' dir='ltr'><strong>Nentoigitur,</strong></span> <span class='ocrx_word' id='word_1_751' title='bbox 2376 3236 2433 3282; x_wconf 81' lang='grc' dir='ltr'><strong>ιιι</strong></span> <span class='ocrx_word' id='word_1_752' title='bbox 2460 3227 2706 3299; x_wconf 87' lang='lat' dir='ltr'><strong>plerique</strong></span> <span class='ocrx_word' id='word_1_753' title='bbox 2736 3229 3100 3297; x_wconf 88' lang='lat' dir='ltr'><strong>arbitrantur,</strong></span> <span class='ocrx_word' id='word_1_754' title='bbox 3131 3245 3192 3288; x_wconf 90' lang='lat' dir='ltr'><strong>se</strong></span> <span class='ocrx_word' id='word_1_755' title='bbox 3219 3231 3380 3289; x_wconf 87' lang='lat' dir='ltr'><strong>debet</strong></span> 
     </span>
    </p>
   </div>
   <div class='ocr_carea' id='block_1_99' title="bbox 1787 3317 3384 3395">
    <p class='ocr_par' dir='ltr' id='par_1_99' title="bbox 1787 3317 3384 3395">
     <span class='ocr_line' id='line_1_99' title="bbox 1787 3317 3384 3395; baseline 0.003 -20"><span class='ocrx_word' id='word_1_756' title='bbox 1787 3320 2130 3384; x_wconf 82' lang='lat' dir='ltr'><strong>abscindere,</strong></span> <span class='ocrx_word' id='word_1_757' title='bbox 2156 3319 2250 3375; x_wconf 87' lang='lat' dir='ltr'><strong>sed</strong></span> <span class='ocrx_word' id='word_1_758' title='bbox 2278 3319 2449 3389; x_wconf 83' lang='lat' dir='ltr'><strong>magis</strong></span> <span class='ocrx_word' id='word_1_759' title='bbox 2472 3317 2724 3384; x_wconf 89' lang='lat' dir='ltr'><strong>vincere;</strong></span> <span class='ocrx_word' id='word_1_760' title='bbox 2756 3320 2991 3376; x_wconf 87' lang='lat' dir='ltr'><strong>victores</strong></span> <span class='ocrx_word' id='word_1_761' title='bbox 3013 3322 3158 3377; x_wconf 91' lang='lat' dir='ltr'><strong>enim</strong></span> <span class='ocrx_word' id='word_1_762' title='bbox 3187 3324 3384 3395; x_wconf 90' lang='lat' dir='ltr'><strong>recipit</strong></span> 
     </span>
    </p>
   </div>
   <div class='ocr_carea' id='block_1_100' title="bbox 1790 3411 3381 3483">
    <p class='ocr_par' dir='ltr' id='par_1_100' title="bbox 1790 3411 3381 3483">
     <span class='ocr_line' id='line_1_100' title="bbox 1790 3411 3381 3483; baseline 0.003 -14"><span class='ocrx_word' id='word_1_763' title='bbox 1790 3413 2059 3480; x_wconf 83' lang='lat' dir='ltr'><strong>Ecclesia,</strong></span> <span class='ocrx_word' id='word_1_764' title='bbox 2095 3428 2200 3468; x_wconf 90' lang='lat' dir='ltr'><strong>non</strong></span> <span class='ocrx_word' id='word_1_765' title='bbox 2233 3411 2428 3467; x_wconf 91' lang='lat' dir='ltr'><strong>victos.</strong></span> <span class='ocrx_word' id='word_1_766' title='bbox 2463 3411 2528 3466; x_wconf 85' lang='lat' dir='ltr'><strong>Et</strong></span> <span class='ocrx_word' id='word_1_767' title='bbox 2560 3411 2688 3481; x_wconf 89' lang='lat' dir='ltr'><strong>qttid</strong></span> <span class='ocrx_word' id='word_1_768' title='bbox 2717 3415 3052 3483; x_wconf 83' lang='lat' dir='ltr'><strong>argumentis</strong></span> <span class='ocrx_word' id='word_1_769' title='bbox 3085 3425 3226 3480; x_wconf 89' lang='lat' dir='ltr'><strong>utar,</strong></span> <span class='ocrx_word' id='word_1_770' title='bbox 3259 3432 3381 3472; x_wconf 91' lang='lat' dir='ltr'><strong>cum</strong></span> 
     </span>
    </p>
   </div>
   <div class='ocr_carea' id='block_1_101' title="bbox 1789 3504 3380 3580">
    <p class='ocr_par' dir='ltr' id='par_1_101' title="bbox 1789 3504 3380 3580">
     <span class='ocr_line' id='line_1_101' title="bbox 1789 3504 3380 3580; baseline 0.003 -18"><span class='ocrx_word' id='word_1_771' title='bbox 1789 3517 1992 3580; x_wconf 70' lang='lat' dir='ltr'><strong>prmsto</strong></span> <span class='ocrx_word' id='word_1_772' title='bbox 2024 3506 2097 3562; x_wconf 90' lang='lat' dir='ltr'><strong>sit</strong></span> <span class='ocrx_word' id='word_1_773' title='bbox 2145 3505 2446 3577; x_wconf 86' lang='lat' dir='ltr'><strong>Apostolici</strong></span> <span class='ocrx_word' id='word_1_774' title='bbox 2499 3504 2671 3560; x_wconf 90' lang='lat' dir='ltr'><strong>forma</strong></span> <span class='ocrx_word' id='word_1_775' title='bbox 2704 3507 3054 3578; x_wconf 71' lang='lat' dir='ltr'><strong>praescripti?</strong></span> <span class='ocrx_word' id='word_1_776' title='bbox 3097 3507 3189 3564; x_wconf 91' lang='lat' dir='ltr'><strong>Sic</strong></span> <span class='ocrx_word' id='word_1_777' title='bbox 3234 3510 3380 3566; x_wconf 90' lang='lat' dir='ltr'><strong>enim</strong></span> 
     </span>
    </p>
   </div>
   <div class='ocr_carea' id='block_1_102' title="bbox 1792 3597 3384 3670">
    <p class='ocr_par' dir='ltr' id='par_1_102' title="bbox 1792 3597 3384 3670">
     <span class='ocr_line' id='line_1_102' title="bbox 1792 3597 3384 3670; baseline 0.003 -16"><span class='ocrx_word' id='word_1_778' title='bbox 1792 3599 1958 3656; x_wconf 86' lang='lat' dir='ltr'><strong>habes</strong></span> <span class='ocrx_word' id='word_1_779' title='bbox 1985 3618 1996 3652; x_wconf 86' lang='lat'><strong>:</strong></span> <span class='ocrx_word' id='word_1_780' title='bbox 2027 3608 2048 3636; x_wconf 78' lang='grc' dir='ltr'><strong>ε</strong></span> <span class='ocrx_word' id='word_1_781' title='bbox 2083 3597 2299 3654; x_wconf 80' lang='lat' dir='ltr'><strong>Utinam</strong></span> <span class='ocrx_word' id='word_1_782' title='bbox 2333 3607 2386 3653; x_wconf 92' lang='lat' dir='ltr'><strong>et</strong></span> <span class='ocrx_word' id='word_1_783' title='bbox 2409 3597 2798 3654; x_wconf 74' lang='lat' dir='ltr'><strong>abscinduntur</strong></span> <span class='ocrx_word' id='word_1_784' title='bbox 2829 3599 2919 3670; x_wconf 93' lang='lat' dir='ltr'><strong>qui</strong></span> <span class='ocrx_word' id='word_1_785' title='bbox 2951 3600 3138 3656; x_wconf 90' lang='lat' dir='ltr'><strong>volunt</strong></span> <span class='ocrx_word' id='word_1_786' title='bbox 3159 3616 3258 3658; x_wconf 92' lang='lat' dir='ltr'><strong>vos</strong></span> <span class='ocrx_word' id='word_1_787' title='bbox 3278 3605 3384 3658; x_wconf 88' lang='lat' dir='ltr'><strong>cir-</strong></span> 
     </span>
    </p>
   </div>
   <div class='ocr_carea' id='block_1_103' title="bbox 1797 3737 3386 3799">
    <p class='ocr_par' dir='ltr' id='par_1_103' title="bbox 1797 3737 3386 3799">
     <span class='ocr_line' id='line_1_103' title="bbox 1797 3737 3386 3799; baseline 0.003 -4"><span class='ocrx_word' id='word_1_788' title='bbox 1797 3755 1936 3795; x_wconf 85' lang='lat' dir='ltr'><strong>none</strong></span> <span class='ocrx_word' id='word_1_789' title='bbox 1961 3746 2250 3793; x_wconf 83' lang='lat' dir='ltr'><strong>renovatus</strong></span> <span class='ocrx_word' id='word_1_790' title='bbox 2307 3737 2544 3792; x_wconf 85' lang='lat' dir='ltr'><strong>affirmat</strong></span> <span class='ocrx_word' id='word_1_791' title='bbox 2587 3737 2989 3794; x_wconf 89' lang='lat' dir='ltr'><strong>eruditissimus</strong></span> <span class='ocrx_word' id='word_1_792' title='bbox 3038 3740 3386 3799; x_wconf 82' lang='lat' dir='ltr'><strong>&#39;l‘ltaumassi—</strong></span> 
     </span>
    </p>
   </div>
   <div class='ocr_carea' id='block_1_104' title="bbox 1796 3809 3384 3880">
    <p class='ocr_par' dir='ltr' id='par_1_104' title="bbox 1796 3809 3384 3880">
     <span class='ocr_line' id='line_1_104' title="bbox 1796 3809 3384 3880; baseline 0.003 -14"><span class='ocrx_word' id='word_1_793' title='bbox 1796 3828 1896 3866; x_wconf 88' lang='lat' dir='ltr'><strong>nus</strong></span> <span class='ocrx_word' id='word_1_794' title='bbox 1930 3809 2151 3878; x_wconf 77' lang='lat' dir='ltr'><strong>Iliscipl.</strong></span> <span class='ocrx_word' id='word_1_795' title='bbox 2185 3810 2332 3863; x_wconf 87' lang='lat' dir='ltr'><strong>Eccl.</strong></span> <span class='ocrx_word' id='word_1_796' title='bbox 2363 3818 2504 3879; x_wconf 90' lang='lat' dir='ltr'><strong>part.</strong></span> <span class='ocrx_word' id='word_1_797' title='bbox 2537 3825 2575 3873; x_wconf 89' lang='grc' dir='ltr'>ι,</span> <span class='ocrx_word' id='word_1_798' title='bbox 2609 3809 2702 3862; x_wconf 93' lang='lat' dir='ltr'><strong>lib.</strong></span> <span class='ocrx_word' id='word_1_799' title='bbox 2739 3825 2798 3873; x_wconf 88' lang='grc' dir='ltr'>ιι,</span> <span class='ocrx_word' id='word_1_800' title='bbox 2831 3823 2883 3863; x_wconf 90' lang='lat' dir='ltr'><strong>c.</strong></span> <span class='ocrx_word' id='word_1_801' title='bbox 2910 3811 2964 3864; x_wconf 92' lang='lat'><strong>8.</strong></span> <span class='ocrx_word' id='word_1_802' title='bbox 3000 3809 3182 3880; x_wconf 84' lang='lat' dir='ltr'><strong>Neque</strong></span> <span class='ocrx_word' id='word_1_803' title='bbox 3202 3813 3384 3871; x_wconf 85' lang='lat' dir='ltr'><strong>obstat</strong></span> 
     </span>
    </p>
   </div>
   <div class='ocr_carea' id='block_1_105' title="bbox 1793 3880 3385 3954">
    <p class='ocr_par' dir='ltr' id='par_1_105' title="bbox 1793 3880 3385 3954">
     <span class='ocr_line' id='line_1_105' title="bbox 1793 3880 3385 3954; baseline 0.003 -18"><span class='ocrx_word' id='word_1_804' title='bbox 1793 3882 1936 3954; x_wconf 80' lang='lat' dir='ltr'><strong>quod</strong></span> <span class='ocrx_word' id='word_1_805' title='bbox 1969 3881 2067 3933; x_wconf 92' lang='lat' dir='ltr'><strong>hos</strong></span> <span class='ocrx_word' id='word_1_806' title='bbox 2098 3895 2334 3954; x_wconf 74' lang='lat' dir='ltr'><strong>canones</strong></span> <span class='ocrx_word' id='word_1_807' title='bbox 2361 3880 2799 3954; x_wconf 42' lang='lat' dir='ltr'><strong>apostolieorum‘</strong></span> <span class='ocrx_word' id='word_1_808' title='bbox 2809 3889 3111 3954; x_wconf 72' lang='lat' dir='ltr'><strong>temporum</strong></span> <span class='ocrx_word' id='word_1_809' title='bbox 3135 3898 3241 3937; x_wconf 90' lang='lat' dir='ltr'><strong>non</strong></span> <span class='ocrx_word' id='word_1_810' title='bbox 3265 3900 3385 3942; x_wconf 83' lang='lat' dir='ltr'><strong>esse</strong></span> 
     </span>
    </p>
   </div>
   <div class='ocr_carea' id='block_1_106' title="bbox 1793 3948 3380 4024">
    <p class='ocr_par' dir='ltr' id='par_1_106' title="bbox 1793 3948 3380 4024">
     <span class='ocr_line' id='line_1_106' title="bbox 1793 3948 3380 4024; baseline 0.004 -17"><span class='ocrx_word' id='word_1_811' title='bbox 1793 3948 2026 4024; x_wconf 81' lang='lat' dir='ltr'><strong>probent</strong></span> <span class='ocrx_word' id='word_1_812' title='bbox 2055 3950 2338 4024; x_wconf 73' lang='lat' dir='ltr'><strong>nonnulli;</strong></span> <span class='ocrx_word' id='word_1_813' title='bbox 2371 3965 2493 4004; x_wconf 91' lang='lat' dir='ltr'><strong>eum</strong></span> <span class='ocrx_word' id='word_1_814' title='bbox 2555 3963 2650 4024; x_wconf 81' lang='lat' dir='ltr'><strong>eos</strong></span> <span class='ocrx_word' id='word_1_815' title='bbox 2675 3957 2729 4002; x_wconf 91' lang='lat' dir='ltr'><strong>et</strong></span> <span class='ocrx_word' id='word_1_816' title='bbox 2763 3948 3033 4024; x_wconf 32' lang='lat' dir='ltr'><strong>0rige‘nis</strong></span> <span class='ocrx_word' id='word_1_817' title='bbox 3064 3955 3380 4014; x_wconf 77' lang='lat' dir='ltr'><strong>exsectimte</strong></span> 
     </span>
    </p>
   </div>
   <div class='ocr_carea' id='block_1_107' title="bbox 1794 4019 3383 4095">
    <p class='ocr_par' dir='ltr' id='par_1_107' title="bbox 1794 4019 3383 4095">
     <span class='ocr_line' id='line_1_107' title="bbox 1794 4019 3383 4095; baseline 0.003 -19"><span class='ocrx_word' id='word_1_818' title='bbox 1794 4019 2143 4095; x_wconf 76' lang='lat' dir='ltr'><strong>posteriores,</strong></span> <span class='ocrx_word' id='word_1_819' title='bbox 2175 4029 2231 4074; x_wconf 89' lang='lat' dir='ltr'><strong>et</strong></span> <span class='ocrx_word' id='word_1_820' title='bbox 2259 4020 2376 4074; x_wconf 85' lang='lat' dir='ltr'><strong>Nic.</strong></span> <span class='ocrx_word' id='word_1_821' title='bbox 2405 4019 2611 4095; x_wconf 78' lang='lat' dir='ltr'><strong>synodo</strong></span> <span class='ocrx_word' id='word_1_822' title='bbox 2652 4019 2955 4095; x_wconf 64' lang='lat' dir='ltr'><strong>anteriores</strong></span> <span class='ocrx_word' id='word_1_823' title='bbox 2984 4022 3087 4095; x_wconf 87' lang='lat' dir='ltr'><strong>diei</strong></span> <span class='ocrx_word' id='word_1_824' title='bbox 3135 4024 3267 4081; x_wconf 90' lang='lat' dir='ltr'><strong>nihil</strong></span> <span class='ocrx_word' id='word_1_825' title='bbox 3291 4045 3383 4086; x_wconf 85' lang='lat' dir='ltr'><strong>ve-</strong></span> 
     </span>
    </p>
   </div>
   <div class='ocr_carea' id='block_1_108' title="bbox 1795 4089 3384 4218">
    <p class='ocr_par' dir='ltr' id='par_1_108' title="bbox 1795 4089 3384 4218">
     <span class='ocr_line' id='line_1_108' title="bbox 1795 4089 3384 4218; baseline -0.001 -68"><span class='ocrx_word' id='word_1_826' title='bbox 1795 4089 1889 4150; x_wconf 79' lang='lat' dir='ltr'><strong>iet.</strong></span> <span class='ocrx_word' id='word_1_827' title='bbox 1937 4095 2008 4148; x_wconf 81' lang='lat' dir='ltr'><strong>lle</strong></span> <span class='ocrx_word' id='word_1_828' title='bbox 2041 4094 2142 4147; x_wconf 90' lang='lat' dir='ltr'><strong>hoc</strong></span> <span class='ocrx_word' id='word_1_829' title='bbox 2171 4105 2338 4218; x_wconf 55' lang='grc' dir='ltr'><strong>θοι-το</strong></span> <span class='ocrx_word' id='word_1_830' title='bbox 2377 4089 2621 4160; x_wconf 88' lang='lat' dir='ltr'><strong>ejusdem</strong></span> <span class='ocrx_word' id='word_1_831' title='bbox 2653 4090 2902 4160; x_wconf 87' lang='lat' dir='ltr'><strong>Origenis</strong></span> <span class='ocrx_word' id='word_1_832' title='bbox 2922 4091 3162 4150; x_wconf 87' lang='lat' dir='ltr'><strong>facinore</strong></span> <span class='ocrx_word' id='word_1_833' title='bbox 3186 4108 3384 4166; x_wconf 60' lang='lat' dir='ltr'><strong>printer</strong></span> 
     </span>
     <span class='ocr_line' id='line_1_109' title="bbox 1795 4161 3379 4218; baseline 0 0"><span class='ocrx_word' id='word_1_834' title='bbox 1795 4165 2091 4218; x_wconf 86' lang='lat' dir='ltr'><strong>Eusebium</strong></span> <span class='ocrx_word' id='word_1_835' title='bbox 2127 4164 2159 4217; x_wconf 94' lang='lat' dir='ltr'><strong>li</strong></span> <span class='ocrx_word' id='word_1_836' title='bbox 2206 4204 2221 4217; x_wconf 96' lang='lat'><strong>.</strong></span> <span class='ocrx_word' id='word_1_837' title='bbox 2281 4178 2355 4218; x_wconf 85' lang='lat' dir='ltr'><strong>vt.</strong></span> <span class='ocrx_word' id='word_1_838' title='bbox 2407 4176 2526 4218; x_wconf 82' lang='lat' dir='ltr'><strong>can.</strong></span> <span class='ocrx_word' id='word_1_839' title='bbox 2554 4161 2624 4218; x_wconf 84' lang='lat'><strong>8:</strong></span> <span class='ocrx_word' id='word_1_840' title='bbox 2669 4163 3051 4218; x_wconf 84' lang='lat' dir='ltr'><strong>Epiphaniam.</strong></span> <span class='ocrx_word' id='word_1_841' title='bbox 3086 4165 3228 4218; x_wconf 83' lang='lat' dir='ltr'><strong>Ilaer.</strong></span> <span class='ocrx_word' id='word_1_842' title='bbox 3271 4169 3339 4218; x_wconf 65' lang='grc'><strong>64</strong></span> <span class='ocrx_word' id='word_1_843' title='bbox 3366 4213 3379 4218; x_wconf 89' lang='grc'><strong>-</strong></span> 
     </span>
    </p>
   </div>
   <div class='ocr_carea' id='block_1_109' title="bbox 1795 4161 3380 4234">
    <p class='ocr_par' dir='ltr' id='par_1_109' title="bbox 1795 4161 3380 4234">
     <span class='ocr_line' id='line_1_110' title="bbox 1795 4161 3380 4234; baseline 0.001 -13"><span class='ocrx_word' id='word_1_844' title='bbox 1795 4165 2091 4221; x_wconf 84' lang='lat' dir='ltr'><strong>Eusebium</strong></span> <span class='ocrx_word' id='word_1_845' title='bbox 2127 4161 2221 4218; x_wconf 89' lang='lat' dir='ltr'><strong>lib.</strong></span> <span class='ocrx_word' id='word_1_846' title='bbox 2281 4178 2355 4226; x_wconf 85' lang='lat' dir='ltr'><strong>vt,</strong></span> <span class='ocrx_word' id='word_1_847' title='bbox 2407 4176 2526 4231; x_wconf 85' lang='lat' dir='ltr'><strong>cap.</strong></span> <span class='ocrx_word' id='word_1_848' title='bbox 2554 4161 2624 4234; x_wconf 89' lang='lat'><strong>8;</strong></span> <span class='ocrx_word' id='word_1_849' title='bbox 2669 4163 3051 4232; x_wconf 85' lang='lat' dir='ltr'><strong>Epiphanium,</strong></span> <span class='ocrx_word' id='word_1_850' title='bbox 3086 4161 3228 4221; x_wconf 71' lang='lat' dir='ltr'><strong>Ilaer.</strong></span> <span class='ocrx_word' id='word_1_851' title='bbox 3271 4169 3339 4224; x_wconf 66' lang='lat'>64</span> <span class='ocrx_word' id='word_1_852' title='bbox 3366 4213 3380 4234; x_wconf 91' lang='lat'><strong>,</strong></span> 
     </span>
    </p>
   </div>
   <div class='ocr_carea' id='block_1_110' title="bbox 1794 4233 3381 4302">
    <p class='ocr_par' dir='ltr' id='par_1_110' title="bbox 1794 4233 3381 4302">
     <span class='ocr_line' id='line_1_111' title="bbox 1794 4233 3381 4302; baseline 0.002 -9"><span class='ocrx_word' id='word_1_853' title='bbox 1794 4254 1945 4294; x_wconf 90' lang='lat' dir='ltr'><strong>num.</strong></span> <span class='ocrx_word' id='word_1_854' title='bbox 1974 4236 2036 4300; x_wconf 76' lang='lat'><strong>5;</strong></span> <span class='ocrx_word' id='word_1_855' title='bbox 2081 4234 2481 4290; x_wconf 81' lang='lat' dir='ltr'><strong>Tlteodoretum</strong></span> <span class='ocrx_word' id='word_1_856' title='bbox 2527 4233 2621 4288; x_wconf 90' lang='lat' dir='ltr'><strong>lib.</strong></span> <span class='ocrx_word' id='word_1_857' title='bbox 2665 4249 2731 4302; x_wconf 89' lang='grc' dir='ltr'>ιι,</span> <span class='ocrx_word' id='word_1_858' title='bbox 2764 4249 2885 4302; x_wconf 86' lang='lat' dir='ltr'><strong>cap.</strong></span> <span class='ocrx_word' id='word_1_859' title='bbox 2928 4235 3018 4290; x_wconf 73' lang='grc'><strong>24.</strong></span> <span class='ocrx_word' id='word_1_860' title='bbox 3057 4237 3187 4295; x_wconf 85' lang='lat' dir='ltr'><strong>Vide</strong></span> <span class='ocrx_word' id='word_1_861' title='bbox 3218 4233 3381 4296; x_wconf 88' lang='lat' dir='ltr'><strong>ctiam</strong></span> 
     </span>
    </p>
   </div>
   <div class='ocr_carea' id='block_1_111' title="bbox 1796 4305 3383 4380">
    <p class='ocr_par' dir='ltr' id='par_1_111' title="bbox 1796 4305 3383 4380">
     <span class='ocr_line' id='line_1_112' title="bbox 1796 4305 3383 4380; baseline 0.004 -17"><span class='ocrx_word' id='word_1_862' title='bbox 1796 4308 1939 4364; x_wconf 84' lang='lat' dir='ltr'><strong>Petri</strong></span> <span class='ocrx_word' id='word_1_863' title='bbox 2000 4306 2205 4380; x_wconf 83' lang='lat' dir='ltr'><strong>llalloix</strong></span> <span class='ocrx_word' id='word_1_864' title='bbox 2258 4306 2351 4361; x_wconf 92' lang='lat' dir='ltr'><strong>lib.</strong></span> <span class='ocrx_word' id='word_1_865' title='bbox 2399 4320 2452 4360; x_wconf 83' lang='lat' dir='ltr'><strong>IV</strong></span> <span class='ocrx_word' id='word_1_866' title='bbox 2499 4305 2720 4380; x_wconf 41' lang='lat' dir='ltr'><strong>Origen:</strong></span> <span class='ocrx_word' id='word_1_867' title='bbox 2780 4305 3152 4380; x_wconf 89' lang='lat' dir='ltr'><strong>defensionis,</strong></span> <span class='ocrx_word' id='word_1_868' title='bbox 3204 4310 3383 4369; x_wconf 90' lang='lat' dir='ltr'><strong>lluetii</strong></span> 
     </span>
    </p>
   </div>
   <div class='ocr_carea' id='block_1_112' title="bbox 1795 4378 2731 4448">
    <p class='ocr_par' dir='ltr' id='par_1_112' title="bbox 1795 4378 2731 4448">
     <span class='ocr_line' id='line_1_113' title="bbox 1795 4378 2731 4448; baseline -0.005 -13"><span class='ocrx_word' id='word_1_869' title='bbox 1795 4381 1887 4435; x_wconf 88' lang='lat' dir='ltr'><strong>lib.</strong></span> <span class='ocrx_word' id='word_1_870' title='bbox 1922 4395 1971 4440; x_wconf 73' lang='grc' dir='ltr'>ις</span> <span class='ocrx_word' id='word_1_871' title='bbox 2006 4379 2226 4448; x_wconf 82' lang='lat' dir='ltr'><strong>Origen.</strong></span> <span class='ocrx_word' id='word_1_872' title='bbox 2261 4392 2379 4447; x_wconf 88' lang='lat' dir='ltr'><strong>cap.</strong></span> <span class='ocrx_word' id='word_1_873' title='bbox 2416 4391 2455 4440; x_wconf 86' lang='grc' dir='ltr'>ι,</span> <span class='ocrx_word' id='word_1_874' title='bbox 2486 4393 2612 4430; x_wconf 93' lang='lat' dir='ltr'><strong>num</strong></span> <span class='ocrx_word' id='word_1_875' title='bbox 2647 4378 2731 4433; x_wconf 77' lang='lat' dir='ltr'><strong>I5.</strong></span> 
     </span>
    </p>
   </div>
   <div class='ocr_carea' id='block_1_113' title="bbox 1869 4449 3386 4525">
    <p class='ocr_par' dir='ltr' id='par_1_113' title="bbox 1869 4449 3386 4525">
     <span class='ocr_line' id='line_1_114' title="bbox 1869 4449 3386 4525; baseline 0.005 -23"><span class='ocrx_word' id='word_1_876' title='bbox 1869 4449 1891 4525; x_wconf 52' lang='lat' dir='ltr'><strong>fl</strong></span> <span class='ocrx_word' id='word_1_877' title='bbox 1926 4450 2053 4525; x_wconf 78' lang='lat' dir='ltr'><strong>Mss.</strong></span> <span class='ocrx_word' id='word_1_878' title='bbox 2076 4463 2282 4525; x_wconf 63' lang='lat' dir='ltr'><strong>magno</strong></span> <span class='ocrx_word' id='word_1_879' title='bbox 2309 4463 2558 4513; x_wconf 87' lang='lat' dir='ltr'><strong>numero,</strong></span> <span class='ocrx_word' id='word_1_880' title='bbox 2591 4466 2654 4505; x_wconf 89' lang='lat' dir='ltr'><strong>ne</strong></span> <span class='ocrx_word' id='word_1_881' title='bbox 2679 4449 2806 4521; x_wconf 88' lang='lat' dir='ltr'><strong>quid</strong></span> <span class='ocrx_word' id='word_1_882' title='bbox 2827 4451 2891 4504; x_wconf 88' lang='lat' dir='ltr'><strong>sit</strong></span> <span class='ocrx_word' id='word_1_883' title='bbox 2917 4453 2986 4506; x_wconf 89' lang='lat' dir='ltr'><strong>ad</strong></span> <span class='ocrx_word' id='word_1_884' title='bbox 3013 4455 3386 4525; x_wconf 80' lang='lat' dir='ltr'><strong>professionem</strong></span> 
     </span>
    </p>
   </div>
   <div class='ocr_carea' id='block_1_114' title="bbox 1792 4519 2630 4590">
    <p class='ocr_par' dir='ltr' id='par_1_114' title="bbox 1792 4519 2630 4590">
     <span class='ocr_line' id='line_1_115' title="bbox 1792 4519 2630 4590; baseline -0.001 -14"><span class='ocrx_word' id='word_1_885' title='bbox 1792 4522 2134 4590; x_wconf 74' lang='lat' dir='ltr'><strong>inﬁt-irritatis.</strong></span> <span class='ocrx_word' id='word_1_886' title='bbox 2164 4519 2306 4590; x_wconf 85' lang='lat' dir='ltr'><strong>Ergo</strong></span> <span class='ocrx_word' id='word_1_887' title='bbox 2331 4535 2496 4584; x_wconf 87' lang='lat' dir='ltr'><strong>nemo,</strong></span> <span class='ocrx_word' id='word_1_888' title='bbox 2523 4529 2630 4575; x_wconf 88' lang='lat' dir='ltr'><strong>etc.</strong></span> 
     </span>
    </p>
   </div>
   <div class='ocr_carea' id='block_1_115' title="bbox 1867 4591 3386 4661">
    <p class='ocr_par' dir='ltr' id='par_1_115' title="bbox 1867 4591 3386 4661">
     <span class='ocr_line' id='line_1_116' title="bbox 1867 4591 3386 4661; baseline 0.004 -14"><span class='ocrx_word' id='word_1_889' title='bbox 1867 4604 1890 4630; x_wconf 64' lang='grc' dir='ltr'><strong><em>ε</em></strong></span> <span class='ocrx_word' id='word_1_890' title='bbox 1920 4593 2128 4647; x_wconf 81' lang='lat' dir='ltr'><strong>Citatur</strong></span> <span class='ocrx_word' id='word_1_891' title='bbox 2159 4591 2404 4661; x_wconf 87' lang='lat' dir='ltr'><strong>Apostoli</strong></span> <span class='ocrx_word' id='word_1_892' title='bbox 2439 4606 2656 4661; x_wconf 79' lang='lat' dir='ltr'><strong>sensus,</strong></span> <span class='ocrx_word' id='word_1_893' title='bbox 2688 4607 2794 4646; x_wconf 91' lang='lat' dir='ltr'><strong>non</strong></span> <span class='ocrx_word' id='word_1_894' title='bbox 2819 4594 3004 4649; x_wconf 89' lang='lat' dir='ltr'><strong>verba.</strong></span> <span class='ocrx_word' id='word_1_895' title='bbox 3037 4597 3176 4652; x_wconf 87' lang='lat' dir='ltr'><strong>Sunt</strong></span> <span class='ocrx_word' id='word_1_896' title='bbox 3205 4606 3386 4653; x_wconf 88' lang='lat' dir='ltr'><strong>autem</strong></span> 
     </span>
    </p>
   </div>
   <div class='ocr_carea' id='block_1_116' title="bbox 1792 4659 3387 4738">
    <p class='ocr_par' dir='ltr' id='par_1_116' title="bbox 1792 4659 3387 4738">
     <span class='ocr_line' id='line_1_117' title="bbox 1792 4659 3387 4738; baseline 0.004 -19"><span class='ocrx_word' id='word_1_897' title='bbox 1792 4681 1855 4720; x_wconf 85' lang='lat' dir='ltr'><strong>ea</strong></span> <span class='ocrx_word' id='word_1_898' title='bbox 1881 4663 1934 4717; x_wconf 93' lang='lat' dir='ltr'><strong>in</strong></span> <span class='ocrx_word' id='word_1_899' title='bbox 1964 4677 2159 4738; x_wconf 72' lang='lat' dir='ltr'><strong>grteco</strong></span> <span class='ocrx_word' id='word_1_900' title='bbox 2175 4659 2504 4738; x_wconf 81' lang='lat' dir='ltr'><strong>hujusmodi,</strong></span> <span class='ocrx_word' id='word_1_901' title='bbox 2532 4659 2702 4738; x_wconf 68' lang='grc' dir='ltr'><strong>ὄφελον</strong></span> <span class='ocrx_word' id='word_1_902' title='bbox 2725 4667 2811 4718; x_wconf 84' lang='grc' dir='ltr'><strong>καὶ</strong></span> <span class='ocrx_word' id='word_1_903' title='bbox 2832 4666 3180 4738; x_wconf 69' lang='grc' dir='ltr'><strong>ᾀπρκόψονται</strong></span> <span class='ocrx_word' id='word_1_904' title='bbox 3203 4669 3247 4722; x_wconf 83' lang='grc' dir='ltr'>οἱ</span> <span class='ocrx_word' id='word_1_905' title='bbox 3264 4671 3387 4725; x_wconf 83' lang='grc' dir='ltr'><strong>ἁνα-</strong></span> 
     </span>
    </p>
   </div>
   <div class='ocr_carea' id='block_1_117' title="bbox 1794 4732 3386 4809">
    <p class='ocr_par' dir='ltr' id='par_1_117' title="bbox 1794 4732 3386 4809">
     <span class='ocr_line' id='line_1_118' title="bbox 1794 4732 3386 4809; baseline 0.001 -17"><span class='ocrx_word' id='word_1_906' title='bbox 1794 4743 2106 4809; x_wconf 39' lang='grc' dir='ltr'><strong>στατοῦ-ντες</strong></span> <span class='ocrx_word' id='word_1_907' title='bbox 2135 4734 2296 4809; x_wconf 53' lang='lat' dir='ltr'><strong>epse,</strong></span> <span class='ocrx_word' id='word_1_908' title='bbox 2320 4732 2386 4809; x_wconf 87' lang='lat' dir='ltr'><strong>_id</strong></span> <span class='ocrx_word' id='word_1_909' title='bbox 2415 4732 2758 4809; x_wconf 77' lang='lat' dir='ltr'><strong>est,_utinam</strong></span> <span class='ocrx_word' id='word_1_910' title='bbox 2789 4732 3156 4809; x_wconf 73' lang='lat' dir='ltr'><strong>abscinduntur</strong></span> <span class='ocrx_word' id='word_1_911' title='bbox 3185 4740 3274 4809; x_wconf 89' lang='lat' dir='ltr'><strong>qui</strong></span> <span class='ocrx_word' id='word_1_912' title='bbox 3299 4757 3386 4794; x_wconf 83' lang='lat' dir='ltr'><strong>vos</strong></span> 
     </span>
    </p>
   </div>
   <div class='ocr_carea' id='block_1_118' title="bbox 1801 4803 3384 4876">
    <p class='ocr_par' dir='ltr' id='par_1_118' title="bbox 1801 4803 3384 4876">
     <span class='ocr_line' id='line_1_119' title="bbox 1801 4803 3384 4876; baseline 0.003 -17"><span class='ocrx_word' id='word_1_913' title='bbox 1801 4805 2100 4876; x_wconf 80' lang='lat' dir='ltr'><strong>perturbant</strong></span> <span class='ocrx_word' id='word_1_914' title='bbox 2128 4803 2223 4873; x_wconf 76' lang='grc' dir='ltr'><strong>,ιω</strong></span> <span class='ocrx_word' id='word_1_915' title='bbox 2248 4803 2410 4876; x_wconf 84' lang='lat' dir='ltr'><strong>habet</strong></span> <span class='ocrx_word' id='word_1_916' title='bbox 2459 4803 2610 4876; x_wconf 52' lang='lat' dir='ltr'><strong>\Tulg.</strong></span> <span class='ocrx_word' id='word_1_917' title='bbox 2639 4805 2797 4870; x_wconf 89' lang='lat' dir='ltr'><strong>edit.,</strong></span> <span class='ocrx_word' id='word_1_918' title='bbox 2843 4807 2980 4870; x_wconf 88' lang='lat' dir='ltr'><strong>sive,</strong></span> <span class='ocrx_word' id='word_1_919' title='bbox 3021 4820 3073 4862; x_wconf 93' lang='lat' dir='ltr'><strong>ut</strong></span> <span class='ocrx_word' id='word_1_920' title='bbox 3097 4803 3207 4863; x_wconf 78' lang='lat' dir='ltr'><strong>fert</strong></span> <span class='ocrx_word' id='word_1_921' title='bbox 3232 4811 3384 4866; x_wconf 88' lang='lat' dir='ltr'><strong>verbi</strong></span> 
     </span>
    </p>
   </div>
   <div class='ocr_carea' id='block_1_119' title="bbox 1800 4874 3391 4946">
    <p class='ocr_par' dir='ltr' id='par_1_119' title="bbox 1800 4874 3391 4946">
     <span class='ocr_line' id='line_1_120' title="bbox 1800 4874 3391 4946; baseline 0.005 -17"><span class='ocrx_word' id='word_1_922' title='bbox 1800 4874 2109 4946; x_wconf 83' lang='lat' dir='ltr'><strong>proprietas</strong></span> <span class='ocrx_word' id='word_1_923' title='bbox 2140 4916 2154 4938; x_wconf 94' lang='lat'><strong>,</strong></span> <span class='ocrx_word' id='word_1_924' title='bbox 2204 4875 2400 4946; x_wconf 14' lang='lat' dir='ltr'><strong>qui‘vos</strong></span> <span class='ocrx_word' id='word_1_925' title='bbox 2425 4874 2615 4946; x_wconf 15' lang='lat' dir='ltr'><strong>adires</strong></span> <span class='ocrx_word' id='word_1_926' title='bbox 2675 4891 2831 4929; x_wconf 89' lang='lat' dir='ltr'><strong>novas</strong></span> <span class='ocrx_word' id='word_1_927' title='bbox 2883 4877 3187 4935; x_wconf 84' lang='lat' dir='ltr'><strong>sollicitant.</strong></span> <span class='ocrx_word' id='word_1_928' title='bbox 3221 4881 3391 4936; x_wconf 89' lang='lat' dir='ltr'><strong>Porro</strong></span> 
     </span>
    </p>
   </div>
   <div class='ocr_carea' id='block_1_120' title="bbox 1800 4943 3390 5018">
    <p class='ocr_par' dir='ltr' id='par_1_120' title="bbox 1800 4943 3390 5018">
     <span class='ocr_line' id='line_1_121' title="bbox 1800 4943 3390 5018; baseline 0.003 -16"><span class='ocrx_word' id='word_1_929' title='bbox 1800 4943 2161 5002; x_wconf 61' lang='lat' dir='ltr'><strong>Ambrosiana</strong></span> <span class='ocrx_word' id='word_1_930' title='bbox 2211 4943 2554 5018; x_wconf 76' lang='lat' dir='ltr'><strong>ratiocinatio</strong></span> <span class='ocrx_word' id='word_1_931' title='bbox 2599 4960 2661 5000; x_wconf 89' lang='lat' dir='ltr'><strong>ea</strong></span> <span class='ocrx_word' id='word_1_932' title='bbox 2698 4957 2791 5018; x_wconf 80' lang='lat' dir='ltr'><strong>est</strong></span> <span class='ocrx_word' id='word_1_933' title='bbox 2834 4965 2847 5001; x_wconf 92' lang='lat'>:</span> <span class='ocrx_word' id='word_1_934' title='bbox 2900 4951 3195 5018; x_wconf 87' lang='lat' dir='ltr'><strong>Apostolus</strong></span> <span class='ocrx_word' id='word_1_935' title='bbox 3258 4952 3390 5007; x_wconf 88' lang='lat' dir='ltr'><strong>satis</strong></span> 
     </span>
    </p>
   </div>
   <div class='ocr_carea' id='block_1_121' title="bbox 1801 5013 3390 5090">
    <p class='ocr_par' dir='ltr' id='par_1_121' title="bbox 1801 5013 3390 5090">
     <span class='ocr_line' id='line_1_122' title="bbox 1801 5013 3390 5090; baseline 0.004 -17"><span class='ocrx_word' id='word_1_936' title='bbox 1801 5018 2138 5073; x_wconf 86' lang='lat' dir='ltr'><strong>demonstrat</strong></span> <span class='ocrx_word' id='word_1_937' title='bbox 2185 5013 2539 5090; x_wconf 81' lang='lat' dir='ltr'><strong>voluntariam</strong></span> <span class='ocrx_word' id='word_1_938' title='bbox 2589 5016 2904 5090; x_wconf 82' lang='lat' dir='ltr'><strong>genitalium</strong></span> <span class='ocrx_word' id='word_1_939' title='bbox 2951 5013 3390 5090; x_wconf 54' lang='lat' dir='ltr'><strong>&#39;antputationem</strong></span> 
     </span>
    </p>
   </div>
   <div class='ocr_carea' id='block_1_122' title="bbox 1803 5084 3394 5159">
    <p class='ocr_par' dir='ltr' id='par_1_122' title="bbox 1803 5084 3394 5159">
     <span class='ocr_line' id='line_1_123' title="bbox 1803 5084 3394 5159; baseline 0.003 -15"><span class='ocrx_word' id='word_1_940' title='bbox 1803 5103 2057 5158; x_wconf 85' lang='lat' dir='ltr'><strong>magnum</strong></span> <span class='ocrx_word' id='word_1_941' title='bbox 2089 5084 2440 5159; x_wconf 74' lang='lat' dir='ltr'><strong>essemalum</strong></span> <span class='ocrx_word' id='word_1_942' title='bbox 2468 5125 2496 5159; x_wconf 92' lang='lat'><strong>,_</strong></span> <span class='ocrx_word' id='word_1_943' title='bbox 2528 5084 2744 5159; x_wconf 84' lang='lat' dir='ltr'><strong>quando</strong></span> <span class='ocrx_word' id='word_1_944' title='bbox 2775 5103 2892 5142; x_wconf 87' lang='lat' dir='ltr'><strong>eam</strong></span> <span class='ocrx_word' id='word_1_945' title='bbox 2924 5084 3098 5159; x_wconf 69' lang='lat' dir='ltr'><strong>pinnae</strong></span> <span class='ocrx_word' id='word_1_946' title='bbox 3141 5093 3262 5149; x_wconf 90' lang='lat' dir='ltr'><strong>loco</strong></span> <span class='ocrx_word' id='word_1_947' title='bbox 3294 5095 3394 5148; x_wconf 89' lang='lat' dir='ltr'><strong>im-</strong></span> 
     </span>
    </p>
   </div>
   <div class='ocr_carea' id='block_1_123' title="bbox 1806 5155 3390 5230">
    <p class='ocr_par' dir='ltr' id='par_1_123' title="bbox 1806 5155 3390 5230">
     <span class='ocr_line' id='line_1_124' title="bbox 1806 5155 3390 5230; baseline 0.005 -18"><span class='ocrx_word' id='word_1_948' title='bbox 1806 5155 2059 5230; x_wconf 72' lang='lat' dir='ltr'><strong>precatus</strong></span> <span class='ocrx_word' id='word_1_949' title='bbox 2097 5164 2182 5212; x_wconf 77' lang='lat' dir='ltr'><strong>est</strong></span> <span class='ocrx_word' id='word_1_950' title='bbox 2227 5155 2332 5209; x_wconf 92' lang='lat' dir='ltr'><strong>illis</strong></span> <span class='ocrx_word' id='word_1_951' title='bbox 2356 5196 2371 5222; x_wconf 95' lang='lat'><strong>,</strong></span> <span class='ocrx_word' id='word_1_952' title='bbox 2411 5157 2500 5225; x_wconf 91' lang='lat' dir='ltr'><strong>qui</strong></span> <span class='ocrx_word' id='word_1_953' title='bbox 2527 5155 2981 5230; x_wconf 54' lang='lat' dir='ltr'><strong>circumcision&#39;is</strong></span> <span class='ocrx_word' id='word_1_954' title='bbox 3010 5166 3390 5220; x_wconf 88' lang='lat' dir='ltr'><strong>necessitatem</strong></span> 
     </span>
    </p>
   </div>
   <div class='ocr_carea' id='block_1_124' title="bbox 1809 5228 3390 5297">
    <p class='ocr_par' dir='ltr' id='par_1_124' title="bbox 1809 5228 3390 5297">
     <span class='ocr_line' id='line_1_125' title="bbox 1809 5228 3390 5297; baseline 0.004 -12"><span class='ocrx_word' id='word_1_955' title='bbox 1809 5228 2059 5285; x_wconf 78' lang='lat' dir='ltr'><strong>fidelibus</strong></span> <span class='ocrx_word' id='word_1_956' title='bbox 2108 5229 2387 5297; x_wconf 87' lang='lat' dir='ltr'><strong>imponere</strong></span> <span class='ocrx_word' id='word_1_957' title='bbox 2433 5228 2816 5283; x_wconf 92' lang='lat' dir='ltr'><strong>moliebantur.</strong></span> <span class='ocrx_word' id='word_1_958' title='bbox 2860 5232 2933 5286; x_wconf 86' lang='lat' dir='ltr'><strong>De</strong></span> <span class='ocrx_word' id='word_1_959' title='bbox 2963 5233 3199 5289; x_wconf 89' lang='lat' dir='ltr'><strong>virilium</strong></span> <span class='ocrx_word' id='word_1_960' title='bbox 3245 5238 3390 5292; x_wconf 87' lang='lat' dir='ltr'><strong>enim</strong></span> 
     </span>
    </p>
   </div>
   <div class='ocr_carea' id='block_1_125' title="bbox 1805 5297 3392 5373">
    <p class='ocr_par' dir='ltr' id='par_1_125' title="bbox 1805 5297 3392 5373">
     <span class='ocr_line' id='line_1_126' title="bbox 1805 5297 3392 5373; baseline 0.004 -15"><span class='ocrx_word' id='word_1_961' title='bbox 1805 5300 2216 5373; x_wconf 87' lang='lat' dir='ltr'><strong>detruncatione</strong></span> <span class='ocrx_word' id='word_1_962' title='bbox 2289 5297 2660 5367; x_wconf 85' lang='lat' dir='ltr'><strong>Apostolicam</strong></span> <span class='ocrx_word' id='word_1_963' title='bbox 2729 5301 2878 5373; x_wconf 77' lang='lat' dir='ltr'><strong>illam</strong></span> <span class='ocrx_word' id='word_1_964' title='bbox 2949 5303 3392 5373; x_wconf 79' lang='lat' dir='ltr'><strong>imprecationem</strong></span> 
     </span>
    </p>
   </div>
   <div class='ocr_carea' id='block_1_126' title="bbox 1806 5371 3395 5450">
    <p class='ocr_par' dir='ltr' id='par_1_126' title="bbox 1806 5371 3395 5450">
     <span class='ocr_line' id='line_1_127' title="bbox 1806 5371 3395 5450; baseline 0.003 -22"><span class='ocrx_word' id='word_1_965' title='bbox 1806 5373 1968 5438; x_wconf 75' lang='lat' dir='ltr'><strong>vulgo</strong></span> <span class='ocrx_word' id='word_1_966' title='bbox 1997 5372 2691 5450; x_wconf 54' lang='lat' dir='ltr'><strong>interpretanturyeteres,</strong></span> <span class='ocrx_word' id='word_1_967' title='bbox 2722 5380 2781 5426; x_wconf 96' lang='lat' dir='ltr'><strong>ut</strong></span> <span class='ocrx_word' id='word_1_968' title='bbox 2810 5371 3196 5446; x_wconf 53' lang='lat' dir='ltr'><strong>Hieronimus,</strong></span> <span class='ocrx_word' id='word_1_969' title='bbox 3217 5375 3395 5450; x_wconf 84' lang='lat' dir='ltr'><strong>Chry-</strong></span> 
     </span>
    </p>
   </div>
   <div class='ocr_carea' id='block_1_127' title="bbox 1811 5441 3397 5510">
    <p class='ocr_par' dir='ltr' id='par_1_127' title="bbox 1811 5441 3397 5510">
     <span class='ocr_line' id='line_1_128' title="bbox 1811 5441 3397 5510; baseline 0.003 -10"><span class='ocrx_word' id='word_1_970' title='bbox 1811 5453 2090 5500; x_wconf 89' lang='lat' dir='ltr'><strong>sostomus</strong></span> <span class='ocrx_word' id='word_1_971' title='bbox 2116 5483 2130 5508; x_wconf 88' lang='lat'><strong>,</strong></span> <span class='ocrx_word' id='word_1_972' title='bbox 2163 5441 2462 5510; x_wconf 62' lang='lat' dir='ltr'><strong>atquejalii.</strong></span> <span class='ocrx_word' id='word_1_973' title='bbox 2503 5441 2604 5508; x_wconf 83' lang='lat' dir='ltr'><strong>Qui</strong></span> <span class='ocrx_word' id='word_1_974' title='bbox 2654 5457 2783 5496; x_wconf 89' lang='lat' dir='ltr'><strong>vero</strong></span> <span class='ocrx_word' id='word_1_975' title='bbox 2827 5457 2949 5498; x_wconf 92' lang='lat' dir='ltr'><strong>cum</strong></span> <span class='ocrx_word' id='word_1_976' title='bbox 3002 5441 3397 5504; x_wconf 75' lang='lat' dir='ltr'><strong>recentioribus</strong></span> 
     </span>
    </p>
   </div>
   <div class='ocr_carea' id='block_1_128' title="bbox 1813 5512 3404 5581">
    <p class='ocr_par' dir='ltr' id='par_1_128' title="bbox 1813 5512 3404 5581">
     <span class='ocr_line' id='line_1_129' title="bbox 1813 5512 3404 5581; baseline 0.003 -11"><span class='ocrx_word' id='word_1_977' title='bbox 1813 5515 2065 5570; x_wconf 90' lang='lat' dir='ltr'><strong>eumdem</strong></span> <span class='ocrx_word' id='word_1_978' title='bbox 2089 5513 2268 5567; x_wconf 88' lang='lat' dir='ltr'><strong>locum</strong></span> <span class='ocrx_word' id='word_1_979' title='bbox 2293 5512 2360 5566; x_wconf 91' lang='lat' dir='ltr'><strong>de</strong></span> <span class='ocrx_word' id='word_1_980' title='bbox 2386 5512 2726 5581; x_wconf 87' lang='lat' dir='ltr'><strong>separatione</strong></span> <span class='ocrx_word' id='word_1_981' title='bbox 2745 5513 2814 5567; x_wconf 87' lang='lat' dir='ltr'><strong>ab</strong></span> <span class='ocrx_word' id='word_1_982' title='bbox 2841 5515 3081 5571; x_wconf 86' lang='lat' dir='ltr'><strong>Ecclesia</strong></span> <span class='ocrx_word' id='word_1_983' title='bbox 3113 5521 3404 5575; x_wconf 88' lang='lat' dir='ltr'><strong>maluerint</strong></span> 
     </span>
    </p>
   </div>
   <div class='ocr_carea' id='block_1_129' title="bbox 1815 5583 3404 5655">
    <p class='ocr_par' dir='ltr' id='par_1_129' title="bbox 1815 5583 3404 5655">
     <span class='ocr_line' id='line_1_130' title="bbox 1815 5583 3404 5655; baseline 0.003 -13"><span class='ocrx_word' id='word_1_984' title='bbox 1815 5586 2122 5655; x_wconf 87' lang='lat' dir='ltr'><strong>intelligere</strong></span> <span class='ocrx_word' id='word_1_985' title='bbox 2147 5628 2161 5651; x_wconf 94' lang='lat'><strong>,</strong></span> <span class='ocrx_word' id='word_1_986' title='bbox 2210 5583 2357 5651; x_wconf 89' lang='lat' dir='ltr'><strong>ipsos</strong></span> <span class='ocrx_word' id='word_1_987' title='bbox 2390 5583 2682 5655; x_wconf 14' lang='lat' dir='ltr'><strong>ambrosio,</strong></span> <span class='ocrx_word' id='word_1_988' title='bbox 2711 5595 2928 5653; x_wconf 90' lang='lat' dir='ltr'><strong>oportet</strong></span> <span class='ocrx_word' id='word_1_989' title='bbox 2970 5589 3266 5645; x_wconf 88' lang='lat' dir='ltr'><strong>attribuere</strong></span> <span class='ocrx_word' id='word_1_990' title='bbox 3303 5591 3404 5647; x_wconf 84' lang='lat' dir='ltr'><strong>hu-</strong></span> 
     </span>
    </p>
   </div>
   <div class='ocr_carea' id='block_1_130' title="bbox 1813 5653 3400 5729">
    <p class='ocr_par' dir='ltr' id='par_1_130' title="bbox 1813 5653 3400 5729">
     <span class='ocr_line' id='line_1_131' title="bbox 1813 5653 3400 5729; baseline 0.004 -18"><span class='ocrx_word' id='word_1_991' title='bbox 1813 5653 2049 5729; x_wconf 68' lang='lat' dir='ltr'><strong>jusmoili</strong></span> <span class='ocrx_word' id='word_1_992' title='bbox 2089 5670 2306 5729; x_wconf 81' lang='lat' dir='ltr'><strong>sensum</strong></span> <span class='ocrx_word' id='word_1_993' title='bbox 2339 5653 2440 5729; x_wconf 88' lang='lat' dir='ltr'><strong>:_Si</strong></span> <span class='ocrx_word' id='word_1_994' title='bbox 2473 5654 2685 5729; x_wconf 85' lang='lat' dir='ltr'><strong>eosqui</strong></span> <span class='ocrx_word' id='word_1_995' title='bbox 2717 5663 2924 5729; x_wconf 80' lang='lat' dir='ltr'><strong>tantum</strong></span> <span class='ocrx_word' id='word_1_996' title='bbox 2955 5659 3265 5729; x_wconf 87' lang='lat' dir='ltr'><strong>pelliculam</strong></span> <span class='ocrx_word' id='word_1_997' title='bbox 3294 5665 3400 5717; x_wconf 87' lang='lat' dir='ltr'><strong>cir—</strong></span> 
     </span>
    </p>
   </div>
   <div class='ocr_carea' id='block_1_131' title="bbox 1819 5723 3404 5804">
    <p class='ocr_par' dir='ltr' id='par_1_131' title="bbox 1819 5723 3404 5804">
     <span class='ocr_line' id='line_1_132' title="bbox 1819 5723 3404 5804; baseline 0.008 -19"><span class='ocrx_word' id='word_1_998' title='bbox 1819 5723 2126 5786; x_wconf 82' lang='lat' dir='ltr'><strong>cumcidere</strong></span> <span class='ocrx_word' id='word_1_999' title='bbox 2155 5723 2513 5796; x_wconf 82' lang='lat' dir='ltr'><strong>imperabant,</strong></span> <span class='ocrx_word' id='word_1_1000' title='bbox 2555 5726 2853 5802; x_wconf 80' lang='lat' dir='ltr'><strong>Apostolus</strong></span> <span class='ocrx_word' id='word_1_1001' title='bbox 2878 5723 3033 5804; x_wconf 77' lang='grc' dir='ltr'>ορίιιι</span> <span class='ocrx_word' id='word_1_1002' title='bbox 3053 5731 3122 5792; x_wconf 79' lang='lat' dir='ltr'><strong>ab</strong></span> <span class='ocrx_word' id='word_1_1003' title='bbox 3161 5733 3404 5797; x_wconf 80' lang='lat' dir='ltr'><strong>Ecclesia</strong></span> 
     </span>
    </p>
   </div>
  </div>
