3998 6190
578 143 685 198 5'39

1911 149 2157 213 SANCTI
2192 144 2518 213 AMBROSII

3772 144 3887 217 2.60

573 261 809 318 cumcidi
844 261 983 334 (Gal.
1017 275 1069 326 v,
1102 261 1191 333 l2)
1218 262 1233 317 !
1266 261 1374 318 Cur
1403 261 1549 319 enim
1578 276 1802 319 coronae
1830 265 2049 321 occasio
2068 307 2084 329 .
2118 274 2174 322 et
2199 270 2250 332 Α
2277 275 2327 321 et
2354 265 2654 321 dominatui
2686 265 2784 320 viri
2814 264 2931 321 sola
2957 263 3209 321 subditur
3236 264 3487 337 copulata
3509 307 3523 331 ,
3549 279 3660 322 non
3693 266 3880 339 virgo.

574 354 793 410 virtutis
820 370 948 411 usus
974 355 1207 425 eripitur
1239 354 1448 410 homini
1474 400 1489 419 ,
1523 355 1617 429 qui
1650 364 1814 413 natus
1855 356 1923 413 ad
1957 357 2173 414 laudem

577 455 698 512 est,
740 445 809 501 ad
857 446 1142 501 victoriam
1192 458 1533 518 prteparatus
1558 489 1575 515 ,
1615 448 1710 519 qui
1750 451 1934 521 potius
1972 453 2177 507 virtute

575 542 771 596 animre
798 550 1043 598 castrare
1070 557 1132 597 se
1158 542 1368 613 possit?
1399 541 1533 599 Sunt
1557 544 1695 599 enim
1722 544 1983 616 spadones
2003 546 2094 617 qui
2112 561 2168 599 se

575 633 716 703 ipsos
767 643 1121 688 castraverunt
1164 644 1378 707 propter
1409 651 1627 707 regnum
1673 636 1922 691 calorum
1955 635 2172 707 (Matth.

575 738 690 793 xtx,
723 724 836 798 l2).

650 817 739 874 78.
774 818 879 874 Sed
910 829 965 875 et
1010 818 1115 877 hoc
1152 834 1263 875 non
1306 821 1560 879 omnibus
1602 824 1904 895 imperatur
1933 866 1949 892 ,
1981 826 2075 880 sed
2108 823 2176 881 ab

573 909 829 967 omnibus
851 910 1143 983 flagitator.
1180 913 1395 969 Etenim
1426 915 1515 985 qui
1546 915 1800 972 mandata
1837 916 1951 983 dat,
1985 917 2176 971 decre-

576 1013 755 1060 torum
783 1021 1004 1079 semper
1031 1017 1216 1063 tencre
1242 1007 1403 1064 debet
1432 1024 1746 1065 mensuram
1774 1027 1787 1063 :
1811 1018 1867 1065 et
1891 1009 1987 1081 qui
2010 1024 2176 1080 pensa

572 1097 898 1166 distribuit,
951 1101 1267 1171 :equitatem
1314 1103 1478 1158 debet
1521 1104 1795 1160 examinis
1837 1118 2169 1160 reservare:

580 1187 790 1245 Statera
812 1192 957 1246 enim
980 1194 1152 1264 fallax
1173 1234 1191 1261 ,
1213 1194 1521 1249 abominatio
1538 1202 1617 1250 est
1634 1195 1779 1267 apud
1800 1193 1967 1250 Deum
1986 1194 2172 1267 (Prov.

576 1296 654 1347 tu,
682 1282 761 1354 1).
786 1284 883 1338 Est
909 1298 1044 1356 ergo
1076 1285 1253 1340 minus
1276 1286 1491 1356 pondus
1515 1295 1571 1343 et
1600 1288 1775 1358 majus
1804 1306 1817 1342 :
1842 1287 1936 1345 sed
1968 1299 2179 1343 utrum—

577 1386 683 1444 que
727 1390 837 1429 non
890 1377 1087 1448 recipit
1134 1377 1426 1442 Ecclesia;
1470 1378 1690 1434 Pontius
1734 1384 1871 1435 enim
1910 1384 2080 1455 majus
2127 1388 2176 1434 et

577 1470 851 1523 minimum
879 1511 895 1536 ,
926 1480 975 1526 et
1030 1488 1286 1528 mensurae
1330 1474 1601 1543 duplices,
1648 1475 1916 1530 immunda
1964 1477 2019 1531 in
2049 1492 2177 1531 con-

577 1572 755 1632 spectu
779 1562 985 1617 Domini
1002 1574 1217 1634 utraque
1239 1563 1425 1637 (Prov.
1445 1583 1541 1634 xx,
1566 1565 1682 1639 10).
1706 1568 1844 1623 Sunt
1863 1583 2027 1640 pensa
2053 1584 2172 1638 qua:

580 1652 769 1707 dividit
792 1654 1091 1724 sapientia;
1117 1665 1174 1711 et
1205 1659 1274 1711 ita
1303 1657 1499 1712 dividit
1524 1667 1581 1713 ut
1604 1659 1887 1727 virtutem,
1918 1661 2173 1731 viresque
2202 1668 2251 1733 Β

575 1747 809 1803 aestimet
833 1748 1195 1819 singulorum.
1230 1753 1293 1805 lit
1316 1751 1438 1807 ideo
1455 1752 1624 1809 dicit:
1649 1753 1755 1823 Qui
1781 1765 1946 1826 potest
1964 1770 2170 1825 capere,

582 1839 752 1912 capiat
776 1837 999 1914 (Matth.
1035 1858 1150 1910 xtx,
1181 1842 1295 1916 12).

644 1931 736 1985 79.
770 1931 885 1989 Scit
913 1938 1057 1989 enim
1088 1947 1303 1992 creator
1332 1939 1574 1994 omnium
1602 1938 1830 1996 affectus
1846 1954 1969 1997 esse
1990 1943 2173 1997 varios

572 2022 946 2095 singulorum;
978 2035 1036 2083 et
1076 2027 1205 2084 ideo
1246 2031 1486 2099 pramtiis
1517 2032 1770 2087 virtutem
1812 2035 2170 2104 provocavit,

573 2129 684 2172 non
724 2116 1100 2175 inﬁmitatem
1135 2120 1371 2178 vinculis
1399 2123 1663 2195 alligavit.
1698 2123 1815 2181 Scit
1838 2134 1892 2180 et
1920 2125 2013 2181 ille
2036 2140 2171 2197 gen-

573 2213 706 2268 tium
738 2214 935 2269 Doctor
978 2212 1163 2284 (Rom.
1196 2230 1307 2280 vn,
1346 2216 1418 2272 25
1457 2228 1506 2271 et
1538 2217 1694 2290 seg.),
1740 2219 1918 2274 bonus
1958 2233 2171 2274 morum

570 2307 756 2377 auriga
782 2315 1103 2363 nostrorum
1131 2351 1145 2375 ,
1179 2317 1235 2363 et
1269 2307 1489 2381 quidam
1518 2310 1844 2366 interiorum
1877 2322 2060 2367 rector
2089 2309 2171 2365 af-

572 2398 835 2463 fectuum.
869 2400 959 2471 qui
993 2400 1061 2457 de
1089 2415 1151 2457 se
1176 2401 1296 2473 ipso
1322 2403 1591 2460 didicerat
1622 2404 1729 2475 legi
1763 2407 1964 2461 mentis
1990 2407 2171 2477 legem

572 2494 821 2563 corporis
851 2509 1195 2565 repugnare;
1253 2497 1502 2552 eamdem
1544 2508 1729 2554 tamen
1752 2496 1956 2555 Christi
1983 2499 2175 2571 gratias

572 2585 771 2641 cedere
798 2602 812 2639 :
840 2586 982 2653 scit,
1014 2587 1259 2658 inquam,
1293 2590 1473 2645 varios
1505 2590 1756 2646 incursus
1782 2593 2049 2648 mentium
2085 2607 2173 2648 re-

570 2691 858 2748 pugnare;
901 2685 958 2733 et
995 2676 1120 2735 ideo
1162 2695 1338 2752 neque
1383 2682 1437 2736 in
1482 2692 1692 2739 tantum
1733 2684 2169 2743 adhortationem

570 2770 900 2843 integritatis
926 2774 1189 2842 intendit,
1215 2785 1267 2828 ut
1292 2776 1539 2832 aboleret
1559 2778 1790 2850 gratiam
1822 2781 2167 2850 nuptiarum:

572 2879 749 2935 neque
776 2866 848 2920 ita
879 2867 1190 2937 coniugium
1220 2869 1455 2935 prtetulit
1483 2912 1497 2935 ,
1533 2882 1590 2924 ut
1630 2871 1805 2927 studia
1839 2872 2173 2943 integritatis

569 2959 961 3029 exstingueret.
978 2959 1083 3015 Sed
1102 2978 1129 3013 a
1146 2960 1365 3016 contine
1380 2962 1504 3017 otia:
1514 2963 1865 3033 persuasione
1879 2966 2167 3038 incipiens,

2274 355 2531 414 Omnium
2556 368 2735 414 autem
2768 357 2963 412 borum
2994 357 3146 427 virgo
3172 354 3345 415 libera
3376 367 3463 416 est
3487 400 3502 427 ,
3544 373 3669 431 qua:
3694 358 3884 416 Verbo

2276 450 2372 507 Dei
2400 466 2559 508 suum
2597 450 2893 527 spopondit
2931 448 3185 511 affectum
3210 492 3225 513 .
3265 467 3389 524 qua:
3413 467 3673 525 sponsum
3709 452 3887 509 bene-

2274 543 2530 601 dictionis
2554 560 2677 603 cum
2710 545 2917 601 facibus
2942 552 3223 617 exspectat
3244 542 3465 618 (Matth.
3496 561 3628 611 xxv,
3659 543 3744 617 ι),
3779 544 3886 601 bo-

2275 652 2359 693 nzr
2406 630 2614 695 lumine
2662 639 2957 694 voluntatis
2989 651 3241 694 accenso.
3272 637 3338 694 Et
3367 637 3494 694 ideo
3539 646 3884 711 provocatur

2275 728 2540 796 consiliis,
2566 744 2673 786 non
2701 729 2935 786 vinculis
2958 730 3217 802 illigatur.

2872 844 3103 904 CAPUT
3140 840 3279 905 XIV.

2274 954 2391 1015 Etsi
2417 957 2575 1020 vidua
2595 975 2705 1015 non
2732 961 2989 1034 acceperit
3014 968 3355 1031 receptum,
3381 960 3657 1015 comitium
3700 968 3883 1016 tamen

2344 1061 2454 1113 tam
2480 1057 2728 1125 frequens
2758 1064 2968 1125 tamque
3006 1055 3139 1113 suile
3162 1055 3309 1110 illam
3336 1056 3632 1126 accepisse.
3660 1064 3719 1111 et
3748 1071 3886 1111 con-

2348 1146 2681 1207 tmnam
2736 1165 2844 1204 non
2886 1147 3150 1204 videatur.
3188 1146 3354 1205 Nolle
3397 1165 3453 1204 se
3508 1149 3753 1216 etiam
3796 1149 3888 1203 la-

2342 1254 2536 1310 min
2576 1221 2834 1313 injicere.
2882 1257 3005 1301 aut
3045 1240 3294 1301 Ecclesia
3339 1256 3466 1312 ager
3509 1242 3629 1308 ipso
3674 1257 3889 1311 quoque

2344 1333 2542 1389 ditem
2566 1336 2813 1408 conjugio
2847 1353 2861 1390 :
2892 1335 2984 1389 sed
3024 1334 3325 1391 viduitatem
3360 1350 3479 1404 qua
3520 1334 3782 1389 laudatur
3815 1336 3886 1390 ab

2345 1426 2620 1495 Apostolo,
2640 1428 2829 1484 bonum
2856 1428 3039 1500 negari
3054 1445 3375 1500 neququam
3396 1444 3582 1501 posse;
3606 1426 3751 1483 unde
3772 1444 3887 1484 non

2344 1524 2701 1593 perfunctorie
2720 1522 2776 1577 in
2793 1538 2880 1578 eos
2894 1523 3022 1595 agit,
3042 1539 3265 1593 quorum
3278 1522 3645 1597 legibust'llam
3661 1532 3890 1579 uouerat

2346 1632 2458 1672 esse
2482 1618 2850 1689 proscriptum.

2344 1751 2440 1808 82.
2470 1751 2580 1810 Sed
2610 1767 2711 1809 nec
2740 1754 2901 1810 vidua
2928 1764 3262 1827 praeceptum
3286 1754 3521 1826 accipit,
3552 1754 3651 1812 sed
3689 1755 3883 1811 consi-

2276 1846 2407 1901 lium
2435 1865 2448 1901 :
2476 1847 2765 1904 consilium
2795 1858 2975 1905 autem
3012 1865 3122 1905 non
3153 1850 3325 1907 semel
3356 1850 3562 1916 datum,
3598 1847 3695 1905 sed
3726 1860 3886 1922 saepe

2272 1941 2592 2011 repetitum.
2619 1941 2754 1997 Nam
2780 1953 2829 1999 et
2856 1943 3034 2014 primo
3059 1942 3230 2000 dixit:
3259 1940 3468 1999 Bonum
3496 1951 3570 1997 est
3594 1944 3732 1998 enim
3758 1959 3886 1996 mu-

2275 2035 2453 2091 lierem
2475 2054 2577 2091 non
2605 2046 2814 2110 tangere
2837 2037 2881 2111 (l
2907 2034 3030 2096 Cor.
3053 2054 3148 2103 vn,
3174 2037 3263 2109 4);
3294 2048 3349 2094 et
3369 2038 3565 2095 iterum
3591 2054 3604 2091 :
3644 2036 3783 2092 Volo
3804 2036 3888 2092 sic

2274 2147 2449 2186 omnes
2480 2131 2713 2187 homines
2755 2148 2866 2189 esse
2904 2134 3038 2193 sicut
3075 2141 3124 2187 et
3157 2133 3412 2205 meipsum
3444 2130 3636 2206 (lbidq
3672 2128 3777 2204 7);
3824 2140 3885 2187 et

2275 2224 2438 2280 tertio
2468 2242 2481 2278 :
2516 2223 2720 2281 Bonum
2769 2235 2845 2282 est
2884 2227 3027 2293 illis,
3064 2228 3111 2282 si
3138 2228 3213 2284 sic
3238 2237 3484 2286 maneant
3520 2227 3652 2285 sicut
3691 2235 3739 2280 et
3778 2242 3883 2299 ego

2276 2314 2575 2390 (Ibid.,8);
2600 2328 2652 2373 ct
2680 2327 2871 2388 quarto
2894 2337 2907 2374 :
2939 2318 3144 2375 Bonum
3174 2330 3249 2376 est
3267 2332 3483 2393 prapter
3501 2321 3772 2376 instantem
3788 2337 3887 2375 rte-

2275 2413 2567 2468 cessitatem
2593 2411 2643 2487 (l
2654 2412 2783 2479 bid.,
2808 2412 2904 2485 26)
2930 2431 2945 2468 :
2976 2425 3030 2470 et
3058 2412 3162 2470 hoc
3178 2414 3398 2489 placere
3422 2415 3673 2481 Domino,
3690 2422 3747 2470 et
3768 2414 3885 2471 hoc

2277 2504 2565 2561 honestum
2599 2520 2721 2562 esse
2753 2524 2766 2560 :
2805 2514 3083 2578 postremo
3106 2509 3407 2567 beatiorem
3447 2524 3569 2565 esse
3611 2510 3663 2564 in
3692 2506 3882 2564 vidui-

2276 2607 2388 2654 tate
2415 2607 2441 2637 α
2468 2601 2955 2671 perseverantiam,
2989 2618 3097 2659 non
3124 2612 3337 2661 tantum
3363 2618 3463 2658 suo
3490 2602 3744 2670 consilio,
3775 2602 3883 2658 sed

2275 2692 2439 2746 etiam
2472 2690 2564 2747 Dei
2589 2689 2796 2763 Spiritu
2826 2692 3092 2749 delinivit.
3119 2691 3380 2768 Qumnam
3402 2695 3566 2768 igitur
3586 2694 3717 2750 talis
3740 2709 3885 2751 con-

2272 2782 2469 2840 siliarii
2496 2784 2883 2856 benignitatem
2914 2798 3168 2857 recuset,
3198 2787 3293 2861 qui
3321 2798 3378 2845 et
3404 2787 3669 2845 voluntati
3701 2787 3881 2845 habe-

2274 2892 2376 2933 nas
2406 2877 2702 2951 indulgeat,
2734 2891 2788 2935 et
2814 2880 2865 2936 id
2918 2880 3147 2937 suadeat
3178 2880 3301 2936 aliis
3330 2881 3474 2954 quod
3503 2882 3559 2941 in
3584 2897 3646 2941 se
3666 2896 3883 2952 exper-

2276 2978 2361 3025 tus
2400 2970 2533 3025 utile
2568 2971 2869 3043 judicavit,
2916 2989 3024 3029 non
3068 2973 3245 3030 facilis
3287 2973 3725 3045 comprehendi,
3770 2989 3883 3031 nec

571 3050 637 3106 ad
669 3051 1080 3107 incontinentiae
1126 3054 1369 3110 remedia
1411 3055 1699 3112 deSrendit
1729 3076 1741 3111 :
1787 3067 1842 3115 et
1880 3074 2002 3116 cum
2042 3060 2171 3115 bra-
2191 3058 2242 3123 C
2275 3061 2592 3120 fastidiosus
2620 3067 2820 3136 aequari
2847 3066 2871 3120 ?
2900 3065 3035 3134 Qum
3081 3067 3250 3139 igitur
3281 3068 3513 3139 refugiat
3540 3077 3727 3124 sancta
3755 3066 3883 3125 fieri

573 3144 718 3199 vium
749 3160 1010 3217 superna:
1036 3148 1338 3204 vocationis
1361 3147 1678 3205 fortioribus
1703 3150 2168 3220 demonstrasset;

572 3234 811 3293 deficere
835 3249 1017 3294 tamen
1047 3237 1101 3293 in
1126 3239 1212 3293 via
1238 3241 1512 3296 neminem
1546 3255 1737 3311 passus
1760 3253 1844 3298 est
1871 3262 1883 3297 :
1917 3246 1988 3300 ita
2019 3246 2169 3316 plau-

570 3328 709 3384 dens
759 3330 1075 3401 prioribus,
1125 3342 1183 3386 ttt
1227 3348 1332 3387 non
1379 3333 1688 3404 despiceret
1735 3345 1792 3391 et
1838 3348 2168 3407 sequentes;

572 3422 839 3478 didicerat
884 3425 1030 3477 enim
1083 3435 1139 3479 et
1188 3426 1346 3495 ipse,
1378 3427 1507 3497 quia
1552 3426 1814 3487 Dominus
1858 3429 2019 3487 Jesus
2045 3433 2171 3489 aliis

572 3527 766 3583 panem
801 3513 1166 3571 hordeaceum
1211 3515 1398 3589 (Joau.
1432 3534 1504 3583 vt,
1534 3518 1569 3574 5
1599 3529 1647 3575 et
1685 3521 1843 3595 seq),
1868 3539 1941 3581 ne
1983 3524 2037 3580 in
2084 3526 2168 3581 via

574 3604 878 3661 deﬁcerent
903 3648 916 3672 ,
947 3607 1071 3662 aliis
1098 3623 1300 3681 corpus
1330 3625 1488 3666 suum
1518 3611 1736 3686 (Matth.
1771 3632 1919 3683 xxvt,
1947 3615 2077 3690 26),
2111 3623 2173 3674 ut

564 3697 633 3753 ad
658 3713 887 3769 regnum
908 3700 1326 3769 contenderent,
1349 3703 1701 3762 ministravit.

641 3792 733 3849 80.
767 3790 880 3849 Nec
904 3794 1169 3851 Dominus
1196 3796 1314 3866 ipse
1336 3808 1667 3872 pmceptum
1694 3802 1976 3874 imposuit,
2005 3805 2173 3880 20⁸

566 3886 661 3941 sed
693 3887 1031 3944 voluntatem
1063 3888 1357 3945 invitavit:
1386 3908 1484 3949 nec
1513 3896 1805 3965 Apostolus
1836 3909 2168 3969 pra‘ceptum

568 3978 780 4047 Statuit,
805 3979 901 4036 sed
927 3982 1213 4038 consilium
1243 3984 1394 4041 dedit
1418 3985 1463 4058 (Ι
1486 3985 1620 4042 L‘or.
1650 4004 1744 4053 vn.
1774 3989 1894 4060 25).
1921 3991 2027 4048 Sed
2059 4008 2167 4049 non

563 4069 665 4128 hoc
690 4073 988 4129 humanum
1013 4077 1327 4145 consilium,
1354 4078 1720 4137 humanarum
1743 4083 1936 4139 virium
1964 4086 2169 4142 habere

569 4179 884 4220 mensuram
916 4184 929 4220 :
962 4169 1163 4224 divina:
1208 4186 1407 4227 munus
1437 4174 1832 4232 misericordiae
1872 4177 2170 4235 conﬁtetur

570 4256 626 4313 in
670 4272 731 4313 se
767 4274 891 4315 esse
918 4261 1180 4317 collatum
1208 4281 1222 4331 ;
1268 4272 1328 4319 ut
1352 4263 1591 4323 ﬁdeliter
1620 4269 1782 4323 sciret
1806 4268 1987 4340 prima
2020 4286 2166 4342 pra:-

576 4349 721 4405 ferre
740 4394 755 4418 ,
789 4352 1026 4407 secunda
1055 4353 1369 4423 disponere.
1397 4355 1467 4410 Et
1501 4357 1624 4413 ideo
1652 4357 1934 4426 Eduine,
1966 4361 2165 4434 inquit,

2272 3171 2506 3227 corpore
2527 3167 2581 3215 et
2603 3158 2828 3229 spiritu;
2851 3175 2975 3217 cum
3006 3176 3172 3232 supra
3189 3163 3432 3221 laborem
3454 3162 3528 3218 sit
3558 3161 3877 3233 prmium,

2273 3265 2436 3320 supra
2466 3267 2620 3307 usum
2652 3255 2857 3325 gratia,
2885 3270 3049 3326 supra
3080 3270 3216 3327 opus
3248 3270 3461 3314 merces
3487 3255 3511 3309 ’ἔ

2355 3346 2447 3402 85.
2497 3346 2676 3417 Atque
2699 3347 2802 3404 hoc
2834 3349 2904 3405 ita
2934 3348 3057 3407 dico
3082 3392 3097 3415 ,
3135 3367 3241 3409 non
3275 3358 3336 3408 ut
3371 3351 3622 3425 laqueum
3650 3356 3879 3412 cteteris

2273 3437 2534 3511 injiciam,
2557 3440 2652 3497 sed
2672 3451 2728 3498 ut
2747 3443 3025 3501 commissi
3047 3443 3174 3500 mihi
3201 3460 3264 3501 ru
3274 3445 3352 3505 ris
3373 3447 3660 3518 operarius
3675 3462 3876 3519 agrum

2272 3532 2422 3590 hunc
2461 3535 2722 3593 Ecclesia:
2765 3537 3001 3595 fertilem
3051 3553 3307 3606 cernam,
3348 3555 3495 3596 nunc
3538 3541 3877 3614 integritatis

2273 3623 2408 3682 ﬂore
2429 3636 2773 3695 vernantem,
2798 3645 2942 3686 nunc
2962 3630 3241 3687 viduitatis
3253 3633 3521 3704 gravitate
3543 3634 3871 3705 pollentem,

2273 3736 2418 3777 nunc
2442 3722 2604 3778 etiam
2630 3723 2864 3794 conjugii
2881 3723 3146 3782 fructibus
3158 3727 3580 3784 redundantem.
3604 3729 3739 3785 Nam
3762 3730 3873 3786 etsi

2271 3809 2477 3869 diversi
2506 3854 2523 3883 ,
2572 3814 2731 3870 unius
2780 3822 2963 3872 tamen
2993 3817 3108 3889 agri
3134 3817 3347 3879 fructus
3381 3828 3550 3876 sunt:
3586 3837 3688 3878 nec
3720 3832 3871 3878 tanta

2274 3906 2560 3965 hortorum
2590 3907 2737 3972 lilia.
2760 3919 2988 3980 quanta:
3017 3912 3202 3971 arista:
3232 3924 3478 3986 segem
3503 3957 3519 3982 ,
3551 3914 3580 3954 δ
3604 3915 3874 3972 messium

2273 4002 2461 4069 spicae,
2484 4000 2963 4074 compluriumqne
2984 4005 3157 4075 spatia
3182 4019 3505 4076 camporum
3532 4010 3875 4081 recipiendis

2271 4094 2436 4168 209
2470 4104 2729 4166 aptantur
2765 4097 3068 4154 seminibus
3092 4140 3112 4166 ,
3159 4115 3321 4171 quam
3360 4099 3598 4159 redditis
3650 4104 3874 4160 novales

2272 4184 2537 4243 fructibus
2566 4188 2853 4258 feriantur.

2336 4280 2432 4336 84.
2458 4280 2605 4341 Boos
2634 4298 2767 4353 ergo
2797 4283 3055 4351 viduitas,
3087 4301 3211 4356 qua
3238 4286 3404 4343 toties
3431 4288 3760 4359 Apostolico
3784 4291 3878 4361 jo-

2272 4372 2413 4429 ditao
2441 4374 2790 4445 praedicatur;
2816 4375 2943 4434 bmc
2963 4379 3111 4435 enim
3131 4380 3395 4453 magistra
3422 4379 3579 4449 fidei,
3614 4382 3876 4456 magistra

570 4458 678 4498 non
708 4454 897 4499 statuo
924 4485 940 4511 ,
976 4444 1065 4499 sed
1095 4448 1335 4502 existimo
1369 4450 1561 4504 bonum
1594 4467 1702 4507 esse
1730 4464 1942 4526 pmpter
1968 4456 2171 4513 instan-
2195 4451 2247 4512 Ι)
2272 4472 2358 4519 est
2380 4467 2675 4522 castitatis.
2708 4467 2866 4529 Unde
2889 4470 3047 4527 etilli
3071 4444 3426 4542 quideorutn
3457 4444 3686 4535 suorum
3705 4444 3879 4531 adul-

568 4546 668 4592 tem
699 4540 1049 4599 necessitatem
1074 4539 1268 4614 (lbid.,
1295 4542 1412 4616 26).

634 4630 732 4689 81.
756 4630 876 4688 Non
897 4648 1031 4704 ergo
1052 4636 1255 4705 copula
1272 4639 1536 4708 medelis
1554 4642 1713 4713 quasi
1728 4643 1895 4719 culpa
1918 4646 2163 4715 vitanda,

566 4724 664 4779 sed
694 4726 851 4796 quasi
881 4730 1225 4786 necessitatis
1252 4734 1465 4788 sarcina
1493 4734 1837 4793 declinanda.
1873 4736 1991 4797 Lex
2020 4742 2162 4799 enim

567 4818 826 4877 astrinxit
860 4837 1108 4892 uxorem,
1138 4834 1198 4881 ut
1218 4826 1274 4883 iu
1304 4826 1585 4887 laboribus
1607 4830 1744 4889 etin
1772 4833 1993 4893 tristitia
2020 4834 2165 4893 ﬁlios

568 4922 815 4982 generet,
843 4923 901 4971 et
927 4918 1221 4974 movet-sio
1240 4919 1364 4991 ejus
1384 4921 1450 4977 ad
1481 4923 1657 4980 virum
1677 4926 1772 4991 sit,
1795 4926 1940 4998 quod
1969 4930 2020 4984 ei
2049 4929 2165 5000 ipse

563 5003 876 5064 dominetur
902 5008 1059 5082 (Gen.
1086 5027 1166 5079 tn,
1190 5013 1308 5085 16).
1335 5016 1477 5091 Ergo
1490 5018 1778 5078 laboribth
1798 5033 1854 5078 et
1874 5022 2161 5082 doloribus

561 5098 616 5154 in
647 5103 996 5169 generatione
1027 5103 1261 5163 ﬁliorum
1289 5108 1560 5167 addicitur
1586 5122 1777 5185 nimia,
1799 5128 1913 5170 non
1944 5114 2113 5175 vidua
2140 5134 2155 5172 :

2276 4560 2413 4616 teria
2432 4568 2497 4617 et
2516 4561 2719 4632 ipmbrs
2746 4572 3102 4634 venerantur,
3134 4576 3163 4606 ε
3187 4567 3476 4625 caelibatus
3502 4579 3556 4626 et
3588 4570 3878 4627 viduitatis

2270 4660 2517 4711 statuere
2551 4669 2764 4724 partes;
2794 4665 2861 4713 ut
2885 4659 3068 4714 aemuli
3098 4660 3391 4717 criminum
3424 4662 3724 4722 multarent
3753 4676 3877 4727 stu-

2266 4743 2353 4801 dia
2382 4746 2642 4804 virtutum
2664 4767 2683 4803 :
2712 4750 2897 4820 specie
2922 4752 3144 4827 quidem
3170 4770 3278 4827 qua
3303 4754 3697 4817 fecmtditatem
3719 4777 3878 4833 quae—

2268 4851 2487 4906 rerent.
2511 4840 2617 4899 sed
2646 4843 2844 4903 ιωὸίο
2873 4860 2981 4916 quo
3012 4849 3355 4920 propositam
3386 4849 3659 4907 castitatis
3683 4853 3879 4912 abole-

2267 4941 2412 4988 rent.
2432 4933 2571 4990 -Nam
2593 4935 2857 4994 confectis
2880 4948 2933 4993 et
2948 4938 3112 4995 miles
3130 4940 3426 5013 stipendiis
3438 4954 3597 5001 arma
3618 4942 3873 5016 deponit,

2267 5038 2321 5084 et
2346 5028 2541 5086 relicto
2564 5029 2753 5087 ofﬁcio
2774 5031 2919 5105 quod
2942 5035 3194 5107 gerebat,
3222 5035 3291 5093 ad
3324 5037 3544 5111 propria
3570 5047 3875 5099 veteranus

2269 5136 2396 5181 rura
2436 5122 2761 5191 dimittitur;
2810 5134 2869 5183 ut
2897 5133 2963 5183 et
3000 5127 3124 5199 ipse
3139 5128 3406 5187 coercita}
3424 5128 3719 5189 laboribus
3745 5130 3874 5187 vita

563 5284 854 5378 ﬁgurat-ii
867 5293 1078 5378 quanto
1117 5288 1293 5378 magis
1330 5302 1428 5344 eos
1475 5291 1564 5359 qui
1606 5290 1892 5348 hominem
1926 5294 2150 5365 penitus
2254 5299 2825 5378 [aqﬂeeomprehendh
2854 5322 2947 5362 nec
2976 5307 3262 5378 fastidiosi:
3282 5310 3495 5378 aquari.

566 5352 780 5408 evirare
804 5359 1175 5412 altentarent‘!

641 5432 667 5460 ει
690 5424 839 5505 ⁹Ιῡιιίι.
874 5441 1069 5483 omnes
1092 5443 1217 5505 cum
1249 5428 1390 5505 fell.
1428 5444 1566 5498 sns.,
1594 5443 2034 5505 perseuerantem;
2070 5454 2156 5494 rc-
2257 5424 2398 5498 Tell.

570 5492 740 5567 liqui,
770 5500 1222 5567 "sacrandam.
1266 5500 1414 5556 Infra
1459 5492 1714 5559 *εὖθ’ώί
1743 5504 1874 5562 Gill.
1905 5520 1969 5563 ac
1996 5492 2153 5566 Rom.

569 5564 856 5654 (cum
877 5582 1195 5654 (meamne:
1432 5576 1840 5654 comprehendi,
1880 5595 1975 5635 nec
2011 5564 2161 5654 fasti-

617 5583 1055 5657 ξςλξιηξιῌξεξτ.
1072 5583 1396 5657 Δηρείωῴ
1432 5583 1840 5657 comprehendi,
1880 5595 1975 5635 nec
2011 5585 2161 5654 fasti-
2261 5583 2385 5641 vicle
2411 5585 2538 5657 quid
2556 5583 2593 5642 εἰ
2609 5583 2765 5646 nobis
2789 5583 3135 5653 observatum
3162 5583 3243 5653 Est
3269 5592 3337 5651 ad

574 5635 751 5690 diosus
788 5639 1024 5707 aquari;
1058 5635 1283 5698 Ament).
1320 5651 1482 5716 atque
1508 5635 1665 5703 Erae.
1693 5635 1978 5707 ediderant
2004 5635 2026 5720 ,’
2060 5635 2167 5710 non
2262 5635 2540 5714 huiiﬁe‘.

2327 5369 2638 5450 {uanum
2660 5369 2841 5449 spias,
2865 5369 3145 5450 reperitur
3172 5382 3222 5436 in
3252 5369 3388 5439 solis
3418 5369 3638 5443 edit..et
3678 5384 3872 5443 codice

2332 5526 2357 5549 π’
2380 5512 2645 5588 intelligit
2666 5517 2847 5590 legem
2868 5518 3071 5581 Iuliam
3101 5532 3267 5595 atque
3301 5522 3377 5579 Pa
3410 5524 3527 5589 "am
3564 5527 3634 5584 de
3672 5528 3874 5600 quibus

2333 5583 2385 5641 le
2411 5585 2538 5661 quid
2556 5603 2583 5642 a
2609 5590 2765 5646 nobis
2789 5592 3135 5653 observatum
3162 5604 3243 5653 est
3269 5592 3337 5651 ad
3485 5612 3545 5655 nt
3574 5599 3626 5656 in
3645 5598 3874 5661 Lucam.

3450 5638 3462 5649 ι
3485 5638 3545 5655 ιιι
3575 5638 3626 5656 Ill
3647 5638 3878 5667 μιιιιυιυο
