3998 6190
525 190 637 248 es;
1880 175 2128 233 SANCTI
2166 174 2490 232 AMBROSII
3715 177 3813 234 est

691 295 3811 334 Μ

919 442 1045 526 ΙΝ
1118 437 1576 524 LIBRUM
1650 437 1811 520 DE
1867 435 2655 520 VIRGINITATE
2729 434 3445 520 ADMONITIO.
3823 418 3882 529 [ᾗ

3821 537 3864 604 ii

3853 607 3864 626 V

2016 607 2335 621 ——-—.

607 722 813 776 lluncce
835 725 1119 773 tractatum
1143 732 1176 769 a
1202 714 1335 769 libro
1358 715 1508 768 tertio
1537 711 1608 768 de
1649 711 1968 782 Virginibus
1988 751 2002 774 ,
2031 710 2244 781 quicum
2273 708 2521 764 hactenus
2551 726 2667 763 eum
2689 709 2940 764 editiones
2979 726 3155 766 omnes
3185 711 3590 783 conjunxerant,
3621 729 3819 784 separa-

526 819 717 880 vimus;
740 815 826 879 iis,
858 821 912 866 ut
941 816 1238 878 opinamur,
1267 809 1482 863 adducti
1508 808 1800 870 momentis,
1825 823 1939 877 qum
1963 823 2064 860 non
2095 807 2261 876 magis
2286 805 2637 859 distinctionis
2669 807 2826 876 hujus
2857 807 3214 861 necessitatem
3241 809 3417 878 palam
3445 808 3654 878 faciant,
3682 826 3821 878 quant

536 920 640 964 tam
665 916 859 978 aperta:
881 921 942 959 ac
972 903 1131 958 simul
1156 903 1357 956 tamdiu
1384 918 1485 956 non
1528 900 1864 970 deprehensi:
1893 899 2215 971 confusionis
2245 900 2497 954 incutiant
2525 899 2943 955 admirationem.
2971 899 3130 954 Enim
3167 919 3284 957 vero
3317 902 3373 956 in
3410 903 3606 957 cunctis
3631 905 3824 961 omnino

541 1000 912 1070 manuscriptis
936 996 1072 1051 idem
1093 995 1183 1050 ille
1210 996 1390 1049 tertius
1411 995 1538 1048 liber
1563 995 1631 1047 dc
1661 992 1978 1062 Virginibus
1995 1033 2010 1057 ,
2037 993 2116 1046 his
2144 993 2270 1060 ipsis
2291 993 2474 1061 quibus
2498 1010 2616 1047 eum
2636 993 3045 1060 terminavimus,
3078 995 3241 1049 verbis
3267 995 3452 1066 ﬁnitur
3474 1012 3492 1050 :
3518 1013 3605 1050 nec
3630 1014 3725 1052 non
3752 999 3826 1052 di-

528 1096 720 1151 stincta
750 1091 1107 1146 commentatio
1134 1106 1236 1143 non
1261 1088 1432 1143 solum
1468 1087 1656 1155 ubique
1677 1086 1862 1156 incipit
1890 1087 1943 1139 in
1976 1102 2094 1140 eum
2125 1085 2334 1140 modum
2371 1102 2390 1140 :
2425 1086 2620 1142 Nobile
2650 1086 2792 1157 apud
2832 1097 3047 1142 veteres
3073 1129 3088 1153 ,
3119 1099 3244 1155 etc.;
3267 1107 3442 1144 verum
3471 1092 3619 1146 etiam
3645 1093 3752 1164 ipsa
3775 1093 3825 1146 in

538 1190 796 1262 plerisque
817 1203 880 1242 ex
901 1184 1085 1240 iisdem
1107 1183 1215 1238 illis
1237 1181 1498 1237 codicibus
1529 1180 1819 1253 proximam
1843 1187 1961 1250 post
1986 1177 2173 1232 librum
2197 1179 2265 1235 de
2299 1178 2485 1235 Viduis
2508 1179 2681 1235 sedem
2701 1179 2918 1235 obtinet.
2956 1179 3154 1234 Deinde
3174 1182 3389 1251 ipsemet
3417 1183 3710 1239 Ambrosius
3730 1201 3824 1238 me-

537 1291 739 1334 morato
770 1279 901 1334 libro
930 1277 1000 1333 de
1025 1275 1339 1347 Virginibus
1366 1276 1522 1343 finem
1551 1283 1823 1343 postquam
1853 1273 1916 1326 de
1937 1282 2115 1327 sancta
2147 1271 2366 1346 Pelagia
2395 1314 2410 1340 ,
2443 1274 2652 1344 ejusque
2671 1285 2836 1327 matre
2855 1290 2917 1327 ac
2943 1274 3206 1330 sororibus
3231 1278 3450 1348 egisset,
3479 1278 3569 1332 abs
3595 1295 3648 1333 se
3676 1280 3828 1346 impo—

534 1375 758 1430 nendum
786 1373 910 1427 satis
939 1371 1281 1434 indicaverat,
1309 1369 1378 1422 ibi
1410 1368 1610 1422 locutus
1637 1369 1690 1420 in
1724 1367 1818 1420 illa
1849 1367 2002 1421 verba
2025 1381 2044 1420 :
2067 1365 2186 1421 Jum
2214 1367 2280 1421 ad
2312 1365 2476 1422 ﬁnem
2505 1367 2775 1422 orationis
2799 1369 2916 1423 vela
2948 1369 3234 1439 pandenti,
3270 1381 3365 1426 etc.
3390 1371 3530 1445 (Lib.
3558 1389 3612 1430 tu
3631 1373 3692 1428 de
3719 1373 3831 1428 Vir-

548 1469 657 1540 gin.
688 1483 738 1521 c.
758 1467 815 1532 7,
843 1481 988 1518 num.
1014 1461 1108 1533 3‘2)
1135 1478 1150 1528 ;
1177 1462 1317 1534 quod
1337 1461 1566 1530 profecto
1597 1477 1875 1531 numquam
1904 1459 2138 1524 dixisset,
2165 1461 2211 1513 si
2235 1460 2646 1531 disputationem
2674 1462 2833 1516 aliam
2853 1479 2911 1516 ea
2934 1475 3080 1534 parte
3105 1482 3218 1535 qua:
3228 1469 3347 1538 jam
3374 1469 3548 1524 eodem
3573 1471 3696 1525 libro
3718 1489 3826 1544 per-

539 1570 764 1617 tractata
785 1564 978 1632 fuerat,
1010 1557 1174 1612 multo
1203 1555 1486 1628 longiorem
1513 1553 1780 1609 subtexere
1814 1553 2185 1608 constituisset.
2216 1551 2298 1606 Ad
2325 1554 2434 1607 hate
2465 1552 2676 1607 minime
2697 1553 2916 1608 obscura
2941 1565 3014 1609 est
3036 1572 3152 1610 cum
3189 1557 3243 1610 in
3269 1571 3572 1631 argumento
3593 1601 3610 1627 ,
3651 1571 3751 1616 tum
3779 1564 3827 1618 in

537 1655 750 1711 dicendi
777 1655 981 1709 ratione
1025 1649 1410 1719 discrepantia;
1437 1663 1598 1718 neque
1634 1646 1769 1700 enim
1797 1655 1901 1700 toto
1933 1647 2028 1701 hoc
2056 1663 2210 1715 opere
2246 1644 2610 1700 Mareellinam
2641 1662 2870 1700 sororem
2906 1664 3124 1716 usquam
3164 1649 3447 1722 alloquitur
3470 1693 3486 1719 ,
3528 1654 3615 1710 sed
3661 1655 3830 1728 ubique

544 1751 707 1822 ferme
734 1749 958 1820 virgines
978 1788 994 1812 ,
1024 1745 1287 1799 interdum
1317 1753 1486 1796 tamen
1513 1741 1672 1796 etiam
1711 1739 1893 1794 viduas
1911 1780 1927 1806 ,
1953 1739 2229 1793 universim
2270 1736 2564 1808 compellat.
2599 1735 2873 1793 Postremo
2909 1739 3050 1794 locus
3080 1741 3291 1811 quidam
3317 1758 3343 1796 e
3363 1743 3496 1798 libro
3517 1745 3585 1801 de
3617 1745 3790 1802 Viduis
3810 1790 3822 1814 ,

552 1860 703 1914 quem
729 1851 932 1897 constat
955 1838 1098 1893 libris
1126 1837 1196 1892 de
1227 1835 1541 1906 Virginibus
1563 1833 1897 1903 posteriorem
1919 1848 2053 1899 esse,
2082 1842 2258 1902 aperte
2283 1833 2542 1886 indicatur
2570 1831 2626 1886 in
2654 1832 2749 1887 hac
2779 1834 2951 1904 apella
2979 1833 3120 1905 (Lib.
3170 1836 3234 1890 de
3265 1834 3446 1892 Viduis
3473 1855 3587 1911 cap.
3616 1840 3669 1907 8,
3697 1858 3824 1896 num.

541 1936 675 2007 46);
707 1934 846 2006 quod
870 1948 984 1987 cum
1011 1946 1114 1984 non
1138 1928 1327 2001 fugerit
1363 1927 1626 1983 Romanos
1653 1925 1908 1991 editores,
1948 1925 2139 1978 mirum
2165 1941 2288 1979 sane
2312 1934 2386 1978 est
2407 1924 2839 1994 quemadmodum
2873 1924 3155 1982 absurdam
3197 1927 3344 1983 illam
3376 1930 3689 1987 diversorum
3723 1950 3832 2004 0pc-

535 2044 653 2082 rum
674 2024 1079 2096 compactionem
1106 2036 1210 2076 non
1237 2019 1575 2075 adverterint.
1605 2015 1673 2072 Ut
1696 2032 1809 2071 vero
1831 2015 2009 2070 eadem
2030 2015 2124 2086 ﬁat
2153 2016 2364 2084 clarior,
2396 2015 2555 2088 paulo
2575 2016 2822 2071 attentius
2848 2016 3084 2088 singulas
3104 2017 3263 2091 hujus
3285 2022 3454 2093 operis
3475 2033 3643 2094 partes
3670 2024 3831 2080 discu-

610 2213 846 2268 Exorsus
874 2226 906 2265 a
927 2207 1255 2265 celeberrimo
1279 2206 1376 2260 illo
1399 2203 1701 2261 Salomonis
1713 2201 1922 2274 judicio
1943 2203 2023 2256 vir
2043 2212 2256 2258 sanctus
2286 2203 2556 2274 mysticam
2577 2204 2691 2275 ejus
2711 2203 3106 2276 intelligentiam
3125 2206 3358 2262 declarat
3377 2209 3533 2282 (Cap.
3562 2211 3612 2280 1,
3640 2227 3772 2265 num.
3803 2211 3822 2264 1

531 2316 582 2361 et
605 2303 763 2376 seq.).
802 2303 1042 2358 Attamen
1073 2310 1132 2355 ut
1158 2303 1418 2371 fateamur
1440 2298 1582 2369 quod
1603 2313 1684 2351 res
1711 2307 1808 2364 est,
1837 2297 2020 2366 prima
2046 2297 2165 2351 huic
2195 2297 2334 2366 parti
2367 2312 2486 2349 cum
2513 2297 2710 2366 reliqua
2739 2297 3112 2355 lucubrationis
3137 2302 3270 2356 serie
3303 2318 3407 2358 non
3444 2304 3660 2358 multum
3684 2305 3829 2359 inter-

537 2400 671 2457 cedit
697 2397 1039 2471 cognationis.
1071 2393 1266 2449 Postea
1285 2389 1511 2463 Jephthe
1540 2390 1823 2460 sacriﬁcio,
1849 2390 1985 2460 quod
2007 2389 2107 2444 sibi
2133 2389 2433 2460 neutiquam
2471 2388 2679 2460 probari
2704 2389 2998 2460 proﬁtetur,
3029 2391 3294 2463 eleganter
3318 2395 3578 2467 descripto
3610 2393 3750 2467 (Cap.
3779 2395 3830 2461 2,

547 2511 692 2551 num.
724 2494 758 2549 5
789 2501 834 2547 et
865 2489 1025 2562 seq.),
1053 2487 1227 2544 subdit
1253 2486 1436 2540 mirari
1455 2501 1509 2540 se
1530 2484 1666 2554 quod
1695 2483 1910 2554 virginis
1939 2482 2050 2536 neci
2079 2482 2167 2552 qui
2191 2497 2246 2536 se
2275 2491 2556 2551 opponeret
2590 2479 2742 2553 (Cap.
2772 2483 2806 2538 5
2828 2523 2845 2547 ,
2887 2499 3029 2537 num.
3063 2483 3185 2554 10),
3235 2486 3472 2542 inventus
3505 2506 3603 2544 non
3625 2489 3725 2542 sit:
3749 2487 3834 2542 sibi

543 2606 663 2644 vero
690 2587 828 2658 quod
856 2583 1070 2656 virginis
1098 2581 1306 2653 nuptias
1333 2579 1545 2633 illicitas
1579 2578 1919 2648 prohibuerit,
1953 2592 2100 2630 nemo
2119 2592 2219 2631 non
2249 2576 2512 2631 obtrectet.
2545 2575 2684 2629 Hinc
2713 2586 2818 2630 tam
2845 2593 3017 2645 suam,
3041 2593 3194 2646 quam
3226 2579 3497 2653 virginalis
3527 2582 3739 2636 instituti
3755 2581 3834 2634 de—

534 2679 820 2750 fensionem
863 2688 1136 2746 aggressus
1165 2669 1356 2738 (Num.
1390 2667 1502 2740 11),
1532 2668 1727 2737 factum
1757 2666 1967 2736 quidem
1993 2682 2141 2720 suum
2171 2667 2495 2733 potissimum
2521 2675 2695 2721 tuetur
2736 2668 2972 2738 exemplo
3001 2666 3355 2727 Praecursoris
3381 2689 3401 2727 :
3429 2675 3700 2746 virgineam
3728 2688 3832 2728 vero

530 2771 879 2828 conditionem
903 2766 1024 2820 inde
1053 2763 1244 2818 attollit
1269 2759 1458 2834 (Num.
1493 2760 1581 2826 M,
1608 2760 1675 2814 15
1701 2767 1747 2813 et
1775 2755 1908 2828 seq.)
1930 2801 1945 2826 ,
1977 2758 2114 2828 quod
2143 2757 2382 2813 Christus
2409 2757 2629 2831 virgines
2658 2759 2841 2822 quibus
2871 2759 3123 2815 redivivus
3166 2763 3387 2831 primum
3417 2777 3711 2836 appareret,
3739 2765 3833 2818 ele-

538 2866 692 2938 gerit.
725 2861 931 2917 Deinde
957 2858 1247 2931 perstrictis
1271 2871 1424 2925 quam
1454 2853 1825 2908 modestissime
1843 2853 2264 2908 criminatoribus
2285 2855 2396 2910 suis
2420 2896 2434 2921 ,
2468 2871 2573 2908 rem
2595 2855 2764 2925 ipsam
2789 2857 3039 2912 intensius
3062 2867 3207 2929 urget
3229 2859 3248 2932 (
3277 2858 3409 2930 Cap.
3453 2861 3511 2929 5,
3545 2877 3681 2916 num.
3703 2858 3767 2914 24
3791 2869 3832 2914 ct

530 2957 667 3028 seq.)
701 2955 1077 3023 ,demonstrans
1107 2948 1260 3021 (Cap.
1291 2948 1324 3002 6
1355 2957 1401 3002 et
1431 2947 1487 3018 7)
1529 2946 1661 3000 nihil
1688 2962 1742 2999 se
1769 2945 1908 3015 quod
1934 2945 2244 3016 improbum,
2277 2957 2367 3002 aut
2394 2965 2604 3012 novum,
2627 2957 2718 3002 aut
2747 2949 2928 3004 inutile
2960 2961 3112 3017 esset,
3139 2955 3480 3020 persuasisse.
3517 2954 3641 3010 Mox
3664 2953 3728 3008 ad
3756 2952 3834 3007 ab-

530 3051 699 3122 jectas
750 3046 1076 3117 diﬁicultates
1103 3042 1317 3111 pulchre
1343 3040 1615 3112 respondet
1647 3038 1799 3109 (Cap.
1826 3040 1858 3093 7
1880 3081 1894 3104 ,
1921 3056 2066 3095 num.
2096 3042 2165 3097 35
2197 3051 2243 3096 et
2264 3043 2398 3113 seq.)
2430 3058 2448 3109 ;
2477 3044 2567 3097 sed
2605 3060 2716 3098 eam
2746 3059 2856 3114 pra:
2884 3047 3081 3102 ueteris
3119 3063 3224 3116 qua
3257 3049 3540 3120 negabatur
3565 3049 3748 3122 (Num.
3772 3047 3831 3103 39

537 3156 585 3202 et
609 3142 746 3216 seq.)
778 3142 1035 3213 virginum
1061 3138 1331 3193 tenerioris
1370 3137 1538 3191 a'tatis
1569 3136 1889 3190 admittenda
1915 3138 2253 3205 consecratio,
2282 3155 2482 3193 summa
2509 3141 2713 3193 diluens
2741 3155 2859 3194 cum
2881 3141 3184 3212 prudentia,
3216 3142 3423 3198 tandem
3445 3145 3737 3215 pronuntiat
3761 3160 3834 3198 so-

535 3241 616 3296 los
643 3256 806 3294 annos
834 3237 1037 3292 obstare
1059 3234 1355 3304 neutiquam
1376 3232 1557 3286 debere
1586 3247 1605 3298 ;
1631 3247 1745 3284 cum
1775 3243 1820 3285 et
1850 3232 1992 3302 pueri
2020 3248 2114 3302 pro
2144 3232 2349 3287 Christo
2367 3235 2672 3306 sanguinem
2696 3245 2989 3290 constanter
3027 3236 3304 3303 effuderint
3335 3238 3492 3311 (Cap.
3518 3240 3573 3306 8,
3613 3256 3745 3293 num.
3772 3237 3833 3292 12

534 3339 580 3385 et
606 3330 770 3400 seq.).
804 3337 852 3381 et
872 3324 1109 3381 Christus
1133 3325 1243 3393 ipse
1273 3339 1535 3377 accessum
1561 3323 1629 3376 ad
1659 3338 1714 3376 se
1738 3321 1954 3377 voluerit
1987 3334 2166 3393 patere
2191 3324 2500 3396 infantibus,
2523 3344 2586 3381 ac
2623 3329 2832 3383 tandem
2855 3328 2907 3382 in
2937 3328 3064 3399 ipsis
3092 3328 3342 3386 Ecclesia:
3363 3332 3686 3388 incunabulis
3705 3347 3835 3386 eum-

534 3424 651 3478 dem
675 3422 860 3487 turbte,
889 3420 985 3474 hoc
1014 3427 1118 3484 est,
1146 3415 1415 3487 cujuslibet
1441 3433 1593 3470 sexus
1619 3425 1770 3486 atque
1799 3417 1967 3471 tetatis
1993 3417 2273 3472 multitudo
2295 3460 2310 3485 ,
2343 3429 2530 3474 secuta:
2558 3420 2770 3490 fuerint.
2795 3420 2929 3474 Inde
2955 3423 3114 3476 veluti
3141 3439 3169 3476 e
3188 3439 3244 3478 re
3269 3433 3392 3478 nata
3425 3424 3634 3494 quando
3670 3434 3716 3478 et
3757 3418 3831 3476 ubi

545 3517 785 3573 Christus
824 3515 1018 3586 inquiri
1046 3513 1226 3567 debeat
1253 3530 1284 3565 a
1310 3511 1590 3583 virginibus
1613 3553 1628 3576 ,
1657 3511 1975 3579 expositione
2007 3513 2349 3581 quorumdam
2371 3531 2399 3570 e
2419 3513 2646 3568 Canticis
2674 3515 3046 3570 versiculorum
3075 3517 3240 3586 aperit
3272 3516 3460 3587 (Nunt.
3487 3519 3580 3588 45)
3599 3561 3614 3587 ,
3642 3527 3689 3573 et
3709 3526 3833 3589 post-

535 3624 692 3678 quam
720 3607 789 3661 ad
818 3621 933 3660 eam
961 3604 1170 3658 viduam
1192 3618 1346 3673 quam
1378 3601 1468 3655 abs
1493 3617 1546 3654 se
1575 3601 1628 3655 in
1656 3602 1760 3655 alio
1791 3600 1944 3668 libro,
1974 3601 2042 3656 de
2070 3601 2264 3659 Viduis
2295 3605 2564 3674 nimirum,
2597 3607 2921 3677 perstrictum
2948 3606 3074 3662 dicit
3105 3607 3296 3679 (Num.
3326 3609 3441 3682 46),
3479 3609 3831 3668 reconciliatio.

535 3707 616 3760 nis
657 3719 815 3758 causa
852 3700 1002 3756 vertit
1043 3713 1365 3764 sermonem,
1392 3697 1605 3769 ignavos
1635 3695 1871 3750 doctores
1899 3713 1960 3749 ac
1987 3697 2104 3767 plus
2129 3713 2276 3767 sequo
2316 3700 2558 3754 remissos
2587 3701 2822 3756 vitandos
2850 3711 3022 3756 monet
3050 3700 3238 3773 (Num.
3267 3704 3337 3759 47
3365 3714 3411 3759 et
3435 3705 3557 3777 50).
3601 3703 3832 3759 Eamdem

537 3803 837 3869 prosecutus
863 3791 1052 3867 (Num.
1081 3791 1153 3846 43
1185 3799 1231 3845 et
1258 3789 1388 3860 seq.)
1420 3787 1756 3843 Canticorum
1785 3789 2185 3859 expositionem,
2214 3791 2362 3846 docet
2387 3792 2514 3862 quid
2543 3794 2790 3859 animum,
2825 3805 2881 3848 ut
2907 3794 3171 3850 Christum
3199 3809 3398 3868 quatrat
3418 3841 3434 3867 ,
3481 3809 3530 3855 et
3569 3800 3681 3872 ipsa
3702 3813 3828 3869 qure-

539 3897 689 3946 ratur
711 3904 741 3940 a
769 3884 975 3940 Christo
999 3881 1154 3954 (Cap.
1182 3881 1216 3938 9
1242 3891 1290 3935 et
1319 3877 1455 3949 seq.)
1476 3922 1490 3946 ,
1514 3896 1605 3934 nec
1631 3896 1733 3934 non
1760 3893 1813 3933 ut
1840 3881 2074 3934 eumdem
2099 3881 2236 3937 intus
2253 3883 2500 3953 excipiat,
2525 3885 2862 3954 retineatque,
2889 3898 3136 3959 preestare
3156 3901 3406 3960 oporteat.
3452 3890 3731 3947 Virtutibus
3751 3907 3832 3944 au-

539 3991 641 4037 tem
656 3977 1108 4052 quxZexpetendaz,
1133 3991 1194 4029 ac
1216 3975 1371 4029 simul
1395 3974 1552 4040 vitiis,
1577 3989 1694 4044 qua:
1714 3972 1960 4046 fugienda
1984 3973 2093 4027 illic
2116 3974 2432 4044 indicantur,
2448 3978 2573 4031 scite
2594 3977 2876 4032 admodum
2898 3981 3173 4049 patefactis
3199 3980 3351 4054 (Cap.
3380 3984 3448 4040 15
3463 3995 3513 4040 et
3533 3985 3686 4056 seq.),
3705 3997 3830 4037 coer-

539 4074 821 4131 cendorum
859 4079 1080 4143 quatuor
1105 4068 1291 4122 anima:
1318 4075 1547 4120 motuum
1579 4081 1708 4132 quos
1750 4064 1814 4118 ab
1847 4064 2115 4120 Ezechiele
2143 4067 2364 4123 volantis
2390 4085 2574 4124 currus
2599 4071 2768 4142 specie
2795 4069 3127 4126 adumbratos
3159 4071 3315 4129 Plato
3342 4084 3415 4130 est
3461 4077 3690 4132 imitatus
3710 4115 3726 4143 ,
3755 4090 3829 4128 ra-

539 4169 727 4224 tionem
758 4164 940 4221 tradit.
969 4160 1202 4233 Spondet
1229 4160 1460 4212 animam
1489 4159 1585 4210 hac
1614 4157 1694 4210 via
1725 4164 1861 4210 certo
1885 4169 2243 4226 perventuram
2268 4158 2337 4212 ad
2358 4158 2644 4227 Christum,
2671 4160 2762 4230 qui
2788 4177 2906 4214 cum
2935 4160 2990 4214 in
3017 4159 3299 4233 Evangelia
3318 4167 3502 4221 eadem
3528 4168 3612 4221 die
3634 4180 3742 4236 qua:
3759 4181 3831 4217 sa-

538 4277 629 4317 cra
645 4267 755 4314 erat
783 4253 1102 4327 principibus
1133 4250 1505 4322 apostolorum,
1529 4245 1732 4317 publice
1759 4246 1998 4313 recitato,
2026 4248 2319 4306 ascendisse
2347 4249 2399 4304 in
2425 4251 2671 4322 scapham
2708 4249 2871 4317 Petri,
2901 4249 3150 4323 illumque
3175 4255 3245 4310 ad
3269 4257 3500 4314 laxanda
3527 4260 3654 4314 retia
3679 4260 3832 4328 impu-

533 4357 679 4420 lisse,
705 4353 867 4406 lectus
896 4348 1104 4419 fuisset;
1133 4361 1246 4399 eam
1279 4344 1341 4398 ob
1363 4358 1470 4397 rem
1500 4338 1627 4410 quid
1647 4339 1712 4393 sit
1741 4340 1795 4393 in
1815 4340 1978 4394 altum
2006 4340 2210 4408 ducere,
2249 4341 2431 4413 quidve
2467 4342 2730 4415 apostolos
2761 4344 2996 4403 laborare
3015 4392 3029 4417 ,
3065 4351 3391 4422 perspieuum
3408 4351 3535 4420 facit
3567 4349 3712 4422 (Cap.
3743 4348 3826 4411 i9,

538 4461 683 4502 num.
718 4441 814 4498 151
844 4449 891 4495 et
917 4436 1074 4509 seq.).
1107 4433 1340 4505 Denique
1367 4446 1667 4504 prosperam
1693 4429 1789 4484 sibi
1817 4430 2153 4501 piscationem
2179 4448 2246 4487 ex
2272 4435 2546 4503 prtvsentia
2584 4434 2926 4495 Bononiensis
2952 4443 3181 4512 episcopi
3207 4442 3320 4511 fore
3343 4452 3662 4514 auguratus,
3693 4450 3832 4506 atque

536 4537 758 4610 virgines
787 4533 919 4588 sicut
947 4539 994 4584 et
1017 4528 1201 4582 viduas
1226 4533 1282 4578 ut
1301 4539 1354 4579 se
1379 4521 1680 4592 apostolicis
1702 4519 1893 4575 retibus
1921 4520 2216 4589 includunt,
2246 4522 2541 4579 cohortatus
2566 4525 2717 4598 (Cap.
2742 4526 2835 4595 20,
2860 4544 3008 4585 num.
3038 4530 3190 4603 £29);
3216 4529 3361 4587 Petri
3387 4548 3450 4587 ae
3476 4530 3635 4588 Pauli
3662 4530 3829 4601 quibus

533 4637 693 4694 etiam
711 4634 969 4689 Joannem
994 4626 1164 4693 addit,
1189 4619 1629 4678 commendatione
1654 4635 1785 4688 opus
1811 4628 2021 4673 coronat
2046 4618 2236 4692 (Num.
2266 4621 2372 4677 150
2395 4631 2443 4676 et
2464 4622 2614 4693 seq.).

611 4731 740 4799 Quae
779 4727 918 4781 dicta
955 4719 1345 4792 suntlltactenus
1364 4755 1378 4780 ,
1411 4730 1471 4768 ea
1492 4711 1689 4782 liquido
1718 4710 2071 4765 demonstrant
2097 4712 2229 4766 hanc
2253 4712 2658 4770 lucubrationem
2683 4715 2816 4772 libro
2841 4717 2912 4774 de
2945 4717 3135 4774 Viduis
3163 4721 3434 4792 postponi,
3465 4729 3616 4792 atque
3639 4737 3671 4774 a
3697 4717 3829 4773 libris

532 4826 603 4882 de
639 4818 947 4891 Virginibus
988 4811 1140 4868 avelli
1190 4806 1496 4882 aportuisse.
1529 4806 1594 4858 At
1622 4819 1736 4858 vero
1759 4818 1908 4872 quem
1935 4803 1982 4856 ei
2010 4802 2216 4857 titulum
2247 4804 2528 4858 inscribere
2557 4803 2852 4875 debeamus,
2883 4808 2937 4862 in
2961 4818 3203 4880 promptu
3224 4825 3327 4864 non
3351 4818 3446 4866 est.
3479 4809 3696 4864 Videtur
3720 4819 3832 4860 sane

532 4923 823 4976 detractum
852 4927 915 4968 ex
940 4904 1267 4978 autographa
1286 4897 1571 4969 exernplari
1600 4897 1786 4968 folium
1802 4912 1918 4950 eum
1950 4905 2278 4968 preeposterte
2303 4895 2387 4950 illi
2410 4899 2762 4969 conjunctioni
2792 4916 3002 4954 causam
3031 4901 3339 4974 prtebuisse,
3373 4913 3482 4956 tum
3506 4899 3829 4972 scriptoribus

531 5009 840 5084 antiquariis
862 5004 1142 5065 licentiam,
1174 5007 1228 5052 ut
1261 5009 1485 5084 proisua
1511 4992 1726 5084 quisque
1755 4990 1968 5084 libidine
1996 4991 2389 5084 inscriptionem,
2413 4992 2459 5047 ei
2487 4994 2829 5065 prteﬁgerent.
2866 4995 3004 5050 Hinc
3033 4998 3070 5050 ii
3089 4999 3273 5069 quibus
3301 4999 3536 5053 eumdem
3562 5003 3828 5051 tractatum

534 5081 770 5176 proxime
794 5105 908 5168 post
930 5104 1033 5148 tres
1062 5089 1221 5145 libros
1242 5087 1311 5140 de
1341 5082 1657 5154 Virginibus
1685 5081 2132 5176 libuiteollocare,
2158 5083 2312 5176 illum
2333 5083 2452 5138 libri
2477 5087 2650 5154 quarti
2678 5087 2747 5143 de
2770 5087 3084 5160 Virginibus
3107 5109 3124 5156 ;
3150 5091 3336 5161 quibus
3362 5107 3478 5146 vero
3505 5092 3645 5145 hunc
3672 5091 3829 5158 ipsum

528 5174 744 5269 rejicere
781 5199 898 5265 post
935 5186 1123 5243 librum
1153 5181 1222 5237 de
1252 5177 1445 5269 Viduis
1472 5177 1642 5247 potius
1671 5176 1811 5269 fuit,
1833 5174 1952 5269 libri
1963 5174 2186 5269 secundi
2209 5175 2282 5269 de
2323 5177 2514 5233 Viduis
2545 5180 2693 5234 titulo
2724 5193 3103 5253 prtenotarunt.
3138 5183 3246 5240 Sed
3269 5201 3386 5240 cum
3413 5185 3605 5240 librum
3635 5184 3831 5238 unicum

528 5264 600 5347 de
624 5264 816 5344 Viduis
841 5279 1109 5336 Ambrosio
1140 5273 1332 5328 tribuat
1355 5268 1712 5338 Hieronymus
1739 5264 1934 5338 (Epist.
1959 5266 2052 5332 50,
2081 5266 2236 5336 Apol.
2261 5269 2380 5324 adv.
2403 5269 2718 5344 Joviniaa.),
2750 5290 2909 5343 neque
2931 5276 2994 5330 de
3014 5277 3182 5332 viduis
3209 5277 3309 5332 nisi
3334 5277 3519 5350 paucis
3544 5277 3740 5349 aliquot
3759 5275 3828 5326 lo-

528 5385 602 5441 cis
631 5380 852 5438 strictim
881 5385 1036 5445 atque
1074 5370 1236 5425 obiter
1255 5365 1353 5421 hoc
1383 5362 1630 5435 in‘Opere
1664 5361 1968 5426 disseratur,
1995 5377 2096 5414 non
2118 5372 2282 5431 potest
2310 5365 2356 5418 ei
2385 5364 2492 5419 hwc
2522 5367 2720 5434 imponi
2742 5371 3112 5426 nomenclatio.
3137 5370 3340 5426 Rursus
3360 5387 3476 5428 vero
3501 5371 3733 5427 eumdem
3754 5370 3826 5423 in-

525 5474 682 5532 scribi
711 5488 813 5527 non
839 5467 1004 5539 magis
1035 5465 1152 5518 licet
1193 5461 1381 5516 librum
1421 5465 1664 5527 quartum
1691 5454 1756 5507 de
1803 5451 2103 5524 Virginibus
2126 5471 2146 5523 ;
2176 5473 2278 5511 non
2305 5458 2472 5512 solum
2505 5461 2642 5515 enim
2672 5461 3024 5536 Hieronymus
3069 5464 3235 5538 (Ead.
3268 5467 3489 5540 Apolog.
3535 5484 3656 5538 pag.
3689 5461 3790 5520 592
3811 5501 3825 5524 ν

514 5569 620 5624 col.
649 5565 706 5636 ‘2)
739 5573 842 5618 tres
895 5569 1099 5612 tantum
1129 5554 1288 5608 libros
1317 5550 1412 5604 sub
1441 5548 1539 5602 hoc
1563 5547 1716 5601 titulo
1760 5544 2124 5602 Ambrosianos
2152 5551 2406 5619 agnoscit,
2427 5553 2518 5606 sed
2548 5555 2700 5608 etiam
2733 5557 2941 5614 totidem
2972 5560 3063 5614 abs
3087 5576 3144 5614 se
3171 5562 3482 5632 compositos
3505 5563 3717 5634 ipsemet
3754 5567 3823 5613 te-

521 5671 694 5716 statur
721 5653 1018 5712 Ambrosius
1046 5648 1183 5721 (Lib.
1207 5649 1272 5704 de
1307 5645 1492 5703 Viduis
1519 5660 1635 5716 cap.
1668 5645 1733 5712 1,
1766 5659 1908 5698 num.
1946 5644 2020 5715 1).
2055 5645 2170 5712 Qua
2193 5646 2247 5703 in
2275 5647 2592 5705 dubitatione
2615 5652 2747 5709 nihil
2771 5655 2934 5710 satius
2967 5657 3128 5713 visum
3146 5657 3295 5713 nobis
3341 5667 3446 5726 est,
3474 5674 3635 5730 quam
3675 5665 3730 5714 ut
3751 5655 3823 5728 ip-
