3998 6190
540 122 651 179 267

1875 103 2127 164 SANCTI
2159 100 2487 163 AMBROSII
3728 109 3819 165 268

540 259 661 312 ηιω,
697 253 748 302 ει
778 243 1012 318 ερίνίιιω,
1036 246 1363 303 artuumque,
1392 238 1439 285 et
1464 227 1813 283 medullarum
1844 223 2031 299 (Hebr.
2060 237 2137 290 tv,
2168 219 2220 281 Δ
2244 220 2430 277 docuit
2471 220 2702 277 ﬁliorum
2731 219 2961 275 salutem
2997 217 3279 288 religionis
3305 217 3584 318 obsequio
3613 217 3824 293 postlla.

549 337 663 409 12).
709 338 895 394 Bonus
932 330 1144 403 gladius
1184 324 1407 383 verbum
1450 322 1585 379 Dei:
1618 321 1793 377 bonus
1824 318 2053 391 gladius,
2087 323 2148 375 ut

546 439 672 502 pote
692 434 964 484 scrutator
989 420 1169 479 cordis
1188 426 1243 477 et
1269 416 1440 482 renis,
1484 415 1577 488 qui
1608 411 1951 470 mendacium
1996 426 2026 465 a
2052 425 2147 473 ve-

545 522 705 576 ritate
730 518 1022 580 discernat,
1053 521 1217 582 atque
1245 525 1340 566 eos
1365 523 1597 580 quorum
1612 507 1847 563 animam
1866 515 2144 577 pertrans-

549 612 673 677 ierit
701 626 809 667 non
839 605 1156 674 interﬁciat,
1188 604 1284 660 sed
1315 612 1581 660 reservet.

611 706 773 787 215
788 705 843 761 4ο
862 702 989 759 Haec
1010 700 1176 775 igitur
1194 698 1260 754 de
1274 698 1583 770 Regnorum
1601 695 1745 787 dicta
1764 694 1873 750 sint
1886 692 2047 757 libro,
2066 707 2143 787 as-

541 785 753 875 sumpta
773 795 842 853 de
866 808 1051 865 causa,
1076 792 1143 847 de
1160 790 1391 846 historia
1406 787 1698 853 recensita,
1717 786 1787 842 de
1806 785 2141 841 conscientia

544 899 820 962 usurpata,
850 904 917 944 ex
964 886 1071 941 ﬁde
1114 893 1386 958 prompta.
1411 881 1569 938 Nunc
1600 880 1847 935 dccursaa
1894 894 1961 933 ex
2002 877 2142 933 libro

540 985 793 1043 Judicum
850 981 1203 1051 inspiciamus
1259 978 1456 1033 seriem
1522 972 1794 1030 lectionis.
1835 970 1957 1028 Non
1995 971 2139 1026 enim

536 1078 727 1135 otiosis
775 1073 1125 1147 parricidium
1168 1069 1265 1126 fuit
1302 1068 1528 1124 auribus
1558 1063 1913 1122 audiendum.
1953 1062 2140 1134 Itaque

537 1179 850 1241 repetamus
871 1165 1178 1222 historiam.

1180 1274 1411 1333 CAPUT
1451 1274 1517 1331 ll.

541 1398 915 1467 Nuncupatum
940 1410 973 1447 a
995 1390 1223 1465 Jeplttltc
1252 1393 1304 1445 in
1338 1405 1514 1469 pugna
1541 1398 1746 1454 votum,
1771 1386 1968 1447 reditus
1996 1388 2137 1461 ejus-

603 1499 721 1552 dem
748 1494 936 1566 adepta
956 1490 1174 1547 victoria
1191 1529 1208 1556 ,
1234 1497 1281 1542 et
1302 1487 1430 1558 ﬁlia
1458 1501 1709 1547 occursus
1739 1490 2094 1542 memorantur
2116 1493 2137 1535 :

604 1592 661 1644 in
688 1604 786 1658 quo
814 1585 910 1641 etsi
947 1584 1144 1654 factum
1181 1580 1537 1635 damnandum
1556 1620 1571 1645 ,
1597 1579 1652 1632 in
1679 1577 1927 1632 solvendo
1965 1584 2136 1627 tamen

611 1694 727 1740 voto
755 1682 885 1751 fides
934 1694 1039 1733 non
1079 1673 1444 1747 improbanda.
1478 1670 1584 1727 Cur
1607 1671 1746 1728 Deus
1773 1686 1893 1727 cum
1915 1668 2139 1725 Abrahae

598 1774 916 1845 sacriﬁcium
963 1769 1346 1843 prohibuisset,
1386 1764 1614 1838 Jephtlte
1650 1761 1991 1839 parricidium
2035 1775 2137 1814 non

606 1866 920 1941 impedierit,
949 1863 1271 1935 disputatur.

605 2004 662 2059 5.
690 2000 925 2071 Jephthe
964 1997 1131 2069 judex
1171 1994 1485 2051 Judteorum
1540 1991 1663 2047 fuit.
1693 1991 1744 2046 Is
1777 1997 1979 2055 eventu
2008 1987 2138 2051 belli

524 2097 870 2155 conﬂictatus
914 2093 1204 2161 ambiguo,
1256 2099 1283 2126 ιι
1323 2088 1749 2160 ριίιξιίοτιιπιίιιιο
1792 2085 2000 2140 veritus
2053 2082 2138 2137 in-

529 2202 713 2257 certa,
748 2200 929 2245 votum
982 2186 1130 2242 vovit
1172 2181 1483 2254 lutjusmodi
1526 2180 1729 2254 (ludis.
1764 2195 1841 2246 χι,
1887 2176 1980 2243 50,
2011 2174 2131 2247 51),

527 2288 573 2345 si
595 2282 937 2342 adversarios
966 2280 1290 2351 depulisset,
1324 2285 1382 2334 ut
1412 2273 1676 2347 quidquid
1707 2273 1756 2329 ei
1789 2271 2025 2347 primum
2052 2269 2137 2325 in-

533 2387 614 2439 tra
641 2376 671 2416 ι)
698 2376 894 2435 domus
949 2388 1062 2428 sua:
1108 2371 1274 2427 limen
1323 2367 1691 2430 occurrisset,
1745 2363 1981 2425 bestiam
2028 2361 2135 2416 im-

528 2472 763 2533 molaret
788 2470 921 2534 Deo,
956 2481 1182 2527 suorum
1226 2461 1449 2535 praesuli
1491 2458 1916 2529 triumphorum.
1950 2458 2137 2525 itaque

528 2564 673 2623 bello
704 2563 909 2630 potitus
935 2599 951 2625 ,
974 2558 1217 2629 fusisque
1247 2554 1532 2619 hostibus,
1566 2551 1790 2609 domum
1823 2548 2012 2613 rediit,
2044 2547 2135 2603 cui

525 2656 579 2710 in
604 2655 723 2724 ipso
755 2649 1028 2706 vestibulo
1061 2649 1172 2703 ﬁlia
1203 2660 1413 2702 memor
1455 2643 1692 2721 pietatis,
1740 2641 1926 2717 ignara
1978 2640 2132 2697 obla-

533 2746 699 2805 tionis
728 2742 993 2801 occurrit.
1022 2740 1131 2799 Sed
1173 2736 1494 2797 recordatus
1536 2735 1683 2789 illico
1713 2742 1886 2807 pater,
1919 2740 1975 2797 et
2006 2747 2134 2807 pro-

529 2840 661 2909 pria:
682 2833 997 2907 sponsionis
1015 2830 1350 2893 admonitus,
1378 2826 1643 2898 ingemuit
1666 2825 1913 2883 solvendi
1941 2839 2135 2889 mune-

530 2932 607 2987 ris
636 2927 1016 3003 sponsionem.
1034 2922 1151 2978 Heu
1176 2938 1278 2987 me,
1316 2919 1512 2991 inquit,
1543 2917 1679 2989 ﬁlia,
1708 2917 1981 2988 perdidisti
2007 2933 2131 2982 me;

2247 312 2512 371 bendam:
2544 312 2729 369 oﬂ'erri
2751 327 2783 366 a
2814 311 3131 383 parentibus
3154 310 3264 365 Deo
3289 308 3493 366 debere
3526 310 3661 364 ﬁlios
3684 353 3697 375 ,
3729 326 3824 366 non

2246 403 2447 460 debere
2463 403 2725 475 iugulari.
2757 403 2920 459 Certe
2942 417 3067 459 cum
3087 401 3173 457 hic
3194 400 3305 455 ﬁlia
3332 410 3442 459 tam
3470 400 3699 456 sollicita
3722 400 3828 458 fue-

2246 496 2319 551 rit
2346 496 2415 552 de
2450 497 2620 567 patris
2647 506 2796 565 voto,
2825 510 2924 551 cur
2953 505 3106 567 pater
3141 510 3247 551 non
3277 494 3607 549 dubitaverit
3628 495 3693 549 de
3713 493 3825 551 ﬁlia:

2247 588 2577 660 parricidio:
2626 600 2681 645 et
2719 604 2842 645 cum
2887 589 2979 643 illa
3025 598 3312 661 paternum
3356 590 3562 644 caverit
3618 589 3826 667 menda-

2244 683 2411 750 cium,
2442 683 2547 738 iste
2577 682 2701 739 ﬁliae
2734 697 2841 739 non
2868 684 3075 740 caverit
3100 682 3379 741 interitum
3404 681 3428 734 ?

2315 777 2368 830 8.
2402 777 2559 833 Dicet
2601 777 2836 849 aliquis:
2863 778 2980 853 Qua
3013 775 3223 833 ratione
3253 778 3365 832 illic
3391 776 3539 833 Deus
3569 791 3674 851 non
3714 792 3827 849 per—

2244 872 2455 927 miserit
2496 871 2850 945 parricidium
2906 872 3021 928 ﬁeri
3049 914 3064 939 ,
3109 871 3198 927 hic
3235 871 3306 927 sit
3355 887 3546 942 passus
3582 871 3826 942 impleri?

2242 963 2512 1039 Numquid
2557 975 2817 1037 acceptor
2848 980 3213 1039 personarum
3264 965 3452 1022 Deus?
3480 965 3645 1043 216
3680 964 3787 1020 Non
3809 1007 3822 1032 ,

2240 1059 2337 1115 sed
2381 1059 2706 1114 meritorum
2748 1069 2910 1131 atque
2953 1059 3237 1113 virtutum.
3269 1059 3431 1114 Certe
3481 1058 3610 1114 dum
3659 1057 3828 1115 consi-

2241 1150 2374 1206 lium
2403 1158 2549 1206 esset
2578 1149 2913 1220 ambiguum,
2944 1150 3143 1220 signari
3166 1150 3352 1206 debuit
3379 1151 3606 1206 oraculo
3634 1149 3755 1221 quid
3777 1160 3829 1206 et

2238 1243 2305 1298 ad
2338 1257 2580 1313 prtesens
2607 1241 2834 1309 factum,
2877 1252 2931 1299 et
2969 1245 3023 1298 in
3055 1244 3273 1314 reliquo
3297 1245 3620 1300 conveniret
3646 1258 3825 1299 exem-

2242 1336 2410 1404 plum.
2434 1334 2538 1399 Ubi
2568 1350 2697 1403 vero
2728 1335 2840 1411 jam
2866 1336 3237 1407 praecessisset
3262 1337 3597 1408 exemplum,
3646 1352 3827 1394 neces-

2240 1428 2445 1491 sarium
2474 1445 2581 1489 non
2602 1428 2869 1500 judicavit
2901 1431 3216 1497 oraculum;
3239 1447 3362 1486 cum
3388 1432 3512 1489 facti
3546 1419 3717 1488 forma
3741 1449 3828 1490 ve-

2242 1520 2373 1575 teris
2393 1519 2522 1590 quid
2548 1519 2668 1576 ﬁeri
2697 1532 2999 1592 oporteret,
3035 1522 3293 1579 ostendit.

2167 1609 2217 1673 B
2312 1613 2365 1669 9.
2397 1614 2506 1675 Aut
2548 1614 2781 1671 fortasse
2807 1616 2932 1685 quia
2981 1631 3088 1670 non
3139 1632 3243 1670 una
3285 1615 3460 1671 forma
3494 1617 3826 1687 meritorum,

2240 1707 2364 1763 ideo
2410 1722 2520 1763 nou
2548 1723 2653 1763 una
2695 1708 2869 1764 forma
2915 1708 3202 1766 factorum.
3236 1710 3398 1767 Pater
3437 1710 3647 1780 doluit,
3688 1712 3826 1768 ﬁevit

2240 1800 2383 1859 ﬁlia:
2430 1811 2661 1873 uterque
2700 1802 2770 1858 de
2824 1803 2920 1867 Dei
2971 1804 3325 1860 miseratione
3371 1804 3665 1861 dubitavit.
3718 1806 3827 1861 Non

2240 1892 2414 1949 doluit
2439 1893 2740 1962 Abraham,
2793 1911 2896 1952 nec
2938 1897 3211 1953 consuluit
3259 1901 3508 1969 parentis
3556 1900 3833 1956 affectum;

2243 1988 2346 2045 Ubi
2384 1988 2597 2049 audivit
2621 1988 2923 2046 divinitatis
2953 1990 3261 2058 oraculum,
3288 2006 3396 2046 non
3417 1991 3637 2047 distulit
3667 1994 3831 2048 sacri-

2241 2081 2465 2151 ﬂcium,
2527 2081 2625 2138 sed
2685 2084 2979 2139 maturavit
3022 2085 3369 2157 obsequium.
3406 2085 3524 2141 Non
3577 2086 3833 2142 dubitavit

2240 2173 2390 2230 lsaac
2436 2174 2629 2246 (Ibid,
2661 2177 2696 2232 5
2736 2190 2784 2231 et
2805 2177 2963 2249 seq.),
2994 2193 3117 2233 cum
3166 2178 3468 2249 imparibus
3517 2189 3834 2251 sequeretur

2240 2278 2450 2339 patrem
2497 2270 2782 2339 passibus:
2831 2288 2941 2331 non
2989 2272 3157 2337 ﬂevit,
3199 2288 3323 2337 cum
3368 2272 3678 2343 ligaretur:
3729 2290 3830 2329 non

2239 2360 2553 2418 dilationem
2578 2364 2846 2435 poposcit,
2879 2380 3003 2420 cum
3045 2364 3354 2420 oﬁ'erretur.
3388 2366 3458 2421 Et
3481 2367 3607 2439 ideo
3628 2367 3838 2423 miseri-

2239 2456 2423 2515 cordia
2487 2456 2708 2527 largior,
2762 2458 2853 2514 ubi
2902 2458 3039 2517 ﬁdes
3097 2463 3418 2533 promptior.
3455 2462 3526 2518 Et
3562 2464 3702 2519 bene
3729 2478 3834 2519 non

2238 2546 2389 2605 ﬂevit
2412 2548 2611 2604 factum
2633 2551 2821 2621 patris;
2840 2554 2965 2623 quia
2984 2554 3126 2609 risus
3146 2557 3434 2612 estmatris
3450 2555 3607 2629 (Gen.
3628 2574 3739 2622 ut,
3756 2558 3833 2630 6).

2238 2640 2346 2698 Pro
2367 2659 2475 2713 qua
2508 2644 2817 2700 devotionis
2856 2647 3222 2705 exsultatione
3267 2650 3385 2704 ovis
3437 2666 3532 2720 pro
3566 2652 3660 2707 illo
3684 2652 3837 2721 jussa

2237 2745 2323 2791 est
2350 2737 2643 2806 immolari,
2691 2738 2815 2809 quia
2843 2754 2903 2795 se
2944 2740 3062 2813 ipse
3101 2757 3208 2798 non
3235 2741 3519 2799 distulerat
3549 2744 3840 2799 immolan-

2236 2826 2362 2882 dum
2391 2845 2404 2881 :
2440 2844 2539 2885 nec
2563 2829 2631 2885 de
2661 2830 2753 2886 Dei
2780 2832 3135 2891 miseratione
3171 2834 3477 2915 ambiguus,
3508 2852 3612 2897 nec
3639 2836 3711 2892 de
3757 2834 3835 2892 sui

2237 2921 2529 2978 devotione
2576 2923 2863 2980 sollicitus.
2891 2926 3063 2983 Nemo
3108 2927 3274 2997 igitur
3315 2930 3574 2987 inventus
3613 2941 3720 3004 est,
3752 2929 3838 3001 qui

527 3038 621 3098 ego
642 2998 974 3088 cuimaperui
1004 3032 1061 3072 os
1087 3031 1257 3070 meum
1274 3014 1337 3068 de
1355 3023 1403 3068 te
1423 3010 1492 3066 ad
1519 3009 1976 3077 Dominum.Tum
2004 3008 2128 3075 illa:
2160 2998 2208 3063 C
2244 3026 2350 3067 tam
2408 3022 2694 3070 cruentum
2743 3016 2913 3086 patris
2968 3029 3254 3076 revocaret
3306 3020 3563 3077 aﬁ'ectum
3596 3039 3612 3089 ;
3655 3000 3683 3058 δ
3719 2998 3836 3094 quia

530 3115 576 3172 0
617 3124 783 3186 pater,
814 3113 861 3173 si
887 3112 943 3167 in
967 3126 1048 3165 me
1071 3107 1322 3180 aperuisti
1349 3122 1406 3160 os
1444 3114 1587 3160 tuum
1616 3102 1685 3157 ad
1714 3101 2019 3170 Dominum,
2047 3102 2136 3173 [ac

526 3208 653 3265 mihi
679 3206 753 3261 ita
774 3212 829 3260 ut
848 3203 1005 3259 exivit
1027 3202 1089 3261 de
1119 3216 1207 3263 ore
1237 3208 1324 3259 tuo
1349 3195 1539 3270 (Ibid.,
1562 3196 1634 3253 '55
1651 3204 1698 3250 et
1719 3195 1874 3267 seq).
1890 3194 2133 3253 Duorum

522 3310 703 3356 tamen
729 3305 939 3361 tantum
963 3294 1232 3353 mensium
1255 3289 1506 3353 inducias
1537 3288 1854 3361 postulavit,
1882 3286 2058 3345 donec
2076 3287 2131 3343 in

525 3399 768 3449 montem
796 3387 1142 3454 ascenderet,
1174 3394 1229 3443 et
1258 3398 1424 3455 super
1454 3380 1825 3453 virginitatem
1854 3394 2008 3435 suam
2035 3378 2133 3435 ﬂe-

525 3492 626 3540 ret.
657 3481 864 3538 Deinde
892 3479 1108 3534 duobus
1146 3484 1274 3548 post
1300 3475 1509 3531 creetis
1533 3474 1837 3540 mensibus,
1866 3472 2131 3533 remeavit

524 3576 591 3635 ad
643 3587 875 3648 patrem.
914 3571 1109 3627 Votum
1154 3568 1250 3623 ille
1277 3566 1572 3639 complevit
1600 3582 1616 3632 ;
1642 3565 1725 3627 his
1765 3565 1909 3622 enim
1944 3566 2127 3625 verbis

526 3667 786 3727 utendum
844 3662 1205 3736 est,quando
1255 3660 1543 3733 Scriptura
1593 3658 1777 3721 divina
1821 3670 1842 3697 ε
1875 3657 2127 3717 eifectum

526 3764 606 3821 rei
632 3779 741 3823 non
778 3759 1037 3830 prodidit,
1069 3755 1169 3812 sed
1199 3754 1398 3824 refugit
1419 3752 1695 3824 parricidii
1729 3753 2087 3815 mentionem.

597 3856 652 3913 6.
683 3853 823 3929 Quid
851 3851 1057 3932 igitur?
1087 3850 1202 3911 Hoc
1233 3845 1573 3920 probamus?
1614 3846 1835 3903 Minime
1855 3846 2120 3919 gentium.

520 3949 627 4009 Sed
668 3957 851 4005 tamen
881 3945 985 4002 etsi
1035 3941 1389 4015 parricidium
1442 3956 1551 4005 non
1604 3939 1778 4013 probo
1808 3981 1825 4008 ,
1897 3939 2126 3995 adverto

522 4037 942 4114 praevaricandae
973 4046 1175 4097 metum
1208 4043 1265 4099 et
1294 4032 1642 4089 formidinem
1669 4032 2003 4102 sponsionis.
2029 4033 2127 4088 De~

521 4137 689 4210 nique
713 4134 780 4190 ad
806 4129 1082 4187 Abraham
1111 4127 1319 4185 dictum
1349 4135 1431 4189 est
1463 4143 1475 4178 :
1510 4122 1667 4185 Nunc
1693 4125 1799 4181 scio
1831 4126 1954 4196 quia
1979 4141 2124 4180 amas

522 4231 811 4291 Dominum
836 4225 1007 4283 Deum
1048 4233 1196 4279 tuum
1246 4236 1267 4286 ,'
1312 4221 1435 4290 quia
1486 4234 1589 4272 non
1646 4220 1920 4290 pepercisti
1969 4221 2123 4276 unico

520 4327 632 4399 ﬁlio
663 4334 753 4380 tuo
778 4318 945 4395 (Gen.
974 4331 1108 4383 nu,
1143 4314 1257 4387 12).
1296 4313 1472 4371 Habes
1517 4312 1682 4385 igitur
1707 4312 1988 4380 indicium,
2015 4329 2124 4386 quo

2238 3106 2420 3163 otimis
2443 3109 2704 3179 promissi
2729 3112 2975 3168 muneris
3001 3114 3368 3177 conveniebat
3392 3116 3664 3175 ofﬁcium.

2868 3248 3099 3306 CAPUT
3140 3249 3227 3306 Ill.

2242 3358 2469 3417 Miratur
2515 3372 2724 3419 sanctus
2763 3364 2839 3419 vir
2899 3366 3037 3439 quod
3066 3384 3185 3422 cum
3232 3367 3457 3439 Jephthe
3496 3372 3840 3449 parricidium

2311 3469 2457 3509 nemo
2521 3455 2872 3525 prohibuerit,
2924 3459 3084 3531 aliqui
3131 3461 3439 3532 virginitatis
3505 3476 3690 3529 votum
3743 3465 3842 3521 im-

2308 3545 2441 3615 pleri
2490 3548 2837 3617 prohibeant;
2887 3552 3009 3623 quin
3054 3554 3209 3607 etiam
3262 3555 3477 3627 ipsemet
3537 3568 3842 3625 accusetur,

2309 3640 2447 3706 quod
2491 3656 2554 3694 ne
2590 3643 2735 3715 uirga
2761 3659 2910 3699 sacra
2929 3645 3177 3714 .nuberet,
3210 3649 3440 3709 vetuerit.
3474 3648 3549 3709 Id
3580 3652 3740 3723 ofﬁcii
3767 3649 3841 3713 sui

2310 3732 2472 3801 fuisse
2519 3750 2621 3789 non
2668 3743 2873 3791 tantum
2920 3736 3171 3805 Baptista:
3201 3741 3433 3813 exemplo
3471 3755 3522 3799 et
3555 3745 3845 3815 Scriptum

2308 3828 2611 3896 prteceptis,
2644 3830 2737 3883 sed
2776 3833 2933 3887 etiam
2961 3833 3088 3903 ipsis
3116 3836 3388 3908 gentilium
3436 3838 3698 3899 institutis
3728 3854 3844 3911 pro-

2307 3918 2390 3973 bat
2418 3934 2436 3974 :
2481 3936 2542 3977 ac
2595 3922 2800 3977 demum
2826 3924 3085 3993 praedicat
3116 3942 3179 3989 ea;
3208 3944 3265 3982 eo
3303 3930 3685 4003 virginitatem,
3711 3932 3845 4009 quod

2308 4015 2529 4088 virgines
2550 4027 2895 4093 resurgentem
2918 4017 3183 4079 Christum
3204 4024 3386 4093 prima:
3407 4027 3666 4089 uiderint.

2292 4128 2380 4185 10.
2404 4130 2746 4187 Sacriﬁcium
2760 4131 2945 4204 itaque
2962 4134 3243 4206 sanguinis
3260 4136 3664 4207 immulstur,et
3682 4152 3838 4197 nemo

2234 4232 2321 4280 est
2348 4225 2439 4295 qui
2460 4225 2708 4283 resistat:
2734 4228 3061 4285 sacriﬁcium
3090 4232 3358 4289 castitatis
3386 4232 3648 4303 offertur,
3673 4243 3734 4291 et
3753 4229 3843 4304 qui

2233 4317 2558 4386 prohibeat,
2588 4322 2612 4349 '
2634 4320 2930 4377 invenitur.
2972 4322 3135 4380 Pater
3174 4326 3526 4395 parricidium
3562 4326 3839 4398 promisit,

518 4393 747 4481 docetur
790 4393 1273 4489 iprmvaricandum
1317 4422 1525 4471 temere
1567 4427 1676 4468 non
1723 4426 1846 4473 esse
1891 4415 2124 4483 promis-

2251 4422 2289 4466 tt
2315 4410 2585 4468 solvitur:
2632 4423 2788 4482 pater
2817 4393 3187 4486 integritatem
3241 4416 3367 4473 ﬁlia:
3400 4393 3580 4488 vovit,
3631 4432 3692 4477 et
3738 4428 3847 4476 tam

513 4530 657 4577 sum.
680 4511 881 4573 Verum
911 4510 1025 4565 Deo
1053 4503 1412 4583 parricidium
1450 4519 1565 4561 non
1597 4504 1815 4574 probari
1842 4505 1897 4562 in
1928 4506 2119 4569 eadem

513 4606 780 4671 asset-itur
826 4601 1103 4665 lectione;
1157 4612 1284 4665 cum
1335 4611 1435 4668 pro
1493 4595 1609 4653 ﬁlio
1663 4597 1782 4655 ovis
1836 4598 2124 4670 subjicitur

515 4697 846 4770 (Ibid..13),
879 4704 937 4759 ut
959 4694 1073 4763 ipsa
1096 4691 1279 4763 potius
1308 4703 1469 4761 quam
1505 4681 1655 4745 ﬁlius
1687 4688 1968 4749 feriretur.

588 4791 639 4847 7.
676 4787 876 4851 Habuit
920 4784 1083 4861 igitur
1109 4779 1344 4854 Jeplttbe
1387 4780 1535 4851 quod
1578 4791 1903 4857 sequeretur
1929 4797 2122 4841 exem-

520 4884 707 4963 plum,
771 4879 895 4953 quia
950 4875 1211 4932 Dominus
1264 4873 1533 4947 sanguine
1583 4890 1695 4935 non
1746 4875 2118 4937 delectaretur

519 4981 776 5036 humano.
804 4974 863 5029 lu
891 4987 998 5027 uno
1026 4969 1172 5025 enim
1194 4968 1419 5024 oraculo
1449 4966 1516 5022 ad
1546 4967 1836 5039 Abraham.
1864 4978 2117 5041 prompto

585 5117 769 5175 ‘Cod.
802 5116 944 5172 bene
990 5112 1166 5177 multi,
1219 5110 1523 5179 plerumque
1572 5111 1733 5165 uirtus
1777 5112 1971 5169 incerta
2021 5133 2109 5173 υο-

507 5204 638 5256 tum.
663 5202 794 5254 etc.;
827 5188 922 5242 sed
956 5185 1045 5239 alii
1076 5192 1241 5256 atque
1269 5182 1401 5236 edit.
1431 5180 1709 5256 melius_ut
1743 5182 1795 5237 in
1826 5196 2111 5243 contextu.

580 5264 611 5307 δ
629 5253 890 5315 Nonnulli
924 5273 1082 5323 mss.,
1108 5254 1298 5309 domus
1316 5268 1427 5309 suae
1443 5253 1752 5311 occurrisset
1780 5257 1990 5322 ostium,
2012 5258 2113 5312 im-

512 5334 726 5389 malent
746 5329 878 5386 Deo.

581 5417 604 5445 ο
636 5403 831 5459 Plures
867 5414 1003 5456 mss.
1036 5396 1278 5465 eﬂ'ectum
1336 5396 1413 5451 rei
1460 5409 1560 5449 non
1593 5395 1938 5465 prodidisset,
1990 5417 2108 5470 qua

505 5478 1015 5605 "(iubiiuiig'oem
1038 5537 1161 5605 quia
1183 5536 1350 5591 omnis
1381 5537 1656 5607 promissio
1701 5539 1928 5599 sum
1969 5559 2097 5597 οοη.

502 5613 730 5668 veniebat
756 5611 930 5680 ofﬁcio
956 5624 974 5664 :
1002 5608 1183 5679 plures
1214 5623 1376 5676 mss.,
1403 5608 1527 5679 quia
1553 5607 1623 5663 ad
1646 5623 1823 5665 omnes
1847 5615 2098 5683 promissi

2233 4507 2340 4577 pia:
2388 4506 2680 4563 oblationis
2736 4507 3008 4566 invidetur
3056 4510 3441 4569 sﬂ'cctus.lllic
3484 4514 3605 4570 ﬁlia
3655 4514 3850 4570 dolens

2236 4601 2558 4671 sanguinem
2594 4617 2755 4659 suum
2802 4603 2998 4660 obtulit
3035 4621 3135 4675 pro
3163 4606 3338 4677 patria
3377 4608 3727 4678 sponsione:
3764 4608 3850 4664 hic

2239 4702 2348 4749 tam
2388 4695 2536 4764 pium
2569 4696 2897 4765 promissum
2929 4712 3031 4757 nec
3057 4698 3410 4759 hereditario
3449 4717 3716 4771 munere,
3749 4716 3850 4765 nuc

2237 4788 2454 4857 prepria
2478 4786 2710 4843 solvitur
2740 4788 3035 4847 voluntate.

2306 4884 2396 4938 11.
2426 4882 2545 4951 Quo
2576 4884 2629 4939 in
2677 4884 2898 4954 negotio
2946 4885 3115 4941 etiam
3170 4901 3272 4942 nos
3315 4901 3585 4944 vocamur
3645 4889 3706 4946 iu
3735 4889 3849 4946 cul-

2232 4991 2378 5046 pam.
2417 4976 2589 5044 Quam
2660 4976 2917 5032 tandem?
2973 4977 3108 5046 Quia
3174 4978 3389 5050 nuptias
3447 4980 3845 5050 prohibuimus

2226 5119 2460 5192 muneris
2503 5116 2845 5192 conueniebat
2890 5118 3171 5192 ofﬁcium;
3221 5118 3333 5192 alii,
3361 5120 3539 5192 magis
3570 5137 3843 5192 congrue,

2230 5191 2353 5265 quia
2375 5189 2541 5265 cumis
2571 5189 2924 5265 promissi...
2959 5190 3239 5265 ofﬁcium;
3285 5190 3377 5245 ubi
3422 5189 3541 5265 vox
3607 5189 3850 5265 cilicium

2228 5261 2373 5315 idem
2405 5259 2675 5329 signiﬁcat
2706 5268 2868 5327 atque
2897 5260 3101 5314 solutio
3127 5261 3243 5315 sive
3269 5264 3529 5329 promissi
3556 5259 3845 5323 executio.

2301 5341 2324 5369 ι’
2354 5329 2579 5400 Negatio
2603 5340 2846 5385 nonante
2869 5331 3036 5386 verba
3060 5331 3337 5397 invenitur,
3376 5341 3428 5387 et
3458 5335 3760 5401 invidetur.
3793 5336 3845 5390 ia

2218 5401 2353 5457 edit.
2384 5402 2635 5455 omnibus
2658 5416 2939 5470 perperam
2961 5401 3263 5470 legebatur,
3285 5419 3445 5470 quam
3473 5422 3586 5462 nos
3609 5426 3679 5465 cx
3710 5423 3844 5465 mss.

2215 5472 2461 5527 omnium
2482 5471 2589 5526 ﬁde
2608 5473 2949 5526 sustulimus.
2972 5472 3174 5526 lterum
3202 5484 3384 5528 autem
3411 5474 3526 5530 hoc
3547 5478 3685 5534 loco
3708 5493 3838 5535 mss.

2216 5544 2488 5624 nonnulli.)
2509 5541 2577 5597 ab
2597 5542 2719 5624 aliis
2741 5542 2961 5624 abeunt,
2988 5541 3131 5624 quod
3157 5559 3288 5624 pro.
3298 5554 3451 5624 pater
3475 5548 3844 5624 integritate.

2212 5616 2338 5684 ﬁlia:
2360 5615 2512 5681 vovit,
2548 5611 2833 5681 exhibent,
2856 5613 3202 5685 integritatem
3233 5611 3346 5670 filia
3376 5617 3550 5673 navit.
