3974 6186
1405 155 1491 211 DE
1535 155 1983 223 VIRGINITATE
2011 156 2224 219 LIBER
2259 159 2464 218 UNUS.

3490 167 3597 224 2ἷο

272 273 533 331 illicitas?
550 272 777 333 Vocem
794 289 927 347 ergo
947 274 1000 331 in
1021 275 1275 333 eamdem
1299 273 1517 346 culpam
1537 274 1703 332 etiam
1724 274 1890 331 Joan-
1915 277 1964 339 Δ
1996 286 2409 335 monumentum
2439 276 2702 337 Dominus
2729 292 2836 345 non
2860 278 3130 349 quaesivit.
3159 278 3402 343 Habeant
3425 287 3605 336 tumu—

275 382 403 423 nem
439 367 773 437 Baptistam.
826 367 897 424 Et
937 382 1061 425 cum
1101 368 1249 425 aliud
1300 368 1438 424 nihil
1494 368 1637 425 torte
1685 368 1888 426 habea-

276 474 398 514 mus
425 460 575 529 quod
599 460 868 529 probetur
887 461 941 515 in
972 461 1153 528 nobis,
1174 460 1471 518 hocsolum
1491 460 1888 518 condemnetur

274 552 329 609 in
357 553 550 619 nobis,
583 554 734 623 quod
782 555 1066 624 probatum
1096 564 1182 612 est
1225 556 1281 611 in
1331 554 1620 626 propheta.
1651 555 1737 611 An
1761 572 1889 612 eru-

273 647 619 704 bescendum
642 648 977 718 protulimus
1012 652 1338 706 auctorem?
1381 650 1554 719 Quam
1598 666 1726 707 vero
1761 666 1888 707 cau-

274 754 395 795 sam
447 740 620 795 aliam
667 740 857 796 habuit
902 741 996 797 ille
1044 741 1341 814 martyrii,
1394 744 1624 814 repetite
1682 743 1884 799 animo.

274 832 455 889 Causa
513 834 664 890 illius
712 836 984 903 passionis
1023 845 1177 893 certe
1213 836 1331 893 haec
1376 836 1481 892 fuit
1512 857 1527 892 :
1562 837 1686 892 Non
1733 838 1887 905 licet,

273 925 492 995 inquit,
539 925 635 979 tibi
683 942 799 982 eant
832 943 1048 983 uxorem
1087 929 1274 987 habere
1296 928 1515 1003 (Matth.
1558 946 1669 996 nv,
1708 930 1788 1001 4).
1834 929 1891 987 Si

273 1018 379 1074 hoc
426 1018 495 1073 de
538 1034 718 1075 uxore
763 1020 1041 1086 hominis,
1091 1030 1298 1092 quanto
1343 1023 1516 1092 magis
1564 1022 1633 1077 de
1686 1023 1892 1093 virgine

271 1112 633 1167 consecrata!
683 1110 740 1168 Si
788 1112 895 1168 hoc
931 1114 1046 1183 regi
1094 1113 1299 1169 dictum
1328 1123 1431 1179 est,
1477 1124 1681 1185 quanto
1720 1116 1892 1187 magis

272 1207 571 1264 dicendum
615 1209 885 1278 privatis!
930 1208 1145 1265 Gratias
1200 1210 1385 1282 itaque
1404 1208 1700 1276 divinitati,
1744 1210 1892 1278 quod

274 1298 369 1357 hic
422 1301 607 1356 nullus
649 1301 923 1370 Herodes,
962 1312 1128 1373 atque
1151 1303 1359 1360 utinam
1403 1304 1548 1359 nulla
1577 1303 1886 1359 Herodias!

351 1397 520 1469 ξιτ
556 1395 646 1451 η.
663 1396 781 1452 Non
811 1397 962 1453 licuit
982 1411 1117 1467 ergo
1131 1413 1230 1469 pro
1248 1396 1562 1469 virginitate
1578 1412 1887 1454 sermonem

272 1489 501 1545 dicere?
541 1488 609 1544 Et
636 1504 736 1545 cur
771 1491 1037 1559 scriptum
1077 1499 1202 1545 est:
1236 1488 1491 1545 Judicate
1518 1491 1804 1563 pupillum,
1847 1501 1895 1547 et

262 1581 564 1657 justiﬁeate
599 1581 809 1635 viduam
840 1579 1014 1651 (Esai.
1036 1598 1074 1647 t,
1100 1580 1231 1653 l7)?
1268 1582 1336 1637 Et
1357 1598 1454 1639 cur
1482 1584 1745 1653 scriptum
1779 1592 1889 1639 est:

1987 368 2122 437 lum,
2152 370 2242 439 qui
2271 370 2375 426 sub
2420 370 2541 440 lege
2590 379 2721 425 sunt
2749 370 2944 425 mortis
2975 387 2988 422 :
3020 370 3195 426 victor
3218 371 3410 427 mortis
3438 386 3597 427 suum

1993 461 2258 516 tumulum
2309 478 2419 517 non
2468 460 2746 529 habebat;
2797 478 2904 517 non
2958 463 3102 518 enim
3149 463 3241 520 ille
3287 464 3594 534 sepulcrum

1989 556 2180 610 mortis
2203 554 2577 621 desiderabat,
2609 554 2703 628 qui
2732 556 2800 611 de
2827 566 3006 612 morte
3032 555 3274 628 trophrea
3304 558 3593 615 referebat.

1990 646 2139 704 Vidit
2185 663 2316 720 ergo
2341 648 2508 704 Maria
2536 650 2998 706 resurrectionem
3035 650 3249 707 Domini
3278 671 3291 707 :
3338 661 3395 708 et
3426 653 3598 723 prima

1988 742 2155 810 vidit,
2176 752 2231 799 et
2252 743 2507 799 credidit.
2537 743 2688 801 Vidit
2715 754 2771 801 et
2800 744 2966 802 Maria
2988 744 3327 818 Magdalena,
3363 758 3385 787 ο
3410 763 3602 819 quam-

1992 837 2077 895 vis
2107 836 2288 897 adbuc
2317 836 2421 894 ista
2452 845 2691 897 nutaret.

2634 993 2868 1052 CAPUT
2906 996 2995 1053 IV.

1997 1125 2325 1198 Magdaleme
2375 1129 2659 1189 dubitantis
2709 1135 2981 1189 Occasione
3033 1135 3261 1207 virgines
3313 1137 3381 1190 ad
3450 1136 3607 1206 ﬁdem

2066 1220 2365 1277 cohortatur
2387 1239 2407 1278 :
2463 1233 2511 1278 et
2549 1241 2666 1295 qua
2698 1226 2762 1281 de
2789 1224 2985 1282 Christi
3033 1244 3152 1287 cum
3184 1229 3300 1300 ipsa
3343 1229 3605 1302 colloquio

2063 1315 2306 1387 leguntur
2360 1318 2505 1385 apud
2556 1316 2817 1375 Joannem
2869 1319 3313 1395 Ευαηθειὶδιωη,
3369 1326 3604 1395 spiritali

2066 1424 2221 1463 sensu
2243 1411 2625 1480 iucundissime
2652 1414 2928 1484 percurrit.

2069 1568 2159 1624 15.
2195 1567 2309 1623 Hoc
2340 1569 2467 1625 loco
2498 1587 2604 1627 non
2651 1571 2985 1631 mediocrem
3030 1575 3306 1635 advertite
3351 1581 3613 1651 quaestio-

270 1676 303 1707 ⁸
326 1674 509 1730 Patris
522 1675 1149 1747 orphanorum,etjudicis
1164 1677 1457 1745 viduarum(
1470 1675 1613 1731 Psal.
1632 1677 1891 1747 vau,6)?

2008 1675 2144 1727 nem,
2167 1677 2234 1717 ne
2260 1661 2514 1723 dubitare
2541 1664 2610 1721 de
2635 1669 3042 1724 resurrectione
3082 1669 3315 1739 Domini,
3344 1673 3610 1745 virgines,

268 1767 425 1840 Ergo
468 1769 813 1824 castimonia:
850 1777 906 1825 et
936 1768 1238 1842 integritati
1274 1769 1491 1826 deditas
1540 1769 1882 1837 deseremus,

268 1870 367 1917 aut
393 1861 560 1917 etiam
586 1860 1126 1917 condemnabimus?

349 1957 438 2023 13.
469 1957 540 2012 At
579 1966 735 2013 certe
782 1956 919 2027 ipsis
956 1956 1258 2028 gentilibus
1290 1956 1432 2012 inter
1462 1970 1588 2012 aras
1632 1964 1687 2012 et
1736 1956 1887 2012 focos

279 2050 622 2107 venerabilis
653 2049 796 2105 solet
825 2065 949 2106 esse
978 2051 1258 2121 virginitas
1288 2068 1300 2103 :
1335 2061 1391 2106 et
1427 2051 1482 2106 in
1512 2051 1708 2121 quibus
1737 2052 1886 2107 nulla

275 2144 601 2198 meritorum
633 2152 720 2198 est
772 2143 967 2212 pietas,
1020 2145 1164 2198 nulla
1209 2144 1409 2199 mentis
1454 2144 1782 2215 integritas;
1835 2146 1889 2200 in

276 2237 344 2294 iis
395 2246 578 2294 tamen
628 2238 809 2293 carnis
855 2237 1143 2310 virginitas
1176 2240 1527 2309 praedicatur.
1575 2240 1615 2292 A
1650 2239 1891 2309 profanis

276 2332 450 2406 igitur
487 2332 821 2388 ceremoniis
848 2334 1088 2406 virgines
1130 2351 1291 2390 nemo
1322 2334 1658 2406 prohibebit,
1690 2335 1759 2389 ab
1782 2334 1891 2389 Ec-

272 2426 446 2483 clesia
479 2427 571 2485 Dei
598 2428 885 2499 virginitas
912 2428 1190 2485 arcebitur
1214 2428 1238 2482 ?
1265 2430 1382 2486 Illic
1405 2436 1677 2499 coguntur
1700 2471 1713 2495 ,
1747 2428 1889 2500 quod

274 2536 394 2576 non
424 2519 691 2577 docentur
724 2538 739 2576 :
787 2521 877 2576 hic
905 2521 1268 2587 interdicitur,
1302 2523 1444 2594 quod
1479 2539 1587 2577 non
1630 2522 1759 2578 licet
1786 2538 1892 2577 non

277 2610 520 2666 doceri?
567 2612 685 2668 Illic
726 2613 968 2684 praemiis
1014 2627 1343 2670 revocantur
1384 2632 1411 2668 a
1443 2616 1669 2686 nuptiis,
1705 2615 1795 2671 hic
1827 2616 1895 2671 ad

276 2705 498 2775 nuptias
523 2706 953 2761 coarctabuntur
992 2706 1254 2776 injuriis?
1288 2706 1317 2746 ι»
1358 2707 1478 2763 Illic
1508 2709 1762 2763 violentia
1815 2707 1894 2771 ﬁt,

276 2806 341 2853 ut
368 2799 659 2868 capiantur
688 2817 701 2854 :
734 2798 823 2854 hic
853 2798 946 2854 ﬁet
978 2800 1257 2865 violentia,
1289 2815 1356 2856 ne
1409 2800 1768 2869 proﬁteantur
1796 2799 1820 2853 ἲ
1844 2807 1899 2854 et

276 2901 468 2962 potest
487 2907 613 2949 esse
640 2892 903 2960 patientia
932 2892 1305 2959 sacerdotum,
1352 2902 1409 2947 ut
1452 2910 1560 2949 non
1588 2893 1674 2948 vel
1722 2901 1898 2949 morte

277 2984 490 3053 oblata,
542 2986 588 3041 si
650 2985 726 3041 ita
756 3000 986 3043 necesse
1014 2998 1120 3054 est,
1184 2988 1512 3060 integritatis
1567 2987 1895 3043 sacrilicium

276 3076 636 3147 vindicetur?

357 3172 446 3229 14.
470 3171 831 3230 Considerate
859 3173 985 3244 quia
1014 3173 1253 3245 virgines
1282 3190 1390 3245 pra:
1420 3174 1684 3246 apostolis
1708 3190 1893 3230 resur-

279 3263 583 3321 rectionem
615 3267 827 3323 Domini
869 3266 1059 3323 videre
1097 3277 1433 3323 meruerunt.
1458 3268 1621 3324 Certe
1652 3268 1760 3324 hoc
1786 3268 1889 3324 do-

279 3357 397 3413 cuit
428 3356 699 3414 hodierna
748 3375 868 3433 quae
899 3359 1128 3416 decursa
1159 3369 1247 3415 est
1280 3360 1445 3418 lectio
1471 3377 1485 3427 ;
1515 3376 1636 3416 nam
1688 3377 1812 3417 cum
1836 3361 1891 3416 in

286 3467 437 3519 novo
460 3463 849 3519 monumento,
891 3456 1033 3509 sicut
1056 3453 1298 3510 Joannes
1327 3454 1485 3521 dixit,
1518 3470 1717 3524 corpus
1739 3453 1891 3524 posi-

278 3554 401 3602 tum
446 3557 594 3603 esset
644 3546 861 3603 Domini
928 3547 1101 3603 nostri
1149 3547 1279 3604 Jesu
1324 3547 1525 3602 Christi
1554 3547 1735 3618 (Joan.
1778 3563 1891 3615 XIX,

277 3637 375 3707 41,
408 3637 502 3711 42)
530 3657 544 3692 :
576 3638 631 3695 in
656 3654 757 3693 suo
782 3646 968 3695 autem
1000 3649 1380 3704 monumento,
1414 3638 1553 3693 sicut
1584 3648 1666 3694 cst
1696 3653 1894 3694 secun-

280 3731 415 3788 dum
466 3731 669 3788 librum
718 3732 1005 3804 Evangelii
1056 3731 1317 3798 Mattluei,
1366 3732 1641 3801 posuisset
1688 3730 1893 3801 Joseplt

280 3825 503 3889 Domini
549 3840 753 3897 corpus
800 3823 1016 3897 (Matth.
1051 3842 1221 3893 xxvtt,
1251 3825 1322 3881 25
1354 3836 1400 3879 rt
1442 3823 1600 3898 seq).
1633 3825 1895 3882 observa-

279 3918 413 3975 bant
446 3918 708 3995 virgines.
746 3917 893 3973 Bene
920 3928 975 3973 et
1003 3918 1289 3973 Matthteus
1314 3926 1726 3973 mmmmenttun
1757 3917 1892 3971 dixit

280 4024 487 4066 novum
515 4029 530 4077 ;
564 4026 633 4067 ne
664 4025 731 4065 ex
764 4020 1120 4066 monumento
1147 4013 1315 4066 veteri
1349 4011 1718 4066 resurrexisse
1760 4007 1894 4065 alius

280 4106 621 4163 crederetur.
662 4104 808 4160 Bene
838 4106 1001 4173 etiam
1054 4105 1353 4161 secundum
1385 4104 1640 4175 spiritum
1674 4104 1726 4159 in
1779 4120 1896 4157 mo-

283 4208 548 4267 numento
574 4197 711 4269 justi
744 4198 984 4269 positum
1008 4206 1135 4263 est;
1170 4199 1298 4271 quia
1322 4193 1572 4255 Christus
1600 4213 1627 4249 a
1664 4196 1897 4251 mortuis

283 4290 345 4344 in
375 4304 524 4345 novo
546 4290 681 4361 justi
706 4290 944 4360 resurgit
968 4288 1185 4344 affectu.
1215 4290 1365 4346 Bene
1398 4290 1563 4345 etiam
1595 4287 1895 4345 secundum

286 4380 526 4439 litteram
589 4382 832 4437 alienum
883 4390 1303 4438 monumentum
1356 4380 1501 4447 fuit;
1555 4381 1681 4451 quia
1738 4395 1898 4435 suum

1991 1751 2261 1808 debeatis.
2295 1755 2487 1812 Videte
2532 1753 2734 1827 dquod
2787 1760 3043 1815 meritum
3095 1778 3202 1816 non
3253 1763 3372 1819 Sola
3422 1763 3609 1821 carnis

1990 1845 2275 1917 virginitas
2296 1849 2449 1916 facit,
2471 1849 2567 1904 sed
2597 1853 2760 1905 etiam
2794 1854 2997 1907 utentis
3032 1854 3339 1924 integritas.
3362 1855 3614 1928 Denique

1988 1940 2153 1997 Maria
2227 1942 2541 2015 Magdalena
2595 1944 2887 2001 Dominum
2946 1948 3270 2017 prohibetur
3328 1957 3560 2022 tangere

1995 2045 2018 2073 ε
2041 2037 2167 2106 quia
2193 2036 2420 2091 nutabat
2440 2037 2604 2111 218
2630 2038 2699 2093 de
2724 2041 3154 2097 resurrectionis
3178 2040 3309 2098 ﬁde.
3334 2041 3426 2097 Illa
3455 2044 3619 2114 igitur

1992 2132 2165 2201 tangit
2192 2129 2493 2195 Christum.
2518 2149 2639 2202 qua:
2669 2131 2775 2188 ﬁde
2808 2135 3004 2206 tangit.

2068 2222 2154 2277 16.
2189 2221 2503 2296 Magdalena
2532 2234 2706 2279 autem
2746 2225 2917 2279 stabat
2947 2226 3019 2280 ad
3042 2238 3432 2284 monumentum
3480 2232 3611 2301 foris

1995 2313 2207 2382 plorans
2237 2312 2435 2387 (Joau.
2466 2331 2565 2383 xx,
2595 2314 2717 2387 11).
2742 2314 2761 2353 τ
2787 2317 2919 2383 Qua:
2951 2317 3087 2373 loris
3110 2330 3213 2387 est,
3240 2322 3445 2391 plorat;
3480 2338 3605 2378 nam

1993 2424 2117 2479 quae
2168 2410 2316 2464 intus
2352 2420 2467 2473 est.
2510 2409 2731 2481 plorare
2792 2426 2901 2467 non
2951 2412 3123 2468 novit.
3156 2412 3349 2468 Plorat
3394 2424 3607 2481 autem,

1996 2504 2118 2574 quia
2158 2518 2361 2573 corpus
2403 2518 2511 2557 non
2562 2504 2710 2558 videt
2740 2501 2988 2559 Christi:
3042 2516 3096 2562 et
3132 2506 3364 2573 periisse
3415 2515 3608 2576 putat;

1996 2598 2121 2665 quia
2170 2597 2288 2667 ipsa
2328 2611 2435 2650 non
2486 2595 2682 2651 cernit.
2716 2595 2858 2666 Ergo
2906 2594 3076 2651 Maria
3128 2595 3261 2652 foris
3295 2614 3309 2651 :
3342 2596 3441 2654 sed
3494 2615 3606 2654 non

1996 2688 2211 2757 Petrus,
2266 2705 2373 2745 non
2408 2688 2651 2745 Joannes
2694 2688 2849 2744 loris.
2897 2690 3147 2762 Denique
3192 2692 3272 2747 illi
3315 2701 3606 2751 currentes

2000 2785 2375 2851 intraverunt;
2408 2793 2463 2840 et
2493 2783 2616 2841 ideo
2645 2801 2751 2841 non
2784 2785 3162 2855 ploraverunt,
3190 2795 3244 2843 et
3267 2789 3610 2860 gratulantes

2002 2886 2366 2934 recesserunt.
2397 2876 2491 2932 llla
2513 2893 2634 2948 quae
2664 2892 2770 2933 non
2804 2876 3072 2946 introivit,
3100 2879 3270 2949 ﬂevit,
3294 2896 3399 2937 non
3431 2882 3612 2939 credi-

2002 2971 2103 3040 dit,
2122 2971 2310 3027 fraude
2332 2970 2604 3027 sublatum
2630 2971 2860 3041 putavit,
2884 2988 2985 3028 nec
3007 2987 3128 3028 cum
3154 2974 3395 3046 Angelos
3420 2990 3614 3033 cerne-

1915 3062 1965 3127 C
1994 3073 2100 3134 ret,
2117 3064 2446 3122 credendum
2471 3063 2863 3120 arbitrabatur.
2887 3064 3091 3122 Etideo
3110 3064 3602 3141 dicunteiAngeli:

2002 3158 2217 3226 Mulier,
2242 3159 2368 3232 quid
2386 3158 2595 3231 ploras?
2613 3175 2764 3230 quem
2789 3161 2981 3230 quieris
3004 3159 3054 3233 (Ι
3064 3160 3173 3216 bid.
3200 3161 3290 3233 15)
3313 3162 3336 3216 ?
3363 3161 3477 3220 Hoc
3494 3164 3606 3219 Att-

1989 3258 2097 3327 gcli
2124 3256 2339 3322 dicunt,
2373 3266 2429 3312 et
2458 3256 2725 3311 Dominus
2756 3266 2945 3326 postea
2986 3256 3180 3314 iisdem
3212 3258 3392 3315 verbis
3440 3273 3602 3330 repe-

1996 3350 2149 3417 tivit;
2180 3358 2241 3406 ttt
2268 3350 2456 3407 sciatis
2485 3350 2608 3421 quia
2634 3350 2956 3422 angelorum
2998 3352 3165 3410 verba
3206 3352 3473 3411 mandata
3494 3353 3606 3411 sint

1999 3444 2237 3501 Domini.

2072 3540 2157 3593 l7.
2194 3538 2435 3608 Denique
2464 3537 2679 3606 eadem,
2706 3549 2767 3594 ut
2792 3538 2930 3606 dixi,
2951 3539 3117 3595 etiant
3142 3541 3408 3599 Dominus
3430 3544 3600 3600 verba

1997 3631 2251 3705 repetivit
2292 3631 2514 3687 dicens:
2551 3629 2767 3698 Mulier,
2799 3632 2924 3700 quid
2945 3630 3123 3702 ploras
3151 3634 3177 3686 ?
3204 3650 3351 3703 quem
3372 3636 3606 3703 quieris?

1995 3727 2125 3793 Qua:
2168 3739 2274 3780 non
2302 3724 2573 3789 credidit,
2623 3724 2819 3778 mulier
2860 3733 2975 3788 est;
3020 3741 3146 3778 nam
3181 3725 3276 3795 qui
3305 3727 3516 3796 credit,
3549 3730 3604 3784 in

1998 3820 2171 3875 virum
2205 3818 2504 3889 perfectum
2547 3818 2805 3887 resurgit,
2836 3818 2889 3872 in
2919 3833 3231 3872 mensuram
3263 3820 3439 3875 (etatis
3480 3822 3602 3891 ple-

1996 3911 2259 3971 nitudinis
2300 3909 2507 3965 Christi
2555 3907 2795 3981 (Ephes.
2850 3924 2926 3974 tv,
2967 3910 3033 3964 i5
3058 3909 3098 3979 ).
3134 3908 3358 3982 Mulier,
3395 3914 3599 3985 inquit:

1998 4018 2106 4059 non
2136 4002 2204 4057 de
2228 4017 2383 4066 sexu,
2418 3999 2514 4055 sed
2550 3998 2627 4054 'de
2667 3998 3023 4054 cunctatione
3064 4004 3368 4059 convicium
3398 4014 3504 4061 est.
3539 4008 3607 4063 Et

1998 4096 2135 4153 bene
2168 4095 2382 4157 mulier,
2409 4102 2433 4140 ε
2459 4108 2580 4163 qua:
2607 4090 2862 4157 nutabat;
2892 4092 3014 4162 quia
3034 4091 3147 4162 jam
3172 4094 3323 4165 virgo
3350 4097 3596 4153 credide-

1995 4197 2099 4245 rat.
2135 4188 2272 4257 Quid
2294 4189 2510 4257 ploras?
2539 4185 2643 4242 hoc
2668 4194 2748 4240 est
2776 4202 2788 4238 :
2821 4184 2901 4240 Tu
2927 4186 3018 4241 tibi
3043 4201 3103 4245 es
3125 4202 3286 4244 causa
3317 4190 3592 4260 plnrandi,

1999 4294 2053 4340 tu
2104 4282 2204 4339 tibi
2243 4293 2434 4338 auctor
2464 4296 2524 4336 es
2553 4279 2742 4344 ﬂendi,
2777 4296 2899 4350 qua:
2949 4295 3010 4336 es
3045 4278 3251 4338 Christi
3282 4283 3587 4339 incredula.

2004 4375 2194 4432 Ploras
2224 4417 2237 4443 ,
2268 4374 2393 4446 quia
2424 4389 2533 4429 non
2556 4372 2711 4429 vides
2732 4371 3007 4428 Christum
3034 4390 3047 4427 :
3071 4375 3257 4442 crede,
3288 4384 3341 4431 et
3362 4375 3592 4431 videbis.

363 4549 388 4577 ⁸
412 4540 672 4612 Plerique
701 4555 861 4608 mss.,
902 4539 1090 4597 Patres
1119 4543 1471 4611 orphanorum
1499 4551 1547 4595 et
1573 4541 1782 4615 judices
1818 4541 1891 4595 vi.
1920 4543 1975 4605 D
2001 4538 2175 4615 ruisse
2194 4536 2433 4615 afﬁrmat
2461 4556 2473 4592 :
2500 4547 2590 4592 aut
2602 4537 2721 4615 pize
2744 4538 3595 4615 illorumopinionisubscriben-

288 4610 536 4666 duratus.

363 4681 389 4723 δ
414 4682 747 4743 Gelliuslib.
776 4698 821 4750 ι,
847 4698 972 4754 cap.
1004 4683 1107 4738 12:
1139 4682 1266 4755 Capi
1285 4692 1485 4749 autem,
1511 4684 1716 4755 inquit,
1751 4685 1896 4754 virgo

286 4755 500 4810 vestalis
536 4764 818 4839 prppterea
841 4755 944 4839 dici
968 4755 1203 4839 videtur,
1227 4757 1347 4839 quia
1376 4755 1895 4839 Pontiﬁcismaximi

290 4841 447 4881 manu
493 4824 763 4895 prehensa
806 4826 871 4880 ab
903 4843 961 4881 eo
988 4838 1200 4895 parente
1240 4824 1295 4880 in
1321 4829 1471 4898 cujus
1506 4824 1756 4896 potestate
1793 4838 1889 4893 est,

287 4898 449 4952 nlui
476 4897 616 4952 bello
636 4906 794 4968 capta
838 4898 1132 4953 abducitur.
1163 4898 1242 4954 De
1283 4897 1580 4954 vestalibus
1623 4900 1775 4968 plura
1806 4916 1890 4955 re-

725 4966 791 5027 da
828 4968 1127 5041 Virginibus
1150 4985 1271 5039 cap.
1295 4971 1354 5037 4,
1383 4987 1537 5026 num.
1564 4966 1651 5026 157.

364 5048 387 5078 ε
412 5039 544 5096 Mss.
608 5056 717 5094 non
766 5039 946 5111 pauci,
973 5043 1204 5110 quamvis
1251 5041 1424 5096 adhuc
1460 5045 1559 5097 ista
1592 5051 1893 5096 notaretur:

607 5122 832 5185 mutaret
865 5129 884 5168 :
930 5115 1121 5184 reliqui
1166 5129 1251 5168 ac.
1278 5114 1409 5170 edit.
1443 5113 1616 5185 magis
1643 5114 1799 5185 scite,
1842 5121 1902 5168 ut

290 5182 353 5267 is}
376 5190 671 5267 ςρηιεξω.
691 5182 813 5266 lion
837 5185 1026 5249 inutile
1048 5182 1213 5266 porro
1240 5185 1398 5267 fuerit
1427 5182 1670 5267 qufe'hie
1694 5184 1763 5239 de
1789 5186 1897 5267 vir-

292 5250 525 5339 ("aliis
544 5253 852 5339 θθυιξιιὶρίε
899 5250 1323 5339 Γθῆιμφὶθοιζριιὶε
1369 5250 1594 5339 testibus
1620 5257 1891 5339 dicuntur,

288 5320 510 5389 eunt—ib
535 5340 662 5398 qua;
692 5320 959 5398 habentur
979 5326 1073 5398 lib.
1099 5343 1152 5383 vt
1182 5326 1385 5398 Expos.
1418 5329 1615 5398 Evang.
1648 5343 1762 5383 sec.
1793 5320 1896 5382 LuL

468 5394 787 5481 ﬂag—113$.
816 5414 966 5481 αιηξι.
1002 5397 1090 5469 1-4,
1121 5394 1480 5481 contendere,
1505 5394 1736 5481 necnon
1765 5398 1894 5480 sub-

283 5466 493 5539 iectam
514 5466 701 5524 eidem
728 5466 851 5524 loco
874 5466 1315 5537 observationem
1338 5466 1645 5531 conﬁdere.
1669 5469 1903 5527 Interim.

546 5540 907 5619 mumjgm
931 5552 1022 5619 {tut
1053 5542 1167 5601 labi
1190 5542 1475 5619 memoria,
1517 5542 1735 5619 quando
1768 5556 1899 5619 con—

290 5618 377 5665 tra
412 5618 551 5667 e’xnr

290 5626 377 5665 ira
412 5626 551 5682 expr
782 5626 957 5669 staret
979 5628 1100 5685 cap.
1133 5628 1255 5677 svi,
1283 5628 1407 5670 vers
1432 5626 1491 5678 at,
1532 5626 1903 5671 tesumontum

289 5626 952 5754 ώῐὶςιαωἪὰιιεηω
1004 5683 1249 5741 secundo
1301 5693 1510 5741 tantum
1562 5686 1682 5759 loco
1736 5698 1903 5755 appa-

780 5609 957 5685 ξπθὶ
979 5628 1100 5685 cap.
1133 5628 1255 5685 svi,
1283 5628 1407 5670 vers
1432 5613 1491 5678 9t,
1532 5608 1915 5671 iesﬁmonium.
2009 5608 2228 5685 quidem

1997 4609 2127 4665 dttm
2162 4625 2306 4673 esse,
2346 4611 2459 4680 qui,
2511 4619 2569 4663 ut
2600 4608 2785 4664 Estius
2810 4610 2910 4674 ait,
2947 4610 3038 4666 Dei
3067 4612 3387 4678 genitricem
3418 4614 3505 4670 hic
3537 4617 3596 4673 in

1997 4681 2162 4757 Maria
2191 4682 2382 4757 volunt
2402 4681 2780 4757 signiﬁcatam.
2814 4681 2954 4757 Quid
2986 4695 3121 4737 vero
3141 4684 3189 4738 si
3215 4683 3596 4757 (ωδε-Μεδεὼ-

1996 4754 2149 4809 lenas
2202 4750 2480 4809 exstitisse
2529 4751 2634 4808 hoc
2685 4752 2805 4807 loco
2854 4750 3044 4807 innuat
3089 4765 3310 4811 sanctus
3344 4750 3597 4814 Docior?

1997 4826 2196 4881 Confer
2246 4824 2359 4879 haec
2410 4838 2535 4879 cum
2592 4822 2784 4878 ultimo
2834 4838 2954 4893 cap.
3004 4823 3057 4878 in
3113 4824 3248 4882 Luc.
3293 4838 3347 4883 et
3387 4829 3589 4885 nodum

1996 4898 2170 4952 solve.

2066 4966 2093 5004 ἀ
2122 4967 2337 5035 Omnes
2368 4963 2525 5030 edit.,
2566 4963 2747 5019 Videte
2779 4966 2918 5035 quod
2971 4968 3262 5023 "teritum!
3301 4969 3425 5025 Non
3473 4973 3589 5027 sola

1995 5038 2170 5092 carnis
2210 5034 2476 5117 uirginitas
2523 5034 2797 5117 virginem
2811 5039 2966 5108 facit;
3019 5054 3211 5095 omnes
3256 5056 3395 5117 _mss.
3432 5046 3591 5117 utin

1998 5119 2167 5184 textu.
2204 5107 2304 5184 nisi
2332 5107 2477 5176 quod
2511 5122 2608 5175 pro
2635 5107 2897 5174 meritum,
2931 5122 3188 5182 corrupte
3218 5113 3399 5184 plures
3427 5115 3588 5172 exhi-

1996 5181 2127 5236 bent
2164 5181 2484 5233 meritorum.

2073 5263 2095 5290 9
2121 5253 2247 5307 Mss.
2279 5250 2503 5321 aliquot:
2524 5250 2647 5321 quia
2672 5249 2958 5307 dubitabat.

2081 5322 2100 5361 ί
2136 5323 2387 5393 Plerique
2416 5321 2682 5396 tnss.,rqu_i
2714 5322 2840 5389 foris
2866 5335 2938 5376 est
2960 5321 3165 5393 plorat;
3195 5342 3313 5379 nam
3344 5328 3453 5396 qui,
3485 5337 3591 5385 etc.

2005 5396 2202 5450 lterum
2225 5405 2343 5465 post
2363 5394 2697 5464 pauca.ﬂevit
2716 5409 2735 5446 :
2756 5409 2872 5460 qua:
2888 5410 2988 5447 non
3004 5396 3240 5466 credidit.
3259 5394 3469 5466 fraude,
3483 5411 3591 5456 etc.

2078 5476 2101 5514 κ
2135 5464 2261 5523 Mss.
2318 5481 2425 5520 non
2478 5466 2670 5533 pauci,
2723 5481 2837 5534 qua:
2892 5464 3181 5522 notabatur.
3228 5464 3345 5525 Non
3392 5464 3602 5526 incum-

2005 5538 2196 5612 mode;
2246 5536 2387 5591 idem
2420 5536 2564 5591 enim
2614 5544 2698 5591 est
2744 5537 3405 5612 acreprehendebatur,
3454 5542 3603 5612 quod

2275 5616 2399 5674 post
2440 5609 3001 5684 vocem.___canvic_iuas
3033 5619 3143 5679 est,
3194 5621 3319 5681 apte
3362 5609 3604 5684 ponitur.

2016 5675 2145 5740 Haec
2175 5687 2361 5741 autem
2389 5675 2531 5737 refer
2557 5677 2625 5737 ad
2655 5677 2751 5743 lib.
2784 5695 2847 5752 ι.
2877 5675 3303 5754 ἰηιυοηπιιὶηρ
3328 5675 3453 5743 list.
