3998 6190
427 212 532 277 2⁸11

431 335 608 392 Adest
653 329 928 391 Christus,
987 331 1088 376 nec
1124 321 1381 383 umquam
1435 305 1502 361 iis
1532 316 1564 357 a
1605 297 1806 371 quibus
1828 291 2030 392 quaeri-

433 388 734 481 tur—deest.
770 388 923 485 Quid
948 411 1122 484 ploras
1147 406 1172 459 ?
1202 405 1305 460 hoc
1333 409 1440 464 est,
1468 412 1573 451 non
1621 388 1876 461 lacrymis
1902 398 2038 455 opus

435 529 542 582 est,
595 515 690 570 sed
723 481 830 566 ﬁde
863 481 1149 576 prompta,
1180 507 1236 554 et
1276 497 1390 552 Deo
1420 491 1606 562 digna.
1645 485 1767 543 Noli
1798 481 2038 553 cogitare

435 576 716 671 mortalia,
751 611 807 658 et
834 615 936 654 non
969 591 1220 666 plorabis
1246 608 1259 644 :
1281 586 1396 644 noli
1423 583 1666 654 cogitare
1691 576 1958 649 peritura,
1985 579 2040 627 et

434 699 598 758 ﬂendi
628 708 851 752 causam
883 689 1088 744 habere
1133 699 1244 740 non
1277 677 1505 753 poteris.
1536 674 1645 730 Cur
1672 669 1799 726 inde
1827 667 2038 739 ploras,

440 791 585 849 unde
613 789 704 843 alii
734 778 1121 856 gratulantur?

512 886 599 942 18.
631 849 799 948 Ωιιεῖη
820 875 1008 946 quaeris
1035 871 1060 925 .9
1089 869 1196 925 hoc
1237 874 1322 924 est
1347 883 1360 918 :
1388 863 1504 920 Non
1537 857 1692 915 vides
1730 855 1857 927 quia
1886 849 2042 906 adest

434 945 733 1036 Christus?
761 945 882 1026 Non
924 964 1082 1021 vides
1126 961 1254 1034 quia
1283 957 1536 1015 Christus
1581 961 1665 1008 est
1701 949 1796 1004 Dei
1841 945 2041 1013 virtjts,

440 1072 566 1141 quia
614 1063 865 1122 Christus
913 1065 1000 1114 est
1047 1054 1146 1109 Dei
1193 1048 1488 1122 sapientia,
1515 1045 1641 1115 quia
1670 1037 1922 1096 Christus
1959 1041 2046 1090 est

440 1130 725 1223 sanetitas,
747 1153 874 1226 quia
898 1149 1150 1207 Christus
1181 1153 1265 1200 est
1309 1142 1535 1197 castitas
1559 1178 1576 1204 ,
1625 1135 1750 1206 quia
1782 1130 2044 1186 Christus

437 1264 523 1313 est
550 1250 851 1319 integritas,
903 1242 1032 1315 quia
1076 1238 1329 1295 Christus
1371 1242 1531 1289 natus
1569 1241 1654 1284 est
1701 1242 1772 1283 ex
1805 1221 2043 1292 virgine,

439 1350 566 1421 quia
624 1317 879 1400 Christus
935 1353 1004 1393 ex
1047 1335 1236 1398 Patre,
1282 1339 1337 1387 et
1390 1326 1532 1399 apud
1580 1325 1824 1388 Patrem,
1883 1327 1940 1375 et
1991 1317 2046 1371 in

435 1443 598 1498 Patre
627 1451 864 1506 semper,
893 1443 1056 1487 natus
1081 1443 1190 1483 non
1223 1425 1422 1487 iactus,
1467 1434 1569 1476 nec
1597 1416 1860 1488 degener,
1891 1423 1918 1450 α
1949 1409 2047 1468 sed

433 1549 656 1604 semper
682 1531 942 1593 dilectus,
968 1539 1132 1580 verus
1165 1521 1308 1576 Deus
1331 1533 1398 1574 ex
1424 1517 1536 1570 Deo
1559 1527 1690 1568 vero
1717 1511 1742 1564 ει

509 1630 596 1684 19.
624 1625 913 1686 Tulerunt,
956 1617 1170 1688 inquit,
1207 1613 1490 1667 Dominum
1515 1609 1580 1663 de
1619 1610 1977 1665 monumento,
2002 1606 2048 1654 et

1780 174 2025 236 SANCTI
2063 165 2392 230 AMBROSII

2058 289 2110 350 Α
2138 287 2342 342 tionem
2369 281 2531 336 Pater
2575 281 2759 331 vester
2793 278 2898 327 est.
2942 267 3156 323 Patrem
3196 278 3367 318 meum
3411 258 3666 324 dicendo,
3707 274 3741 313 a

3587 149 3592 162 '
3629 141 3743 201 272

2140 377 2409 437 creaturis
2438 389 2499 430 se
2527 371 2624 428 Dei
2667 368 2840 426 Filius
2886 362 3162 435 separavit
3202 379 3217 416 :
3260 358 3475 413 Patrem
3518 365 3744 410 vestrum

2142 471 2414 535 dicendo,
2463 463 2776 535 ad0ptionis
2820 457 3079 531 spiritalis
3126 452 3356 525 gratiam
3415 447 3740 519 designavit.

2142 566 2220 622 Ita
2250 573 2306 620 et
2335 563 2500 617 Deum
2531 573 2698 612 meum
2725 551 2958 610 dicendo
2985 591 3001 616 ,
3047 546 3368 620 mysterium
3420 557 3534 598 sua:
3562 539 3746 596 lucar-

2144 659 2377 717 nationis
2403 652 2642 712 ostendit
2684 665 2699 713 ;
2753 657 2811 702 ut
2837 659 2999 719 quem
3042 643 3258 698 Patrem
3289 636 3611 694 naturaliter
3651 634 3746 690 ha-

2143 753 2235 810 bet
2259 795 2274 820 ,
2304 752 2472 807 Deum
2501 745 2739 817 appellet
2766 749 2990 812 propter
3016 734 3256 805 suscepti
3283 730 3533 802 corporis
3563 743 3748 785 sacra-

2145 854 2386 902 tnentum
2414 859 2428 895 :
2462 839 2631 894 Deum
2657 848 2877 908 quoque
2904 841 3125 888 vestrum
3153 843 3275 884 cum
3307 825 3439 884 dicit
3463 865 3480 893 ,
3528 821 3746 895 prolec-

2146 949 2260 994 tum
2289 938 2340 993 in
2375 933 2533 991 nobis
2560 946 2675 988 suae
2703 926 3036 999 operationis
3068 921 3331 980 ostendit.

2757 1059 2988 1120 CAPUT
3028 1058 3098 1115 γ.

2147 1187 2302 1243 Redit
2347 1203 2380 1240 a
2427 1181 2748 1254 digressione
2778 1177 2846 1230 ad
2890 1190 3038 1230 suam
3061 1171 3434 1242 defensionem,
3465 1175 3513 1224 et
3535 1165 3635 1223 sibi
3663 1158 3756 1222 ob-

2212 1283 2354 1351 jecta
2376 1295 2478 1333 non
2506 1286 2710 1330 tantum
2735 1269 2967 1344 agnoscit
2992 1309 3006 1333 ,
3035 1282 3209 1321 verum
3237 1263 3391 1318 etiam
3423 1260 3644 1315 ulterius
3667 1259 3754 1314 in-

2220 1373 2400 1436 tendit,
2429 1385 2618 1440 cupere
2641 1367 2799 1422 etiam
2829 1371 3086 1435 nupturas
3109 1359 3177 1414 ad
3197 1355 3504 1428 uirginitatis
3524 1352 3758 1409 studium

2221 1479 2460 1522 revocare
2480 1468 2662 1532 sponte
2691 1455 2978 1529 professus.

2223 1624 2318 1679 24.
2360 1621 2430 1676 Ει
2457 1635 2586 1676 vere
2617 1617 2762 1674 Deus
2790 1623 2976 1671 noster
3003 1612 3180 1668 factus
3209 1617 3295 1667 est
3318 1609 3500 1674 nobis,
3549 1621 3619 1664 ex
3647 1617 3762 1676 quo

441 1723 616 1779 nescio
647 1719 734 1774 ubi
755 1721 1174 1788 posuerunteunt
1204 1705 1392 1779 (Jaan.
1425 1720 1524 1768 xx,
1552 1701 1667 1769 l5).
1705 1698 1891 1761 Erras,
1925 1709 2042 1748 mu-
2075 1681 2124 1742 Β
2154 1695 2348 1788 ὁπως
2379 1723 2465 1770 εει
2488 1712 2780 1776 Christus;
2819 1706 3042 1779 quando
3067 1747 3084 1773 ’
3112 1716 3172 1761 ω
3199 1703 3305 1759 alia
3335 1702 3584 1758 amilum
3610 1739 3626 1766 ’
3658 1711 3761 1768 pro

438 1819 564 1882 lier,
589 1830 710 1886 qua:
736 1819 896 1883 putas
918 1807 989 1862 ab
1011 1805 1134 1859 aliis
1156 1802 1434 1859 Christum
1459 1797 1526 1853 de
1548 1798 1905 1850 monumento
1922 1801 2048 1844 esse

438 1883 740 1971 sublatum,
789 1912 846 1959 et
889 1916 998 1956 non
1053 1904 1321 1968 potestate
1366 1889 1584 1963 propria
1640 1883 2044 1942 resuscitatum.

437 2001 548 2058 Sed
581 2013 741 2056 nemo
768 1995 892 2051 tulit
929 1991 1024 2047 Dei
1050 1989 1334 2056 virtutem,
1367 1997 1528 2039 nemo
1562 1979 1685 2035 tulit
1710 1979 1804 2033 Dei
1833 1975 2049 2045 sapien-

435 2097 588 2160 tiam,
619 2108 781 2148 ncmo
815 2088 939 2144 tulit
980 2081 1357 2141 venerabilem
1388 2075 1722 2133 castitatem.
1751 2071 1868 2126 Non
1895 2067 2042 2124 tolli-

439 2199 528 2246 tur
557 2187 809 2244 Christus
838 2183 906 2239 de
938 2184 1297 2236 monumento
1317 2171 1472 2245 justi,
1519 2184 1620 2226 nec
1645 2166 1716 2222 de
1745 2181 1857 2220 sua:
1883 2161 2054 2232 virgi-

439 2287 525 2341 nis
562 2289 800 2345 secreto,
830 2286 886 2334 et
923 2275 1028 2347 piae
1059 2272 1260 2329 mentis
1287 2280 1490 2324 arcano
1520 2283 1532 2319 :
1575 2272 1632 2320 et
1675 2260 1723 2318 si
1747 2260 1838 2331 qui
1860 2256 2054 2314 volunt

442 2380 658 2442 tollere,
687 2373 909 2431 auferre
936 2386 1044 2426 non
1079 2373 1332 2439 possunt.

515 2471 608 2526 20.
640 2467 795 2524 Tunc
827 2466 905 2520 ait
934 2462 1014 2518 illi
1046 2458 1310 2517 Dominus
1337 2473 1350 2509 :
1377 2453 1406 2492 ι)
1438 2451 1632 2513 Maria.
1669 2447 1862 2519 respice
1883 2442 1952 2499 ad
1976 2457 2057 2497 me

441 2565 634 2641 (lbid.,
664 2563 778 2632 16).
801 2556 1034 2626 Quando
1064 2569 1174 2610 non
1203 2549 1380 2606 credit
1405 2587 1422 2614 ,
1457 2543 1653 2600 mulier
1681 2551 1764 2596 est
1789 2556 1802 2592 :
1838 2534 2054 2608 quando

439 2656 690 2715 converti
719 2651 937 2722 incipit,
975 2649 1138 2703 Maria
1170 2651 1419 2705 vocatur,
1450 2637 1554 2692 hoc
1575 2643 1676 2701 est,
1703 2645 1900 2688 nomen
1935 2629 2054 2699 ejus

444 2750 668 2819 accipit,
692 2761 815 2817 qua:
839 2741 1072 2814 parturit
1099 2736 1406 2796 Christum;
1440 2737 1526 2786 est
1549 2727 1692 2781 enim
1725 2725 1907 2778 anima
1934 2735 2056 2790 quae

443 2810 770 2914 spiritaliter
797 2810 938 2906 parit
964 2831 1267 2888 Christum.
1302 2824 1466 2897 219
1493 2820 1732 2890 Respice,
1762 2814 1957 2885 inquit,
1987 2810 2056 2865 ad

453 2952 552 2991 me.
575 2933 680 3000 Qui
712 2928 990 2986 Christum
1025 2919 1268 2994 respicit,
1293 2914 1616 2974 emendatur
1641 2928 1653 2966 :
1679 2916 1826 2967 errat
1845 2915 2054 2972 autem,

457 3030 552 3100 qui
577 3027 855 3083 Christum
885 3036 994 3075 non
1019 3017 1193 3072 videt.

750 3115 876 3170 ideo
905 3112 996 3168 illa
1020 3121 1284 3166 conversa
1307 3099 1572 3174 respexit,
1597 3095 1804 3154 ctdixit
1825 3112 1839 3150 :
1864 3091 2053 3161 Rabbi,
2083 3078 2130 3144 C

451 3213 591 3285 quod
619 3213 993 3279 interpretatur
1023 3202 1287 3273 magister.
1331 3197 1435 3264 Qui
1475 3192 1700 3264 reSpicit
1723 3233 1738 3259 ,
1777 3187 2060 3246 converti-

455 3279 541 3364 tur
569 3324 581 3360 :
624 3303 715 3374 qui
744 3298 1083 3357 convertitur
1106 3337 1122 3363 ,
1163 3291 1380 3364 plenius
1413 3289 1656 3343 intuetur
1686 3304 1698 3338 :
1747 3282 1840 3354 qui
1871 3279 2056 3346 videt,

459 3397 692 3471 proiicit.
750 3392 821 3449 Et
865 3390 988 3446 ideo
1032 3385 1351 3457 magistrum
1385 3379 1672 3451 appellat,
1723 3389 1880 3446 quem
1912 3387 2059 3427 mor-

456 3467 608 3550 tuum
675 3503 799 3546 csse
867 3482 1129 3542 credebat
1182 3496 1196 3534 :
1263 3475 1557 3546 alloquitur
1613 3485 1775 3543 quem
1836 3467 2061 3540 putabat

457 3599 743 3644 amissum.

529 3681 621 3737 22.
657 3677 811 3742 Noli,
840 3671 1040 3744 inquit,
1069 3684 1150 3724 me
1166 3676 1378 3739 tangere
1400 3661 1592 3736 (Ibid.,
1626 3661 1689 3716 17
1713 3660 1732 3730 )
1755 3700 1770 3724 ,
1803 3657 1908 3713 hoc
1933 3663 2018 3712 est
2041 3695 2056 3722 ,

460 3774 563 3832 etsi
593 3766 952 3830 correctionis
981 3767 1313 3820 tentamenta
1337 3764 1503 3821 sunt;
1533 3769 1643 3809 non
1678 3751 1846 3822 tangit
1877 3759 2059 3804 tamen

460 3869 735 3925 Christum
768 3859 1013 3918 nutantis
1037 3855 1285 3912 all‘ectus.
1316 3851 1464 3916 Noli,
1501 3848 1696 3918 inquit,
1722 3863 1801 3901 me
1828 3855 2059 3915 tangere,

462 3963 570 4016 hoc
612 3967 730 4022 est,
785 3954 894 4010 noli
941 3961 1166 4021 tangere
1205 3947 1298 4003 Dei
1342 3944 1640 4006 virtutem,
1693 3938 1790 3995 Dei
1837 3938 2060 4008 sapien-

466 4058 616 4122 tiam,
648 4047 1000 4109 reverendam
1040 4042 1406 4114 integritatem
1429 4080 1443 4103 ,
1494 4033 1869 4092 honorabilem
1899 4029 2062 4086 casti-

469 4160 652 4205 talem.

534 4243 626 4298 9.5.
660 4239 765 4297 Sed
789 4237 918 4293 vade
939 4233 1007 4288 ad
1039 4232 1225 4301 fratres
1251 4243 1412 4282 meos.
1457 4223 1596 4293 Quid
1623 4230 1706 4278 est
1731 4219 1879 4275 aliud
1909 4217 2058 4274 dicc-

465 4355 545 4406 rc,
575 4333 717 4392 nisi:
749 4332 866 4388 Jam
898 4327 1009 4384 noli
1047 4323 1180 4380 foris
1209 4319 1383 4376 ﬂere?
1430 4317 1579 4400 Vade
1621 4315 1689 4368 ad
1739 4313 1947 4368 electos
2009 4317 2064 4365 et

464 4435 530 4490 ad
563 4423 1074 4486 observantissimos
1100 4414 1414 4475 sacerdotes
1438 4428 1454 4478 ;
1482 4419 1530 4464 et
1557 4409 1640 4463 dic
1666 4407 1804 4462 illis:
1827 4403 2061 4460 Ascendo

463 4526 532 4582 ad
559 4523 772 4578 Patrem
801 4533 971 4574 meum
995 4556 1010 4581 ,
1037 4522 1085 4569 et
1117 4510 1330 4566 Patrem
1351 4513 1571 4559 vestrum
1606 4517 1624 4555 :
1655 4500 1824 4554 Deum
1852 4514 2018 4552 meum
2041 4538 2056 4563 ,

460 4631 510 4676 et
540 4619 704 4671 Deum
740 4622 984 4668 vestrum.
1033 4602 1173 4674 Quid
1223 4610 1307 4658 est
1336 4596 1481 4653 aliud
1509 4595 1691 4651 dicere
1716 4633 1732 4662 ,
1783 4593 1926 4647 nisi:
1975 4591 2056 4648 Ne

461 4713 657 4770 mulier
685 4709 810 4763 hinc
837 4715 1055 4759 moveas
1079 4691 1480 4768 quznstionem?
1523 4687 1685 4744 Certe
1709 4703 1739 4740 a
1770 4683 2058 4757 perfectio-

461 4809 609 4862 ribus
636 4817 843 4876 quaere,
875 4799 1057 4853 dicent
1086 4791 1182 4848 tibi
1209 4804 1330 4858 qua:
1357 4783 1636 4842 distinctio
1665 4782 1738 4836 sit
1776 4781 1915 4836 inter
1951 4780 2054 4835 Pa-

461 4912 596 4956 trem
626 4873 804 4952 tneunt
834 4901 888 4948 ct
931 4890 1148 4945 Patrem
1198 4892 1464 4938 vestrum.
1508 4876 1644 4931 Nam
1672 4874 1766 4946 qui
1787 4874 1937 4945 juxta
1969 4873 2053 4928 di-

456 4994 636 5048 vinam
664 4984 1073 5060 generationem
1100 4977 1262 5031 Pater
1288 4971 1420 5028 mihi
1449 4979 1534 5027 est
1555 5010 1572 5037 ,
1621 4968 1668 5024 is
1703 4967 1858 5037 juxta
1888 4965 2058 5036 adop-

527 5159 553 5186 ει
577 5147 654 5202 Ita
681 5156 814 5199 mss.
844 5137 1155 5204 complures
1182 5150 1194 5185 :
1225 5130 1313 5185 alii
1344 5142 1502 5195 vero,
1543 5131 1868 5193 cunctaeque
1909 5121 2042 5178 edit.

457 5215 876 5291 prtctermittunt
903 5222 1120 5270 vocem,
1154 5205 1392 5291 dilectus.

522 5263 970 5342 ἵίἰὶὶἑίὲεἰῖεἱίυηι
988 5263 1178 5347 neque
1205 5275 1260 5328 in
1288 5269 1500 5347 Cra'cis
1523 5265 1891 5347 Evangelistte
1919 5263 2042 5347 r_od.

456 5337 944 5428 nequeinvLaiinis
973 5337 1105 5404 ullis'
1121 5344 1370 5428 reperire
1386 5349 1488 5396 est.
1523 5339 1648 5394 Haec
1671 5347 1852 5392 autem
1877 5337 2046 5391 reler-

454 5415 622 5486 lur'ad
651 5427 745 5483 lib.
779 5423 829 5479 χ
851 5424 904 5476 in
925 5421 1059 5476 Luc.
1095 5415 1246 5472 num.
1276 5415 1401 5469 tet.

525 5515 545 5541 ε
576 5477 719 5557 Mss:
742 5477 1015 5558 nonnulli,
1041 5483 1531 5561 defensatumveni;
1574 5479 1794 5552 quidam
1817 5519 1832 5546 ,
1864 5477 2046 5549 defen-

447 5583 614 5626 satum
645 5567 872 5623 inuenio.

517 5642 543 5680 (ι
575 5645 827 5708 Quatuor
849 5649 1010 5708 ms_s.,
1035 5632 1236 5708 utinant
1262 5645 1364 5682 non
1393 5627 1647 5707 vincerer.

517 5723 540 5750 ο
569 5690 715 5768 Si;
734 5690 1010 5770 nonnulli,
1039 5701 1438 5770 praedicatores;
1467 5697 1570 5754 etsi
1598 5710 1706 5752 non
1730 5692 1953 5751 omnino
1970 5690 2050 5748 in-

2085 4475 2142 4536 D

2152 1808 2468 1880 integritate
2497 1805 2765 1862 servanda
2797 1801 2940 1857 mori
2968 1799 3212 1871 virgines
3239 1804 3367 1852 sunt
3397 1805 3624 1867 paratae.
3665 1789 3762 1846 Ni-

2153 1912 2232 1968 hil
2263 1910 2332 1966 de
2361 1925 2524 1965 causa
2552 1949 2568 1975 ,
2621 1905 2758 1960 nihil
2801 1903 2872 1958 de
2921 1914 3158 1971 persona
3194 1900 3389 1969 loquor
3420 1911 3435 1961 ;
3492 1893 3584 1950 ubi
3613 1889 3765 1947 enim

2154 2003 2372 2061 Domini
2437 2000 2613 2073 gratia
2640 2041 2655 2062 ,
2710 1997 2783 2053 ibi
2828 1994 2990 2051 debet
3033 2007 3158 2048 esse
3202 2005 3308 2061 pax
3354 1986 3592 2044 Domini.
3649 1982 3767 2039 Nec

2154 2110 2482 2170 quemquam
2511 2091 2729 2164 publice
2757 2103 2927 2159 arguo
2951 2128 2967 2154 ,
3009 2084 3104 2140 sed
3135 2099 3222 2139 me
3247 2083 3425 2152 ipsum
3457 2090 3479 2118 ε
3511 2077 3767 2134 defensa-

2157 2200 2270 2245 tum
2297 2187 2482 2243 venio.
2514 2182 2769 2240 Accusati
2795 2182 2941 2236 enim
2975 2193 3164 2233 sumus
3184 2217 3199 2242 ,
3229 2186 3286 2232 et
3314 2173 3416 2228 nisi
3447 2171 3625 2236 fallor,
3665 2182 3765 2224 ac-

2157 2290 2441 2337 cusatores
2471 2275 2646 2332 nostri
2682 2274 2932 2345 plerique
2957 2270 3025 2326 de
3054 2268 3211 2325 vobis
3240 2274 3388 2324 sunt.
3431 2263 3634 2320 Horum
3664 2275 3769 2332 ego

2157 2375 2383 2432 affectus
2430 2372 2760 2443 redarguere
2808 2367 2955 2424 malo
2979 2407 2994 2430 ,
3029 2380 3191 2436 quam
3220 2375 3484 2433 personas
3509 2357 3767 2430 prodere.

2157 2468 2413 2526 Criminis
2441 2475 2624 2522 autem
2672 2460 2876 2517 invidia
2909 2459 3028 2514 haec
3074 2465 3200 2524 est,
3246 2456 3372 2527 quia
3420 2451 3625 2508 suadeo
3673 2464 3770 2506 ca-

2158 2564 2422 2619 stitatem.
2478 2559 2582 2628 Qui
2643 2557 2749 2613 hoc
2797 2570 2905 2611 non
2954 2552 3187 2608 libenter
3235 2547 3480 2620 accipit,
3533 2547 3653 2617 ipse
3704 2557 3771 2602 se

2161 2655 2367 2726 prodit.

2230 2747 2321 2802 25'.
2351 2743 2763 2817 Virginitatem,
2792 2739 2987 2810 inquit,
3018 2736 3207 2803 doces,
3237 2744 3295 2792 et
3319 2730 3614 2806 persuades
3642 2728 3773 2801 plu-

2159 2843 2342 2899 rimis.
2371 2837 2398 2876 ει
2431 2837 2652 2895 Utinam
2679 2835 3034 2891 convincerer
3055 2873 3070 2898 ,
3122 2830 3328 2886 utinam
3361 2827 3499 2883 tanti
3519 2823 3773 2881 criminis

2161 2935 2482 3007 probaretur
2512 2928 2776 2986 effectus!
2817 2925 2936 2982 Non
2967 2937 3194 2980 vererer
3217 2919 3480 2977 invidiam
3505 2960 3520 2986 ,
3568 2917 3614 2974 si
3640 2915 3772 2972 effi-

2159 3028 2369 3085 caciam
2397 3035 2872 3094 recognoscerem.
2918 3016 3098 3088 Atque
3143 3015 3350 3072 utinam
3389 3026 3476 3067 me
3501 3006 3775 3079 exemplis

2162 3121 2343 3193 potius
2369 3115 2698 3188 argueretis,
2731 3128 2894 3184 quam
2925 3109 3272 3167 sermonibus
3297 3103 3620 3162 cmderetis!
3655 3099 3776 3159 Sed

2163 3227 2358 3270 vereor
2387 3226 2457 3266 ne
2488 3221 2511 3246 ε
2544 3207 2997 3279 prznvaricatores
3029 3201 3164 3257 mihi
3203 3199 3524 3271 apposuisse
3553 3193 3774 3263 videar,

2164 3306 2256 3378 qui
2279 3320 2365 3360 me
2394 3301 2589 3357 alienis
2619 3295 3006 3355 commendent
3033 3292 3305 3350 laudibus.

2231 3398 2322 3454 26.
2363 3397 2607 3452 Initiatas
2637 3433 2655 3460 ,
2687 3391 2898 3463 inquit,
2939 3387 3114 3445 sacris
3141 3383 3416 3459 mysteriis
3441 3425 3456 3452 ,
3489 3391 3547 3440 et
3572 3396 3776 3439 censeo

2159 3499 2340 3545 cratas
2387 3485 2686 3555 integritati
2733 3481 2946 3553 puellas
2999 3480 3210 3535 nubere
3263 3476 3542 3548 prohibes.
3601 3473 3774 3548 220

2163 3581 2379 3639 Utinam
2413 3593 2631 3651 possem
2661 3590 2922 3632 revocare
2946 3571 3246 3644 nupturas!
3296 3572 3503 3626 utinam
3547 3581 3774 3638 possem

2161 3672 2476 3727 ﬂammeum
2508 3667 2752 3739 nuptiale
2796 3666 2888 3736 pio
2920 3663 3254 3734 integritatis
3294 3670 3506 3716 mutare
3536 3657 3773 3715 velami-

2163 3780 2235 3822 ne
2264 3765 2279 3818 l
2307 3763 2393 3819 An
2421 3761 2704 3832 indignum
2735 3757 2949 3814 videtur
2977 3798 2994 3824 ,
3027 3766 3087 3810 ut
3111 3763 3337 3810 sacrata:
3359 3752 3591 3824 virgines
3618 3765 3652 3806 a
3675 3765 3774 3806 sa-

2161 3856 2464 3914 crosanctis
2493 3852 2758 3910 altaribus
2789 3865 2899 3906 non
2931 3847 3273 3904 abducantur
3296 3845 3365 3901 ad
3391 3844 3646 3914 nuptias?
3701 3843 3772 3899 Et

2161 3951 2362 4020 quibus
2387 3947 2516 4003 licet
2543 3945 2560 3984 τ
2593 3958 2855 4015 sponsum
2882 3941 3107 4012 eligere,
3136 3954 3247 3995 non
3275 3938 3403 3993 licet
3433 3937 3604 3992 Deum
3625 3949 3770 4006 prae-

2162 4043 2348 4100 ferre?
2397 4041 2456 4097 lu
2509 4055 2598 4094 me
2643 4051 2776 4107 ergo
2821 4034 2949 4091 lacti
2990 4032 3234 4088 conditio
3266 4038 3544 4096 mutatur,
3576 4035 3639 4083 ut
3663 4041 3770 4097 pro

2161 4132 2460 4206 opprobrio
2486 4129 2619 4187 mihi
2640 4129 2824 4194 cedat,
2850 4124 2996 4198 quod
3019 4137 3235 4194 semper
3259 4119 3527 4192 spectavit
3551 4117 3618 4174 ad
3639 4133 3770 4189 gra-

2162 4225 2294 4280 tiam
2318 4221 2683 4286 sacerdotum,
2709 4217 2897 4288 jacere
2921 4214 3130 4272 semina
3153 4209 3497 4284 integritatis,
3520 4217 3577 4266 et
3600 4207 3771 4279 virgi-

2163 4317 2350 4377 nitatis
2375 4314 2552 4371 studia
2585 4323 2912 4384 provocare.

2777 4440 3005 4500 CAPUT
3043 4440 3135 4498 Vl.

2165 4591 2244 4648 Ad
2271 4587 2616 4660 virginitatem
2636 4597 2912 4655 provocare
2941 4596 3032 4634 nec
3061 4576 3351 4649 improbum
3375 4591 3515 4644 esse,
3546 4590 3643 4630 nec
3661 4589 3763 4629 na-

2231 4701 2372 4752 vum,
2396 4699 2487 4737 nec
2517 4678 2702 4734 inutile
2727 4693 2745 4731 :
2769 4691 2990 4747 quorum
3021 4673 3188 4745 primo
3213 4673 3383 4744 capite
3411 4671 3591 4742 paucis
3611 4670 3763 4725 abso-

2233 4779 2362 4843 luto,
2388 4774 2606 4827 alterunt
2633 4769 2828 4824 scilicet
2845 4783 3031 4823 novum
3062 4783 3168 4821 non
3198 4782 3305 4822 esse
3339 4763 3535 4819 Clu-isti
3558 4771 3760 4818 senten-

2233 4870 2326 4934 tia,
2359 4864 2563 4937 judicio
2607 4862 2995 4932 apostolorum,
3026 4875 3086 4913 ac
3115 4857 3449 4930 puerulorum
3470 4897 3486 4923 ,
3519 4854 3761 4926 exemplo

2233 4961 2379 5016 docet
2414 4975 2430 5012 :
2475 4968 2582 5010 tum
2615 4952 2939 5008 damnandus
2980 4968 3085 5007 non
3120 4968 3230 5008 esse
3275 4950 3484 5022 nuptias
3521 4962 3758 5016 monens,

2155 5117 2337 5201 salse,
2362 5113 2558 5201 .minus
2593 5121 2788 5194 tamen
2827 5111 3118 5194 concinne.
3165 5109 3569 5166 Praevaricator
3611 5108 3758 5165 enim

2154 5190 2245 5246 ille
2273 5186 2491 5249 dicitur,
2516 5183 2607 5254 qui
2637 5198 2762 5237 cum
2787 5198 2946 5250 quem
2971 5183 3284 5254 vituperare
3306 5191 3760 5254 atque_accusare

2153 5259 2422 5324 creditur,
2457 5250 2622 5310 tacite
2646 5250 3126 5318 fraudulenterqu’e
3169 5253 3351 5324 laudat
3376 5250 3707 5324 acidel'endit
3738 5265 3755 5304 :

2154 5346 2264 5402 quo
2294 5321 2456 5384 sensu
2485 5323 2956 5402 dictionemuhanc
2987 5325 3288 5402 Tullinsjn
3331 5321 3531 5402 Philip.
3566 5321 3603 5376 2
3638 5335 3755 5402 non

2153 5393 2226 5458 ita
2261 5402 2416 5470 longe
2449 5398 2516 5452 ab
2547 5395 2704 5470 initio
2732 5394 3013 5470 adhibuit;
3045 5395 3187 5451 unde
3216 5395 3359 5450 hunc
3405 5393 3586 5450 locum
3623 5393 3756 5448 Am-

2154 5465 2381 5530 brosqu
2401 5478 2588 5525 noster
2612 5465 2831 5521 videtur
2864 5467 3124 5520 imitatus.

2233 5542 2253 5583 τ
2286 5543 2363 5598 De
2395 5542 2495 5594 hac
2521 5538 2772 5607 facultate
2801 5536 3034 5606 eligendi
3067 5536 3253 5607 sponsi
3283 5535 3396 5606 jam
3437 5535 3755 5594 monuimus

2159 5630 2264 5674 nos
2293 5614 2350 5670 in
2377 5615 2539 5684 epist.
2570 5606 2638 5663 ad
2671 5607 2838 5664 Sisin.
2866 5608 3069 5679 aliquid
3101 5606 3222 5664 esse
3247 5607 3512 5665 dicturos.
