3998 6190
225 299 306 361 ἳῖὅ

1373 310 1457 367 DE
1496 309 1945 370 VIRGINITATE
1982 311 2193 369 LIBER
2231 313 2439 372 UNUS.

3457 318 3562 376 274

284 440 447 479 eorum
497 435 702 483 tamen
750 431 950 484 multas
983 440 1032 483 et
1065 431 1244 501 graves
1271 429 1531 483 molestias
1565 429 1798 484 declarat
1828 447 1847 495 ;
1875 438 1925 496 Α
1952 445 2103 497 vero,
2131 432 2226 502 qui
2258 433 2474 502 nuptias
2500 433 2764 490 damnet?
2810 435 2920 490 Sed
2967 438 3088 506 quis
3130 446 3237 492 tam
3286 437 3500 492 alienus
3530 454 3559 493 a

289 527 434 590 utque
462 532 736 576 neutram
761 525 953 577 Irarum
977 524 1327 578 conditionum
1354 523 1621 595 quisquam
1659 525 1846 580 tradu-

293 622 385 681 cat,
419 615 729 684 prudenter
756 617 965 672 suadet.

301 796 386 853 27.
416 796 622 867 Quaero
650 798 810 854 enim
837 808 1017 853 utrum
1049 797 1201 868 quasi
1235 797 1538 867 improbum
1584 797 1687 852 hoc
1712 837 1727 862 ,
1775 813 1844 854 an

257 891 383 962 quasi
412 905 657 959 novum,
711 907 788 946 an
837 891 990 963 quasi
1041 891 1232 946 inutile
1276 891 1728 962 reprehendatur.
1785 891 1843 948 Si

261 987 386 1059 quasi
419 988 730 1058 improbum
756 1029 771 1054 ,
807 987 1053 1058 improba
1080 1003 1212 1060 ergo
1243 997 1364 1043 vota
1390 997 1519 1042 sunt
1560 989 1801 1042 omnium
1825 1028 1840 1051 ,

258 1079 477 1150 improba
507 1081 616 1135 vita
647 1091 738 1136 est
762 1080 1084 1150 angelorum
1106 1121 1122 1146 ,
1153 1095 1316 1152 quam
1357 1080 1529 1149 gratia
1563 1093 1842 1134 resurrec-

259 1174 399 1228 tionis
453 1173 734 1241 imitatur;
799 1173 893 1243 qui
941 1173 1084 1228 enim
1124 1181 1149 1209 ⁸
1198 1189 1303 1227 non
1368 1173 1614 1237 nubunt,
1667 1186 1841 1241 neque

254 1265 437 1322 ducunt
475 1281 678 1322 uxores
701 1305 719 1330 ,
773 1274 937 1321 erunt
975 1266 1114 1321 sicut
1151 1265 1329 1335 angeli
1367 1267 1418 1318 iu
1447 1264 1586 1320 ctelo
1617 1262 1836 1336 (Matth.

251 1376 367 1427 nn,
395 1359 513 1429 50).
537 1359 640 1428 Qui
669 1359 774 1416 hoc
803 1359 989 1430 utique
1018 1360 1394 1430 reprehendit,
1425 1358 1839 1415 resurrectionis

249 1465 360 1508 vota
413 1454 763 1508 condemnat.
823 1452 1010 1525 Itaque
1058 1455 1364 1525 improbum
1393 1454 1568 1508 videri
1597 1470 1704 1509 non
1739 1468 1838 1524 po-

250 1555 364 1615 test,
396 1546 544 1618 quod
577 1546 890 1604 hominibus
933 1563 1030 1618 pro
1059 1550 1281 1619 praemio
1310 1550 1666 1606 constitutum
1710 1557 1833 1604 est:

246 1657 335 1697 nec
362 1651 542 1712 potest
566 1641 686 1712 ejus
715 1643 794 1698 rei
822 1643 1038 1714 species
1064 1642 1355 1714 displicere
1379 1686 1395 1711 ,
1438 1644 1594 1714 cujus
1634 1643 1836 1701 veritas

243 1735 365 1791 etin
393 1735 574 1790 fructu
606 1745 712 1802 est,
740 1738 874 1792 etin
903 1747 1049 1792 voto.

1953 524 2184 589 ratione,
2207 525 2298 594 qui
2321 525 2557 597 coniugii
2591 542 2756 582 onera
2788 544 2895 582 non
2919 529 3160 583 sentiat?
3191 528 3406 583 Etenim
3430 546 3548 583 mu-

1951 618 2046 671 lier
2068 619 2286 686 innupta
2313 629 2362 674 et
2394 621 2536 693 virgo
2574 623 2765 692 cogitat
2806 639 2922 690 ante
2954 632 3073 677 sunt
3111 621 3324 677 Domini
3349 640 3371 689 ;
3400 634 3454 678 ut
3476 627 3544 680 sit

1951 724 2129 767 sancta
2156 729 2374 781 corpore
2399 724 2445 768 et
2472 715 2682 783 spiritu.
2718 715 2860 770 Nam
2890 734 3004 788 qua:
3028 728 3190 790 nupta
3214 727 3287 772 est
3317 760 3331 782 ,
3363 720 3556 790 cogitat

1948 822 2066 876 gnte
2085 817 2204 861 sunt
2231 809 2438 874 mundi,
2482 810 2740 878 quomodo
2803 811 3008 880 placeat
3036 812 3147 865 viro
3183 810 3243 882 (l
3281 809 3403 868 Cor.
3435 827 3507 867 vn
3533 853 3550 875 ,

1951 898 2067 971 st).

2021 994 2111 1049 52.
2143 994 2210 1049 Et
2230 1003 2427 1065 praeter
2442 995 2540 1050 has
2569 996 2870 1056 molestias.
2900 999 3149 1067 quamvis
3172 996 3426 1052 nubendo
3445 1011 3552 1052 non

1948 1097 2160 1158 peccet,
2188 1089 2577 1145 contritionem
2613 1102 2794 1146 tamen
2822 1091 3042 1146 habebit
3069 1091 3251 1146 carnis
3275 1090 3557 1161 huiusmo-

1945 1180 1999 1236 di
2025 1199 2040 1238 ε
2074 1197 2268 1251 graves
2297 1183 2444 1237 enim
2473 1193 2662 1250 partus
2689 1184 2906 1240 labores
2928 1227 2941 1248 ,
2972 1185 3154 1254 gravis
3185 1185 3550 1240 creandorum

1946 1283 2003 1331 et
2045 1275 2470 1330 crudieudorum
2506 1277 2803 1332 liberorum
2845 1279 3117 1333 molestia.
3160 1277 3368 1346 Quibus
3418 1288 3546 1334 ante

1945 1371 2304 1440 przescripsit,
2335 1386 2406 1425 ne
2435 1370 2560 1441 quis
2587 1370 2902 1440 huiusmodi
2933 1382 3277 1427 averteretur
3303 1372 3552 1443 injuriis;

1944 1462 2130 1517 multa:
2152 1462 2294 1517 enim
2327 1462 2382 1516 in
2413 1471 2602 1531 partus
2623 1463 2906 1518 doloribus
2933 1463 3270 1529 c0nstiluttn,
3299 1465 3556 1535 Coniugio

1943 1571 2005 1612 se
2037 1558 2355 1612 renuntiare
2382 1555 2573 1612 dicunt
2603 1572 2617 1610 :
2653 1556 2811 1612 multi
2835 1557 2996 1611 etiam
3030 1557 3365 1613 matrimonii
3386 1574 3553 1614 onera

1941 1664 2048 1705 non
2087 1647 2327 1704 ferentes
2351 1689 2368 1714 ,
2402 1646 2430 1686 δ
2459 1649 2642 1704 alieno
2671 1649 2742 1704 ab
2773 1664 2946 1704 uxore
2983 1660 3303 1705 avertuntur
3327 1651 3548 1706 alIectu.

1940 1741 2151 1796 Etideo
2180 1740 2478 1810 Apostolus
2503 1749 2632 1795 ante
2666 1741 2931 1810 prtemisit
2966 1760 2980 1796 -.
3012 1740 3232 1814 Ligulas
3271 1759 3324 1796 es
3353 1743 3553 1797 uxori?

301 1828 389 1886 28.
423 1828 535 1886 Sed
561 1839 705 1896 esto,
734 1846 841 1886 non
872 1831 942 1886 sit
971 1831 1300 1903 improbum,
1342 1832 1604 1903 numquid
1637 1847 1834 1888 novum
1863 1837 1912 1899 Β
1944 1831 2070 1886 Noli
2096 1848 2326 1901 quterere
2369 1833 2678 1886 solutionem
2721 1833 2934 1906 (lbid.,
2974 1834 3103 1904 27).
3149 1835 3215 1890 Ει
3253 1835 3394 1890 bene
3423 1836 3541 1890 ait:

239 1933 313 1979 est
333 1924 356 1978 7
379 1922 491 1978 Nos
518 1924 669 1979 enim
698 1940 836 1979 nova
865 1925 1046 1980 omnia
1068 1941 1189 1996 qua:
1207 1925 1461 1982 Christus
1491 1942 1600 1982 non
1631 1927 1837 1994 docuit,

234 2017 344 2088 iure
372 2017 702 2072 damnamus
728 2034 742 2084 ;
793 2017 918 2088 quia
947 2018 1200 2074 fidelibus
1224 2019 1310 2073 via
1341 2017 1594 2075 Christus
1618 2028 1722 2075 est.
1779 2021 1838 2076 Si

239 2112 390 2182 igitur
410 2108 666 2166 Christus
694 2126 807 2166 non
839 2111 1024 2168 docuit
1050 2112 1195 2185 quod
1225 2111 1508 2179 docemus,
1540 2113 1706 2169 etiam
1736 2129 1838 2170 nos

240 2203 286 2260 id
327 2203 652 2261 detestabile
693 2205 1025 2276 iudicamus.
1076 2207 1442 2262 Discutiamus
1485 2221 1618 2278 ergo
1653 2218 1833 2262 utrum

239 2294 476 2353 Christus
497 2298 867 2369 integritatem
897 2299 1149 2355 docuerit
1178 2341 1194 2366 ,
1227 2315 1294 2355 an
1320 2300 1713 2371 repudiandam
1738 2315 1836 2370 pu-

240 2393 421 2448 taverit
447 2410 461 2446 :
490 2391 558 2446 Et
586 2401 731 2457 sunt,
759 2393 953 2463 inquit,
983 2393 1266 2460 spadones,
1293 2394 1452 2459 quise
1471 2393 1614 2464 ipsos
1635 2401 1836 2446 castra-

236 2497 402 2542 rerunt
430 2497 642 2559 propter
670 2504 892 2559 regnum
917 2487 1163 2542 ctelorum
1193 2486 1409 2559 (Matth.
1446 2503 1560 2553 nx,
1593 2485 1711 2557 12).
1737 2487 1834 2542 Est

239 2594 368 2650 ergo
390 2581 650 2652 praeclara
681 2580 872 2636 militia
897 2622 913 2648 ,
940 2597 1062 2652 qum
1101 2594 1272 2650 regno
1302 2580 1568 2635 ctelorum
1613 2580 1827 2635 militat.

241 2669 414 2743 itaque
449 2674 563 2742 jam
597 2683 727 2729 tunc
758 2673 1020 2729 Dominus
1043 2673 1232 2729 docuit
1277 2687 1400 2729 esse
1443 2672 1646 2729 debere
1686 2672 1829 2729 inte-

242 2774 433 2820 merata
460 2766 638 2822 studia
665 2768 957 2824 castitatis.

304 2858 392 2915 29.
439 2859 596 2918 Unde
633 2863 967 2934 etApostoli
1015 2877 1136 2919 eam
1186 2865 1402 2920 caeteris
1467 2865 1829 2935 praeeminere

243 2963 550 3010 cernentes:
597 2955 660 3010 Si
683 2957 759 3010 ita
788 2965 901 3023 est,
936 2957 1088 3012 aiunt
1113 2998 1131 3025 ,
1159 2974 1315 3012 causa
1355 2958 1450 3012 viri
1479 2975 1596 3011 cum
1624 2974 1786 3012 uxore
1807 3003 1822 3026 ,

245 3060 337 3098 non
364 3047 564 3118 expedit
594 3049 785 3103 nubere
813 3047 1005 3121 (lbid.,
1031 3049 1145 3122 10).
1167 3049 1289 3119 Quo
1313 3049 1462 3105 dicto
1491 3060 1548 3105 et
1575 3050 1826 3120 graviora

241 3136 599 3208 iudicaverunt
624 3158 792 3199 onera
818 3143 1018 3199 vinculi
1048 3144 1350 3215 coniugalis
1369 3185 1386 3210 ,
1429 3153 1487 3199 et
1511 3159 1656 3200 verae
1687 3143 1828 3199 inte-

1943 1924 2165 1996 Ligatus
2182 1941 2269 1989 es;
2299 1925 2533 1996 quodam
2562 1926 2708 1982 enim
2741 1926 2824 1980 vir
2861 1935 2918 1982 et
2949 1943 3088 1982 uxor
3124 1943 3266 1982 nexu
3296 1928 3442 1984 inter
3483 1943 3548 1984 se

1942 2021 2209 2075 amatorio
2238 2020 2583 2090 copulantur,
2611 2030 2664 2074 et
2683 2021 3012 2092 quibusdam
3047 2021 3278 2078 invicem
3311 2022 3419 2078 sibi
3448 2022 3546 2077 ha-

1939 2111 2096 2168 benis
2117 2115 2320 2170 amoris
2346 2115 2555 2169 astricti
2583 2125 2732 2170 sunt.

2011 2206 2100 2261 33.
2129 2206 2277 2260 Bona
2307 2207 2470 2275 igitur
2503 2219 2525 2247 ο
2555 2208 2770 2263 vincula
2817 2210 3126 2278 nuptiarum
3153 2254 3167 2276 ,
3221 2209 3318 2266 sed
3362 2219 3542 2266 tamen

1939 2299 2155 2354 vincula
2183 2318 2196 2354 :
2223 2300 2427 2355 bonum
2451 2301 2800 2372 coniugium,
2834 2302 2929 2358 sed
2959 2312 3138 2358 tamen
3173 2318 3204 2358 a
3244 2304 3377 2374 jugo
3406 2313 3549 2358 trac-

1939 2400 2078 2457 tum,
2110 2402 2166 2447 et
2189 2393 2320 2466 iugo
2351 2393 2570 2458 mundi;
2598 2405 2657 2447 ut
2686 2394 2806 2448 viro
2835 2396 3017 2464 potius
3056 2395 3238 2466 cupiat
3281 2396 3500 2466 placere
3529 2438 3544 2459 ,

1937 2503 2098 2558 quam
2124 2463 2431 2542 Dem/Bona
2455 2488 2619 2542 etiam
2651 2487 2873 2541 vulnera
2911 2487 3225 2550 charitatis,
3256 2496 3314 2542 et
3343 2489 3548 2543 osculis

1936 2584 2275 2657 praeferenda
2310 2602 2324 2639 :
2357 2583 2527 2640 Utilia
2551 2585 2697 2640 enim
2721 2585 2936 2639 vulnera
2965 2584 3156 2650 amici,
3188 2600 3341 2654 quam
3355 2585 3541 2638 volun.-

1933 2682 2070 2734 tario
2098 2680 2278 2734 oscula
2297 2679 2492 2733 inimici
2518 2677 2706 2751 (Prov.
2744 2694 2900 2733 xxvtt
2919 2720 2933 2743 ,
2958 2678 3035 2749 6).
3068 2678 3314 2748 Denique
3341 2677 3542 2732 Petrus

1932 2775 2184 2828 vulnerat
2219 2771 2462 2845 (Matth,
2498 2788 2643 2836 xxvi,
2672 2772 2786 2843 51),
2821 2772 2992 2827 Judas
3022 2771 3302 2827 osculatur
3322 2769 3342 2844 (
3364 2770 3501 2825 Ibid.
3523 2815 3538 2838 ,

1929 2866 2035 2938 49)
2068 2884 2082 2920 :
2112 2866 2266 2920 illum
2295 2866 2481 2920 oscula
2505 2865 2912 2932 condemnant,
2941 2863 3085 2920 hunc
3122 2864 3318 2919 vulnus
3353 2879 3543 2920 emen-

1930 2961 2025 3016 dat
2061 2979 2076 3017 :
2115 2961 2259 3016 illius
2313 2960 2516 3016 osculis
2568 2959 2898 3031 proditionis
2942 2975 3150 3015 venena
3191 2959 3493 3015 funduntur
3520 3003 3536 3025 ,

1931 3053 2088 3109 istius
2111 3053 2368 3125 lacrymis
2403 3053 2561 3123 culpa
2614 3053 2847 3108 lavatur.
2891 3052 3080 3123 Itaque
3115 3061 3174 3107 ut
3218 3052 3538 3108 ostenderet

1929 3164 2111 3204 sermo
2134 3147 2491 3219 propheticus
2516 3147 2656 3202 bona
2682 3149 2911 3203 vulnera
2940 3147 3249 3214 charitatis,
3287 3145 3536 3202 Ecclesia

247 3232 438 3300 gritatis
463 3236 689 3306 gratiam
713 3237 1097 3306 prtetulerunt.
1127 3236 1234 3294 Sed
1253 3237 1519 3293 Dominus
1541 3237 1632 3308 qui
1657 3237 1824 3294 sciret
1849 3226 1895 3290 C
1927 3241 2062 3297 dicit
2089 3241 2141 3295 in
2165 3240 2411 3296 Canticis
2431 3240 2773 3295 canticorum
2801 3257 2815 3294 :
2848 3239 2987 3306 Quia
3012 3242 3282 3294 vulnerata
3307 3240 3540 3294 cltarita-

250 3327 624 3394 preedieandam
655 3330 911 3385 omnibus
934 3331 1326 3401 integritatem,
1351 3331 1670 3386 imitandam
1695 3344 1827 3396 pau-

253 3420 355 3474 cis:
392 3422 508 3478 Non
533 3441 739 3492 omnes,
774 3427 952 3495 inquit
977 3468 992 3491 ,
1029 3429 1241 3496 capiunt
1270 3427 1474 3481 verbum
1511 3427 1654 3482 istud
1680 3469 1695 3494 ,
1733 3429 1824 3482 sed

253 3514 412 3582 quibus
436 3519 610 3572 datum
633 3529 707 3573 est
737 3519 930 3591 (lbid.,
967 3520 1086 3591 11),
1122 3520 1226 3576 hoc
1251 3530 1338 3577 est
1361 3564 1376 3588 ,
1417 3537 1527 3576 non
1557 3532 1640 3577 est
1667 3538 1822 3578 com-

254 3607 414 3663 munis
439 3610 684 3678 plurimis
707 3653 723 3678 ,
757 3619 813 3667 et
839 3612 1073 3684 vulgaris
1105 3614 1388 3685 integritas
1413 3632 1426 3670 :
1476 3630 1579 3671 nec
1606 3630 1704 3686 pro
1735 3615 1820 3670 in-

255 3699 484 3757 ﬁrmitate
526 3707 860 3774 permittitur
884 3747 901 3769 ,
949 3706 1046 3762 sed
1111 3723 1210 3778 pro
1243 3708 1446 3764 virtute
1483 3709 1817 3764 conceditur.

256 3791 471 3867 Denique
504 3814 626 3855 cum
652 3800 884 3856 dixisset
919 3818 933 3855 :
968 3800 1036 3855 Et
1063 3811 1180 3856 sunt
1205 3803 1460 3874 spadones
1491 3804 1579 3873 qui
1605 3819 1658 3856 se
1678 3802 1820 3871 ipsos

256 3898 573 3945 castrarerunt
599 3902 809 3964 propter
838 3909 1055 3965 regnum
1077 3894 1322 3950 caelorum
1350 3897 1368 3962 (
1393 3893 1563 3961 lbid.,
1589 3895 1690 3966 12)
1718 3911 1732 3960 ;
1764 3903 1821 3949 ut

256 3982 534 4040 ostenderet
563 3986 667 4041 hoc
697 4000 806 4041 non
838 3987 1132 4042 mediocris
1156 4003 1277 4044 esse
1307 3989 1562 4043 virtutis:
1601 3987 1704 4056 Qui
1727 4003 1820 4056 po-

258 4079 358 4140 tcst,
383 4076 566 4149 inquit,
607 4096 796 4153 capere
822 4081 1017 4152 capiat.

316 4168 394 4224 50.
422 4171 485 4226 Et
518 4174 639 4229 ideo
670 4184 794 4245 post
828 4175 932 4230 hoc
961 4175 1186 4231 verbum
1234 4176 1539 4231 oll‘eruntur
1566 4176 1717 4245 pueri
1749 4175 1817 4230 ad

256 4255 691 4335 benedicendum,
728 4269 819 4338 qui
851 4270 1179 4340 corruptela:
1203 4280 1489 4339 expertes,
1537 4269 1819 4342 integrita-

259 4354 319 4407 tis
334 4363 868 4418 munusimmaculata
897 4373 1055 4418 actate
1081 4374 1384 4419 servarent.
1415 4366 1575 4436 221
1603 4365 1814 4420 Talium

257 4451 382 4505 enim
406 4464 484 4509 est
521 4471 743 4528 regnum
775 4456 1078 4522 caelorum,
1119 4458 1210 4527 qui
1256 4457 1309 4511 in
1363 4458 1626 4527 puerilem
1655 4457 1818 4512 casti-

256 4545 463 4600 moniam
495 4557 763 4620 tamquam
798 4550 849 4604 in
882 4559 1130 4604 naturam
1162 4547 1447 4603 infantium
1488 4549 1814 4619 corruptela:

1929 3335 1994 3388 tis
2018 3349 2115 3404 ego
2142 3350 2256 3388 sum
2287 3331 2461 3403 (Cant.
2497 3348 2556 3399 ll,
2591 3331 2671 3400 5).

1998 3427 2089 3481 54.
2113 3425 2288 3480 Nemo
2316 3441 2448 3496 ergo
2477 3425 2560 3480 vel
2585 3426 2675 3496 qui
2695 3425 3008 3497 coniugium
3031 3425 3537 3497 elegit,reprehen-

1923 3517 2020 3574 dat
2044 3519 2413 3589 integritatem
2443 3535 2457 3570 :
2492 3518 2577 3574 vel
2601 3519 2692 3589 qui
2722 3519 3089 3589 integritatem
3115 3518 3385 3590 sequitur,
3404 3535 3538 3575 con-

1925 3611 2153 3668 demnet
2173 3611 2508 3682 coniugium.
2533 3610 2782 3681 Namque
2813 3611 2973 3681 huius
2995 3611 3541 3667 sententizedadver-

1924 3704 2102 3758 sarios
2142 3704 2478 3773 interpretes
2543 3703 2824 3757 damnavit
2874 3701 3196 3772 iamdudum
3239 3701 3484 3756 Ecclesia
3519 3746 3536 3770 ,

1923 3812 2021 3854 eos
2062 3796 2275 3852 scilicet
2310 3799 2403 3867 qui
2446 3795 2686 3850 audeant
2718 3795 2937 3850 solvere
2980 3793 3232 3863 copulam
3276 3792 3540 3864 coniuga-

1923 3890 2050 3945 lem.
2080 3888 2278 3943 Audite
2309 3889 2454 3943 enim
2483 3888 2616 3958 quid
2647 3889 2795 3942 dicat
2833 3895 3187 3942 sacrosancta
3231 3885 3476 3942 Ecclesia
3514 3907 3528 3942 :

1930 3985 2080 4051 Veni,
2116 3987 2309 4056 fratrer
2337 4001 2502 4049 meus,
2537 3999 2776 4037 exeamus
2810 3983 2863 4036 in
2895 3997 3112 4051 agrum,
3151 3982 3532 4051 requiescamus

1920 4080 1974 4133 in
1997 4077 2247 4145 castellis,
2278 4077 2511 4132 diluculo
2541 4093 2818 4146 surgamus
2854 4076 2907 4129 in
2948 4074 3125 4128 vineas
3148 4114 3164 4140 ,
3191 4074 3454 4128 videamus
3485 4077 3531 4129 si

1919 4173 2098 4242 ﬂoruit
2118 4172 2236 4226 vitis
2267 4171 2443 4244 (Cant.
2474 4186 2568 4238 vn,
2601 4171 2690 4235 11,
2716 4168 2834 4241 12).
2861 4178 2884 4206 θ
2917 4167 3118 4223 Multos
3146 4181 3276 4237 ager
3309 4166 3525 4221 fructus

1919 4263 2107 4330 habet,
2135 4263 2228 4319 sed
2259 4263 2352 4319 ille
2383 4262 2578 4318 melior
2610 4270 2696 4318 est
2729 4263 2820 4330 qui
2853 4271 2909 4316 et
2957 4259 3222 4315 fructibus
3257 4255 3530 4314 redundat

1916 4366 1971 4411 et
1999 4355 2245 4412 ﬂoribus.
2275 4357 2371 4411 Est
2393 4371 2523 4426 ergo
2548 4355 2810 4410 Ecclesiae
2837 4369 2971 4424 ager
3000 4352 3239 4408 diversis
3261 4348 3528 4406 fecundus

1915 4451 2114 4522 copiis.
2147 4449 2247 4505 ilic
2276 4465 2473 4505 cernas
2502 4450 2749 4520 germina
2775 4446 3104 4517 virginitatis
3128 4445 3265 4499 ﬂore
3295 4456 3530 4497 vernan-

1921 4545 2018 4610 tia,
2049 4543 2164 4598 illic
2193 4552 2469 4613 tamquam
2503 4543 2555 4596 in
2588 4541 2798 4612 campis
2827 4539 2982 4595 silvae
3000 4537 3322 4592 viduitatem
3345 4533 3527 4604 gravi-

253 4629 556 4702 ignoratione
581 4643 965 4698 remeaverint.
997 4641 1241 4712 Estergo
1255 4642 1416 4696 etiam
1440 4642 1652 4697 cmlesti
1685 4657 1819 4697 voce
1843 4624 1900 4686 Ῑ)
1926 4647 2035 4694 tate
2066 4639 2387 4708 pollentem,
2422 4637 2550 4691 alibi
2579 4647 2856 4706 tamquam
2901 4634 3058 4688 uheri
3094 4631 3249 4700 fruge
3284 4625 3525 4697 coniugii

251 4729 451 4795 probata
498 4736 782 4807 virginitas
809 4777 823 4801 ,
873 4735 1279 4806 Dominicisque
1320 4735 1624 4805 expetenda
1679 4751 1818 4805 prte-

249 4823 420 4886 ceptis.

313 4893 392 4950 5|.
419 4896 532 4966 Quo
556 4901 680 4956 loco
702 4900 1075 4972 magisterium
1107 4900 1300 4956 divina:
1329 4899 1478 4956 vocis
1515 4899 1812 4957 imitemur.

240 4984 364 5048 Nam
401 5011 512 5054 cum
560 5001 615 5056 in
664 5001 1044 5071 superioribus
1073 5000 1384 5071 coniugium
1431 5002 1818 5057 memoraverit

241 5097 341 5142 non
383 5106 495 5150 esse
535 5095 855 5152 solvendum
881 5137 897 5165 ,
947 5097 1050 5152 nisi
1093 5113 1160 5152 ex
1205 5112 1368 5154 causa
1395 5097 1815 5170 ilornicationis,

238 5175 291 5232 in
315 5187 688 5250 posterioribus
716 5190 1044 5261 integritatis
1072 5192 1304 5262 gratiam
1353 5192 1668 5264 donumque
1688 5209 1820 5249 eon-

240 5275 400 5331 texuit
429 5278 609 5351 (lbid..
641 5283 701 5353 9)
731 5300 745 5348 ;
779 5293 840 5338 ut
882 5283 1109 5339 doceret
1155 5299 1262 5339 non
1309 5285 1649 5342 damnandas
1691 5302 1817 5346 esse

238 5369 456 5437 nuptias,
481 5374 573 5429 sed
601 5373 946 5446 probandas;
981 5376 1187 5445 nuptiis
1219 5387 1398 5434 tamen
1426 5378 1559 5448 ipsis
1589 5379 1816 5450 integri-

235 5458 356 5512 tatis
379 5463 542 5520 studia
568 5464 938 5536 praeferenda.
987 5466 1120 5534 Quis
1162 5468 1307 5524 enim
1353 5479 1460 5526 tam
1506 5486 1735 5529 aversus
1782 5487 1815 5529 a

305 5601 329 5673 ξ
353 5593 725 5673 Βρεφθιίῳιοι,
758 5615 864 5673 non
897 5601 1121 5668 nubunt,
1143 5617 1306 5673 neque
1333 5605 1608 5661 nubentur.

306 5661 334 5700 δ
361 5661 760 5742 Quidam-mss”
783 5672 946 5726 alieni
971 5675 1033 5724 ab
1061 5661 1270 5742 uaorio,
1299 5687 1406 5733 etc.

317 5739 470 5819 f'lion
491 5746 644 5819 pauci
673 5758 843 5819 mssf,
873 5743 1082 5819 vincula
1107 5739 1265 5813 sunt,
1282 5749 1373 5804 sed
1405 5760 1576 5808 tamen
1601 5751 1831 5815 vincula;

236 5810 332 5861 etsi
350 5810 539 5870 Vincula
559 5813 858 5870 charitats‘s.
895 5810 1121 5884 Bonum,
1148 5810 1258 5871 etc}

1923 4733 2184 4787 Ecclesiae
2213 4733 2373 4803 222
2402 4740 2645 4799 segetem
2673 4729 2978 4798 replentem
3005 4724 3192 4781 mundi
3215 4723 3438 4785 horrea,
3464 4735 3531 4775 ac

1920 4825 2085 4879 veluti
2119 4829 2386 4877 maritatae
2414 4823 2589 4876 vinea:
2617 4821 2816 4876 fetibus
2847 4818 3142 4875 toreularia
3164 4813 3378 4871 Domini
3399 4813 3530 4868 .lesu

1919 4915 2284 4972 redundantia
2305 4955 2320 4982 ,
2351 4913 2406 4968 in
2439 4914 2638 4983 quibus
2672 4913 2852 4968 fidelis
2881 4910 3120 4982 coniugii
3153 4909 3362 4964 fructus
3391 4920 3526 4961 ειη-ε

1921 5012 2094 5068 berat.

2525 5145 2754 5203 CAPUT
2797 5145 2910 5201 Vll.

1921 5277 2153 5344 Tertium
2179 5295 2336 5358 caput
2357 5301 2654 5360 aggressus,
2682 5301 2868 5354 nempe
2903 5285 3256 5357 virginitatem
3285 5302 3393 5341 non
3421 5301 3530 5342 esse

1990 5377 2251 5444 inutilem,
2281 5388 2438 5448 negat
2461 5378 2629 5432 ullum
2667 5377 2785 5431 hinc
2821 5377 3122 5449 reipublicae
3161 5375 3344 5445 all'erri
3383 5380 3534 5434 dam-

1985 5491 2109 5529 num
2128 5490 2147 5540 ;
2174 5473 2296 5544 quin
2321 5475 2478 5526 immo
2493 5471 2578 5526 ubi
2595 5471 2821 5526 maxime
2845 5470 2938 5525 ille
2959 5481 3126 5526 status
3138 5473 3342 5542 ﬂoreat,
3356 5474 3431 5529 ibi
3447 5492 3536 5529 co-

2007 5605 2032 5647 ι¹
2062 5606 2415 5672 Marcionem,
2450 5603 2811 5677 Manichreum
2841 5617 2906 5660 ac
2929 5603 3217 5661 Tatianum
3249 5650 3265 5675 ,
3298 5621 3365 5663 eo
3391 5609 3538 5677 quod

1936 5685 2156 5753 nuptias
2186 5680 2642 5745 condemnarent,
2665 5676 3064 5734 condemnatos
3083 5680 3154 5735 ab
3167 5676 3542 5753 Ecclesiaiam

1938 5754 2068 5808 alibi
2098 5752 2532 5806 observavimus.

2017 5831 2040 5858 ο
2072 5821 2232 5876 Rom.
2261 5821 2393 5876 edit.
2423 5821 2562 5887 sola,
2596 5818 2752 5876 Multi
2776 5822 2890 5892 agri
2917 5824 3118 5892 fruetus
3148 5822 3354 5879 habent.
